  <div class='ocr_page' id='page_1' title='image "/cluster/home/n/w/nwhite01/storage/ocr_20150623/122/nnc1.0046979611/651.png"; bbox 0 0 4424 6462; ppageno 0'>
   <div class='ocr_carea' id='block_1_1' title="bbox 178 5988 699 6336">
    <p class='ocr_par' dir='ltr' id='par_1_1' title="bbox 183 5990 699 6332">
     <span class='ocr_line' id='line_1_1' title="bbox 183 5990 699 6332; baseline 0.002 -342"><span class='ocrx_word' id='word_1_1' title='bbox 183 5992 695 6332; x_wconf 45' lang='grc' dir='ltr'><em>ί</em></span> 
     </span>
    </p>
   </div>
   <div class='ocr_carea' id='block_1_2' title="bbox 778 343 911 408">
    <p class='ocr_par' dir='ltr' id='par_1_2' title="bbox 778 343 911 408">
     <span class='ocr_line' id='line_1_2' title="bbox 778 343 911 408; baseline -0.015 0"><span class='ocrx_word' id='word_1_2' title='bbox 778 343 911 408; x_wconf 73' lang='grc'><strong>128⁸1</strong></span> 
     </span>
    </p>
   </div>
   <div class='ocr_carea' id='block_1_3' title="bbox 1698 342 3137 415">
    <p class='ocr_par' dir='ltr' id='par_1_3' title="bbox 1698 342 3137 415">
     <span class='ocr_line' id='line_1_3' title="bbox 1698 342 3137 415; baseline 0.009 -14"><span class='ocrx_word' id='word_1_3' title='bbox 1698 343 2095 403; x_wconf 79' lang='grc' dir='ltr'><strong>ΑΡΡΕΝΒΙΧ</strong></span> <span class='ocrx_word' id='word_1_4' title='bbox 2129 342 2228 402; x_wconf 82' lang='grc' dir='ltr'><strong>ΑΙ)</strong></span> <span class='ocrx_word' id='word_1_5' title='bbox 2269 343 2724 407; x_wconf 54' lang='grc' dir='ltr'><strong>ΜΙΕΙΙΑΕΙδΕΜ</strong></span> <span class='ocrx_word' id='word_1_6' title='bbox 2766 347 3137 415; x_wconf 81' lang='lat' dir='ltr'><strong>PSELLUM.</strong></span> 
     </span>
    </p>
   </div>
   <div class='ocr_carea' id='block_1_4' title="bbox 3927 370 4068 443">
    <p class='ocr_par' dir='ltr' id='par_1_4' title="bbox 3927 370 4068 443">
     <span class='ocr_line' id='line_1_4' title="bbox 3927 370 4068 443; baseline 0.092 -13"><span class='ocrx_word' id='word_1_7' title='bbox 3927 370 4068 443; x_wconf 64' lang='lat'><strong>1238</strong></span> 
     </span>
    </p>
   </div>
   <div class='ocr_carea' id='block_1_5' title="bbox 776 451 2523 557">
    <p class='ocr_par' dir='ltr' id='par_1_5' title="bbox 776 451 2523 527">
     <span class='ocr_line' id='line_1_5' title="bbox 776 451 2523 527; baseline -0.003 -13"><span class='ocrx_word' id='word_1_8' title='bbox 776 474 833 514; x_wconf 84' lang='lat' dir='ltr'><strong>tn</strong></span> <span class='ocrx_word' id='word_1_9' title='bbox 859 456 979 527; x_wconf 83' lang='lat' dir='ltr'><strong>ripa</strong></span> <span class='ocrx_word' id='word_1_10' title='bbox 1002 454 1247 510; x_wconf 87' lang='lat' dir='ltr'><strong>llttminis</strong></span> <span class='ocrx_word' id='word_1_11' title='bbox 1279 453 1490 523; x_wconf 83' lang='lat' dir='ltr'><strong>lapidea</strong></span> <span class='ocrx_word' id='word_1_12' title='bbox 1520 451 1741 518; x_wconf 86' lang='lat' dir='ltr'><strong>tabula,</strong></span> <span class='ocrx_word' id='word_1_13' title='bbox 1775 453 1869 523; x_wconf 92' lang='lat' dir='ltr'><strong>qui</strong></span> <span class='ocrx_word' id='word_1_14' title='bbox 1910 455 2056 508; x_wconf 88' lang='lat' dir='ltr'><strong>notis</strong></span> <span class='ocrx_word' id='word_1_15' title='bbox 2086 453 2363 526; x_wconf 79' lang='lat' dir='ltr'><strong>ltierogly-</strong></span> <span class='ocrx_word' id='word_1_16' title='bbox 2396 463 2441 518; x_wconf 77' lang='grc' dir='ltr'><strong>Α</strong></span> <span class='ocrx_word' id='word_1_17' title='bbox 2473 456 2523 508; x_wconf 58' lang='grc' dir='ltr'>ἐκ</span> 
     </span>
    </p>
   </div>
   <div class='ocr_carea' id='block_1_6' title="bbox 2317 451 4064 557">
    <p class='ocr_par' dir='ltr' id='par_1_6' title="bbox 2317 456 4064 557">
     <span class='ocr_line' id='line_1_6' title="bbox 2317 456 4064 557; baseline 0.019 -52"><span class='ocrx_word' id='word_1_18' title='bbox 2317 470 2363 521; x_wconf 63' lang='lat' dir='ltr'><strong>t-</strong></span> <span class='ocrx_word' id='word_1_19' title='bbox 2396 463 2441 518; x_wconf 78' lang='grc' dir='ltr'><strong>Α</strong></span> <span class='ocrx_word' id='word_1_20' title='bbox 2473 456 2689 557; x_wconf 71' lang='grc' dir='ltr'>ἐκλυσε.</span> <span class='ocrx_word' id='word_1_21' title='bbox 2717 460 2873 514; x_wconf 86' lang='grc' dir='ltr'><strong>Μετὰ</strong></span> <span class='ocrx_word' id='word_1_22' title='bbox 2910 462 3050 557; x_wconf 53' lang='lat' dir='ltr'><strong>esset</strong></span> <span class='ocrx_word' id='word_1_23' title='bbox 3074 468 3387 523; x_wconf 87' lang='grc' dir='ltr'>παυσασθαι</span> <span class='ocrx_word' id='word_1_24' title='bbox 3413 475 3479 526; x_wconf 76' lang='grc' dir='ltr'>τὰ</span> <span class='ocrx_word' id='word_1_25' title='bbox 3505 473 3691 540; x_wconf 76' lang='grc' dir='ltr'>ὕδατα,</span> <span class='ocrx_word' id='word_1_26' title='bbox 3722 481 3862 548; x_wconf 74' lang='grc' dir='ltr'>πλὰξ</span> <span class='ocrx_word' id='word_1_27' title='bbox 3890 484 4064 557; x_wconf 85' lang='grc' dir='ltr'>λιθίνη</span> 
     </span>
    </p>
   </div>
   <div class='ocr_carea' id='block_1_7' title="bbox 776 545 2366 619">
    <p class='ocr_par' dir='ltr' id='par_1_7' title="bbox 776 545 2366 619">
     <span class='ocr_line' id='line_1_7' title="bbox 776 545 2366 619; baseline -0.002 -14"><span class='ocrx_word' id='word_1_28' title='bbox 776 550 952 618; x_wconf 82' lang='lat' dir='ltr'><strong>plticis</strong></span> <span class='ocrx_word' id='word_1_29' title='bbox 975 549 1288 619; x_wconf 88' lang='lat' dir='ltr'><strong>insculptus</strong></span> <span class='ocrx_word' id='word_1_30' title='bbox 1320 554 1439 602; x_wconf 88' lang='lat' dir='ltr'><strong>erat</strong></span> <span class='ocrx_word' id='word_1_31' title='bbox 1469 564 1482 600; x_wconf 88' lang='lat'><strong>:</strong></span> <span class='ocrx_word' id='word_1_32' title='bbox 1520 545 1731 601; x_wconf 80' lang='lat' dir='ltr'><strong>Scirtus</strong></span> <span class='ocrx_word' id='word_1_33' title='bbox 1771 548 1961 602; x_wconf 67' lang='lat' dir='ltr'><strong>fluvius</strong></span> <span class='ocrx_word' id='word_1_34' title='bbox 1996 547 2244 612; x_wconf 77' lang='lat' dir='ltr'><strong>saltabit,</strong></span> <span class='ocrx_word' id='word_1_35' title='bbox 2269 565 2366 602; x_wconf 84' lang='lat' dir='ltr'><strong>no-</strong></span> 
     </span>
    </p>
   </div>
   <div class='ocr_carea' id='block_1_8' title="bbox 774 642 1583 715">
    <p class='ocr_par' dir='ltr' id='par_1_8' title="bbox 774 642 1583 715">
     <span class='ocr_line' id='line_1_8' title="bbox 774 642 1583 715; baseline 0 -19"><span class='ocrx_word' id='word_1_36' title='bbox 774 644 955 715; x_wconf 78' lang='lat' dir='ltr'><strong>:tiique</strong></span> <span class='ocrx_word' id='word_1_37' title='bbox 981 643 1179 698; x_wconf 75' lang='lat' dir='ltr'><strong>civibus</strong></span> <span class='ocrx_word' id='word_1_38' title='bbox 1216 642 1388 697; x_wconf 78' lang='lat' dir='ltr'><strong>saltus</strong></span> <span class='ocrx_word' id='word_1_39' title='bbox 1407 648 1583 696; x_wconf 83' lang='lat' dir='ltr'><strong>erunt.</strong></span> 
     </span>
    </p>
   </div>
   <div class='ocr_carea' id='block_1_9' title="bbox 846 822 2366 894">
    <p class='ocr_par' dir='ltr' id='par_1_9' title="bbox 846 822 2366 894">
     <span class='ocr_line' id='line_1_9' title="bbox 846 822 2366 894; baseline 0.001 -16"><span class='ocrx_word' id='word_1_40' title='bbox 846 823 1093 880; x_wconf 86' lang='lat' dir='ltr'><strong>Eulalius</strong></span> <span class='ocrx_word' id='word_1_41' title='bbox 1118 822 1345 894; x_wconf 87' lang='lat' dir='ltr'><strong>quidam</strong></span> <span class='ocrx_word' id='word_1_42' title='bbox 1373 840 1440 880; x_wconf 79' lang='lat' dir='ltr'><strong>ex</strong></span> <span class='ocrx_word' id='word_1_43' title='bbox 1491 824 1662 879; x_wconf 88' lang='lat' dir='ltr'><strong>divite</strong></span> <span class='ocrx_word' id='word_1_44' title='bbox 1694 838 1903 894; x_wconf 86' lang='lat' dir='ltr'><strong>pauper</strong></span> <span class='ocrx_word' id='word_1_45' title='bbox 1934 822 2187 889; x_wconf 81' lang='lat' dir='ltr'><strong>eﬂectus,</strong></span> <span class='ocrx_word' id='word_1_46' title='bbox 2241 840 2366 880; x_wconf 89' lang='lat' dir='ltr'><strong>cum</strong></span> 
     </span>
    </p>
   </div>
   <div class='ocr_carea' id='block_1_10' title="bbox 775 915 2369 980">
    <p class='ocr_par' dir='ltr' id='par_1_10' title="bbox 775 915 2369 980">
     <span class='ocr_line' id='line_1_10' title="bbox 775 915 2369 980; baseline -0.001 -7"><span class='ocrx_word' id='word_1_47' title='bbox 775 916 943 973; x_wconf 83' lang='lat' dir='ltr'><strong>evita</strong></span> <span class='ocrx_word' id='word_1_48' title='bbox 997 916 1310 980; x_wconf 77' lang='lat' dir='ltr'><strong>excederet,</strong></span> <span class='ocrx_word' id='word_1_49' title='bbox 1361 918 1692 972; x_wconf 82' lang='lat' dir='ltr'><strong>testamento</strong></span> <span class='ocrx_word' id='word_1_50' title='bbox 1750 915 2031 972; x_wconf 88' lang='lat' dir='ltr'><strong>Justinum</strong></span> <span class='ocrx_word' id='word_1_51' title='bbox 2102 917 2369 973; x_wconf 61' lang='lat' dir='ltr'><strong>lia&#39;redem</strong></span> 
     </span>
    </p>
   </div>
   <div class='ocr_carea' id='block_1_11' title="bbox 774 1002 2369 1073">
    <p class='ocr_par' dir='ltr' id='par_1_11' title="bbox 774 1002 2369 1073">
     <span class='ocr_line' id='line_1_11' title="bbox 774 1002 2369 1073; baseline 0.003 -16"><span class='ocrx_word' id='word_1_52' title='bbox 774 1002 1023 1073; x_wconf 80' lang='lat' dir='ltr'><strong>reliquit,</strong></span> <span class='ocrx_word' id='word_1_53' title='bbox 1084 1004 1173 1058; x_wconf 91' lang='lat' dir='ltr'><strong>illa</strong></span> <span class='ocrx_word' id='word_1_54' title='bbox 1233 1004 1571 1071; x_wconf 82' lang='lat' dir='ltr'><strong>conditione,</strong></span> <span class='ocrx_word' id='word_1_55' title='bbox 1640 1017 1699 1061; x_wconf 85' lang='grc' dir='ltr'><strong>ιιι</strong></span> <span class='ocrx_word' id='word_1_56' title='bbox 1758 1016 1870 1062; x_wconf 87' lang='lat' dir='ltr'><strong>tres</strong></span> <span class='ocrx_word' id='word_1_57' title='bbox 1946 1008 2087 1061; x_wconf 80' lang='lat' dir='ltr'><strong>ﬁlias</strong></span> <span class='ocrx_word' id='word_1_58' title='bbox 2134 1022 2263 1061; x_wconf 87' lang='lat' dir='ltr'><strong>snas</strong></span> <span class='ocrx_word' id='word_1_59' title='bbox 2315 1010 2369 1063; x_wconf 93' lang='lat' dir='ltr'><strong>in</strong></span> 
     </span>
    </p>
   </div>
   <div class='ocr_carea' id='block_1_12' title="bbox 776 1096 2365 1171">
    <p class='ocr_par' dir='ltr' id='par_1_12' title="bbox 776 1096 2365 1171">
     <span class='ocr_line' id='line_1_12' title="bbox 776 1096 2365 1171; baseline 0.004 -22"><span class='ocrx_word' id='word_1_60' title='bbox 776 1096 979 1151; x_wconf 87' lang='lat' dir='ltr'><strong>tenella</strong></span> <span class='ocrx_word' id='word_1_61' title='bbox 1041 1105 1199 1152; x_wconf 69' lang='lat' dir='ltr'><strong>aetate</strong></span> <span class='ocrx_word' id='word_1_62' title='bbox 1234 1098 1461 1153; x_wconf 82' lang='lat' dir='ltr'><strong>relictas</strong></span> <span class='ocrx_word' id='word_1_63' title='bbox 1522 1099 1807 1165; x_wconf 76' lang='lat' dir='ltr'><strong>educarat,</strong></span> <span class='ocrx_word' id='word_1_64' title='bbox 1877 1101 2125 1171; x_wconf 84' lang='lat' dir='ltr'><strong>ipsisque</strong></span> <span class='ocrx_word' id='word_1_65' title='bbox 2182 1103 2365 1156; x_wconf 83' lang='lat' dir='ltr'><strong>dotem</strong></span> 
     </span>
    </p>
   </div>
   <div class='ocr_carea' id='block_1_13' title="bbox 774 1189 2358 1259">
    <p class='ocr_par' dir='ltr' id='par_1_13' title="bbox 774 1189 2358 1259">
     <span class='ocr_line' id='line_1_13' title="bbox 774 1189 2358 1259; baseline 0.004 -19"><span class='ocrx_word' id='word_1_66' title='bbox 774 1189 1084 1259; x_wconf 81' lang='lat' dir='ltr'><strong>assignaret</strong></span> <span class='ocrx_word' id='word_1_67' title='bbox 1112 1205 1126 1254; x_wconf 91' lang='lat'><strong>;</strong></span> <span class='ocrx_word' id='word_1_68' title='bbox 1158 1202 1221 1243; x_wconf 86' lang='lat' dir='ltr'><strong>ac</strong></span> <span class='ocrx_word' id='word_1_69' title='bbox 1240 1190 1427 1243; x_wconf 85' lang='lat' dir='ltr'><strong>omnia</strong></span> <span class='ocrx_word' id='word_1_70' title='bbox 1458 1190 1640 1246; x_wconf 85' lang='lat' dir='ltr'><strong>debita</strong></span> <span class='ocrx_word' id='word_1_71' title='bbox 1679 1192 2056 1247; x_wconf 72' lang='lat' dir='ltr'><strong>creditoribus</strong></span> <span class='ocrx_word' id='word_1_72' title='bbox 2093 1194 2358 1259; x_wconf 89' lang='lat' dir='ltr'><strong>solveret,</strong></span> 
     </span>
    </p>
   </div>
   <div class='ocr_carea' id='block_1_14' title="bbox 773 1279 2368 1352">
    <p class='ocr_par' dir='ltr' id='par_1_14' title="bbox 773 1279 2368 1352">
     <span class='ocr_line' id='line_1_14' title="bbox 773 1279 2368 1352; baseline 0.006 -20"><span class='ocrx_word' id='word_1_73' title='bbox 773 1288 829 1333; x_wconf 90' lang='lat' dir='ltr'><strong>et</strong></span> <span class='ocrx_word' id='word_1_74' title='bbox 910 1283 976 1333; x_wconf 89' lang='lat' dir='ltr'><strong>ab</strong></span> <span class='ocrx_word' id='word_1_75' title='bbox 1056 1279 1125 1335; x_wconf 91' lang='lat' dir='ltr'><strong>iis</strong></span> <span class='ocrx_word' id='word_1_76' title='bbox 1202 1282 1545 1352; x_wconf 79' lang='lat' dir='ltr'><strong>syngraphas</strong></span> <span class='ocrx_word' id='word_1_77' title='bbox 1628 1298 1758 1338; x_wconf 88' lang='lat' dir='ltr'><strong>suas</strong></span> <span class='ocrx_word' id='word_1_78' title='bbox 1830 1283 2147 1341; x_wconf 86' lang='lat' dir='ltr'><strong>redimeret.</strong></span> <span class='ocrx_word' id='word_1_79' title='bbox 2238 1287 2368 1352; x_wconf 65' lang='lat' dir='ltr'><strong>Quae</strong></span> 
     </span>
    </p>
   </div>
   <div class='ocr_carea' id='block_1_15' title="bbox 774 1369 2365 1446">
    <p class='ocr_par' dir='ltr' id='par_1_15' title="bbox 774 1369 2365 1446">
     <span class='ocr_line' id='line_1_15' title="bbox 774 1369 2365 1446; baseline 0.003 -20"><span class='ocrx_word' id='word_1_80' title='bbox 774 1371 960 1426; x_wconf 82' lang='lat' dir='ltr'><strong>oumia</strong></span> <span class='ocrx_word' id='word_1_81' title='bbox 1025 1369 1282 1428; x_wconf 84' lang='lat' dir='ltr'><strong>Justinus</strong></span> <span class='ocrx_word' id='word_1_82' title='bbox 1331 1376 1478 1442; x_wconf 84' lang='lat' dir='ltr'><strong>regia</strong></span> <span class='ocrx_word' id='word_1_83' title='bbox 1535 1375 1914 1430; x_wconf 81' lang='lat' dir='ltr'><strong>muniﬁcentia</strong></span> <span class='ocrx_word' id='word_1_84' title='bbox 1956 1377 2209 1446; x_wconf 78' lang='lat' dir='ltr'><strong>perfecit,</strong></span> <span class='ocrx_word' id='word_1_85' title='bbox 2248 1393 2365 1431; x_wconf 90' lang='lat' dir='ltr'><strong>ma-</strong></span> 
     </span>
    </p>
   </div>
   <div class='ocr_carea' id='block_1_16' title="bbox 774 1465 2366 1537">
    <p class='ocr_par' dir='ltr' id='par_1_16' title="bbox 774 1465 2366 1537">
     <span class='ocr_line' id='line_1_16' title="bbox 774 1465 2366 1537; baseline 0.006 -21"><span class='ocrx_word' id='word_1_86' title='bbox 774 1478 882 1532; x_wconf 77' lang='lat' dir='ltr'><strong>gna</strong></span> <span class='ocrx_word' id='word_1_87' title='bbox 936 1465 1184 1519; x_wconf 89' lang='lat' dir='ltr'><strong>omnium</strong></span> <span class='ocrx_word' id='word_1_88' title='bbox 1222 1466 1313 1535; x_wconf 89' lang='lat' dir='ltr'><strong>qui</strong></span> <span class='ocrx_word' id='word_1_89' title='bbox 1357 1466 1432 1521; x_wconf 89' lang='lat' dir='ltr'><strong>rei</strong></span> <span class='ocrx_word' id='word_1_90' title='bbox 1474 1466 1673 1521; x_wconf 76' lang='lat' dir='ltr'><strong>faniam</strong></span> <span class='ocrx_word' id='word_1_91' title='bbox 1712 1477 2077 1537; x_wconf 87' lang='lat' dir='ltr'><strong>perceperunt</strong></span> <span class='ocrx_word' id='word_1_92' title='bbox 2128 1470 2366 1525; x_wconf 87' lang='lat' dir='ltr'><strong>admira-</strong></span> 
     </span>
    </p>
   </div>
   <div class='ocr_carea' id='block_1_17' title="bbox 774 1558 950 1614">
    <p class='ocr_par' dir='ltr' id='par_1_17' title="bbox 774 1558 950 1614">
     <span class='ocr_line' id='line_1_17' title="bbox 774 1558 950 1614; baseline 0.017 -3"><span class='ocrx_word' id='word_1_93' title='bbox 774 1558 950 1614; x_wconf 85' lang='lat' dir='ltr'><strong>tione.</strong></span> 
     </span>
    </p>
   </div>
   <div class='ocr_carea' id='block_1_18' title="bbox 842 1650 2363 1720">
    <p class='ocr_par' dir='ltr' id='par_1_18' title="bbox 842 1650 2363 1720">
     <span class='ocr_line' id='line_1_18' title="bbox 842 1650 2363 1720; baseline 0.003 -17"><span class='ocrx_word' id='word_1_94' title='bbox 842 1650 1193 1705; x_wconf 79' lang='lat' dir='ltr'><strong>JnSIinianus</strong></span> <span class='ocrx_word' id='word_1_95' title='bbox 1225 1650 1389 1720; x_wconf 81' lang='lat' dir='ltr'><strong>igitur</strong></span> <span class='ocrx_word' id='word_1_96' title='bbox 1443 1651 1730 1719; x_wconf 86' lang='lat' dir='ltr'><strong>imperavit</strong></span> <span class='ocrx_word' id='word_1_97' title='bbox 1767 1651 1930 1705; x_wconf 90' lang='lat' dir='ltr'><strong>annis</strong></span> <span class='ocrx_word' id='word_1_98' title='bbox 1964 1652 2190 1719; x_wconf 78' lang='lat' dir='ltr'><strong>triginta</strong></span> <span class='ocrx_word' id='word_1_99' title='bbox 2256 1669 2363 1707; x_wconf 59' lang='lat' dir='ltr'><strong>nec</strong></span> 
     </span>
    </p>
   </div>
   <div class='ocr_carea' id='block_1_19' title="bbox 774 1742 2362 1812">
    <p class='ocr_par' dir='ltr' id='par_1_19' title="bbox 774 1742 2362 1812">
     <span class='ocr_line' id='line_1_19' title="bbox 774 1742 2362 1812; baseline 0.002 -18"><span class='ocrx_word' id='word_1_100' title='bbox 774 1758 892 1795; x_wconf 86' lang='lat' dir='ltr'><strong>vent</strong></span> <span class='ocrx_word' id='word_1_101' title='bbox 921 1759 936 1810; x_wconf 87' lang='lat'><strong>;</strong></span> <span class='ocrx_word' id='word_1_102' title='bbox 968 1747 1101 1797; x_wconf 89' lang='lat' dir='ltr'><strong>etin</strong></span> <span class='ocrx_word' id='word_1_103' title='bbox 1151 1745 1324 1797; x_wconf 76' lang='lat' dir='ltr'><strong>media</strong></span> <span class='ocrx_word' id='word_1_104' title='bbox 1380 1742 1514 1796; x_wconf 85' lang='lat' dir='ltr'><strong>urbe</strong></span> <span class='ocrx_word' id='word_1_105' title='bbox 1548 1743 1902 1796; x_wconf 83' lang='lat' dir='ltr'><strong>consulatum</strong></span> <span class='ocrx_word' id='word_1_106' title='bbox 1938 1745 2132 1812; x_wconf 82' lang='lat' dir='ltr'><strong>gessit,</strong></span> <span class='ocrx_word' id='word_1_107' title='bbox 2162 1744 2362 1799; x_wconf 89' lang='lat' dir='ltr'><strong>multas</strong></span> 
     </span>
    </p>
   </div>
   <div class='ocr_carea' id='block_1_20' title="bbox 2480 549 4067 647">
    <p class='ocr_par' dir='ltr' id='par_1_20' title="bbox 2480 549 4067 647">
     <span class='ocr_line' id='line_1_20' title="bbox 2480 549 4067 647; baseline 0.02 -47"><span class='ocrx_word' id='word_1_108' title='bbox 2480 549 2762 647; x_wconf 64' lang='lat' dir='ltr'><strong>supsOqév</strong></span> <span class='ocrx_word' id='word_1_109' title='bbox 2791 556 2857 626; x_wconf 78' lang='grc' dir='ltr'>τῇ</span> <span class='ocrx_word' id='word_1_110' title='bbox 2884 555 2980 647; x_wconf 77' lang='grc' dir='ltr'>τοῦ</span> <span class='ocrx_word' id='word_1_111' title='bbox 3013 561 3258 627; x_wconf 88' lang='grc' dir='ltr'>ποταμοῦ</span> <span class='ocrx_word' id='word_1_112' title='bbox 3286 561 3422 635; x_wconf 78' lang='grc' dir='ltr'>ὄχθῃ</span> <span class='ocrx_word' id='word_1_113' title='bbox 3455 566 3853 638; x_wconf 82' lang='grc' dir='ltr'>ίερογλυφικοϊς</span> <span class='ocrx_word' id='word_1_114' title='bbox 3882 549 4067 647; x_wconf 55' lang='grc' dir='ltr'><strong>γροὶμἐ</strong></span> 
     </span>
    </p>
   </div>
   <div class='ocr_carea' id='block_1_21' title="bbox 2482 645 4067 736">
    <p class='ocr_par' dir='ltr' id='par_1_21' title="bbox 2482 645 4067 736">
     <span class='ocr_line' id='line_1_21' title="bbox 2482 645 4067 736; baseline 0.021 -47"><span class='ocrx_word' id='word_1_115' title='bbox 2482 657 2646 707; x_wconf 82' lang='grc' dir='ltr'>μασιν</span> <span class='ocrx_word' id='word_1_116' title='bbox 2683 645 3183 717; x_wconf 80' lang='grc' dir='ltr'>ὲγκεκολαμμένοις</span> <span class='ocrx_word' id='word_1_117' title='bbox 3229 656 3561 725; x_wconf 77' lang='grc' dir='ltr'><strong>περιέχουσα</strong></span> <span class='ocrx_word' id='word_1_118' title='bbox 3599 661 3791 717; x_wconf 79' lang='grc' dir='ltr'>τοῦτο·</span> <span class='ocrx_word' id='word_1_119' title='bbox 3819 645 4067 736; x_wconf 58' lang='grc' dir='ltr'>Σκιρτθς</span> 
     </span>
    </p>
   </div>
   <div class='ocr_carea' id='block_1_22' title="bbox 2478 735 4060 827">
    <p class='ocr_par' dir='ltr' id='par_1_22' title="bbox 2478 735 4060 827">
     <span class='ocr_line' id='line_1_22' title="bbox 2478 735 4060 827; baseline 0.02 -44"><span class='ocrx_word' id='word_1_120' title='bbox 2478 735 2743 802; x_wconf 81' lang='grc' dir='ltr'>ποταμὸς</span> <span class='ocrx_word' id='word_1_121' title='bbox 2775 740 3095 808; x_wconf 75' lang='grc' dir='ltr'>σκιρτήσεε</span> <span class='ocrx_word' id='word_1_122' title='bbox 3144 746 3302 799; x_wconf 80' lang='grc' dir='ltr'>κακὰ</span> <span class='ocrx_word' id='word_1_123' title='bbox 3342 750 3718 819; x_wconf 72' lang='grc' dir='ltr'><strong>σκιρτήματα</strong></span> <span class='ocrx_word' id='word_1_124' title='bbox 3760 735 4060 827; x_wconf 49' lang='grc' dir='ltr'>πολίταιςζ</span> 
     </span>
    </p>
   </div>
   <div class='ocr_carea' id='block_1_23' title="bbox 2550 826 4066 922">
    <p class='ocr_par' dir='ltr' id='par_1_23' title="bbox 2550 826 4066 922">
     <span class='ocr_line' id='line_1_23' title="bbox 2550 826 4066 922; baseline 0.018 -44"><span class='ocrx_word' id='word_1_125' title='bbox 2550 826 2813 882; x_wconf 80' lang='grc' dir='ltr'>Εὐλαλίου</span> <span class='ocrx_word' id='word_1_126' title='bbox 2842 833 2987 898; x_wconf 84' lang='grc' dir='ltr'>τινὸς</span> <span class='ocrx_word' id='word_1_127' title='bbox 3012 836 3118 888; x_wconf 76' lang='grc' dir='ltr'><strong>ἀπὸ</strong></span> <span class='ocrx_word' id='word_1_128' title='bbox 3146 839 3403 895; x_wconf 74' lang='grc' dir='ltr'><strong>πλουσίου</strong></span> <span class='ocrx_word' id='word_1_129' title='bbox 3439 845 3669 913; x_wconf 84' lang='grc' dir='ltr'>πένητος</span> <span class='ocrx_word' id='word_1_130' title='bbox 3707 850 4066 922; x_wconf 79' lang='grc' dir='ltr'>τελευτήσαν-</span> 
     </span>
    </p>
   </div>
   <div class='ocr_carea' id='block_1_24' title="bbox 2475 920 4061 1011">
    <p class='ocr_par' dir='ltr' id='par_1_24' title="bbox 2475 920 4061 1011">
     <span class='ocr_line' id='line_1_24' title="bbox 2475 920 4061 1011; baseline 0.015 -42"><span class='ocrx_word' id='word_1_131' title='bbox 2475 934 2584 980; x_wconf 82' lang='grc' dir='ltr'>τος.</span> <span class='ocrx_word' id='word_1_132' title='bbox 2622 920 2714 972; x_wconf 77' lang='grc' dir='ltr'><strong>καὶ</strong></span> <span class='ocrx_word' id='word_1_133' title='bbox 2746 922 3056 991; x_wconf 71' lang='grc' dir='ltr'><strong>γράψαντος</strong></span> <span class='ocrx_word' id='word_1_134' title='bbox 3101 927 3386 982; x_wconf 86' lang='grc' dir='ltr'>Ἰουστίνον</span> <span class='ocrx_word' id='word_1_135' title='bbox 3420 933 3762 1004; x_wconf 81' lang='grc' dir='ltr'><strong>κληρονόμον</strong></span> <span class='ocrx_word' id='word_1_136' title='bbox 3787 941 3841 990; x_wconf 85' lang='grc' dir='ltr'><strong>ἐν</strong></span> <span class='ocrx_word' id='word_1_137' title='bbox 3872 920 4061 1011; x_wconf 74' lang='grc' dir='ltr'>διαθή-</span> 
     </span>
    </p>
   </div>
   <div class='ocr_carea' id='block_1_25' title="bbox 2475 1011 4062 1096">
    <p class='ocr_par' dir='ltr' id='par_1_25' title="bbox 2475 1011 4062 1096">
     <span class='ocr_line' id='line_1_25' title="bbox 2475 1011 4062 1096; baseline 0.01 -37"><span class='ocrx_word' id='word_1_138' title='bbox 2475 1024 2619 1073; x_wconf 86' lang='grc' dir='ltr'>καις,</span> <span class='ocrx_word' id='word_1_139' title='bbox 2656 1011 2749 1062; x_wconf 76' lang='grc' dir='ltr'>καὶ</span> <span class='ocrx_word' id='word_1_140' title='bbox 2786 1016 3361 1087; x_wconf 77' lang='grc' dir='ltr'>παρακελευσαμένου,</span> <span class='ocrx_word' id='word_1_141' title='bbox 3407 1022 3547 1076; x_wconf 80' lang='grc' dir='ltr'>ὥστε</span> <span class='ocrx_word' id='word_1_142' title='bbox 3582 1027 3680 1090; x_wconf 71' lang='grc' dir='ltr'><strong>τὰς</strong></span> <span class='ocrx_word' id='word_1_143' title='bbox 3712 1030 3860 1096; x_wconf 76' lang='grc' dir='ltr'>τρεῖς</span> <span class='ocrx_word' id='word_1_144' title='bbox 3894 1034 4062 1085; x_wconf 61' lang='grc' dir='ltr'>αὐτοῦ</span> 
     </span>
    </p>
   </div>
   <div class='ocr_carea' id='block_1_26' title="bbox 2474 1101 4063 1194">
    <p class='ocr_par' dir='ltr' id='par_1_26' title="bbox 2474 1101 4063 1194">
     <span class='ocr_line' id='line_1_26' title="bbox 2474 1101 4063 1194; baseline 0.017 -42"><span class='ocrx_word' id='word_1_145' title='bbox 2474 1101 2779 1173; x_wconf 84' lang='grc' dir='ltr'>θυγατέρας</span> <span class='ocrx_word' id='word_1_146' title='bbox 2838 1109 3042 1177; x_wconf 73' lang='grc' dir='ltr'>μικρὰς</span> <span class='ocrx_word' id='word_1_147' title='bbox 3097 1114 3558 1183; x_wconf 70' lang='grc' dir='ltr'>καταλειφθείσας</span> <span class='ocrx_word' id='word_1_148' title='bbox 3610 1121 3915 1194; x_wconf 53' lang='grc' dir='ltr'>ἀναθρέψαι</span> <span class='ocrx_word' id='word_1_149' title='bbox 3969 1129 4063 1179; x_wconf 73' lang='grc' dir='ltr'><strong>καὶ</strong></span> 
     </span>
    </p>
   </div>
   <div class='ocr_carea' id='block_1_27' title="bbox 2474 1194 4061 1287">
    <p class='ocr_par' dir='ltr' id='par_1_27' title="bbox 2474 1194 4061 1287">
     <span class='ocr_line' id='line_1_27' title="bbox 2474 1194 4061 1287; baseline 0.019 -45"><span class='ocrx_word' id='word_1_150' title='bbox 2474 1194 2845 1287; x_wconf 49' lang='grc' dir='ltr'>ἐκπροικῆσαι</span> <span class='ocrx_word' id='word_1_151' title='bbox 2878 1199 2969 1253; x_wconf 85' lang='grc' dir='ltr'><strong>τὸν</strong></span> <span class='ocrx_word' id='word_1_152' title='bbox 3007 1201 3246 1269; x_wconf 76' lang='grc' dir='ltr'>βασιλέα,</span> <span class='ocrx_word' id='word_1_153' title='bbox 3282 1212 3375 1261; x_wconf 68' lang='grc' dir='ltr'><strong>καὶ</strong></span> <span class='ocrx_word' id='word_1_154' title='bbox 3406 1211 3582 1265; x_wconf 78' lang='grc' dir='ltr'>πάντα</span> <span class='ocrx_word' id='word_1_155' title='bbox 3627 1215 3693 1265; x_wconf 68' lang='grc' dir='ltr'><strong>τὰ</strong></span> <span class='ocrx_word' id='word_1_156' title='bbox 3726 1218 3858 1287; x_wconf 78' lang='grc' dir='ltr'>χρέη</span> <span class='ocrx_word' id='word_1_157' title='bbox 3896 1220 4061 1272; x_wconf 70' lang='grc' dir='ltr'>αὑτοῦ</span> 
     </span>
    </p>
   </div>
   <div class='ocr_carea' id='block_1_28' title="bbox 2470 1282 4060 1375">
    <p class='ocr_par' dir='ltr' id='par_1_28' title="bbox 2470 1282 4060 1375">
     <span class='ocr_line' id='line_1_28' title="bbox 2470 1282 4060 1375; baseline 0.019 -42"><span class='ocrx_word' id='word_1_158' title='bbox 2470 1282 2653 1337; x_wconf 80' lang='grc' dir='ltr'>δοῦναι</span> <span class='ocrx_word' id='word_1_159' title='bbox 2704 1289 2817 1350; x_wconf 84' lang='grc' dir='ltr'>τοῖς</span> <span class='ocrx_word' id='word_1_160' title='bbox 2850 1289 3196 1359; x_wconf 72' lang='grc' dir='ltr'><strong>ὀφειλέταις,</strong></span> <span class='ocrx_word' id='word_1_161' title='bbox 3246 1299 3339 1350; x_wconf 80' lang='grc' dir='ltr'><strong>καὶ</strong></span> <span class='ocrx_word' id='word_1_162' title='bbox 3390 1302 3459 1353; x_wconf 72' lang='grc' dir='ltr'><strong>τὰ</strong></span> <span class='ocrx_word' id='word_1_163' title='bbox 3497 1311 3851 1375; x_wconf 73' lang='grc' dir='ltr'>γραμματεῖα</span> <span class='ocrx_word' id='word_1_164' title='bbox 3894 1312 4060 1363; x_wconf 61' lang='grc' dir='ltr'>αὐτοῦ</span> 
     </span>
    </p>
   </div>
   <div class='ocr_carea' id='block_1_29' title="bbox 2470 1374 4063 1470">
    <p class='ocr_par' dir='ltr' id='par_1_29' title="bbox 2470 1374 4063 1470">
     <span class='ocr_line' id='line_1_29' title="bbox 2470 1374 4063 1470; baseline 0.018 -45"><span class='ocrx_word' id='word_1_165' title='bbox 2470 1374 2649 1427; x_wconf 83' lang='grc' dir='ltr'>πάντα</span> <span class='ocrx_word' id='word_1_166' title='bbox 2692 1378 3139 1450; x_wconf 73' lang='grc' dir='ltr'>ἀναρῤύσασθαι,</span> <span class='ocrx_word' id='word_1_167' title='bbox 3191 1388 3218 1439; x_wconf 80' lang='grc' dir='ltr'>ὁ</span> <span class='ocrx_word' id='word_1_168' title='bbox 3261 1389 3514 1458; x_wconf 76' lang='grc' dir='ltr'>βασιλεὺς</span> <span class='ocrx_word' id='word_1_169' title='bbox 3566 1394 3850 1462; x_wconf 81' lang='grc' dir='ltr'>Ἰουστῖνος</span> <span class='ocrx_word' id='word_1_170' title='bbox 3893 1403 4063 1470; x_wconf 66' lang='grc' dir='ltr'>ἐπλη-</span> 
     </span>
    </p>
   </div>
   <div class='ocr_carea' id='block_1_30' title="bbox 2473 1471 4062 1559">
    <p class='ocr_par' dir='ltr' id='par_1_30' title="bbox 2473 1471 4062 1559">
     <span class='ocr_line' id='line_1_30' title="bbox 2473 1471 4062 1559; baseline 0.019 -43"><span class='ocrx_word' id='word_1_171' title='bbox 2473 1482 2638 1535; x_wconf 87' lang='grc' dir='ltr'>ρωσε,</span> <span class='ocrx_word' id='word_1_172' title='bbox 2681 1471 3036 1543; x_wconf 82' lang='grc' dir='ltr'>καταπλήξας</span> <span class='ocrx_word' id='word_1_173' title='bbox 3088 1478 3148 1528; x_wconf 88' lang='grc' dir='ltr'><strong>ἐν</strong></span> <span class='ocrx_word' id='word_1_174' title='bbox 3196 1480 3371 1550; x_wconf 86' lang='grc' dir='ltr'>τούτῳ</span> <span class='ocrx_word' id='word_1_175' title='bbox 3413 1484 3589 1539; x_wconf 80' lang='grc' dir='ltr'>πάντα</span> <span class='ocrx_word' id='word_1_176' title='bbox 3633 1488 3922 1559; x_wconf 76' lang='grc' dir='ltr'>ἄνθρωπον</span> <span class='ocrx_word' id='word_1_177' title='bbox 3966 1495 4062 1545; x_wconf 66' lang='grc' dir='ltr'><strong>τὸν</strong></span> 
     </span>
    </p>
   </div>
   <div class='ocr_carea' id='block_1_31' title="bbox 2469 1558 2803 1617">
    <p class='ocr_par' dir='ltr' id='par_1_31' title="bbox 2469 1558 2803 1617">
     <span class='ocr_line' id='line_1_31' title="bbox 2469 1558 2803 1617; baseline 0.015 -6"><span class='ocrx_word' id='word_1_178' title='bbox 2469 1558 2803 1617; x_wconf 79' lang='grc' dir='ltr'>ἀκούσαντα.</span> 
     </span>
    </p>
   </div>
   <div class='ocr_carea' id='block_1_32' title="bbox 2551 1649 4060 1736">
    <p class='ocr_par' dir='ltr' id='par_1_32' title="bbox 2551 1649 4060 1736">
     <span class='ocr_line' id='line_1_32' title="bbox 2551 1649 4060 1736; baseline 0.016 -35"><span class='ocrx_word' id='word_1_179' title='bbox 2551 1649 2609 1702; x_wconf 91' lang='lat'><strong>&#39;0</strong></span> <span class='ocrx_word' id='word_1_180' title='bbox 2641 1650 2733 1704; x_wconf 79' lang='grc' dir='ltr'><strong>οὖν</strong></span> <span class='ocrx_word' id='word_1_181' title='bbox 2779 1654 3152 1720; x_wconf 86' lang='grc' dir='ltr'>Ἰουστινιανὸς</span> <span class='ocrx_word' id='word_1_182' title='bbox 3205 1659 3554 1716; x_wconf 77' lang='grc' dir='ltr'>ἐϐασίλευσεν</span> <span class='ocrx_word' id='word_1_183' title='bbox 3607 1667 3701 1736; x_wconf 80' lang='grc' dir='ltr'><strong>ἐτη</strong></span> <span class='ocrx_word' id='word_1_184' title='bbox 3747 1668 3821 1720; x_wconf 83' lang='grc' dir='ltr'>λθ¹</span> <span class='ocrx_word' id='word_1_185' title='bbox 3848 1686 3862 1701; x_wconf 77' lang='grc' dir='ltr'><strong><em>ο</em></strong></span> <span class='ocrx_word' id='word_1_186' title='bbox 3914 1672 4060 1725; x_wconf 84' lang='grc' dir='ltr'>ὑπά-</span> 
     </span>
    </p>
   </div>
   <div class='ocr_carea' id='block_1_33' title="bbox 2468 1744 4062 1833">
    <p class='ocr_par' dir='ltr' id='par_1_33' title="bbox 2468 1744 4062 1833">
     <span class='ocr_line' id='line_1_33' title="bbox 2468 1744 4062 1833; baseline 0.018 -44"><span class='ocrx_word' id='word_1_187' title='bbox 2468 1755 2661 1794; x_wconf 88' lang='grc' dir='ltr'>τευσεν</span> <span class='ocrx_word' id='word_1_188' title='bbox 2696 1744 2766 1833; x_wconf 26' lang='grc' dir='ltr'>ἐν.</span> <span class='ocrx_word' id='word_1_189' title='bbox 2790 1746 2931 1815; x_wconf 81' lang='grc' dir='ltr'>μέσῃ</span> <span class='ocrx_word' id='word_1_190' title='bbox 2960 1750 3026 1817; x_wconf 83' lang='grc' dir='ltr'>τῇ</span> <span class='ocrx_word' id='word_1_191' title='bbox 3063 1748 3238 1812; x_wconf 86' lang='grc' dir='ltr'>πόλει,</span> <span class='ocrx_word' id='word_1_192' title='bbox 3296 1755 3386 1805; x_wconf 79' lang='grc' dir='ltr'>καὶ</span> <span class='ocrx_word' id='word_1_193' title='bbox 3438 1754 3562 1820; x_wconf 83' lang='grc' dir='ltr'>δοὺς</span> <span class='ocrx_word' id='word_1_194' title='bbox 3607 1760 3870 1828; x_wconf 81' lang='grc' dir='ltr'>χρήματα</span> <span class='ocrx_word' id='word_1_195' title='bbox 3909 1765 4062 1833; x_wconf 83' lang='grc' dir='ltr'>πάμ-</span> 
     </span>
    </p>
   </div>
   <div class='ocr_carea' id='block_1_34' title="bbox 774 1819 2521 1924">
    <p class='ocr_par' dir='ltr' id='par_1_34' title="bbox 774 1819 2521 1906">
     <span class='ocr_line' id='line_1_34' title="bbox 774 1819 2521 1906; baseline 0.002 -17"><span class='ocrx_word' id='word_1_196' title='bbox 774 1837 1040 1906; x_wconf 82' lang='lat' dir='ltr'><strong>pecunias</strong></span> <span class='ocrx_word' id='word_1_197' title='bbox 1071 1836 1355 1905; x_wconf 79' lang='lat' dir='ltr'><strong>elargitus.</strong></span> <span class='ocrx_word' id='word_1_198' title='bbox 1396 1835 1448 1887; x_wconf 87' lang='lat' dir='ltr'><strong>ls</strong></span> <span class='ocrx_word' id='word_1_199' title='bbox 1470 1833 1725 1890; x_wconf 79' lang='lat' dir='ltr'><strong>Novellas</strong></span> <span class='ocrx_word' id='word_1_200' title='bbox 1778 1836 2205 1891; x_wconf 86' lang='lat' dir='ltr'><strong>constitutiones</strong></span> <span class='ocrx_word' id='word_1_201' title='bbox 2250 1839 2364 1892; x_wconf 54' lang='lat' dir='ltr'><strong>edi.</strong></span> <span class='ocrx_word' id='word_1_202' title='bbox 2398 1819 2437 1873; x_wconf 67' lang='grc' dir='ltr'><strong>Β</strong></span> <span class='ocrx_word' id='word_1_203' title='bbox 2470 1849 2521 1884; x_wconf 63' lang='grc' dir='ltr'>π(</span> 
     </span>
    </p>
   </div>
   <div class='ocr_carea' id='block_1_35' title="bbox 2312 1819 4059 1924">
    <p class='ocr_par' dir='ltr' id='par_1_35' title="bbox 2312 1819 4059 1924">
     <span class='ocr_line' id='line_1_35' title="bbox 2312 1819 4059 1924; baseline 0.017 -43"><span class='ocrx_word' id='word_1_204' title='bbox 2312 1839 2364 1891; x_wconf 61' lang='lat' dir='ltr'><strong>li.</strong></span> <span class='ocrx_word' id='word_1_205' title='bbox 2398 1819 2437 1873; x_wconf 70' lang='grc' dir='ltr'><strong>Β</strong></span> <span class='ocrx_word' id='word_1_206' title='bbox 2470 1833 2660 1888; x_wconf 85' lang='grc' dir='ltr'>πολλα.</span> <span class='ocrx_word' id='word_1_207' title='bbox 2697 1830 2865 1899; x_wconf 75' lang='grc' dir='ltr'>Οὗτος</span> <span class='ocrx_word' id='word_1_208' title='bbox 2899 1840 3122 1911; x_wconf 84' lang='grc' dir='ltr'>ἐποίησε</span> <span class='ocrx_word' id='word_1_209' title='bbox 3169 1843 3265 1907; x_wconf 77' lang='grc' dir='ltr'><strong>τὰς</strong></span> <span class='ocrx_word' id='word_1_210' title='bbox 3312 1848 3514 1916; x_wconf 77' lang='grc' dir='ltr'>νεαρὰς</span> <span class='ocrx_word' id='word_1_211' title='bbox 3552 1819 3844 1919; x_wconf 56' lang='grc' dir='ltr'>διατάξεις,</span> <span class='ocrx_word' id='word_1_212' title='bbox 3874 1819 4059 1924; x_wconf 61' lang='grc' dir='ltr'>ἐκφω-</span> 
     </span>
    </p>
   </div>
   <div class='ocr_carea' id='block_1_36' title="bbox 778 1927 2363 1998">
    <p class='ocr_par' dir='ltr' id='par_1_36' title="bbox 778 1927 2363 1998">
     <span class='ocr_line' id='line_1_36' title="bbox 778 1927 2363 1998; baseline 0.002 -16"><span class='ocrx_word' id='word_1_213' title='bbox 778 1929 919 1989; x_wconf 86' lang='lat' dir='ltr'><strong>dit;</strong></span> <span class='ocrx_word' id='word_1_214' title='bbox 982 1929 1267 1998; x_wconf 73' lang='lat' dir='ltr'><strong>legemque</strong></span> <span class='ocrx_word' id='word_1_215' title='bbox 1316 1927 1443 1981; x_wconf 87' lang='lat' dir='ltr'><strong>tulit</strong></span> <span class='ocrx_word' id='word_1_216' title='bbox 1516 1928 1585 1983; x_wconf 91' lang='lat' dir='ltr'><strong>de</strong></span> <span class='ocrx_word' id='word_1_217' title='bbox 1653 1928 1951 1997; x_wconf 87' lang='lat' dir='ltr'><strong>episcopis,</strong></span> <span class='ocrx_word' id='word_1_218' title='bbox 2009 1930 2363 1997; x_wconf 79' lang='lat' dir='ltr'><strong>xenodocliis,</strong></span> 
     </span>
    </p>
   </div>
   <div class='ocr_carea' id='block_1_37' title="bbox 776 2019 2365 2113">
    <p class='ocr_par' dir='ltr' id='par_1_37' title="bbox 776 2019 2365 2113">
     <span class='ocr_line' id='line_1_37' title="bbox 776 2019 2365 2113; baseline -0.001 -37"><span class='ocrx_word' id='word_1_219' title='bbox 776 2022 1081 2077; x_wconf 72' lang='lat' dir='ltr'><strong>(rc-orientis</strong></span> <span class='ocrx_word' id='word_1_220' title='bbox 1126 2030 1180 2075; x_wconf 82' lang='lat' dir='ltr'><strong>ct</strong></span> <span class='ocrx_word' id='word_1_221' title='bbox 1209 2019 1671 2113; x_wconf 76' lang='lat' dir='ltr'><strong>orplianotrppliis</strong></span> <span class='ocrx_word' id='word_1_222' title='bbox 1708 2038 1719 2073; x_wconf 90' lang='lat'><strong>:</strong></span> <span class='ocrx_word' id='word_1_223' title='bbox 1767 2030 1824 2073; x_wconf 91' lang='lat' dir='ltr'><strong>ut</strong></span> <span class='ocrx_word' id='word_1_224' title='bbox 1872 2035 1982 2074; x_wconf 91' lang='lat' dir='ltr'><strong>non</strong></span> <span class='ocrx_word' id='word_1_225' title='bbox 2012 2022 2135 2091; x_wconf 88' lang='lat' dir='ltr'><strong>plus</strong></span> <span class='ocrx_word' id='word_1_226' title='bbox 2198 2031 2365 2076; x_wconf 87' lang='lat' dir='ltr'><strong>testa-</strong></span> 
     </span>
    </p>
   </div>
   <div class='ocr_carea' id='block_1_38' title="bbox 775 2116 2363 2186">
    <p class='ocr_par' dir='ltr' id='par_1_38' title="bbox 775 2116 2363 2186">
     <span class='ocr_line' id='line_1_38' title="bbox 775 2116 2363 2186; baseline 0 -15"><span class='ocrx_word' id='word_1_227' title='bbox 775 2128 964 2171; x_wconf 85' lang='lat' dir='ltr'><strong>mento</strong></span> <span class='ocrx_word' id='word_1_228' title='bbox 1026 2118 1435 2186; x_wconf 89' lang='lat' dir='ltr'><strong>relinquerent,</strong></span> <span class='ocrx_word' id='word_1_229' title='bbox 1496 2130 1661 2184; x_wconf 90' lang='lat' dir='ltr'><strong>quam</strong></span> <span class='ocrx_word' id='word_1_230' title='bbox 1716 2121 1843 2169; x_wconf 83' lang='lat' dir='ltr'><strong>ante</strong></span> <span class='ocrx_word' id='word_1_231' title='bbox 1904 2116 2100 2169; x_wconf 91' lang='lat' dir='ltr'><strong>initum</strong></span> <span class='ocrx_word' id='word_1_232' title='bbox 2162 2132 2363 2171; x_wconf 90' lang='lat' dir='ltr'><strong>munus</strong></span> 
     </span>
    </p>
   </div>
   <div class='ocr_carea' id='block_1_39' title="bbox 773 2207 2362 2277">
    <p class='ocr_par' dir='ltr' id='par_1_39' title="bbox 773 2207 2362 2277">
     <span class='ocr_line' id='line_1_39' title="bbox 773 2207 2362 2277; baseline -0.001 -13"><span class='ocrx_word' id='word_1_233' title='bbox 773 2210 1163 2277; x_wconf 85' lang='lat' dir='ltr'><strong>possedissent.</strong></span> <span class='ocrx_word' id='word_1_234' title='bbox 1201 2207 1451 2263; x_wconf 79' lang='lat' dir='ltr'><strong>Absolvit</strong></span> <span class='ocrx_word' id='word_1_235' title='bbox 1479 2223 1699 2277; x_wconf 86' lang='lat' dir='ltr'><strong>quoque</strong></span> <span class='ocrx_word' id='word_1_236' title='bbox 1756 2207 2044 2276; x_wconf 88' lang='lat' dir='ltr'><strong>publicum</strong></span> <span class='ocrx_word' id='word_1_237' title='bbox 2109 2209 2362 2263; x_wconf 83' lang='lat' dir='ltr'><strong>balneum</strong></span> 
     </span>
    </p>
   </div>
   <div class='ocr_carea' id='block_1_40' title="bbox 773 2303 2363 2374">
    <p class='ocr_par' dir='ltr' id='par_1_40' title="bbox 773 2303 2363 2374">
     <span class='ocr_line' id='line_1_40' title="bbox 773 2303 2363 2374; baseline 0.001 -18"><span class='ocrx_word' id='word_1_238' title='bbox 773 2306 828 2357; x_wconf 87' lang='lat' dir='ltr'><strong>in</strong></span> <span class='ocrx_word' id='word_1_239' title='bbox 855 2303 1109 2374; x_wconf 78' lang='lat' dir='ltr'><strong>Dagistuei</strong></span> <span class='ocrx_word' id='word_1_240' title='bbox 1164 2311 1367 2369; x_wconf 90' lang='lat' dir='ltr'><strong>tractu,</strong></span> <span class='ocrx_word' id='word_1_241' title='bbox 1402 2303 1547 2369; x_wconf 85' lang='lat' dir='ltr'><strong>quod</strong></span> <span class='ocrx_word' id='word_1_242' title='bbox 1596 2314 1885 2359; x_wconf 70' lang='lat' dir='ltr'><strong>exsuuere</strong></span> <span class='ocrx_word' id='word_1_243' title='bbox 1921 2316 2169 2373; x_wconf 85' lang='lat' dir='ltr'><strong>cceperat</strong></span> <span class='ocrx_word' id='word_1_244' title='bbox 2214 2304 2363 2358; x_wconf 84' lang='lat' dir='ltr'><strong>Ana-</strong></span> 
     </span>
    </p>
   </div>
   <div class='ocr_carea' id='block_1_41' title="bbox 774 2396 2365 2465">
    <p class='ocr_par' dir='ltr' id='par_1_41' title="bbox 774 2396 2365 2465">
     <span class='ocr_line' id='line_1_41' title="bbox 774 2396 2365 2465; baseline -0.001 -13"><span class='ocrx_word' id='word_1_245' title='bbox 774 2397 984 2452; x_wconf 89' lang='lat' dir='ltr'><strong>stasius</strong></span> <span class='ocrx_word' id='word_1_246' title='bbox 1017 2396 1339 2465; x_wconf 83' lang='lat' dir='ltr'><strong>imperator.</strong></span> <span class='ocrx_word' id='word_1_247' title='bbox 1400 2396 1702 2450; x_wconf 82' lang='lat' dir='ltr'><strong>Antiochiae</strong></span> <span class='ocrx_word' id='word_1_248' title='bbox 1755 2410 1919 2465; x_wconf 89' lang='lat' dir='ltr'><strong>porro</strong></span> <span class='ocrx_word' id='word_1_249' title='bbox 1975 2410 2083 2449; x_wconf 92' lang='lat' dir='ltr'><strong>non</strong></span> <span class='ocrx_word' id='word_1_250' title='bbox 2132 2398 2365 2451; x_wconf 85' lang='lat' dir='ltr'><strong>cessavit</strong></span> 
     </span>
    </p>
   </div>
   <div class='ocr_carea' id='block_1_42' title="bbox 772 2487 2361 2557">
    <p class='ocr_par' dir='ltr' id='par_1_42' title="bbox 772 2487 2361 2557">
     <span class='ocr_line' id='line_1_42' title="bbox 772 2487 2361 2557; baseline -0.002 -13"><span class='ocrx_word' id='word_1_251' title='bbox 772 2495 1143 2553; x_wconf 73' lang='lat' dir='ltr'><strong>terraemotus,</strong></span> <span class='ocrx_word' id='word_1_252' title='bbox 1184 2487 1361 2543; x_wconf 87' lang='lat' dir='ltr'><strong>donec</strong></span> <span class='ocrx_word' id='word_1_253' title='bbox 1424 2487 1684 2557; x_wconf 80' lang='lat' dir='ltr'><strong>religioso</strong></span> <span class='ocrx_word' id='word_1_254' title='bbox 1727 2487 1947 2542; x_wconf 89' lang='lat' dir='ltr'><strong>cuidam</strong></span> <span class='ocrx_word' id='word_1_255' title='bbox 2009 2488 2128 2542; x_wconf 92' lang='lat' dir='ltr'><strong>viro</strong></span> <span class='ocrx_word' id='word_1_256' title='bbox 2186 2489 2361 2543; x_wconf 82' lang='lat' dir='ltr'><strong>visum</strong></span> 
     </span>
    </p>
   </div>
   <div class='ocr_carea' id='block_1_43' title="bbox 774 2578 2364 2650">
    <p class='ocr_par' dir='ltr' id='par_1_43' title="bbox 774 2578 2364 2650">
     <span class='ocr_line' id='line_1_43' title="bbox 774 2578 2364 2650; baseline -0.004 -14"><span class='ocrx_word' id='word_1_257' title='bbox 774 2590 862 2636; x_wconf 88' lang='lat' dir='ltr'><strong>est</strong></span> <span class='ocrx_word' id='word_1_258' title='bbox 916 2578 1437 2648; x_wconf 84' lang='lat' dir='ltr'><strong>superliminaribus</strong></span> <span class='ocrx_word' id='word_1_259' title='bbox 1502 2582 1745 2650; x_wconf 88' lang='lat' dir='ltr'><strong>pestium</strong></span> <span class='ocrx_word' id='word_1_260' title='bbox 1816 2580 2121 2635; x_wconf 83' lang='lat' dir='ltr'><strong>inscribere</strong></span> <span class='ocrx_word' id='word_1_261' title='bbox 2157 2599 2173 2636; x_wconf 88' lang='lat'>:</span> <span class='ocrx_word' id='word_1_262' title='bbox 2208 2578 2364 2636; x_wconf 82' lang='lat' dir='ltr'><strong>Chri-</strong></span> 
     </span>
    </p>
   </div>
   <div class='ocr_carea' id='block_1_44' title="bbox 775 2670 2365 2737">
    <p class='ocr_par' dir='ltr' id='par_1_44' title="bbox 775 2670 2365 2737">
     <span class='ocr_line' id='line_1_44' title="bbox 775 2670 2365 2737; baseline 0.001 -12"><span class='ocrx_word' id='word_1_263' title='bbox 775 2682 890 2725; x_wconf 75' lang='lat' dir='ltr'><strong>stus</strong></span> <span class='ocrx_word' id='word_1_264' title='bbox 942 2670 1239 2734; x_wconf 79' lang='lat' dir='ltr'><strong>nobiscum,</strong></span> <span class='ocrx_word' id='word_1_265' title='bbox 1291 2681 1447 2726; x_wconf 76' lang='lat' dir='ltr'><strong>state.</strong></span> <span class='ocrx_word' id='word_1_266' title='bbox 1481 2672 1599 2737; x_wconf 89' lang='lat' dir='ltr'><strong>Quo</strong></span> <span class='ocrx_word' id='word_1_267' title='bbox 1637 2672 1807 2736; x_wconf 81' lang='lat' dir='ltr'><strong>facto,</strong></span> <span class='ocrx_word' id='word_1_268' title='bbox 1854 2672 2092 2728; x_wconf 83' lang='lat' dir='ltr'><strong>cessavit</strong></span> <span class='ocrx_word' id='word_1_269' title='bbox 2127 2672 2206 2731; x_wconf 90' lang='lat' dir='ltr'><strong>ira</strong></span> <span class='ocrx_word' id='word_1_270' title='bbox 2247 2671 2365 2727; x_wconf 87' lang='lat' dir='ltr'><strong>Dei.</strong></span> 
     </span>
    </p>
   </div>
   <div class='ocr_carea' id='block_1_45' title="bbox 774 2760 2363 2832">
    <p class='ocr_par' dir='ltr' id='par_1_45' title="bbox 774 2760 2363 2832">
     <span class='ocr_line' id='line_1_45' title="bbox 774 2760 2363 2832; baseline 0 -16"><span class='ocrx_word' id='word_1_271' title='bbox 774 2760 988 2817; x_wconf 78' lang='lat' dir='ltr'><strong>Exinde</strong></span> <span class='ocrx_word' id='word_1_272' title='bbox 1018 2768 1199 2816; x_wconf 87' lang='lat' dir='ltr'><strong>autem</strong></span> <span class='ocrx_word' id='word_1_273' title='bbox 1229 2762 1362 2817; x_wconf 86' lang='lat' dir='ltr'><strong>urbs</strong></span> <span class='ocrx_word' id='word_1_274' title='bbox 1414 2762 1733 2832; x_wconf 84' lang='lat' dir='ltr'><strong>Theopolis,</strong></span> <span class='ocrx_word' id='word_1_275' title='bbox 1757 2763 1873 2819; x_wconf 87' lang='lat' dir='ltr'><strong>sive</strong></span> <span class='ocrx_word' id='word_1_276' title='bbox 1928 2762 2062 2819; x_wconf 87' lang='lat' dir='ltr'><strong>urbs</strong></span> <span class='ocrx_word' id='word_1_277' title='bbox 2117 2761 2214 2818; x_wconf 87' lang='lat' dir='ltr'><strong>Dei</strong></span> <span class='ocrx_word' id='word_1_278' title='bbox 2268 2779 2363 2817; x_wconf 90' lang='lat' dir='ltr'><strong>vo-</strong></span> 
     </span>
    </p>
   </div>
   <div class='ocr_carea' id='block_1_46' title="bbox 776 2860 1033 2909">
    <p class='ocr_par' dir='ltr' id='par_1_46' title="bbox 776 2860 1033 2909">
     <span class='ocr_line' id='line_1_46' title="bbox 776 2860 1033 2909; baseline -0.012 0"><span class='ocrx_word' id='word_1_279' title='bbox 776 2863 896 2909; x_wconf 84' lang='lat' dir='ltr'><strong>cata</strong></span> <span class='ocrx_word' id='word_1_280' title='bbox 929 2860 1033 2908; x_wconf 71' lang='lat' dir='ltr'><strong>65L</strong></span> 
     </span>
    </p>
   </div>
   <div class='ocr_carea' id='block_1_47' title="bbox 854 2946 2365 3017">
    <p class='ocr_par' dir='ltr' id='par_1_47' title="bbox 854 2946 2365 3017">
     <span class='ocr_line' id='line_1_47' title="bbox 854 2946 2365 3017; baseline -0.002 -15"><span class='ocrx_word' id='word_1_281' title='bbox 854 2946 1058 3002; x_wconf 86' lang='lat' dir='ltr'><strong>Eodem</strong></span> <span class='ocrx_word' id='word_1_282' title='bbox 1086 2947 1394 3016; x_wconf 83' lang='lat' dir='ltr'><strong>imperante</strong></span> <span class='ocrx_word' id='word_1_283' title='bbox 1430 2946 1721 3017; x_wconf 89' lang='lat' dir='ltr'><strong>popularis</strong></span> <span class='ocrx_word' id='word_1_284' title='bbox 1750 2946 1949 3003; x_wconf 91' lang='lat' dir='ltr'><strong>seditio</strong></span> <span class='ocrx_word' id='word_1_285' title='bbox 1990 2956 2113 3002; x_wconf 90' lang='lat' dir='ltr'><strong>orta</strong></span> <span class='ocrx_word' id='word_1_286' title='bbox 2146 2956 2253 3012; x_wconf 89' lang='lat' dir='ltr'><strong>est,</strong></span> <span class='ocrx_word' id='word_1_287' title='bbox 2312 2949 2365 3000; x_wconf 89' lang='lat' dir='ltr'><strong>in</strong></span> 
     </span>
    </p>
   </div>
   <div class='ocr_carea' id='block_1_48' title="bbox 776 3038 2366 3110">
    <p class='ocr_par' dir='ltr' id='par_1_48' title="bbox 776 3038 2366 3110">
     <span class='ocr_line' id='line_1_48' title="bbox 776 3038 2366 3110; baseline 0.003 -18"><span class='ocrx_word' id='word_1_288' title='bbox 776 3053 887 3109; x_wconf 88' lang='lat' dir='ltr'><strong>qua</strong></span> <span class='ocrx_word' id='word_1_289' title='bbox 946 3040 1209 3095; x_wconf 84' lang='lat' dir='ltr'><strong>Sanctam</strong></span> <span class='ocrx_word' id='word_1_290' title='bbox 1246 3039 1532 3109; x_wconf 84' lang='lat' dir='ltr'><strong>Sophiam,</strong></span> <span class='ocrx_word' id='word_1_291' title='bbox 1565 3039 1739 3094; x_wconf 87' lang='lat' dir='ltr'><strong>sancti</strong></span> <span class='ocrx_word' id='word_1_292' title='bbox 1798 3038 2116 3110; x_wconf 85' lang='lat' dir='ltr'><strong>Sampsonis</strong></span> <span class='ocrx_word' id='word_1_293' title='bbox 2144 3041 2366 3096; x_wconf 86' lang='lat' dir='ltr'><strong>domum</strong></span> 
     </span>
    </p>
   </div>
   <div class='ocr_carea' id='block_1_49' title="bbox 2470 1930 4059 2016">
    <p class='ocr_par' dir='ltr' id='par_1_49' title="bbox 2470 1930 4059 2016">
     <span class='ocr_line' id='line_1_49' title="bbox 2470 1930 4059 2016; baseline 0.014 -38"><span class='ocrx_word' id='word_1_294' title='bbox 2470 1930 2639 1997; x_wconf 81' lang='grc' dir='ltr'>νήσας</span> <span class='ocrx_word' id='word_1_295' title='bbox 2665 1931 2756 1981; x_wconf 71' lang='grc' dir='ltr'>καὶ</span> <span class='ocrx_word' id='word_1_296' title='bbox 2785 1931 2958 1984; x_wconf 82' lang='grc' dir='ltr'>τύπον</span> <span class='ocrx_word' id='word_1_297' title='bbox 2986 1936 3111 2005; x_wconf 79' lang='grc' dir='ltr'>περὶ</span> <span class='ocrx_word' id='word_1_298' title='bbox 3138 1938 3475 2000; x_wconf 73' lang='grc' dir='ltr'>ἐπισκόπων,</span> <span class='ocrx_word' id='word_1_299' title='bbox 3502 1942 3597 1996; x_wconf 77' lang='grc' dir='ltr'>καὶ</span> <span class='ocrx_word' id='word_1_300' title='bbox 3623 1944 3934 2016; x_wconf 73' lang='grc' dir='ltr'>ξενοδὸχων,</span> <span class='ocrx_word' id='word_1_301' title='bbox 3964 1952 4059 2003; x_wconf 73' lang='grc' dir='ltr'>καὶ</span> 
     </span>
    </p>
   </div>
   <div class='ocr_carea' id='block_1_50' title="bbox 2467 2018 4057 2104">
    <p class='ocr_par' dir='ltr' id='par_1_50' title="bbox 2467 2018 4057 2104">
     <span class='ocr_line' id='line_1_50' title="bbox 2467 2018 4057 2104; baseline 0.016 -37"><span class='ocrx_word' id='word_1_302' title='bbox 2467 2018 2794 2089; x_wconf 85' lang='grc' dir='ltr'>οἰκονόμων.</span> <span class='ocrx_word' id='word_1_303' title='bbox 2833 2023 2927 2074; x_wconf 76' lang='grc' dir='ltr'>καὶ</span> <span class='ocrx_word' id='word_1_304' title='bbox 2959 2023 3400 2096; x_wconf 80' lang='grc' dir='ltr'>ὀρφανοτρόφων,</span> <span class='ocrx_word' id='word_1_305' title='bbox 3432 2029 3574 2083; x_wconf 86' lang='grc' dir='ltr'>ὥστε</span> <span class='ocrx_word' id='word_1_306' title='bbox 3607 2035 3681 2104; x_wconf 82' lang='grc' dir='ltr'>μὴ</span> <span class='ocrx_word' id='word_1_307' title='bbox 3721 2034 4057 2092; x_wconf 74' lang='grc' dir='ltr'>διατίθεσθαι</span> 
     </span>
    </p>
   </div>
   <div class='ocr_carea' id='block_1_51' title="bbox 2469 2108 4053 2197">
    <p class='ocr_par' dir='ltr' id='par_1_51' title="bbox 2469 2108 4053 2197">
     <span class='ocr_line' id='line_1_51' title="bbox 2469 2108 4053 2197; baseline 0.014 -39"><span class='ocrx_word' id='word_1_308' title='bbox 2469 2108 2607 2177; x_wconf 82' lang='grc' dir='ltr'>πλὴν</span> <span class='ocrx_word' id='word_1_309' title='bbox 2642 2112 2720 2171; x_wconf 82' lang='grc' dir='ltr'><strong>είς</strong></span> <span class='ocrx_word' id='word_1_310' title='bbox 2748 2111 2782 2163; x_wconf 80' lang='grc' dir='ltr'><strong>ἃ</strong></span> <span class='ocrx_word' id='word_1_311' title='bbox 2811 2113 2915 2182; x_wconf 86' lang='grc' dir='ltr'><strong>πρὸ</strong></span> <span class='ocrx_word' id='word_1_312' title='bbox 2947 2114 3042 2167; x_wconf 80' lang='grc' dir='ltr'>τοῦ</span> <span class='ocrx_word' id='word_1_313' title='bbox 3070 2116 3323 2183; x_wconf 67' lang='grc' dir='ltr'>γενέσθαι</span> <span class='ocrx_word' id='word_1_314' title='bbox 3372 2122 3688 2193; x_wconf 87' lang='grc' dir='ltr'>ἐκέκτηντο.</span> <span class='ocrx_word' id='word_1_315' title='bbox 3736 2125 4053 2197; x_wconf 84' lang='grc' dir='ltr'>Ἐπλήρωσε</span> 
     </span>
    </p>
   </div>
   <div class='ocr_carea' id='block_1_52' title="bbox 2466 2199 4054 2286">
    <p class='ocr_par' dir='ltr' id='par_1_52' title="bbox 2466 2199 4054 2286">
     <span class='ocr_line' id='line_1_52' title="bbox 2466 2199 4054 2286; baseline 0.013 -34"><span class='ocrx_word' id='word_1_316' title='bbox 2466 2199 2520 2253; x_wconf 82' lang='grc' dir='ltr'><strong>δὲ</strong></span> <span class='ocrx_word' id='word_1_317' title='bbox 2551 2204 2644 2252; x_wconf 76' lang='grc' dir='ltr'><strong>καὶ</strong></span> <span class='ocrx_word' id='word_1_318' title='bbox 2669 2203 2729 2254; x_wconf 70' lang='grc' dir='ltr'>τὸ</span> <span class='ocrx_word' id='word_1_319' title='bbox 2758 2204 3020 2273; x_wconf 78' lang='grc' dir='ltr'>δημόσιον</span> <span class='ocrx_word' id='word_1_320' title='bbox 3058 2207 3276 2279; x_wconf 84' lang='grc' dir='ltr'>λόετρον</span> <span class='ocrx_word' id='word_1_321' title='bbox 3304 2213 3365 2264; x_wconf 85' lang='grc' dir='ltr'><strong>τὸ</strong></span> <span class='ocrx_word' id='word_1_322' title='bbox 3410 2216 3489 2277; x_wconf 86' lang='grc' dir='ltr'><strong>είς</strong></span> <span class='ocrx_word' id='word_1_323' title='bbox 3533 2216 3602 2267; x_wconf 78' lang='grc' dir='ltr'>τὰ</span> <span class='ocrx_word' id='word_1_324' title='bbox 3641 2218 3991 2286; x_wconf 82' lang='grc' dir='ltr'>Διηγιστέως,</span> <span class='ocrx_word' id='word_1_325' title='bbox 4025 2220 4054 2271; x_wconf 85' lang='grc' dir='ltr'><strong>ὃ</strong></span> 
     </span>
    </p>
   </div>
   <div class='ocr_carea' id='block_1_53' title="bbox 2468 2293 4054 2373">
    <p class='ocr_par' dir='ltr' id='par_1_53' title="bbox 2468 2293 4054 2373">
     <span class='ocr_line' id='line_1_53' title="bbox 2468 2293 4054 2373; baseline 0.009 -28"><span class='ocrx_word' id='word_1_326' title='bbox 2468 2293 2670 2363; x_wconf 67' lang='grc' dir='ltr'>ἦρξατο</span> <span class='ocrx_word' id='word_1_327' title='bbox 2701 2298 2907 2360; x_wconf 79' lang='grc' dir='ltr'>κτίζειν</span> <span class='ocrx_word' id='word_1_328' title='bbox 2950 2300 3303 2365; x_wconf 85' lang='grc' dir='ltr'>Ἀναστάσιος</span> <span class='ocrx_word' id='word_1_329' title='bbox 3340 2305 3367 2356; x_wconf 83' lang='grc' dir='ltr'>ὁ</span> <span class='ocrx_word' id='word_1_330' title='bbox 3415 2304 3686 2373; x_wconf 69' lang='grc' dir='ltr'>βασιλεῦς.</span> <span class='ocrx_word' id='word_1_331' title='bbox 3733 2310 3792 2360; x_wconf 85' lang='grc' dir='ltr'><strong>Ἠ</strong></span> <span class='ocrx_word' id='word_1_332' title='bbox 3839 2310 3895 2362; x_wconf 81' lang='grc' dir='ltr'><strong>δὲ</strong></span> <span class='ocrx_word' id='word_1_333' title='bbox 3934 2312 4054 2363; x_wconf 78' lang='grc' dir='ltr'><strong>Ἀν-</strong></span> 
     </span>
    </p>
   </div>
   <div class='ocr_carea' id='block_1_54' title="bbox 2468 2390 4054 2473">
    <p class='ocr_par' dir='ltr' id='par_1_54' title="bbox 2468 2390 4054 2473">
     <span class='ocr_line' id='line_1_54' title="bbox 2468 2390 4054 2473; baseline 0.012 -33"><span class='ocrx_word' id='word_1_334' title='bbox 2468 2390 2676 2458; x_wconf 64' lang='grc' dir='ltr'>τιόχεια</span> <span class='ocrx_word' id='word_1_335' title='bbox 2701 2394 2799 2444; x_wconf 63' lang='grc' dir='ltr'>οὒκ</span> <span class='ocrx_word' id='word_1_336' title='bbox 2828 2394 3103 2447; x_wconf 68' lang='grc' dir='ltr'>ἐπαύσατο</span> <span class='ocrx_word' id='word_1_337' title='bbox 3140 2397 3377 2451; x_wconf 82' lang='grc' dir='ltr'>σείεσθαι</span> <span class='ocrx_word' id='word_1_338' title='bbox 3414 2403 3608 2471; x_wconf 82' lang='grc' dir='ltr'>μέχρις</span> <span class='ocrx_word' id='word_1_339' title='bbox 3648 2397 3709 2456; x_wconf 73' lang='grc' dir='ltr'>οὗ</span> <span class='ocrx_word' id='word_1_340' title='bbox 3739 2406 3909 2473; x_wconf 55' lang='grc' dir='ltr'>ἐςάνη</span> <span class='ocrx_word' id='word_1_341' title='bbox 3935 2405 4054 2458; x_wconf 83' lang='grc' dir='ltr'>θεο-</span> 
     </span>
    </p>
   </div>
   <div class='ocr_carea' id='block_1_55' title="bbox 2472 2485 4053 2564">
    <p class='ocr_par' dir='ltr' id='par_1_55' title="bbox 2472 2485 4053 2564">
     <span class='ocr_line' id='line_1_55' title="bbox 2472 2485 4053 2564; baseline 0.009 -32"><span class='ocrx_word' id='word_1_342' title='bbox 2472 2485 2619 2533; x_wconf 77' lang='grc' dir='ltr'>σεεεῖ</span> <span class='ocrx_word' id='word_1_343' title='bbox 2671 2485 2944 2555; x_wconf 81' lang='grc' dir='ltr'>ἀνθρώπῳ</span> <span class='ocrx_word' id='word_1_344' title='bbox 2998 2489 3301 2558; x_wconf 73' lang='grc' dir='ltr'>ἐπιγράψαι</span> <span class='ocrx_word' id='word_1_345' title='bbox 3352 2495 3431 2555; x_wconf 79' lang='grc' dir='ltr'>εἰς</span> <span class='ocrx_word' id='word_1_346' title='bbox 3484 2495 3553 2546; x_wconf 80' lang='grc' dir='ltr'>τὰ</span> <span class='ocrx_word' id='word_1_347' title='bbox 3610 2495 3895 2564; x_wconf 78' lang='grc' dir='ltr'>ὑπέρθυρα</span> <span class='ocrx_word' id='word_1_348' title='bbox 3942 2499 4053 2550; x_wconf 86' lang='grc' dir='ltr'>τῶν</span> 
     </span>
    </p>
   </div>
   <div class='ocr_carea' id='block_1_56' title="bbox 2470 2578 4054 2659">
    <p class='ocr_par' dir='ltr' id='par_1_56' title="bbox 2470 2578 4054 2659">
     <span class='ocr_line' id='line_1_56' title="bbox 2470 2578 4054 2659; baseline 0.011 -31"><span class='ocrx_word' id='word_1_349' title='bbox 2470 2578 2659 2645; x_wconf 51' lang='lat' dir='ltr'><strong>sum,</strong></span> <span class='ocrx_word' id='word_1_350' title='bbox 2692 2583 2943 2649; x_wconf 65' lang='lat' dir='ltr'><strong>Xptatdq</strong></span> <span class='ocrx_word' id='word_1_351' title='bbox 2967 2587 3095 2651; x_wconf 82' lang='grc' dir='ltr'>μεθ’</span> <span class='ocrx_word' id='word_1_352' title='bbox 3126 2586 3315 2654; x_wconf 77' lang='grc' dir='ltr'>ἡμῶν,</span> <span class='ocrx_word' id='word_1_353' title='bbox 3354 2587 3539 2655; x_wconf 82' lang='grc' dir='ltr'>στῆτε</span> <span class='ocrx_word' id='word_1_354' title='bbox 3560 2605 3575 2621; x_wconf 84' lang='grc'>⁶</span> <span class='ocrx_word' id='word_1_355' title='bbox 3613 2593 3705 2644; x_wconf 73' lang='grc' dir='ltr'><strong>καὶ</strong></span> <span class='ocrx_word' id='word_1_356' title='bbox 3736 2593 3925 2644; x_wconf 81' lang='grc' dir='ltr'>τούτου</span> <span class='ocrx_word' id='word_1_357' title='bbox 3956 2610 4054 2659; x_wconf 81' lang='grc' dir='ltr'>γε·</span> 
     </span>
    </p>
   </div>
   <div class='ocr_carea' id='block_1_57' title="bbox 2470 2671 4051 2754">
    <p class='ocr_par' dir='ltr' id='par_1_57' title="bbox 2470 2671 4051 2754">
     <span class='ocr_line' id='line_1_57' title="bbox 2470 2671 4051 2754; baseline 0.01 -32"><span class='ocrx_word' id='word_1_358' title='bbox 2470 2671 2717 2737; x_wconf 74' lang='grc' dir='ltr'>νομένων,</span> <span class='ocrx_word' id='word_1_359' title='bbox 2747 2672 2875 2743; x_wconf 79' lang='grc' dir='ltr'>ἔστη</span> <span class='ocrx_word' id='word_1_360' title='bbox 2908 2676 2940 2743; x_wconf 69' lang='grc' dir='ltr'><strong>ἡ</strong></span> <span class='ocrx_word' id='word_1_361' title='bbox 2976 2676 3114 2746; x_wconf 79' lang='grc' dir='ltr'>ὀργὴ</span> <span class='ocrx_word' id='word_1_362' title='bbox 3154 2677 3246 2731; x_wconf 81' lang='grc' dir='ltr'>τοῦ</span> <span class='ocrx_word' id='word_1_363' title='bbox 3290 2678 3456 2732; x_wconf 75' lang='grc' dir='ltr'>Θεοῦο</span> <span class='ocrx_word' id='word_1_364' title='bbox 3488 2683 3582 2733; x_wconf 80' lang='grc' dir='ltr'>καὶ</span> <span class='ocrx_word' id='word_1_365' title='bbox 3613 2682 3797 2736; x_wconf 78' lang='grc' dir='ltr'>ἔκτοτε</span> <span class='ocrx_word' id='word_1_366' title='bbox 3826 2688 3857 2754; x_wconf 84' lang='grc' dir='ltr'><strong>ή</strong></span> <span class='ocrx_word' id='word_1_367' title='bbox 3897 2684 4051 2745; x_wconf 78' lang='grc' dir='ltr'>πόλις</span> 
     </span>
    </p>
   </div>
   <div class='ocr_carea' id='block_1_58' title="bbox 2471 2763 3106 2833">
    <p class='ocr_par' dir='ltr' id='par_1_58' title="bbox 2471 2763 3106 2833">
     <span class='ocr_line' id='line_1_58' title="bbox 2471 2763 3106 2833; baseline 0.005 -18"><span class='ocrx_word' id='word_1_368' title='bbox 2471 2763 2763 2833; x_wconf 82' lang='grc' dir='ltr'>ὠνομάσθη</span> <span class='ocrx_word' id='word_1_369' title='bbox 2794 2764 3106 2829; x_wconf 83' lang='grc' dir='ltr'>Θεούπολις.</span> 
     </span>
    </p>
   </div>
   <div class='ocr_carea' id='block_1_59' title="bbox 2556 2942 4049 3020">
    <p class='ocr_par' dir='ltr' id='par_1_59' title="bbox 2556 2942 4049 3020">
     <span class='ocr_line' id='line_1_59' title="bbox 2556 2942 4049 3020; baseline 0.006 -25"><span class='ocrx_word' id='word_1_370' title='bbox 2556 2942 2677 2995; x_wconf 76' lang='grc' dir='ltr'>Ἐπὶ</span> <span class='ocrx_word' id='word_1_371' title='bbox 2712 2943 2875 2996; x_wconf 76' lang='grc' dir='ltr'>αὐτοῦ</span> <span class='ocrx_word' id='word_1_372' title='bbox 2912 2946 3103 3011; x_wconf 82' lang='grc' dir='ltr'>γέγονε</span> <span class='ocrx_word' id='word_1_373' title='bbox 3155 2947 3425 3017; x_wconf 81' lang='grc' dir='ltr'>δημοτικὴ</span> <span class='ocrx_word' id='word_1_374' title='bbox 3479 2950 3769 3020; x_wconf 84' lang='grc' dir='ltr'>ἀνταρσία,</span> <span class='ocrx_word' id='word_1_375' title='bbox 3809 2953 3901 3005; x_wconf 77' lang='grc' dir='ltr'>καὶ</span> <span class='ocrx_word' id='word_1_376' title='bbox 3949 2953 4049 3019; x_wconf 79' lang='grc' dir='ltr'><strong>τὴν</strong></span> 
     </span>
    </p>
   </div>
   <div class='ocr_carea' id='block_1_60' title="bbox 2484 3034 4050 3110">
    <p class='ocr_par' dir='ltr' id='par_1_60' title="bbox 2484 3034 4050 3110">
     <span class='ocr_line' id='line_1_60' title="bbox 2484 3034 4050 3110; baseline 0.007 -24"><span class='ocrx_word' id='word_1_377' title='bbox 2484 3034 2668 3102; x_wconf 84' lang='grc' dir='ltr'>’Δγίαν</span> <span class='ocrx_word' id='word_1_378' title='bbox 2695 3035 2897 3103; x_wconf 63' lang='grc' dir='ltr'>Σοφίαν</span> <span class='ocrx_word' id='word_1_379' title='bbox 2919 3038 3012 3090; x_wconf 74' lang='grc' dir='ltr'>καὶ</span> <span class='ocrx_word' id='word_1_380' title='bbox 3040 3036 3133 3089; x_wconf 83' lang='grc' dir='ltr'>τοῦ</span> <span class='ocrx_word' id='word_1_381' title='bbox 3156 3038 3304 3091; x_wconf 84' lang='grc' dir='ltr'>ὁσίου</span> <span class='ocrx_word' id='word_1_382' title='bbox 3329 3040 3568 3108; x_wconf 77' lang='grc' dir='ltr'>Σαμψὼν</span> <span class='ocrx_word' id='word_1_383' title='bbox 3594 3040 3739 3095; x_wconf 74' lang='grc' dir='ltr'>οἷκον</span> <span class='ocrx_word' id='word_1_384' title='bbox 3772 3044 3909 3110; x_wconf 82' lang='grc' dir='ltr'><strong>μετὰ</strong></span> <span class='ocrx_word' id='word_1_385' title='bbox 3940 3045 4050 3097; x_wconf 86' lang='grc' dir='ltr'><strong>τῶν</strong></span> 
     </span>
    </p>
   </div>
   <div class='ocr_carea' id='block_1_61' title="bbox 777 3122 2524 3219">
    <p class='ocr_par' dir='ltr' id='par_1_61' title="bbox 777 3122 2524 3219">
     <span class='ocr_line' id='line_1_61' title="bbox 777 3122 2524 3219; baseline -0.001 -34"><span class='ocrx_word' id='word_1_386' title='bbox 777 3146 902 3185; x_wconf 89' lang='lat' dir='ltr'><strong>cum</strong></span> <span class='ocrx_word' id='word_1_387' title='bbox 970 3129 1226 3196; x_wconf 82' lang='lat' dir='ltr'><strong>inﬁrmis,</strong></span> <span class='ocrx_word' id='word_1_388' title='bbox 1272 3139 1326 3184; x_wconf 93' lang='lat' dir='ltr'><strong>et</strong></span> <span class='ocrx_word' id='word_1_389' title='bbox 1382 3130 1584 3183; x_wconf 90' lang='lat' dir='ltr'><strong>atrium</strong></span> <span class='ocrx_word' id='word_1_390' title='bbox 1655 3130 1860 3198; x_wconf 84' lang='lat' dir='ltr'><strong>palatii,</strong></span> <span class='ocrx_word' id='word_1_391' title='bbox 1923 3131 2435 3219; x_wconf 75' lang='lat' dir='ltr'><strong>chalcostegum,c</strong></span> <span class='ocrx_word' id='word_1_392' title='bbox 2471 3122 2524 3193; x_wconf 63' lang='grc' dir='ltr'><strong>ἀι</strong></span> 
     </span>
    </p>
   </div>
   <div class='ocr_carea' id='block_1_62' title="bbox 2306 3122 4053 3219">
    <p class='ocr_par' dir='ltr' id='par_1_62' title="bbox 2306 3122 4053 3219">
     <span class='ocr_line' id='line_1_62' title="bbox 2306 3122 4053 3219; baseline 0.007 -44"><span class='ocrx_word' id='word_1_393' title='bbox 2306 3149 2362 3197; x_wconf 71' lang='grc' dir='ltr'><strong>ιι,</strong></span> <span class='ocrx_word' id='word_1_394' title='bbox 2394 3161 2435 3219; x_wconf 79' lang='lat' dir='ltr'>c</span> <span class='ocrx_word' id='word_1_395' title='bbox 2471 3122 2789 3193; x_wconf 65' lang='grc' dir='ltr'>ἀρρώστων,</span> <span class='ocrx_word' id='word_1_396' title='bbox 2825 3126 2916 3177; x_wconf 72' lang='grc' dir='ltr'>καὶ</span> <span class='ocrx_word' id='word_1_397' title='bbox 2949 3126 3040 3195; x_wconf 85' lang='grc' dir='ltr'>τὴν</span> <span class='ocrx_word' id='word_1_398' title='bbox 3065 3126 3267 3179; x_wconf 74' lang='grc' dir='ltr'>εἴσοδον</span> <span class='ocrx_word' id='word_1_399' title='bbox 3293 3129 3388 3181; x_wconf 81' lang='grc' dir='ltr'>τοῦ</span> <span class='ocrx_word' id='word_1_400' title='bbox 3416 3130 3683 3183; x_wconf 84' lang='grc' dir='ltr'>Παλατίου</span> <span class='ocrx_word' id='word_1_401' title='bbox 3722 3133 3821 3202; x_wconf 78' lang='grc' dir='ltr'><strong>τὴν</strong></span> <span class='ocrx_word' id='word_1_402' title='bbox 3855 3134 4053 3201; x_wconf 83' lang='grc' dir='ltr'>χαλκό-</span> 
     </span>
    </p>
   </div>
   <div class='ocr_carea' id='block_1_63' title="bbox 776 3220 2365 3293">
    <p class='ocr_par' dir='ltr' id='par_1_63' title="bbox 776 3220 2365 3293">
     <span class='ocr_line' id='line_1_63' title="bbox 776 3220 2365 3293; baseline 0.001 -16"><span class='ocrx_word' id='word_1_403' title='bbox 776 3223 923 3293; x_wconf 83' lang='lat' dir='ltr'><strong>quod</strong></span> <span class='ocrx_word' id='word_1_404' title='bbox 960 3239 1025 3277; x_wconf 83' lang='lat' dir='ltr'><strong>ex</strong></span> <span class='ocrx_word' id='word_1_405' title='bbox 1061 3238 1126 3278; x_wconf 90' lang='lat' dir='ltr'><strong>eo</strong></span> <span class='ocrx_word' id='word_1_406' title='bbox 1160 3221 1435 3292; x_wconf 85' lang='lat' dir='ltr'><strong>hodieque</strong></span> <span class='ocrx_word' id='word_1_407' title='bbox 1471 3220 1674 3277; x_wconf 83' lang='lat' dir='ltr'><strong>Clialce</strong></span> <span class='ocrx_word' id='word_1_408' title='bbox 1706 3232 1959 3283; x_wconf 89' lang='lat' dir='ltr'><strong>vocatur,</strong></span> <span class='ocrx_word' id='word_1_409' title='bbox 2007 3224 2136 3293; x_wconf 90' lang='lat' dir='ltr'><strong>quia</strong></span> <span class='ocrx_word' id='word_1_410' title='bbox 2170 3225 2365 3293; x_wconf 77' lang='lat' dir='ltr'><strong>tegulis</strong></span> 
     </span>
    </p>
   </div>
   <div class='ocr_carea' id='block_1_64' title="bbox 778 3314 2366 3385">
    <p class='ocr_par' dir='ltr' id='par_1_64' title="bbox 778 3314 2366 3385">
     <span class='ocr_line' id='line_1_64' title="bbox 778 3314 2366 3385; baseline 0 -14"><span class='ocrx_word' id='word_1_411' title='bbox 778 3316 937 3371; x_wconf 65' lang='lat' dir='ltr'><strong>areis</strong></span> <span class='ocrx_word' id='word_1_412' title='bbox 961 3324 1015 3369; x_wconf 92' lang='lat' dir='ltr'><strong>et</strong></span> <span class='ocrx_word' id='word_1_413' title='bbox 1052 3316 1328 3370; x_wconf 86' lang='lat' dir='ltr'><strong>inauratis</strong></span> <span class='ocrx_word' id='word_1_414' title='bbox 1358 3322 1479 3368; x_wconf 90' lang='lat' dir='ltr'><strong>erat</strong></span> <span class='ocrx_word' id='word_1_415' title='bbox 1503 3322 1649 3368; x_wconf 87' lang='lat' dir='ltr'><strong>tecta</strong></span> <span class='ocrx_word' id='word_1_416' title='bbox 1688 3330 1703 3368; x_wconf 91' lang='lat'><strong>:</strong></span> <span class='ocrx_word' id='word_1_417' title='bbox 1738 3314 1896 3369; x_wconf 87' lang='lat' dir='ltr'><strong>binas</strong></span> <span class='ocrx_word' id='word_1_418' title='bbox 1940 3315 2069 3368; x_wconf 85' lang='lat' dir='ltr'><strong>item</strong></span> <span class='ocrx_word' id='word_1_419' title='bbox 2121 3316 2366 3385; x_wconf 88' lang='lat' dir='ltr'><strong>porticus</strong></span> 
     </span>
    </p>
   </div>
   <div class='ocr_carea' id='block_1_65' title="bbox 781 3404 2369 3479">
    <p class='ocr_par' dir='ltr' id='par_1_65' title="bbox 781 3404 2369 3479">
     <span class='ocr_line' id='line_1_65' title="bbox 781 3404 2369 3479; baseline -0.001 -16"><span class='ocrx_word' id='word_1_420' title='bbox 781 3424 961 3479; x_wconf 87' lang='lat' dir='ltr'><strong>usque</strong></span> <span class='ocrx_word' id='word_1_421' title='bbox 999 3409 1066 3463; x_wconf 89' lang='lat' dir='ltr'><strong>ad</strong></span> <span class='ocrx_word' id='word_1_422' title='bbox 1101 3407 1303 3463; x_wconf 87' lang='lat' dir='ltr'><strong>Forum</strong></span> <span class='ocrx_word' id='word_1_423' title='bbox 1335 3406 1703 3462; x_wconf 88' lang='lat' dir='ltr'><strong>incenderunt</strong></span> <span class='ocrx_word' id='word_1_424' title='bbox 1737 3424 1750 3462; x_wconf 89' lang='lat'><strong>:</strong></span> <span class='ocrx_word' id='word_1_425' title='bbox 1782 3404 2155 3462; x_wconf 70' lang='lat' dir='ltr'><strong>Iustinianum</strong></span> <span class='ocrx_word' id='word_1_426' title='bbox 2198 3407 2369 3477; x_wconf 86' lang='lat' dir='ltr'><strong>impe—</strong></span> 
     </span>
    </p>
   </div>
   <div class='ocr_carea' id='block_1_66' title="bbox 780 3496 2368 3567">
    <p class='ocr_par' dir='ltr' id='par_1_66' title="bbox 780 3496 2368 3567">
     <span class='ocr_line' id='line_1_66' title="bbox 780 3496 2368 3567; baseline -0.002 -11"><span class='ocrx_word' id='word_1_427' title='bbox 780 3511 1024 3556; x_wconf 89' lang='lat' dir='ltr'><strong>ratorem</strong></span> <span class='ocrx_word' id='word_1_428' title='bbox 1085 3498 1436 3555; x_wconf 86' lang='lat' dir='ltr'><strong>contumeliis</strong></span> <span class='ocrx_word' id='word_1_429' title='bbox 1496 3497 1819 3560; x_wconf 72' lang='lat' dir='ltr'><strong>aﬂecerunt,</strong></span> <span class='ocrx_word' id='word_1_430' title='bbox 1873 3496 2164 3567; x_wconf 86' lang='lat' dir='ltr'><strong>Hypatium</strong></span> <span class='ocrx_word' id='word_1_431' title='bbox 2241 3512 2368 3553; x_wconf 90' lang='lat' dir='ltr'><strong>vero</strong></span> 
     </span>
    </p>
   </div>
   <div class='ocr_carea' id='block_1_67' title="bbox 787 3591 2366 3664">
    <p class='ocr_par' dir='ltr' id='par_1_67' title="bbox 787 3591 2366 3664">
     <span class='ocr_line' id='line_1_67' title="bbox 787 3591 2366 3664; baseline -0.001 -18"><span class='ocrx_word' id='word_1_432' title='bbox 787 3592 1087 3664; x_wconf 85' lang='lat' dir='ltr'><strong>patricium</strong></span> <span class='ocrx_word' id='word_1_433' title='bbox 1135 3592 1567 3661; x_wconf 89' lang='lat' dir='ltr'><strong>proclamarunt,</strong></span> <span class='ocrx_word' id='word_1_434' title='bbox 1600 3604 1725 3643; x_wconf 87' lang='lat' dir='ltr'><strong>cum</strong></span> <span class='ocrx_word' id='word_1_435' title='bbox 1751 3599 2114 3644; x_wconf 88' lang='lat' dir='ltr'><strong>coronassent</strong></span> <span class='ocrx_word' id='word_1_436' title='bbox 2152 3605 2276 3645; x_wconf 90' lang='lat' dir='ltr'><strong>eum</strong></span> <span class='ocrx_word' id='word_1_437' title='bbox 2314 3591 2366 3645; x_wconf 91' lang='lat' dir='ltr'><strong>in</strong></span> 
     </span>
    </p>
   </div>
   <div class='ocr_carea' id='block_1_68' title="bbox 783 3680 2367 3753">
    <p class='ocr_par' dir='ltr' id='par_1_68' title="bbox 783 3680 2367 3753">
     <span class='ocr_line' id='line_1_68' title="bbox 783 3680 2367 3753; baseline -0.003 -12"><span class='ocrx_word' id='word_1_438' title='bbox 783 3685 925 3741; x_wconf 91' lang='lat' dir='ltr'><strong>solio</strong></span> <span class='ocrx_word' id='word_1_439' title='bbox 952 3682 1301 3753; x_wconf 89' lang='lat' dir='ltr'><strong>imperatoris</strong></span> <span class='ocrx_word' id='word_1_440' title='bbox 1327 3682 1382 3736; x_wconf 89' lang='lat' dir='ltr'><strong>in</strong></span> <span class='ocrx_word' id='word_1_441' title='bbox 1413 3680 1793 3750; x_wconf 84' lang='lat' dir='ltr'><strong>Hippodromo</strong></span> <span class='ocrx_word' id='word_1_442' title='bbox 1828 3696 1841 3735; x_wconf 91' lang='lat'><strong>:</strong></span> <span class='ocrx_word' id='word_1_443' title='bbox 1894 3681 1989 3750; x_wconf 91' lang='lat' dir='ltr'><strong>qui</strong></span> <span class='ocrx_word' id='word_1_444' title='bbox 2036 3683 2306 3739; x_wconf 90' lang='lat' dir='ltr'><strong>tumultus</strong></span> <span class='ocrx_word' id='word_1_445' title='bbox 2336 3698 2367 3737; x_wconf 90' lang='lat' dir='ltr'><strong>a</strong></span> 
     </span>
    </p>
   </div>
   <div class='ocr_carea' id='block_1_69' title="bbox 782 3773 2367 3843">
    <p class='ocr_par' dir='ltr' id='par_1_69' title="bbox 782 3773 2367 3843">
     <span class='ocr_line' id='line_1_69' title="bbox 782 3773 2367 3843; baseline -0.002 -10"><span class='ocrx_word' id='word_1_446' title='bbox 782 3776 1075 3843; x_wconf 84' lang='lat' dir='ltr'><strong>Belisario,</strong></span> <span class='ocrx_word' id='word_1_447' title='bbox 1125 3775 1334 3831; x_wconf 79' lang='lat' dir='ltr'><strong>Mundo</strong></span> <span class='ocrx_word' id='word_1_448' title='bbox 1377 3782 1431 3829; x_wconf 89' lang='lat' dir='ltr'><strong>et</strong></span> <span class='ocrx_word' id='word_1_449' title='bbox 1485 3773 1717 3828; x_wconf 84' lang='lat' dir='ltr'><strong>Narsete</strong></span> <span class='ocrx_word' id='word_1_450' title='bbox 1770 3773 1994 3828; x_wconf 87' lang='lat' dir='ltr'><strong>sedatus</strong></span> <span class='ocrx_word' id='word_1_451' title='bbox 2042 3783 2148 3838; x_wconf 89' lang='lat' dir='ltr'><strong>est,</strong></span> <span class='ocrx_word' id='word_1_452' title='bbox 2209 3776 2367 3830; x_wconf 67' lang='lat' dir='ltr'><strong>caesis</strong></span> 
     </span>
    </p>
   </div>
   <div class='ocr_carea' id='block_1_70' title="bbox 781 3864 2363 3941">
    <p class='ocr_par' dir='ltr' id='par_1_70' title="bbox 781 3864 2363 3941">
     <span class='ocr_line' id='line_1_70' title="bbox 781 3864 2363 3941; baseline -0.002 -17"><span class='ocrx_word' id='word_1_453' title='bbox 781 3870 1025 3925; x_wconf 84' lang='lat' dir='ltr'><strong>millibus</strong></span> <span class='ocrx_word' id='word_1_454' title='bbox 1057 3870 1283 3941; x_wconf 77' lang='lat' dir='ltr'><strong>triginta</strong></span> <span class='ocrx_word' id='word_1_455' title='bbox 1318 3868 1567 3937; x_wconf 89' lang='lat' dir='ltr'><strong>quinque</strong></span> <span class='ocrx_word' id='word_1_456' title='bbox 1617 3865 1674 3920; x_wconf 93' lang='lat' dir='ltr'><strong>in</strong></span> <span class='ocrx_word' id='word_1_457' title='bbox 1714 3864 2109 3935; x_wconf 83' lang='lat' dir='ltr'><strong>llippodromo,</strong></span> <span class='ocrx_word' id='word_1_458' title='bbox 2142 3874 2197 3921; x_wconf 92' lang='lat' dir='ltr'><strong>et</strong></span> <span class='ocrx_word' id='word_1_459' title='bbox 2240 3881 2363 3921; x_wconf 90' lang='lat' dir='ltr'><strong>cum</strong></span> 
     </span>
    </p>
   </div>
   <div class='ocr_carea' id='block_1_71' title="bbox 780 3962 1132 4034">
    <p class='ocr_par' dir='ltr' id='par_1_71' title="bbox 780 3962 1132 4034">
     <span class='ocr_line' id='line_1_71' title="bbox 780 3962 1132 4034; baseline 0.009 -16"><span class='ocrx_word' id='word_1_460' title='bbox 780 3965 851 4020; x_wconf 88' lang='lat' dir='ltr'><strong>iis</strong></span> <span class='ocrx_word' id='word_1_461' title='bbox 878 3962 1132 4034; x_wconf 84' lang='lat' dir='ltr'><strong>Hypatio.</strong></span> 
     </span>
    </p>
   </div>
   <div class='ocr_carea' id='block_1_72' title="bbox 841 4049 2367 4123">
    <p class='ocr_par' dir='ltr' id='par_1_72' title="bbox 841 4049 2367 4123">
     <span class='ocr_line' id='line_1_72' title="bbox 841 4049 2367 4123; baseline -0.001 -16"><span class='ocrx_word' id='word_1_462' title='bbox 841 4053 1091 4123; x_wconf 68' lang='lat' dir='ltr'><strong>Magnam</strong></span> <span class='ocrx_word' id='word_1_463' title='bbox 1126 4069 1255 4110; x_wconf 83' lang='lat' dir='ltr'><strong>vero</strong></span> <span class='ocrx_word' id='word_1_464' title='bbox 1302 4052 1399 4110; x_wconf 88' lang='lat' dir='ltr'><strong>Dei</strong></span> <span class='ocrx_word' id='word_1_465' title='bbox 1436 4052 1732 4110; x_wconf 88' lang='lat' dir='ltr'><strong>ecclesiam</strong></span> <span class='ocrx_word' id='word_1_466' title='bbox 1771 4049 2129 4107; x_wconf 78' lang='lat' dir='ltr'><strong>Justinianus</strong></span> <span class='ocrx_word' id='word_1_467' title='bbox 2158 4058 2367 4108; x_wconf 90' lang='lat' dir='ltr'><strong>restau-</strong></span> 
     </span>
    </p>
   </div>
   <div class='ocr_carea' id='block_1_73' title="bbox 778 4146 2365 4217">
    <p class='ocr_par' dir='ltr' id='par_1_73' title="bbox 778 4146 2365 4217">
     <span class='ocr_line' id='line_1_73' title="bbox 778 4146 2365 4217; baseline -0.001 -19"><span class='ocrx_word' id='word_1_468' title='bbox 778 4147 942 4210; x_wconf 90' lang='lat' dir='ltr'><strong>ravit,</strong></span> <span class='ocrx_word' id='word_1_469' title='bbox 995 4155 1050 4201; x_wconf 91' lang='lat' dir='ltr'><strong>et</strong></span> <span class='ocrx_word' id='word_1_470' title='bbox 1106 4147 1269 4217; x_wconf 81' lang='lat' dir='ltr'><strong>longe</strong></span> <span class='ocrx_word' id='word_1_471' title='bbox 1328 4147 1594 4217; x_wconf 87' lang='lat' dir='ltr'><strong>majorem</strong></span> <span class='ocrx_word' id='word_1_472' title='bbox 1662 4146 2142 4217; x_wconf 88' lang='lat' dir='ltr'><strong>pulchrioremque</strong></span> <span class='ocrx_word' id='word_1_473' title='bbox 2199 4157 2365 4213; x_wconf 90' lang='lat' dir='ltr'><strong>quam</strong></span> 
     </span>
    </p>
   </div>
   <div class='ocr_carea' id='block_1_74' title="bbox 779 4232 2367 4305">
    <p class='ocr_par' dir='ltr' id='par_1_74' title="bbox 779 4232 2367 4305">
     <span class='ocr_line' id='line_1_74' title="bbox 779 4232 2367 4305; baseline -0.001 -18"><span class='ocrx_word' id='word_1_474' title='bbox 779 4243 942 4290; x_wconf 88' lang='lat' dir='ltr'><strong>antea</strong></span> <span class='ocrx_word' id='word_1_475' title='bbox 992 4234 1191 4301; x_wconf 84' lang='lat' dir='ltr'><strong>fuerat,</strong></span> <span class='ocrx_word' id='word_1_476' title='bbox 1226 4236 1499 4303; x_wconf 89' lang='lat' dir='ltr'><strong>reddidit;</strong></span> <span class='ocrx_word' id='word_1_477' title='bbox 1545 4235 1861 4305; x_wconf 87' lang='lat' dir='ltr'><strong>ettroparia</strong></span> <span class='ocrx_word' id='word_1_478' title='bbox 1892 4234 2007 4289; x_wconf 86' lang='lat' dir='ltr'><strong>sive</strong></span> <span class='ocrx_word' id='word_1_479' title='bbox 2062 4232 2367 4287; x_wconf 87' lang='lat' dir='ltr'><strong>versiculos</strong></span> 
     </span>
    </p>
   </div>
   <div class='ocr_carea' id='block_1_75' title="bbox 784 4322 2365 4396">
    <p class='ocr_par' dir='ltr' id='par_1_75' title="bbox 784 4322 2365 4396">
     <span class='ocr_line' id='line_1_75' title="bbox 784 4322 2365 4396; baseline -0.003 -18"><span class='ocrx_word' id='word_1_480' title='bbox 784 4327 885 4380; x_wconf 91' lang='lat' dir='ltr'><strong>bos</strong></span> <span class='ocrx_word' id='word_1_481' title='bbox 941 4325 1138 4388; x_wconf 90' lang='lat' dir='ltr'><strong>edidit,</strong></span> <span class='ocrx_word' id='word_1_482' title='bbox 1187 4328 1283 4396; x_wconf 91' lang='lat' dir='ltr'><strong>qui</strong></span> <span class='ocrx_word' id='word_1_483' title='bbox 1355 4326 1410 4381; x_wconf 92' lang='lat' dir='ltr'><strong>in</strong></span> <span class='ocrx_word' id='word_1_484' title='bbox 1457 4342 1522 4381; x_wconf 88' lang='lat' dir='ltr'><strong>ea</strong></span> <span class='ocrx_word' id='word_1_485' title='bbox 1588 4327 1997 4396; x_wconf 79' lang='lat' dir='ltr'><strong>psallerentur:</strong></span> <span class='ocrx_word' id='word_1_486' title='bbox 2057 4322 2365 4392; x_wconf 76' lang='lat' dir='ltr'><strong>Um&#39;genitus</strong></span> 
     </span>
    </p>
   </div>
   <div class='ocr_carea' id='block_1_76' title="bbox 781 4412 2365 4485">
    <p class='ocr_par' dir='ltr' id='par_1_76' title="bbox 781 4412 2365 4485">
     <span class='ocr_line' id='line_1_76' title="bbox 781 4412 2365 4485; baseline -0.002 -19"><span class='ocrx_word' id='word_1_487' title='bbox 781 4412 959 4467; x_wconf 79' lang='lat' dir='ltr'><strong>Filius</strong></span> <span class='ocrx_word' id='word_1_488' title='bbox 986 4424 1034 4469; x_wconf 78' lang='lat' dir='ltr'><strong>et</strong></span> <span class='ocrx_word' id='word_1_489' title='bbox 1067 4414 1291 4469; x_wconf 79' lang='lat' dir='ltr'><strong>Verbum</strong></span> <span class='ocrx_word' id='word_1_490' title='bbox 1328 4415 1446 4478; x_wconf 76' lang='lat' dir='ltr'><strong>Dei,</strong></span> <span class='ocrx_word' id='word_1_491' title='bbox 1482 4416 1569 4485; x_wconf 82' lang='lat' dir='ltr'><strong>qui</strong></span> <span class='ocrx_word' id='word_1_492' title='bbox 1596 4424 1809 4484; x_wconf 83' lang='lat' dir='ltr'><strong>propter</strong></span> <span class='ocrx_word' id='word_1_493' title='bbox 1843 4416 2070 4468; x_wconf 82' lang='lat' dir='ltr'><strong>salutem</strong></span> <span class='ocrx_word' id='word_1_494' title='bbox 2124 4422 2365 4466; x_wconf 76' lang='lat' dir='ltr'><strong>nostram</strong></span> 
     </span>
    </p>
   </div>
   <div class='ocr_carea' id='block_1_77' title="bbox 2471 3217 4048 3296">
    <p class='ocr_par' dir='ltr' id='par_1_77' title="bbox 2471 3217 4048 3296">
     <span class='ocr_line' id='line_1_77' title="bbox 2471 3217 4048 3296; baseline 0.006 -30"><span class='ocrx_word' id='word_1_495' title='bbox 2471 3232 2681 3283; x_wconf 90' lang='grc' dir='ltr'>στεγον,</span> <span class='ocrx_word' id='word_1_496' title='bbox 2715 3217 2816 3286; x_wconf 83' lang='grc' dir='ltr'><strong>τὴν</strong></span> <span class='ocrx_word' id='word_1_497' title='bbox 2837 3217 3024 3270; x_wconf 81' lang='grc' dir='ltr'>ἐκτοτε</span> <span class='ocrx_word' id='word_1_498' title='bbox 3056 3219 3150 3271; x_wconf 77' lang='grc' dir='ltr'>καὶ</span> <span class='ocrx_word' id='word_1_499' title='bbox 3176 3219 3271 3272; x_wconf 83' lang='grc' dir='ltr'>νῦν</span> <span class='ocrx_word' id='word_1_500' title='bbox 3293 3221 3517 3291; x_wconf 81' lang='grc' dir='ltr'>Χαλκῆν</span> <span class='ocrx_word' id='word_1_501' title='bbox 3548 3225 4048 3296; x_wconf 79' lang='grc' dir='ltr'>ἐπονομαζομένην,</span> 
     </span>
    </p>
   </div>
   <div class='ocr_carea' id='block_1_78' title="bbox 2466 3308 4053 3385">
    <p class='ocr_par' dir='ltr' id='par_1_78' title="bbox 2466 3308 4053 3385">
     <span class='ocr_line' id='line_1_78' title="bbox 2466 3308 4053 3385; baseline 0.007 -25"><span class='ocrx_word' id='word_1_502' title='bbox 2466 3308 2552 3361; x_wconf 81' lang='grc' dir='ltr'><strong>διὰ</strong></span> <span class='ocrx_word' id='word_1_503' title='bbox 2584 3309 2643 3360; x_wconf 73' lang='grc' dir='ltr'>τὸ</span> <span class='ocrx_word' id='word_1_504' title='bbox 2681 3313 2746 3360; x_wconf 87' lang='grc' dir='ltr'><strong>ἐκ</strong></span> <span class='ocrx_word' id='word_1_505' title='bbox 2778 3308 2997 3378; x_wconf 84' lang='grc' dir='ltr'>χαλκῶν</span> <span class='ocrx_word' id='word_1_506' title='bbox 3036 3312 3298 3380; x_wconf 82' lang='grc' dir='ltr'>κεράμων</span> <span class='ocrx_word' id='word_1_507' title='bbox 3336 3317 3771 3385; x_wconf 83' lang='grc' dir='ltr'>κεχρυσωμένων</span> <span class='ocrx_word' id='word_1_508' title='bbox 3820 3319 4053 3380; x_wconf 79' lang='grc' dir='ltr'>ἐστεγά-</span> 
     </span>
    </p>
   </div>
   <div class='ocr_carea' id='block_1_79' title="bbox 2471 3401 4051 3479">
    <p class='ocr_par' dir='ltr' id='par_1_79' title="bbox 2471 3401 4051 3479">
     <span class='ocr_line' id='line_1_79' title="bbox 2471 3401 4051 3479; baseline 0.008 -26"><span class='ocrx_word' id='word_1_509' title='bbox 2471 3401 2595 3454; x_wconf 89' lang='grc' dir='ltr'>σθαι</span> <span class='ocrx_word' id='word_1_510' title='bbox 2627 3404 2795 3470; x_wconf 72' lang='grc' dir='ltr'>αὐτὴν</span> <span class='ocrx_word' id='word_1_511' title='bbox 2815 3417 2828 3430; x_wconf 87' lang='grc'>·</span> <span class='ocrx_word' id='word_1_512' title='bbox 2859 3402 3105 3466; x_wconf 74' lang='grc' dir='ltr'>καὶτοὺς</span> <span class='ocrx_word' id='word_1_513' title='bbox 3144 3403 3237 3456; x_wconf 83' lang='grc' dir='ltr'>δύο</span> <span class='ocrx_word' id='word_1_514' title='bbox 3263 3405 3528 3473; x_wconf 79' lang='grc' dir='ltr'>ἐμσόλους</span> <span class='ocrx_word' id='word_1_515' title='bbox 3568 3410 3729 3479; x_wconf 86' lang='grc' dir='ltr'>μέχρι</span> <span class='ocrx_word' id='word_1_516' title='bbox 3751 3408 3845 3461; x_wconf 83' lang='grc' dir='ltr'>τοῦ</span> <span class='ocrx_word' id='word_1_517' title='bbox 3883 3412 4051 3479; x_wconf 72' lang='grc' dir='ltr'>φόρου</span> 
     </span>
    </p>
   </div>
   <div class='ocr_carea' id='block_1_80' title="bbox 2470 3494 4051 3570">
    <p class='ocr_par' dir='ltr' id='par_1_80' title="bbox 2470 3494 4051 3570">
     <span class='ocr_line' id='line_1_80' title="bbox 2470 3494 4051 3570; baseline 0.006 -25"><span class='ocrx_word' id='word_1_518' title='bbox 2470 3494 2842 3559; x_wconf 83' lang='grc' dir='ltr'>κατέκαυσαν,</span> <span class='ocrx_word' id='word_1_519' title='bbox 2890 3498 2985 3547; x_wconf 77' lang='grc' dir='ltr'>καὶ</span> <span class='ocrx_word' id='word_1_520' title='bbox 3029 3496 3403 3552; x_wconf 86' lang='grc' dir='ltr'>Ἰουστινιανδν</span> <span class='ocrx_word' id='word_1_521' title='bbox 3450 3497 3679 3566; x_wconf 82' lang='grc' dir='ltr'>βασιλέα</span> <span class='ocrx_word' id='word_1_522' title='bbox 3727 3500 4051 3570; x_wconf 62' lang='grc' dir='ltr'>ἐφύϐρισεν.</span> 
     </span>
    </p>
   </div>
   <div class='ocr_carea' id='block_1_81' title="bbox 2480 3585 4052 3663">
    <p class='ocr_par' dir='ltr' id='par_1_81' title="bbox 2480 3585 4052 3663">
     <span class='ocr_line' id='line_1_81' title="bbox 2480 3585 4052 3663; baseline 0.004 -23"><span class='ocrx_word' id='word_1_523' title='bbox 2480 3585 2739 3640; x_wconf 83' lang='grc' dir='ltr'>’Υπὰτιον</span> <span class='ocrx_word' id='word_1_524' title='bbox 2766 3586 2824 3640; x_wconf 87' lang='grc' dir='ltr'><strong>δὲ</strong></span> <span class='ocrx_word' id='word_1_525' title='bbox 2856 3588 3145 3655; x_wconf 88' lang='grc' dir='ltr'>πατρίκιον</span> <span class='ocrx_word' id='word_1_526' title='bbox 3170 3589 3498 3659; x_wconf 77' lang='grc' dir='ltr'>εὐφήμησαν</span> <span class='ocrx_word' id='word_1_527' title='bbox 3545 3592 3603 3643; x_wconf 89' lang='grc' dir='ltr'><strong>ἐν</strong></span> <span class='ocrx_word' id='word_1_528' title='bbox 3643 3590 3721 3661; x_wconf 82' lang='grc' dir='ltr'>τῷ</span> <span class='ocrx_word' id='word_1_529' title='bbox 3753 3592 4052 3663; x_wconf 81' lang='grc' dir='ltr'>καθίσματι</span> 
     </span>
    </p>
   </div>
   <div class='ocr_carea' id='block_1_82' title="bbox 2471 3680 4049 3751">
    <p class='ocr_par' dir='ltr' id='par_1_82' title="bbox 2471 3680 4049 3751">
     <span class='ocr_line' id='line_1_82' title="bbox 2471 3680 4049 3751; baseline 0.004 -19"><span class='ocrx_word' id='word_1_530' title='bbox 2471 3680 2759 3749; x_wconf 80' lang='grc' dir='ltr'>στέψαντες</span> <span class='ocrx_word' id='word_1_531' title='bbox 2775 3697 2789 3711; x_wconf 84' lang='grc'><strong>·</strong></span> <span class='ocrx_word' id='word_1_532' title='bbox 2808 3681 2929 3751; x_wconf 77' lang='grc' dir='ltr'>ἥτις</span> <span class='ocrx_word' id='word_1_533' title='bbox 2951 3680 3163 3751; x_wconf 85' lang='grc' dir='ltr'>ἐπαύθη</span> <span class='ocrx_word' id='word_1_534' title='bbox 3190 3681 3279 3734; x_wconf 72' lang='grc' dir='ltr'><strong>διὰ</strong></span> <span class='ocrx_word' id='word_1_535' title='bbox 3296 3683 3636 3751; x_wconf 76' lang='grc' dir='ltr'>Βελισαρίου,</span> <span class='ocrx_word' id='word_1_536' title='bbox 3667 3686 3761 3735; x_wconf 74' lang='grc' dir='ltr'><strong>καὶ</strong></span> <span class='ocrx_word' id='word_1_537' title='bbox 3783 3685 4049 3749; x_wconf 74' lang='grc' dir='ltr'>Μούνδου,</span> 
     </span>
    </p>
   </div>
   <div class='ocr_carea' id='block_1_83' title="bbox 2469 3773 4053 3845">
    <p class='ocr_par' dir='ltr' id='par_1_83' title="bbox 2469 3773 4053 3845">
     <span class='ocr_line' id='line_1_83' title="bbox 2469 3773 4053 3845; baseline 0.003 -21"><span class='ocrx_word' id='word_1_538' title='bbox 2469 3774 2564 3825; x_wconf 76' lang='grc' dir='ltr'><strong>καὶ</strong></span> <span class='ocrx_word' id='word_1_539' title='bbox 2587 3773 2805 3845; x_wconf 85' lang='grc' dir='ltr'>Ναρσῆ,</span> <span class='ocrx_word' id='word_1_540' title='bbox 2833 3774 3131 3827; x_wconf 82' lang='grc' dir='ltr'>ἀνελόντων</span> <span class='ocrx_word' id='word_1_541' title='bbox 3157 3774 3402 3843; x_wconf 73' lang='grc' dir='ltr'>χιλιάδας</span> <span class='ocrx_word' id='word_1_542' title='bbox 3431 3773 3528 3839; x_wconf 88' lang='grc' dir='ltr'>λε’,</span> <span class='ocrx_word' id='word_1_543' title='bbox 3555 3777 3650 3827; x_wconf 83' lang='grc' dir='ltr'><strong>καὶ</strong></span> <span class='ocrx_word' id='word_1_544' title='bbox 3681 3776 3843 3829; x_wconf 83' lang='grc' dir='ltr'>αὑτὸν</span> <span class='ocrx_word' id='word_1_545' title='bbox 3880 3777 4053 3829; x_wconf 75' lang='grc' dir='ltr'><strong>Ὑπά-</strong></span> 
     </span>
    </p>
   </div>
   <div class='ocr_carea' id='block_1_84' title="bbox 2468 3864 3207 3936">
    <p class='ocr_par' dir='ltr' id='par_1_84' title="bbox 2468 3864 3207 3936">
     <span class='ocr_line' id='line_1_84' title="bbox 2468 3864 3207 3936; baseline 0.003 -19"><span class='ocrx_word' id='word_1_546' title='bbox 2468 3881 2583 3918; x_wconf 88' lang='grc' dir='ltr'>τιον</span> <span class='ocrx_word' id='word_1_547' title='bbox 2606 3866 2666 3917; x_wconf 83' lang='grc' dir='ltr'><strong>ἐν</strong></span> <span class='ocrx_word' id='word_1_548' title='bbox 2697 3865 2774 3935; x_wconf 82' lang='grc' dir='ltr'><strong>τῷ</strong></span> <span class='ocrx_word' id='word_1_549' title='bbox 2820 3864 3207 3936; x_wconf 84' lang='grc' dir='ltr'>Ἱπποδρομίῳ.</span> 
     </span>
    </p>
   </div>
   <div class='ocr_carea' id='block_1_85' title="bbox 2554 4042 4054 4116">
    <p class='ocr_par' dir='ltr' id='par_1_85' title="bbox 2554 4042 4054 4116">
     <span class='ocr_line' id='line_1_85' title="bbox 2554 4042 4054 4116; baseline 0.004 -21"><span class='ocrx_word' id='word_1_550' title='bbox 2554 4042 2891 4097; x_wconf 83' lang='grc' dir='ltr'>Ἀνεκαίνισε</span> <span class='ocrx_word' id='word_1_551' title='bbox 2923 4043 2981 4097; x_wconf 87' lang='grc' dir='ltr'><strong>δέ</strong></span> <span class='ocrx_word' id='word_1_552' title='bbox 3023 4043 3400 4106; x_wconf 83' lang='grc' dir='ltr'>’ἰουστινιανδς</span> <span class='ocrx_word' id='word_1_553' title='bbox 3435 4045 3533 4114; x_wconf 82' lang='grc' dir='ltr'>τὴν</span> <span class='ocrx_word' id='word_1_554' title='bbox 3561 4045 3656 4099; x_wconf 83' lang='grc' dir='ltr'>τοῦ</span> <span class='ocrx_word' id='word_1_555' title='bbox 3698 4046 3836 4101; x_wconf 80' lang='grc' dir='ltr'>Θεοῦ</span> <span class='ocrx_word' id='word_1_556' title='bbox 3871 4047 4054 4116; x_wconf 78' lang='grc' dir='ltr'><strong>Μεγά-</strong></span> 
     </span>
    </p>
   </div>
   <div class='ocr_carea' id='block_1_86' title="bbox 2468 4135 4053 4209">
    <p class='ocr_par' dir='ltr' id='par_1_86' title="bbox 2468 4135 4053 4209">
     <span class='ocr_line' id='line_1_86' title="bbox 2468 4135 4053 4209; baseline 0.003 -20"><span class='ocrx_word' id='word_1_557' title='bbox 2468 4137 2567 4207; x_wconf 90' lang='grc' dir='ltr'><strong>λην</strong></span> <span class='ocrx_word' id='word_1_558' title='bbox 2594 4135 2894 4206; x_wconf 79' lang='grc' dir='ltr'>ἐκκλησίαν</span> <span class='ocrx_word' id='word_1_559' title='bbox 2927 4137 3006 4198; x_wconf 88' lang='grc' dir='ltr'><strong>είς</strong></span> <span class='ocrx_word' id='word_1_560' title='bbox 3042 4135 3240 4196; x_wconf 83' lang='grc' dir='ltr'>κάλλος</span> <span class='ocrx_word' id='word_1_561' title='bbox 3278 4137 3371 4187; x_wconf 74' lang='grc' dir='ltr'>καὶ</span> <span class='ocrx_word' id='word_1_562' title='bbox 3402 4135 3631 4205; x_wconf 83' lang='grc' dir='ltr'>μέγεθος</span> <span class='ocrx_word' id='word_1_563' title='bbox 3660 4139 3798 4209; x_wconf 83' lang='grc' dir='ltr'>ὑπὲρ</span> <span class='ocrx_word' id='word_1_564' title='bbox 3827 4140 3887 4192; x_wconf 80' lang='grc' dir='ltr'>τὸ</span> <span class='ocrx_word' id='word_1_565' title='bbox 3917 4142 4053 4209; x_wconf 77' lang='grc' dir='ltr'>ττρό-</span> 
     </span>
    </p>
   </div>
   <div class='ocr_carea' id='block_1_87' title="bbox 2468 4227 4049 4300">
    <p class='ocr_par' dir='ltr' id='par_1_87' title="bbox 2468 4227 4049 4300">
     <span class='ocr_line' id='line_1_87' title="bbox 2468 4227 4049 4300; baseline 0.003 -20"><span class='ocrx_word' id='word_1_566' title='bbox 2468 4245 2646 4298; x_wconf 85' lang='grc' dir='ltr'>τερον,</span> <span class='ocrx_word' id='word_1_567' title='bbox 2689 4227 2963 4297; x_wconf 82' lang='grc' dir='ltr'>παραδοὺς</span> <span class='ocrx_word' id='word_1_568' title='bbox 2997 4229 3091 4280; x_wconf 76' lang='grc' dir='ltr'>καὶ</span> <span class='ocrx_word' id='word_1_569' title='bbox 3131 4227 3405 4297; x_wconf 84' lang='grc' dir='ltr'>τροπάρια</span> <span class='ocrx_word' id='word_1_570' title='bbox 3448 4230 3506 4280; x_wconf 88' lang='grc' dir='ltr'><strong>ἐν</strong></span> <span class='ocrx_word' id='word_1_571' title='bbox 3548 4230 3685 4300; x_wconf 76' lang='grc' dir='ltr'>αὐτῇ</span> <span class='ocrx_word' id='word_1_572' title='bbox 3726 4231 4049 4299; x_wconf 69' lang='grc' dir='ltr'>ψάλλεσθαι·</span> 
     </span>
    </p>
   </div>
   <div class='ocr_carea' id='block_1_88' title="bbox 2479 4318 4048 4388">
    <p class='ocr_par' dir='ltr' id='par_1_88' title="bbox 2479 4318 4048 4388">
     <span class='ocr_line' id='line_1_88' title="bbox 2479 4318 4048 4388; baseline 0.003 -17"><span class='ocrx_word' id='word_1_573' title='bbox 2479 4319 2544 4371; x_wconf 87' lang='lat'><strong>&#39;0</strong></span> <span class='ocrx_word' id='word_1_574' title='bbox 2586 4319 2916 4388; x_wconf 75' lang='grc' dir='ltr'>μονογενὴς</span> <span class='ocrx_word' id='word_1_575' title='bbox 2974 4318 3110 4384; x_wconf 85' lang='grc' dir='ltr'>Υίὸς</span> <span class='ocrx_word' id='word_1_576' title='bbox 3156 4318 3254 4370; x_wconf 73' lang='grc' dir='ltr'>καὶ</span> <span class='ocrx_word' id='word_1_577' title='bbox 3290 4319 3481 4387; x_wconf 78' lang='grc' dir='ltr'>Λόγος</span> <span class='ocrx_word' id='word_1_578' title='bbox 3510 4319 3618 4373; x_wconf 80' lang='grc' dir='ltr'>τοῦ</span> <span class='ocrx_word' id='word_1_579' title='bbox 3650 4321 3797 4375; x_wconf 76' lang='grc' dir='ltr'>Θεοῦ</span> <span class='ocrx_word' id='word_1_580' title='bbox 3824 4324 4048 4376; x_wconf 73' lang='grc' dir='ltr'>ἀθάνα-</span> 
     </span>
    </p>
   </div>
   <div class='ocr_carea' id='block_1_89' title="bbox 2468 4408 4050 4482">
    <p class='ocr_par' dir='ltr' id='par_1_89' title="bbox 2468 4408 4050 4482">
     <span class='ocr_line' id='line_1_89' title="bbox 2468 4408 4050 4482; baseline -0.001 -17"><span class='ocrx_word' id='word_1_581' title='bbox 2468 4428 2571 4476; x_wconf 82' lang='grc' dir='ltr'><strong>τος</strong></span> <span class='ocrx_word' id='word_1_582' title='bbox 2608 4410 2918 4478; x_wconf 73' lang='grc' dir='ltr'>ὑπάρχων,</span> <span class='ocrx_word' id='word_1_583' title='bbox 2953 4408 3051 4462; x_wconf 78' lang='grc' dir='ltr'>καὶ</span> <span class='ocrx_word' id='word_1_584' title='bbox 3101 4409 3580 4479; x_wconf 80' lang='grc' dir='ltr'>καταδεξάμενος</span> <span class='ocrx_word' id='word_1_585' title='bbox 3624 4411 3721 4466; x_wconf 80' lang='grc' dir='ltr'><strong>διὰ</strong></span> <span class='ocrx_word' id='word_1_586' title='bbox 3750 4414 3865 4480; x_wconf 78' lang='grc' dir='ltr'><strong>τὴν</strong></span> <span class='ocrx_word' id='word_1_587' title='bbox 3906 4415 4050 4482; x_wconf 71' lang='grc' dir='ltr'>ἠμε-</span> 
     </span>
    </p>
   </div>
   <div class='ocr_carea' id='block_1_90' title="bbox 779 4499 2526 4578">
    <p class='ocr_par' dir='ltr' id='par_1_90' title="bbox 779 4502 2526 4578">
     <span class='ocr_line' id='line_1_90' title="bbox 779 4502 2526 4578; baseline 0.005 -20"><span class='ocrx_word' id='word_1_588' title='bbox 779 4507 1056 4560; x_wconf 83' lang='lat' dir='ltr'><strong>incarnari</strong></span> <span class='ocrx_word' id='word_1_589' title='bbox 1088 4508 1277 4562; x_wconf 76' lang='lat' dir='ltr'><strong>voluit.</strong></span> <span class='ocrx_word' id='word_1_590' title='bbox 1315 4506 1630 4572; x_wconf 86' lang='lat' dir='ltr'><strong>Quinetiam</strong></span> <span class='ocrx_word' id='word_1_591' title='bbox 1655 4507 1977 4578; x_wconf 84' lang='lat' dir='ltr'><strong>Hypapante</strong></span> <span class='ocrx_word' id='word_1_592' title='bbox 2004 4507 2116 4561; x_wconf 86' lang='lat' dir='ltr'><strong>sive</strong></span> <span class='ocrx_word' id='word_1_593' title='bbox 2151 4508 2362 4561; x_wconf 82' lang='lat' dir='ltr'><strong>Occur-</strong></span> <span class='ocrx_word' id='word_1_594' title='bbox 2397 4511 2439 4566; x_wconf 91' lang='lat' dir='ltr'><strong>D</strong></span> <span class='ocrx_word' id='word_1_595' title='bbox 2468 4502 2526 4555; x_wconf 83' lang='grc' dir='ltr'>τέ</span> 
     </span>
    </p>
   </div>
   <div class='ocr_carea' id='block_1_91' title="bbox 2303 4499 4050 4578">
    <p class='ocr_par' dir='ltr' id='par_1_91' title="bbox 2306 4499 4050 4569">
     <span class='ocr_line' id='line_1_91' title="bbox 2306 4499 4050 4569; baseline 0.004 -16"><span class='ocrx_word' id='word_1_596' title='bbox 2306 4521 2362 4558; x_wconf 86' lang='lat' dir='ltr'><strong>r-</strong></span> <span class='ocrx_word' id='word_1_597' title='bbox 2397 4511 2439 4566; x_wconf 77' lang='grc' dir='ltr'><strong>Ι)</strong></span> <span class='ocrx_word' id='word_1_598' title='bbox 2468 4502 2646 4569; x_wconf 82' lang='grc' dir='ltr'>τέραν</span> <span class='ocrx_word' id='word_1_599' title='bbox 2690 4502 2994 4568; x_wconf 82' lang='grc' dir='ltr'>σωτηρίαν</span> <span class='ocrx_word' id='word_1_600' title='bbox 3052 4499 3454 4569; x_wconf 82' lang='grc' dir='ltr'>σαρκωθῆναι.</span> <span class='ocrx_word' id='word_1_601' title='bbox 3518 4503 3678 4557; x_wconf 74' lang='grc' dir='ltr'>Ἀλλὰ</span> <span class='ocrx_word' id='word_1_602' title='bbox 3735 4508 3829 4556; x_wconf 70' lang='grc' dir='ltr'>καὶ</span> <span class='ocrx_word' id='word_1_603' title='bbox 3879 4507 4050 4559; x_wconf 75' lang='grc' dir='ltr'>Ὑπα-</span> 
     </span>
    </p>
   </div>
   <div class='ocr_carea' id='block_1_92' title="bbox 782 4598 2361 4668">
    <p class='ocr_par' dir='ltr' id='par_1_92' title="bbox 782 4598 2361 4668">
     <span class='ocr_line' id='line_1_92' title="bbox 782 4598 2361 4668; baseline -0.003 -15"><span class='ocrx_word' id='word_1_604' title='bbox 782 4613 881 4653; x_wconf 89' lang='lat' dir='ltr'><strong>sus</strong></span> <span class='ocrx_word' id='word_1_605' title='bbox 903 4598 1125 4653; x_wconf 89' lang='lat' dir='ltr'><strong>Domini</strong></span> <span class='ocrx_word' id='word_1_606' title='bbox 1162 4599 1281 4654; x_wconf 87' lang='lat' dir='ltr'><strong>dies</strong></span> <span class='ocrx_word' id='word_1_607' title='bbox 1336 4599 1501 4663; x_wconf 82' lang='lat' dir='ltr'><strong>festa,</strong></span> <span class='ocrx_word' id='word_1_608' title='bbox 1530 4607 1661 4653; x_wconf 91' lang='lat' dir='ltr'><strong>tunc</strong></span> <span class='ocrx_word' id='word_1_609' title='bbox 1716 4600 1977 4655; x_wconf 86' lang='lat' dir='ltr'><strong>celebrari</strong></span> <span class='ocrx_word' id='word_1_610' title='bbox 2014 4608 2195 4668; x_wconf 70' lang='lat' dir='ltr'><strong>empta</strong></span> <span class='ocrx_word' id='word_1_611' title='bbox 2255 4606 2361 4661; x_wconf 91' lang='lat' dir='ltr'><strong>est,</strong></span> 
     </span>
    </p>
   </div>
   <div class='ocr_carea' id='block_1_93' title="bbox 780 4690 2362 4746">
    <p class='ocr_par' dir='ltr' id='par_1_93' title="bbox 780 4690 2362 4746">
     <span class='ocr_line' id='line_1_93' title="bbox 780 4690 2362 4746; baseline -0.003 -2"><span class='ocrx_word' id='word_1_612' title='bbox 780 4705 908 4744; x_wconf 88' lang='lat' dir='ltr'><strong>cum</strong></span> <span class='ocrx_word' id='word_1_613' title='bbox 949 4699 1109 4745; x_wconf 89' lang='lat' dir='ltr'><strong>antea</strong></span> <span class='ocrx_word' id='word_1_614' title='bbox 1160 4690 1465 4745; x_wconf 86' lang='lat' dir='ltr'><strong>Dominicis</strong></span> <span class='ocrx_word' id='word_1_615' title='bbox 1517 4690 1675 4746; x_wconf 80' lang='lat' dir='ltr'><strong>festis</strong></span> <span class='ocrx_word' id='word_1_616' title='bbox 1712 4706 1823 4745; x_wconf 89' lang='lat' dir='ltr'><strong>non</strong></span> <span class='ocrx_word' id='word_1_617' title='bbox 1887 4698 2362 4744; x_wconf 89' lang='lat' dir='ltr'><strong>annumeraretur.</strong></span> 
     </span>
    </p>
   </div>
   <div class='ocr_carea' id='block_1_94' title="bbox 784 4777 2362 4851">
    <p class='ocr_par' dir='ltr' id='par_1_94' title="bbox 784 4777 2362 4851">
     <span class='ocr_line' id='line_1_94' title="bbox 784 4777 2362 4851; baseline -0.001 -18"><span class='ocrx_word' id='word_1_618' title='bbox 784 4777 926 4845; x_wconf 87' lang='lat' dir='ltr'><strong>Quia</strong></span> <span class='ocrx_word' id='word_1_619' title='bbox 994 4794 1122 4834; x_wconf 87' lang='lat' dir='ltr'><strong>vero</strong></span> <span class='ocrx_word' id='word_1_620' title='bbox 1172 4779 1382 4851; x_wconf 66' lang='lat' dir='ltr'><strong>Magna:</strong></span> <span class='ocrx_word' id='word_1_621' title='bbox 1419 4780 1685 4837; x_wconf 67' lang='lat' dir='ltr'><strong>Ecclesiae</strong></span> <span class='ocrx_word' id='word_1_622' title='bbox 1740 4781 2077 4835; x_wconf 88' lang='lat' dir='ltr'><strong>mentionem</strong></span> <span class='ocrx_word' id='word_1_623' title='bbox 2112 4781 2362 4834; x_wconf 81' lang='lat' dir='ltr'><strong>iecimus:</strong></span> 
     </span>
    </p>
   </div>
   <div class='ocr_carea' id='block_1_95' title="bbox 782 4872 2367 4943">
    <p class='ocr_par' dir='ltr' id='par_1_95' title="bbox 782 4872 2367 4943">
     <span class='ocr_line' id='line_1_95' title="bbox 782 4872 2367 4943; baseline -0.001 -16"><span class='ocrx_word' id='word_1_624' title='bbox 782 4872 1058 4942; x_wconf 85' lang='lat' dir='ltr'><strong>quomodo</strong></span> <span class='ocrx_word' id='word_1_625' title='bbox 1084 4875 1153 4928; x_wconf 89' lang='lat' dir='ltr'><strong>ab</strong></span> <span class='ocrx_word' id='word_1_626' title='bbox 1174 4874 1332 4927; x_wconf 93' lang='lat' dir='ltr'><strong>initio</strong></span> <span class='ocrx_word' id='word_1_627' title='bbox 1366 4882 1574 4928; x_wconf 87' lang='lat' dir='ltr'><strong>structa</strong></span> <span class='ocrx_word' id='word_1_628' title='bbox 1600 4875 1695 4939; x_wconf 91' lang='lat' dir='ltr'><strong>sit,</strong></span> <span class='ocrx_word' id='word_1_629' title='bbox 1723 4883 1778 4929; x_wconf 89' lang='lat' dir='ltr'><strong>et</strong></span> <span class='ocrx_word' id='word_1_630' title='bbox 1814 4888 1843 4927; x_wconf 91' lang='lat' dir='ltr'><strong>a</strong></span> <span class='ocrx_word' id='word_1_631' title='bbox 1869 4887 2131 4943; x_wconf 89' lang='lat' dir='ltr'><strong>quonam,</strong></span> <span class='ocrx_word' id='word_1_632' title='bbox 2156 4872 2367 4943; x_wconf 83' lang='lat' dir='ltr'><strong>sigilla-</strong></span> 
     </span>
    </p>
   </div>
   <div class='ocr_carea' id='block_1_96' title="bbox 784 4966 1972 5024">
    <p class='ocr_par' dir='ltr' id='par_1_96' title="bbox 784 4966 1972 5024">
     <span class='ocr_line' id='line_1_96' title="bbox 784 4966 1972 5024; baseline 0.003 -4"><span class='ocrx_word' id='word_1_633' title='bbox 784 4966 882 5020; x_wconf 91' lang='lat' dir='ltr'><strong>tim</strong></span> <span class='ocrx_word' id='word_1_634' title='bbox 915 4968 1207 5023; x_wconf 87' lang='lat' dir='ltr'><strong>enarrabo.</strong></span> <span class='ocrx_word' id='word_1_635' title='bbox 1240 4966 1349 5023; x_wconf 74' lang='lat' dir='ltr'><strong>Hes</strong></span> <span class='ocrx_word' id='word_1_636' title='bbox 1387 4977 1571 5023; x_wconf 86' lang='lat' dir='ltr'><strong>autem</strong></span> <span class='ocrx_word' id='word_1_637' title='bbox 1606 4970 1681 5023; x_wconf 89' lang='lat' dir='ltr'><strong>ita</strong></span> <span class='ocrx_word' id='word_1_638' title='bbox 1714 4984 1774 5024; x_wconf 90' lang='lat' dir='ltr'><strong>se</strong></span> <span class='ocrx_word' id='word_1_639' title='bbox 1810 4969 1972 5023; x_wconf 83' lang='lat' dir='ltr'><strong>habet</strong></span> 
     </span>
    </p>
   </div>
   <div class='ocr_carea' id='block_1_97' title="bbox 2472 4592 4047 4669">
    <p class='ocr_par' dir='ltr' id='par_1_97' title="bbox 2472 4592 4047 4669">
     <span class='ocr_line' id='line_1_97' title="bbox 2472 4592 4047 4669; baseline 0.003 -23"><span class='ocrx_word' id='word_1_640' title='bbox 2472 4594 2647 4664; x_wconf 78' lang='grc' dir='ltr'>παντὴ</span> <span class='ocrx_word' id='word_1_641' title='bbox 2671 4593 2843 4665; x_wconf 76' lang='grc' dir='ltr'>ἀρχὴν</span> <span class='ocrx_word' id='word_1_642' title='bbox 2873 4592 3063 4645; x_wconf 75' lang='grc' dir='ltr'>ἔλαὸεν</span> <span class='ocrx_word' id='word_1_643' title='bbox 3083 4593 3456 4663; x_wconf 77' lang='grc' dir='ltr'>ἐορτάζεσθαι,</span> <span class='ocrx_word' id='word_1_644' title='bbox 3475 4593 3550 4664; x_wconf 81' lang='grc' dir='ltr'>μὴ</span> <span class='ocrx_word' id='word_1_645' title='bbox 3572 4595 4047 4669; x_wconf 76' lang='grc' dir='ltr'>συναριθμουμένη</span> 
     </span>
    </p>
   </div>
   <div class='ocr_carea' id='block_1_98' title="bbox 2469 4687 4049 4761">
    <p class='ocr_par' dir='ltr' id='par_1_98' title="bbox 2469 4687 4049 4761">
     <span class='ocr_line' id='line_1_98' title="bbox 2469 4687 4049 4761; baseline 0.002 -22"><span class='ocrx_word' id='word_1_646' title='bbox 2469 4689 2734 4759; x_wconf 80' lang='grc' dir='ltr'>πρότερον</span> <span class='ocrx_word' id='word_1_647' title='bbox 2784 4692 2905 4750; x_wconf 74' lang='grc' dir='ltr'>ταῖς</span> <span class='ocrx_word' id='word_1_648' title='bbox 2961 4690 3323 4749; x_wconf 84' lang='grc' dir='ltr'>Δεσποτικαῐς</span> <span class='ocrx_word' id='word_1_649' title='bbox 3381 4687 3615 4756; x_wconf 86' lang='grc' dir='ltr'>ἐορταῖς.</span> <span class='ocrx_word' id='word_1_650' title='bbox 3667 4690 3789 4742; x_wconf 81' lang='grc' dir='ltr'>’Ότι</span> <span class='ocrx_word' id='word_1_651' title='bbox 3841 4690 3897 4743; x_wconf 73' lang='grc' dir='ltr'><strong>δὲ</strong></span> <span class='ocrx_word' id='word_1_652' title='bbox 3951 4692 4049 4761; x_wconf 76' lang='grc' dir='ltr'>τῆς</span> 
     </span>
    </p>
   </div>
   <div class='ocr_carea' id='block_1_99' title="bbox 2466 4778 4047 4855">
    <p class='ocr_par' dir='ltr' id='par_1_99' title="bbox 2466 4778 4047 4855">
     <span class='ocr_line' id='line_1_99' title="bbox 2466 4778 4047 4855; baseline -0.006 -20"><span class='ocrx_word' id='word_1_653' title='bbox 2466 4781 2729 4849; x_wconf 81' lang='grc' dir='ltr'>Μεγάλης</span> <span class='ocrx_word' id='word_1_654' title='bbox 2772 4778 3071 4848; x_wconf 84' lang='grc' dir='ltr'>ἐκκλησίας</span> <span class='ocrx_word' id='word_1_655' title='bbox 3115 4778 3418 4848; x_wconf 82' lang='grc' dir='ltr'>ἐμνήσθην,</span> <span class='ocrx_word' id='word_1_656' title='bbox 3460 4779 3809 4851; x_wconf 82' lang='grc' dir='ltr'>λεπτομερῶς</span> <span class='ocrx_word' id='word_1_657' title='bbox 3852 4783 4047 4855; x_wconf 57' lang='grc' dir='ltr'>διηγη-</span> 
     </span>
    </p>
   </div>
   <div class='ocr_carea' id='block_1_100' title="bbox 2469 4872 4047 4949">
    <p class='ocr_par' dir='ltr' id='par_1_100' title="bbox 2469 4872 4047 4949">
     <span class='ocr_line' id='line_1_100' title="bbox 2469 4872 4047 4949; baseline 0.004 -24"><span class='ocrx_word' id='word_1_658' title='bbox 2469 4891 2635 4943; x_wconf 87' lang='grc' dir='ltr'>σομαι</span> <span class='ocrx_word' id='word_1_659' title='bbox 2674 4874 2791 4936; x_wconf 86' lang='grc' dir='ltr'><strong>πῶς</strong></span> <span class='ocrx_word' id='word_1_660' title='bbox 2820 4873 2879 4938; x_wconf 76' lang='grc' dir='ltr'><strong>ἐξ</strong></span> <span class='ocrx_word' id='word_1_661' title='bbox 2910 4873 3085 4942; x_wconf 78' lang='grc' dir='ltr'>ἀρχῆς</span> <span class='ocrx_word' id='word_1_662' title='bbox 3114 4872 3361 4943; x_wconf 86' lang='grc' dir='ltr'>ἐκτίσθη,</span> <span class='ocrx_word' id='word_1_663' title='bbox 3402 4874 3496 4927; x_wconf 75' lang='grc' dir='ltr'><strong>καὶ</strong></span> <span class='ocrx_word' id='word_1_664' title='bbox 3525 4876 3674 4945; x_wconf 72' lang='grc' dir='ltr'>παρὰ</span> <span class='ocrx_word' id='word_1_665' title='bbox 3699 4876 3859 4938; x_wconf 78' lang='grc' dir='ltr'>τίνος.</span> <span class='ocrx_word' id='word_1_666' title='bbox 3894 4879 4047 4949; x_wconf 75' lang='grc' dir='ltr'>Ἔχει</span> 
     </span>
    </p>
   </div>
   <div class='ocr_carea' id='block_1_101' title="bbox 2468 4964 2751 5029">
    <p class='ocr_par' dir='ltr' id='par_1_101' title="bbox 2468 4964 2751 5029">
     <span class='ocr_line' id='line_1_101' title="bbox 2468 4964 2751 5029; baseline 0.004 -11"><span class='ocrx_word' id='word_1_667' title='bbox 2468 4965 2525 5018; x_wconf 82' lang='grc' dir='ltr'><strong>δὲ</strong></span> <span class='ocrx_word' id='word_1_668' title='bbox 2557 4964 2751 5029; x_wconf 76' lang='grc' dir='ltr'>οὕτως.</span> 
     </span>
    </p>
   </div>
  </div>
