4424 6462
410 370 431 432 ι
444 370 549 433 293

1480 365 1828 432 ANONYMI
1870 362 2434 438 ANTIQUITATES
2462 362 2576 426 ΟΡ.

3503 356 3645 423 1294

412 480 465 533 τὸ
536 477 941 548 Ἱπποδρόεοιον,
1006 477 1101 533 καὶ
1154 474 1215 531 τὸ
1264 475 1487 549 ‘3qu
1540 478 1635 531 τοῦ
1709 478 2159 549 βασιλεωςΑθῇιι

1902 476 2334 549 ngejulando
2387 474 2632 531 clamare
2694 479 2865 544 cmptt
2926 487 2990 524 ex
3046 484 3291 535 carcere,
3353 468 3649 527 Circenses

405 571 639 641 ποιήσω.
671 571 917 638 Ἤγαγον
950 570 1007 623 δὲ
1038 570 1201 623 αὑτὸν
1235 570 1292 620 ἐν
1322 570 1401 638 τῷ
1444 570 1681 640 στάματι
1718 568 1814 622 τοῦ
1848 569 1982 622 καθ-
2078 584 2152 639 spt

1902 569 1982 621 ιθ-
2078 579 2344 639 spectem.
2376 574 2430 622 et
2462 579 2565 634 pro
2607 563 2961 636 imperatoris
2990 563 3161 618 Inhito
3190 564 3410 617 faciam.
3444 561 3649 643 Ductus

407 662 653 731 ίσματος,
700 661 758 714 ἐν
800 655 845 730 ᾧ
886 660 1177 725 ἐκαθέζετο
1222 662 1250 714 ὁ
1296 658 1547 729 βασιλεὺς
1585 660 1645 712 ὲν
1679 657 1756 727 τῷ
1796 659 1983 711 Ἵππος

404 752 636 824 δρομίῳ,
660 754 755 805 καὶ
782 755 963 808 ὲκεῖσε
995 754 1221 824 εποίησε
1254 756 1354 825 τὴν
1382 752 1705 823 διάπρασιν,
1739 752 1984 822 ὑπογρά-

403 844 604 912 ψαντος
633 846 815 903 ἐκεῖσε
860 846 955 898 τοῦ
1011 846 1353 916 κοιαίστορος
1408 846 1502 899 καὶ
1537 846 1640 912 τῆς
1672 844 1982 914 συγκλήτου

405 937 611 1005 πάσης,
649 936 756 1007 πρὸ
796 936 892 989 τοῦ
923 937 1049 999 τοὺς
1099 936 1302 999 ἵππους
1340 935 1640 1008 γυμνάσαι.
1695 936 1880 999 Τύπος
1926 935 1985 987 δὲ

405 1022 472 1097 ἦν
517 1029 583 1079 ὲκ
624 1027 883 1091 παλαιοῦ,
935 1027 1099 1096 ήνίκα
1142 1029 1416 1098 ἀνήρχετο
1442 1030 1469 1081 ὁ
1519 1026 1775 1097 βασιλεὺς
1816 1028 1875 1079 ἐν
1907 1025 1985 1097 τῷ

406 1118 733 1185 καθίσμστι,
762 1119 1041 1188 παρευθὺς
1076 1117 1298 1189 ἔτρεχον
1323 1122 1371 1172 οῖ
1401 1120 1765 1191 ἡνιοχειιτικοὶ¹
1793 1119 1951 1193 ίπποι
1973 1132 1986 1147 ·

404 1210 485 1264 διὸ
519 1211 575 1263 δὲ
610 1212 864 1281 ήργησαν
908 1213 989 1275 εἰς
1035 1213 1135 1281 τὴν
1172 1214 1378 1283 πρᾶσιν
1408 1213 1516 1265 τῶν
1542 1212 1861 1282 οἰκημάτων
1892 1211 1984 1264 τοῦ

408 1300 693 1370 εὐνούχου,
726 1302 913 1373 ἀργῶς
941 1301 1255 1373 ἐξέρχονται
1283 1303 1350 1357 τά
1381 1302 1733 1373 ἠνιοχευτικά
1764 1302 1987 1373 ἅρματα

406 1392 513 1442 τῶν
546 1392 749 1447 ἵππων.

2081 659 2267 729 itaque
2297 658 2364 712 ad
2395 657 2641 711 tribunal
2676 655 3036 727 Hippodromi
3063 671 3172 725 quo
3204 656 3325 711 loco
3356 649 3655 728 imperator

2081 744 2329 815 sedebat,
2352 766 2484 806 suas
2512 750 2624 804 illic
2655 750 2798 804 azdes
2823 747 3147 811 divendidit,
3173 734 3655 804 subsct-ibcntibus

2081 849 2353 909 qtnestore
2386 855 2450 894 ac
2473 848 2667 895 senatu
2701 839 2982 893 universo.
3017 828 3188 908 quue
3218 838 3432 893 factum
3470 838 3654 908 prius-

2082 949 2247 1002 quam
2297 927 2421 1001 equi
2457 931 2823 1000 agitarentur.
2849 931 2905 983 in
2939 944 3091 984 more
3121 936 3302 984 autem
3360 928 3464 982 fuit
3496 930 3650 991 olim,

2087 1035 2145 1077 ut
2184 1023 2371 1077 statim
2396 1029 2560 1091 atque
2595 1018 2896 1092 imperator
2931 1021 2999 1076 ad
3040 1010 3281 1076 tribunal
3309 1020 3654 1084 ascenderat,

2085 1117 2291 1186 auriga:
2351 1129 2618 1184 equorum
2680 1129 2903 1170 cursum
2954 1112 3286 1183 inciperent.
3342 1112 3479 1180 Quia
3528 1128 3658 1167 vero

2086 1222 2225 1279 tum,
2260 1217 2320 1262 ut
2372 1206 2614 1260 eunuchi
2644 1199 2789 1261 ardes
2848 1205 3321 1267 venundarentur,
3380 1214 3655 1258 cessatum

2082 1307 2190 1362 est,
2244 1297 2371 1351 hinc
2419 1297 2767 1350 consuetudo
2797 1295 3036 1351 obtinuit
3067 1302 3129 1350 ut
3165 1294 3223 1350 iu
3267 1294 3411 1350 ludis
3445 1295 3659 1350 circen-

2084 1395 2266 1451 sibus,
2299 1390 2539 1462 egressis
2562 1388 2742 1457 equis,
2769 1402 2969 1443 currus
3004 1386 3289 1457 paululum
3321 1402 3488 1442 morte
3512 1385 3655 1442 face.

2087 1490 2229 1535 rent.
2352 1492 2357 1497 ’
3213 1484 3233 1491 ”

410 1621 547 1685 Pars
590 1620 805 1672 dextera
836 1628 1230 1689 gynmcontttazs
1260 1634 1422 1682 usque
1459 1617 1529 1669 ad
1556 1619 1854 1672 columnam
1884 1619 1943 1687 S.
1995 1615 2211 1689 Basilii,
2257 1632 2467 1689 πέριξ-οη,
2490 1631 2612 1689 pars
2645 1614 2827 1689 templi
2860 1614 3133 1689 quietiam,
3153 1614 3341 1666 domus
3368 1609 3656 1689 eratﬁliu-

470 1690 669 1756 'ritonis
694 1690 920 1741 eunuchi
977 1706 991 1742 :

1046 1689 1261 1741 sinistra
1305 1679 1422 1740 vero
1471 1706 1595 1756 pars
1645 1706 1806 1756 usque
1835 1679 2232 1741 aducolumnam
2272 1686 2331 1740 S.
2366 1679 2603 1754 Creperii
2652 1679 3062 1756 Thaumaturgi,
3098 1684 3284 1756 domus
3333 1690 3448 1756 erat
3482 1679 3657 1756 Xeno-

482 1750 692 1825 phontis
731 1760 1011 1821 cuiusdam
1063 1769 1180 1810 arte
1224 1759 1421 1811 sutoris
1452 1749 1480 1810 ε’
1507 1758 1597 1826 qui
1622 1749 1915 1826 inferorum
1968 1757 2206 1822 princeps
2242 1749 2514 1807 dicebatur
2545 1757 2695 1826 dum_
2720 1754 2785 1805 ab
2834 1749 3035 1826 aurigis
3083 1752 3483 1826 adorareturin
3507 1749 3654 1826 .llip:

479 1820 753 1897 podromo.
800 1820 1015 1896 Templi
1050 1844 1193 1893 area,
1249 1838 1479 1897 qualum
1519 1820 1825 1884 ’τιατ-Ηίθεοι.
1891 1820 2250 1885 baptisterium
2287 1842 2349 1877 ac
2398 1826 2602 1893 reliqua
2649 1820 3020 1891 circumpOsita
3049 1826 3187 1879 ades
3227 1831 3376 1876 erant
3408 1820 3658 1874 Dammui

480 1898 697 1965 patricii
720 1896 994 1951 Seleuciw.

485 2012 558 2066 Τὸ
587 2011 643 2065 δὲ
669 2012 843 2077 δεξιὸν
872 2013 1035 2082 μέρος
1062 2014 1183 2068 ὅλον
1213 2014 1306 2068 τοῦ
1336 2016 1729 2084 γυναικωνίτου
1757 2016 1860 2079 ἓως
1889 2014 1981 2068 τοῦ
2019 2020 2059 2077 Β
2162 2014 2231 2068 De

1909 2014 1981 2068 :o-S
2019 2020 2059 2077 Β
2162 2014 2386 2088 Dextera
2423 2029 2550 2083 pars
2577 2011 2998 2082 gynmconitidis
3019 2018 3133 2066 tota
3156 2025 3328 2080 usque
3358 2008 3425 2063 ad
3454 2007 3656 2062 colum-

419 2107 593 2167 κίονος
632 2106 729 2159 τοῦ
764 2108 922 2176 ἁγίου
958 2109 1257 2175 Βασιλείου,
1301 2110 1397 2163 καὶ
1423 2111 1487 2162 ἐκ
1526 2108 1621 2161 τοῦ
1662 2108 1790 2161 ναοῦ
1821 2109 1987 2179 μέρος

413 2212 490 2257 τι,
517 2196 765 2273 ὑπῆρχον
794 2198 1076 2267 οἰκήματα
1112 2199 1428 2268 Χαρίτωνος
1454 2198 1713 2268 εὐνούχου
1748 2199 1842 2251 τοῦ
1870 2198 1985 2252 ἐπί-

416 2285 553 2354 κλην
587 2286 946 2352 Χηνοπώ).ου,
1003 2289 1039 2343 ἃ.
1085 2292 1180 2357 καὶ
1226 2290 1575 2358 ἑξωνήθησαν
1612 2293 1730 2359 μετ’
1765 2272 1984 2361 εὐχαρι-

416 2377 589 2439 στίας.
649 2379 723 2450 Τὸ
775 2378 831 2431 δὲ
867 2380 1159 2451 ἀριστερὸν
1220 2375 1388 2449 μέρος
1442 2382 1536 2437 τοῦ
1570 2366 1987 2450 ὶγυναικωνίτου

413 2466 519 2528 ’ἐως
547 2466 643 2519 τοῦ
674 2467 854 2530 κίονος
907 2468 1003 2521 τοῦ
1058 2470 1217 2537 ἁγίου
1269 2470 1573 2540 Γρηγορίου
1628 2471 1723 2523 τοῦ
1757 2473 1985 2547 Θαυμαο

413 2560 667 2630 τουργοῦ,
720 2561 967 2631 ὑπῆρχον
1026 2564 1305 2631 οἰκήματα
1336 2556 1686 2633 Ξενοφῶντύς
1731 2581 1877 2627 τινος
1918 2568 1985 2635 τῇ

413 2654 579 2720 τέχνῃ
636 2652 1052 2723 βασιλισκαρίου
1087 2670 1102 2685 ο
1152 2653 1212 2717 ὃς
1265 2644 1437 2708 θέλων
1494 2656 1873 2727 ἐξωνήσασθαι
1918 2659 1986 2710 τά

413 2744 692 2813 οἰκήματα
740 2744 927 2811 αὑτοῦ,
974 2747 1212 2817 ᾐτήσατο
1261 2746 1352 2801 τὸν
1398 2747 1645 2817 βασιλέα,
1694 2746 1775 2819 μὴ
1830 2749 1988 2820 μόνον

414 2834 633 2904 τίμημα
691 2836 915 2891 διπλοῦν
963 2838 1149 2891 λαϐεῖν
1201 2840 1284 2902 είς
1336 2839 1438 2903 τὰς
1496 2840 1706 2911 σκηνὰς
1768 2840 1937 2894 αὑτοῦ
1967 2855 1981 2869 ⁸

415 2929 529 2982 ἀλλ’
562 2929 651 2982 ἵνα
680 2932 885 3002 ποιήσῃ
929 2931 1118 2984 τοῦτον
1156 2933 1215 2984 ὲν
1251 2933 1327 3003 τῷ
1362 2933 1618 3004 ἀγομένῳ
1667 2934 1899 3003 ἱππικῷ,
1929 2936 1988 2986 ἐν

418 3015 451 3092 ᾗ
504 3020 858 3084 ἐπιτελεῖται,
907 3020 1172 3089 τιμᾶσθαι
1224 3022 1320 3075 καὶ
1373 3022 1797 3093 προσκυνεῖσθαι
1834 3022 1987 3093 παρὰ

417 3112 525 3162 τῶν
568 3113 851 3181 τεσσάρων
899 3114 1152 3182 ἡνιόχων.
1189 3098 1295 3167 Τοῦ
1327 3113 1382 3167 δὲ
1431 3113 1696 3183 βασιλέως
1748 3116 1987 3183 προστά-

419 3201 607 3265 ξαντος
643 3203 822 3279 τοῦτο,
854 3203 991 3275 πρὸς
1030 3205 1243 3271 γέλωτα
1272 3206 1576 3277 πεποίηκεν
1602 3207 1684 3267 εἰς
1714 3205 1776 3256 τὸ
1807 3205 1986 3272 διηνε-

416 3281 534 3357 κὲς,
567 3286 653 3346 ἵνα
684 3296 907 3364 τυπωθῇ
954 3297 1034 3359 εἰς
1066 3296 1158 3347 τὸν
1200 3298 1290 3349 ἀεὶ
1339 3296 1554 3366 χρόνον,
1606 3296 1663 3362 έν
1711 3298 1776 3366 τῇ
1807 3281 1986 3365 ἡμέρᾳ

2089 2124 2214 2164 nam
2248 2100 2423 2165 sancti
2460 2106 2665 2172 Basilii,
2702 2121 2915 2162 necnon
2980 2096 3108 2174 pars
3151 2105 3336 2174 templi
3381 2105 3653 2172 quaedam.

2087 2201 2231 2254 acules
2261 2206 2421 2253 erant
2449 2198 2763 2271 Cbaritonis
2793 2196 3056 2259 eunuchi,
3084 2186 3405 2265 cognomine
3440 2195 3657 2250 Chenr-

2088 2281 2218 2356 poli,
2244 2305 2366 2359 qua:
2391 2277 2534 2343 bona
2566 2303 2689 2342 cum
2722 2287 2895 2357 gratia
2932 2286 3166 2342 vendita;
3213 2294 3364 2343 sunt.
3413 2286 3655 2341 Sinistra

2090 2396 2221 2436 vero
2245 2396 2372 2451 pars
2396 2379 2830 2449 gynmconitidis,
2852 2393 3025 2447 usque
3047 2380 3111 2433 ad
3135 2379 3447 2433 columnam
3480 2378 3656 2433 saneti

2088 2471 2339 2543 Gregorii
2395 2470 2813 2540 Thaumaturgi,
2870 2471 3014 2525 mdes
3070 2480 3227 2525 erant
3280 2469 3656 2541 Xenophontis

2089 2563 2377 2633 cujusdam
2406 2571 2521 2617 arte
2551 2564 2776 2618 sutoris.
2809 2563 2862 2619 Is
2885 2577 3008 2619 cum
3036 2563 3179 2618 mdes
3215 2578 3411 2618 venum
3444 2572 3655 2631 prosta-

2089 2667 2232 2721 rent,
2270 2657 2338 2710 ab
2378 2655 2710 2724 imperatore
2736 2670 2845 2709 non
2874 2638 3077 2725 duplei
3106 2658 3266 2710 modo
3293 2659 3529 2727 pretium
3563 2671 3657 2723 pro

2089 2752 2185 2809 vili
2220 2765 2345 2806 casa
2372 2750 2718 2820 postulavit,
2761 2753 2858 2806 sed
2890 2751 3055 2804 etiam
3094 2750 3306 2820 rogavit
3339 2762 3398 2803 ut
3434 2750 3525 2804 die
3545 2749 3657 2803 cir-

2090 2843 2334 2898 censium
2366 2851 2605 2913 quatuor
2634 2832 2934 2895 factionum
2986 2843 3193 2911 aurigae
3226 2856 3283 2896 se
3325 2841 3655 2897 honorarent

2092 2941 2147 2987 et
2178 2941 2598 2987 venerarentnr.
2636 2931 2790 2996 Quod
2833 2946 2957 2985 cum
2990 2930 3289 2999 imperator
3317 2930 3563 2998 praestari
3589 2931 3656 2982 ad

2094 3024 2264 3078 risqu
2322 3023 2688 3093 spectantium
2748 3022 3029 3091 iussisset,
3080 3020 3325 3076 decrevit
3385 3023 3548 3075 etiam
3603 3031 3663 3075 ut

2089 3113 2143 3167 in
2206 3120 2522 3182 perpetuum
2581 3112 2921 3189 circensibus
2976 3111 3119 3169 ludis
3176 3098 3229 3167 iis
3280 3113 3333 3166 in
3398 3112 3658 3167 cancellis

2090 3204 2303 3258 medius
2329 3204 2563 3267 sederet,
2591 3202 2823 3271 ejusque
2845 3209 2998 3272 terga
3034 3204 3104 3256 ab
3127 3203 3334 3274 aurigis
3365 3212 3656 3273 antequam

2090 3310 2287 3350 currus
2322 3294 2783 3358 conscenderent,
2809 3293 2877 3347 ad
2906 3294 3078 3348 risum
3105 3304 3159 3348 et
3208 3284 3493 3349 .ndibrium
3523 3294 3654 3348 ado-

416 3382 511 3435 τοῦ
564 3383 835 3452 ἀγομένου
887 3383 1117 3437 ἱππικοῦ
1152 3385 1485 3447 καθέζεσθαι
1529 3383 1720 3439 τοῦτον
1770 3386 1826 3436 ἐν
1875 3362 2052 3448 τοῑςίῖ
2087 3404 2163 3443 rat

1908 3362 2052 3448 Oisc
2087 3396 2343 3443 rarentur
2385 3404 2399 3441 :
2444 3386 2591 3456 quod
2644 3386 2710 3439 ad
2748 3387 2894 3440 hunc
2942 3401 3120 3454 usque
3146 3386 3284 3440 hem
3349 3385 3652 3440 factitatum

418 3474 741 3541 καγκέλλοις
777 3475 964 3545 μέσον,
998 3478 1094 3530 καὶ
1143 3478 1213 3528 τά
1258 3476 1482 3529 ὀπίσθια
1518 3477 1683 3529 αὑτοῦ
1742 3493 1986 3547 προσκυ-

418 3569 629 3620 νεῖσθαι
675 3569 827 3638 παρά
876 3570 985 3622 τῶν
1036 3569 1267 3639 ἡνιόχων
1290 3570 1426 3639 πρὸς
1466 3571 1699 3638 γέλωτα,
1738 3569 1845 3639 πρὸ
1893 3567 1987 3620 τοῦ

418 3658 687 3725 ἀναϐῆναι
744 3659 940 3721 αὑτοὺς
1001 3660 1098 3711 ἐπὶ
1155 3650 1265 3713 τῶν
1320 3660 1602 3730 ἁρμάτων.
1658 3661 1771 3727 Καὶ
1832 3662 1991 3712 τουτο

417 3748 670 3817 διήρκεσε
720 3753 881 3822 μέχρι
928 3752 1027 3822 τῆς
1061 3754 1324 3823 σήμερον.
1360 3756 1457 3818 ’⁸ος
1503 3736 1749 3809 καλεῖται
1803 3756 1987 3824 ἄρχων

419 3841 528 3892 τῶν
555 3842 925 3913 καταχθονίων
955 3859 968 3873 ·
1011 3844 1376 3913 ἀμφιέννυται
1416 3845 1473 3898 δὲ
1508 3840 1758 3915 χλαμύδά
1789 3844 1987 3918 λευκὴν

426 3938 562 4003 μετά
585 3935 783 4004 βύσσου
801 3938 1203 4009 ἠμφιεσμένην.
1262 3940 1336 3991 Τὸ
1358 3939 1415 3991 δὲ
1439 3939 1691 3992 ἐπίπεδον
1713 3939 1806 3991 τοῦ
1835 3938 1987 4002 ναοῦ,

420 4027 514 4079 καὶ
561 4029 609 4079 οἱ
655 4024 922 4103 τέσσαρες
971 4022 1407 4096 νάρθηκες,’καὶ
1447 4030 1474 4079 ὁ
1518 4028 1740 4097 λουτὴρ,
1783 4030 1879 4080 καὶ
1916 4026 1986 4080 τά

2087 3489 2192 3533 est.
2223 3475 2318 3541 Ille
2355 3492 2488 3531 vero
2514 3487 2743 3532 vocatur
2774 3475 3071 3531 inferorum
3096 3476 3371 3545 princeps.
3404 3475 3656 3530 Induitur

2089 3580 2269 3624 autem
2313 3554 2600 3639 chlamyde
2644 3568 2877 3623 candida
2933 3568 3098 3638 bysso
3152 3568 3381 3623 intexta.
3446 3568 3654 3637 Templi

2091 3678 2219 3715 vero
2250 3676 2410 3714 area.
2436 3669 2490 3715 et
2518 3669 2755 3730 quatuor
2807 3658 3096 3714 nartheces
3142 3674 3237 3713 seu
3298 3660 3544 3729 porticus
3596 3676 3659 3712 ac

2093 3749 2472 3823 baptisterium
2520 3761 2576 3807 et
2641 3766 2764 3821 quae
2823 3751 3210 3820 circumposita
3282 3763 3444 3814 sunt,
3515 3752 3658 3805 aedes

2095 3854 2255 3899 ct-ant
2308 3843 2557 3899 Damiani
2597 3837 2814 3912 patricii
2871 3840 3154 3902 Seleuciae.
3196 3856 3334 3911 quas
3360 3843 3658 3910 nonaginta

2098 3937 2250 3991 libris
2299 3935 2599 3990 aestimatas
2661 3933 2867 4005 ingenti
2920 3932 3122 4003 gaudio
3175 3933 3492 4004 imperatori
3546 3942 3657 3988 tra-

2091 4026 2249 4082 didit.

418 4120 581 4191 περῖξ
622 4110 822 4189 αὑτῶν,
867 4123 1112 4192 ὑπῆρχον
1145 4124 1425 4192 οἰκήματα
1478 4122 1753 4192 Δαμιανοῦ
1826 4122 2115 4192 πατρικίου
2174 4107 2515 4185 ’Σελευκίας-
2598 4120 2741 4189 ἄτερ
2801 4117 3117 4187 ἀπετιμήθη
3182 4116 3364 4183 λίτρας
3418 4114 3489 4183 ιζ,
3566 4120 3661 4169 καὶ

422 4213 558 4287 μετά
598 4214 795 4285 πολλῆς
827 4216 1150 4287 περιχαρίας
1179 4216 1374 4268 δέδωκε
1407 4215 1577 4268 ταῦτα
1601 4215 1675 4283 τῷ
1703 4213 1931 4283 βασιλεῖ.

423 4350 594 4426 Trulli
622 4353 967 4426 fundamenta
1004 4371 1166 4421 supra
1193 4365 1390 4426 petram
1434 4354 1783 4426 Stephaneam
1812 4355 2111 4426 jaciuntur.
2148 4349 2438 4426 Eutychius
2470 4343 2773 4426 patriai-vlta
2807 4358 2901 4425 pro
2925 4341 3156 4426 ecclesia
3185 4348 3658 4426 structur-aﬁpueccs

492 4409 690 4489 fundit.
724 4424 1029 4479 Oratorium
1060 4409 1344 4477 rotundum
1368 4409 1868 4493 propeihoroltigiu'm
1904 4424 2104 4479 Joanni
2136 4409 2391 4493 Bu'plista.’
2409 4409 2618 4493 adierunt
2647 4415 2660 4478 ,
2686 4409 2883 4493 uecnon
2914 4414 3149 4480 porticus
3182 4426 3213 4461 ιι
3245 4424 3432 4493 magno
3460 4409 3660 4493 palatio

492 4476 560 4564 'a_d
592 4476 750 4546 (edem
784 4476 1104 4560 Sophianam
1144 4476 1687 4564 usque‘perti'ngentes
1720 4476 2097 4549 hamulis}.
2131 4476 2381 4561 Magistri
2425 4476 2696 4541 architecti
2734 4476 2962 4544 centum,
3010 4493 3179 4547 opera:
3230 4476 3406 4530 decem
3458 4479 3653 4531 millia.

492 4561 817 4616 Cwmcnlum
838 4574 893 4621 ut
920 4567 1219 4618 subactum.

505 4710 563 4762 '0
600 4709 658 4762 δὲ
699 4707 955 4779 βασιλεὺς
997 4708 1376 4773 ’1ουστινιανδς
1424 4710 1516 4763 τὸν
1542 4711 1704 4765 τόπον
1750 4728 1989 4781 καταμε-
2024 4720 2065 4775 ι’)
2163 4706 2252 4759 1,οι

1909 4728 1989 4764 ιε·
2024 4720 2065 4775 ι’)
2163 4706 2365 4759 Locum
2404 4702 2687 4755 dimensus
2745 4698 3043 4766 imperator
3100 4692 3479 4760 Justinianus,
3532 4708 3656 4748 cum

422 4803 650 4871 τρήσας,
687 4802 781 4853 καὶ
821 4800 997 4868 εὑρὼν
1039 4802 1340 4868 στεφανέαν
1386 4804 1594 4872 πέτραν
1626 4803 1734 4855 ἀπό
1780 4821 1839 4855 τε
1886 4802 1981 4855 τοῦ

425 4892 811 4961 θυσιαστηρίου
852 4893 944 4944 καὶ
982 4896 1142 4960 μέχρι
1188 4894 1286 4960 τῆς
1329 4896 1480 4947 κάτω
1532 4894 1745 4962 ἀψίδος,
1796 4895 1986 4964 ἐθεμε-

423 4983 613 5057 λίωσεν
638 4984 809 5051 αὑτὴν
837 4983 1081 5053 γύρωθεν
1107 4984 1177 5036 τὰ
1200 4985 1375 5055 βάθρα
1398 4985 1491 5038 τοῦ
1519 4987 1757 5055 μεγάλου
1784 4986 1987 5056 Τρούλ-

422 5073 536 5126 λου.
591 5073 723 5125 Ἀπὸ
758 5074 815 5125 δὲ
842 5073 949 5126 τῶν
980 5074 1184 5140 ἀψίδων
1214 5076 1380 5144 μέχρι
1416 5075 1510 5128 τοῦ
1552 5076 1820 5141 ὲξωτάτου
1855 5077 1985 5141 νάρ-

424 5163 611 5239 θηκος,
656 5166 736 5224 εἰς
764 5164 855 5215 τὸν
887 5164 1081 5233 χαῦνον
1114 5168 1209 5218 καὶ⁵
1238 5166 1451 5235 ἀλσώδη
1484 5165 1649 5219 τόπον
1692 5167 1988 5237 ἐθεμελίω-

426 5281 537 5317 σεν.
582 5256 911 5332 ’Ᾱρξάμενος
936 5256 992 5311 δὲ
1023 5259 1090 5309 τά
1129 5256 1357 5324 θεμέλια
1392 5258 1618 5323 κτίζειν,
1654 5258 1991 5326 προσεκαλέ-

426 5371 557 5407 σατο
580 5352 844 5421 Εὑτύχιον
871 5349 1238 5417 πατριάρχην,
1271 5347 1367 5401 καὶ
1387 5348 1643 5415 ἐποίησεν
1673 5344 1835 5417 εὑχῆν
1872 5350 1994 5419 περὶ

426 5446 739 5507 συστάσεως
767 5444 864 5513 τῆς
892 5442 1213 5506 ἐκκλησίας.
1247 5440 1382 5494 Τότε
1412 5441 1441 5493 ὁ
1476 5440 1730 5509 βασιλεὺς
1774 5439 1992 5492 Ἰουστι-

425 5539 605 5600 νιανδς
629 5537 807 5606 κύψας
846 5538 938 5590 καὶ
970 5535 1198 5595 οἰκείαις
1224 5535 1408 5604 χερσὶν
1435 5532 1699 5587 ἄσϐεστον
1733 5532 1871 5601 μετά
1899 5532 1991 5584 τοῦ

424 5633 718 5702 ὀστράκου,
771 5628 1113 5698 εὐχαριστῶν
1175 5625 1253 5694 τῷ
1305 5625 1464 5693 Θεῷ,
1532 5624 1725 5677 ἔϐαλεν
1784 5624 1876 5675 ἐπὶ
1931 5624 1991 5676 τὸ

426 5712 675 5791 θεμέλιον
709 5722 813 5789 πρὸ
854 5721 1089 5775 πάντων.
1150 5718 1262 5786 Πρὸ
1322 5715 1415 5769 τοῦ
1467 5716 1522 5767 δὲ
1562 5715 1831 5787 ἄρξασθαι
1866 5716 1985 5766 κτί-

427 5817 539 5877 ζειν
574 5815 661 5866 τὸν
718 5815 863 5876 ναὸν,
926 5814 1248 5878 προέκτισεν
1310 5808 1598 5876 εὐκτήριον
1646 5810 1982 5875 χρυσόροφον

2098 4784 2305 4870 petram
2365 4795 2730 4862 Stcphaneam
2786 4804 2814 4842 a
2867 4788 3082 4842 bemate
3140 4783 3206 4837 ad
3254 4785 3420 4838 imam
3486 4801 3660 4855 usque

2093 4882 2336 4960 apsidem
2376 4886 2693 4954 reperissct,
2715 4879 2941 4949 majoris
2973 4877 3150 4932 Trulli
3179 4893 3348 4947 super
3378 4892 3497 4931 eam
3530 4877 3653 4931 fun-

2092 4980 2343 5037 damenta
2372 4979 2524 5047 jecit.
2547 4975 2631 5029 Ab
2654 4973 2842 5043 apside
2876 4987 3007 5027 vero
3035 4971 3098 5024 ad
3127 4970 3451 5025 exteriorem
3480 4984 3655 5039 usque

2098 5051 2436 5130 narthecetn,
2490 5068 2544 5121 in
2584 5066 2704 5121 solo
2761 5062 2989 5134 palustri
3037 5072 3090 5115 et
3136 5062 3334 5116 limoso
3386 5060 3653 5116 fundavit.

2095 5163 2533 5219 Fundamentum
2586 5167 2765 5211 autem
2822 5170 3136 5225 aggressus,
3192 5152 3515 5222 Eutychium
3558 5166 3657 5220 pa-

2092 5255 2384 5310 triarchatn
2413 5259 2624 5311 evocat,
2654 5250 2745 5317 qui
2770 5263 2867 5317 pro
2885 5247 3129 5301 ecclesiae
3159 5252 3440 5298 structura
3464 5258 3656 5311 preces

2092 5347 2365 5401 funderet.
2405 5344 2540 5395 Tum
2578 5342 2873 5407 imperator
2915 5340 3033 5399 suis
3075 5339 3190 5406 ipse
3227 5336 3479 5391 manibus
3530 5348 3656 5387 cum

2091 5447 2230 5494 testa
2262 5425 2585 5491 caementum
2617 5434 2896 5502 accipiens
2944 5430 3165 5500 Deoque
3214 5432 3421 5495 gratias
3466 5440 3654 5495 agens,

2095 5531 2148 5585 id
2181 5530 2390 5598 primus
2440 5526 2687 5581 omnium
2742 5525 2797 5579 in
2844 5524 3258 5578 fundamentum
3308 5520 3461 5588 jecit.
3520 5517 3661 5571 Ante

2097 5632 2330 5692 emptam
2362 5635 2490 5675 vero
2521 5619 2708 5689 templi
2744 5625 3101 5680 structuram,
3129 5617 3430 5669 oratorium
3466 5617 3661 5663 rotun-

2097 5716 2225 5768 dum
2253 5726 2417 5765 aureo
2450 5710 2655 5765 fornice
2677 5711 3030 5773 instructum,
3061 5706 3278 5776 egregio
3306 5706 3657 5771 circumqua-

2093 5821 2197 5873 que
2231 5804 2536 5872 lapillorum
2570 5809 2790 5863 ornatu,
2847 5799 3077 5854 Joannis
3108 5796 3468 5852 Pmcurs'oris
3500 5805 3658 5845 voca-
