4424 6462
403 421 562 508 ,ιιθτ

418 552 479 589 τι
520 530 816 602 εὐωνύμων
857 531 949 584 καὶ
998 526 1204 594 δεξὼν,
1241 529 1333 582 καὶ
1376 529 1579 592 ταύτας
1622 530 1991 597 στεγάσαντες

420 625 696 696 σκυφικάς
732 625 948 694 seram,
980 623 1188 695 ὡρίσθη
1208 625 1438 692 ἀγαγεῖν
1470 623 1779 694 μιλιαρίσια
1808 625 1871 676 ἐκ
1901 623 1997 676 τοῦ

418 719 684 772 παλατίου
731 719 760 771 6
813 716 1032 789 κρατῶν
1099 716 1283 788 ἡμέρᾳ
1317 717 1596 771 Σαδὸάτου
1629 733 1640 746 ι
1673 713 1741 787 ἦν
1795 717 1903 787 γὰρ
1948 723 2001 780 ς’

417 811 539 882 ὥρα
561 813 660 880 τῆς
691 810 903 881 ἡμέρας
934 826 950 843 ο
989 810 1082 861 καὶ
1113 808 1446 880 προσέταξεν
1473 811 1500 862 6
1534 809 1873 879 Στρατήγιος
1905 807 1999 860 τοῦ

417 903 654 970 ἐξελθεῖν
682 905 807 964 τοὺς
856 903 1093 971 ἐργάτας
1143 902 1238 954 καὶ
1267 901 1518 971 τεχνίτας
1543 903 1622 963 εἰς
1656 901 1716 954 τὸ
1749 901 1994 969 ἄριστον.

418 999 840 1066 Κατερχόμενος
869 996 926 1049 δὲ
956 998 983 1048 6
1005 996 1340 1066 προρρηθεὶς
1379 996 1647 1062 Ἰγνάτιος
1674 996 1997 1064 μηχανικὸς,

418 1089 683 1144 κατέλιπε
719 1088 810 1140 τὸν
847 1088 963 1139 υἱὸν
997 1087 1162 1139 αὐτοῦ
1201 1085 1409 1140 ἄνωθεν
1443 1087 1554 1139 τῶν
1606 1085 1872 1156 ὑπερῴων
1921 1087 2000 1149 είς

417 1181 477 1233 τὸ
532 1179 704 1243 δεξιὸν
769 1178 957 1248 μέρος,
1015 1179 1094 1240 είς
1115 1179 1175 1231 τδ
1219 1180 1352 1249 ὁρᾷν
1409 1177 1477 1231 τά
1526 1179 1662 1246 πρὸς
1710 1178 2002 1247 οἰκοδομὴν

418 1272 679 1342 ἐργαλεῖα
714 1271 913 1322 πάντα.
961 1269 1018 1322 '0
1047 1269 1105 1322 δέ
1156 1271 1288 1332 παῖς
1327 1265 1396 1339 ἦν
1440 1268 1574 1323 ὡσεὶ
1602 1268 1813 1339 χρόνων
1843 1267 2001 1320 δεκα-

417 1363 722 1430 τεσσάρων.
753 1361 1140 1431 Καθεζομένου
1175 1361 1232 1413 δὲ
1268 1359 1361 1412 τοῦ
1392 1361 1602 1424 παιδος,
1639 1361 1812 1432 ἐφάνη
1851 1360 2000 1429 αῦτῷ

418 1454 693 1521 εὐνοῦχος,
729 1455 961 1523 λαμπρᾷ
1005 1451 1196 1520 ἐσθῆτι
1243 1452 1639 1521 ἠμφιεσμένος,
1674 1452 1892 1522 ¹ὡραῖος
1925 1452 2003 1522 τῷ

420 1546 571 1598 εῖδει.
610 1545 683 1606 ὡς
715 1545 878 1612 δῆθεν
904 1547 968 1596 ἐκ
989 1543 1083 1597 τοῦ
1111 1544 1371 1596 παλατίου
1398 1543 1695 1612 πεμφθεὶς,
1728 1544 1824 1596 καὶ
1854 1543 2003 1612 λέγει

419 1637 494 1705 τῷ
527 1637 799 1706 παιδαρίῳ
829 1651 844 1666 ⁸
879 1637 1036 1698 Τίνος
1067 1638 1227 1707 χάριν
1259 1636 1360 1689 οὐκ
1388 1635 1724 1707 ἐκπληροῦσι
1745 1636 1808 1688 τὸ
1842 1635 2002 1708 ἔργον

419 1727 510 1780 τοῦ
548 1727 682 1778 Θεοῦ
731 1729 777 1778 οἱ
821 1727 1092 1794 καμόντες
1137 1727 1396 1795 ταχέως,
1430 1726 1562 1778 ἀλλά
1613 1727 2003 1789 καταλιπόντες

421 1819 552 1869 αὐτὸ
604 1817 847 1886 ἀπῆλθον
901 1819 1140 1882 ὲσθίειν;
1207 1817 1266 1871 '0
1321 1818 1378 1870 δὲ
1431 1819 1562 1880 παῖς
1611 1818 1756 1884 λέγει
1810 1819 2000 1886 αὐτῷ·

1471 418 1666 478 ΑΝὈΝ
1683 417 1811 477 YXll
1858 419 2010 479 ΑΝΤ
2022 418 2148 492 [ΟΠ
2164 421 2429 481 l'l‘ATES
2471 423 2573 484 CP.

3544 415 3564 478 λ
3577 416 3684 477 298

2103 531 2290 586 lateris
2325 527 2654 594 fornicibus,
2691 530 2938 601 ipsisque
2969 527 3020 581 iu
3060 527 3248 597 scyphi
3293 543 3496 583 morem
3529 528 3683 584 obte-

2103 625 2228 686 ctis,
2265 624 2438 678 voluit
2463 624 2762 694 imperator
2796 632 2858 678 ut
2907 621 3196 676 miliarisia
3232 621 3286 675 in
3324 620 3415 676 die
3455 621 3681 678 Sabbati

2103 733 2169 771 cx
2201 716 2414 787 palatio
2447 723 2911 786 exportareutur;
2954 723 3076 770 erat
3133 714 3337 784 quippe
3394 715 3530 769 hora
3576 717 3684 770 diei

2105 819 2257 862 sexta
2298 827 2311 862 :
2343 808 2623 878 jussitque
2651 807 2957 876 Strategius
2982 822 3106 861 cum
3139 821 3337 876 Oper-as
3364 815 3479 860 tum
3513 809 3686 860 artili-

2103 916 2195 955 ces
2223 914 2484 970 pransum
2519 901 2620 954 ire.
2656 899 3005 954 Descendens
3033 914 3162 953 vero
3195 899 3493 968 pradictus
3524 897 3686 964 lgna-

2105 992 2214 1046 tius
2252 991 2632 1056 tuechanicus,
2666 992 2837 1045 lilium
2868 1005 3031 1059 supra
3062 991 3310 1060 perticus
3339 992 3518 1044 dextri
3549 991 3685 1044 late-

2105 1083 2201 1147 ris,
2234 1083 2300 1136 ad
2350 1083 2849 1138 instrumentorum
2888 1085 3192 1138 custodiam
3247 1084 3488 1152 reliquit.
3557 1083 3686 1136 Erat

2111 1183 2293 1230 autem
2338 1191 2481 1245 puer
2515 1190 2785 1229 annorum
2825 1175 3049 1230 circiter
3091 1176 3533 1243 quatuordecim.
3589 1173 3689 1228 Se-

2105 1267 2266 1321 dentc
2309 1283 2499 1334 puero,
2549 1269 2840 1322 eunuchus
2894 1268 3122 1338 quidam
3185 1267 3471 1336 splendida
3533 1275 3687 1321 veste

2106 1359 2357 1424 indutus,
2396 1359 2571 1414 forma
2603 1359 2861 1426 decorus,
2893 1361 3046 1415 velut
3087 1359 3348 1414 nimirum
3387 1375 3451 1412 ex
3480 1359 3686 1427 palatio

2106 1453 2335 1516 missus,
2379 1465 2500 1506 sese
2551 1465 2719 1520 puero
2750 1451 2894 1506 sistit
2927 1460 2982 1505 et
3011 1451 3087 1503 ait
3118 1469 3131 1506 :
3166 1449 3334 1517 Quid-
3371 1465 3551 1503 causa:
3606 1460 3689 1504 est

2105 1556 2206 1597 cur
2237 1543 2463 1612 opiﬁces
2495 1557 2634 1611 opus
2672 1543 2764 1597 Dei
2809 1558 2929 1596 non
2947 1543 3056 1598 cito
3095 1543 3431 1612 perficiant,-
3477 1541 3572 1596 sed
3621 1558 3687 1595 co

2107 1635 2302 1689 relicto
2329 1644 2693 1690 comessatum
2736 1636 3039 1690 abierunt?
3087 1636 3186 1688 Cui
3243 1633 3684 1702 puer,Jamjam.

2108 1725 2306 1793 inquit,
2351 1726 2607 1790 domine,
2643 1726 2896 1782 aderunt.
2929 1726 3022 1781 llle
3056 1742 3207 1793 vero,
3266 1725 3418 1780 Vade
3473 1727 3585 1785 cito
3635 1739 3690 1781 et

2108 1827 2276 1866 evoca
2316 1831 2331 1868 :
2380 1829 2504 1868 nam
2565 1832 2707 1884 opus
2753 1815 2942 1884 perlici
3000 1833 3215 1871 suuzmo
3267 1817 3454 1871 studio
3504 1818 3686 1886 cupio.
3746 1889 3750 1892 γ

421 1911 595 1978 Κύριέ
629 1927 752 1978 μου,
786 1909 999 1977 ταχέως
1025 1910 1450 1980 παραγίνονται.
1487 1908 1726 1961 Ἐκείνου
1752 1909 1808 1962 δὲ
1840 1909 2002 1961 πάλιν
2035 1920 2078 1977 Β
2109 1904 2168 1956 l’t

1942 1928 2002 1961 ,ιν
2035 1920 2078 1977 Β
2109 1904 2289 1959 Puero
2317 1914 2500 1961 autem
2535 1922 2593 1960 se
2628 1908 3006 1962 discessurum
3076 1921 3329 1980 negante,
3391 1923 3459 1964 ue
3511 1911 3689 1964 ferra-

422 2003 664 2062 εἰπ-Ζντος
703 2017 717 2030 ·
773 2000 1064 2068 Πορευθεὶς
1105 1999 1338 2068 λάλησον
1386 2001 1572 2062 αὐτοῖς
1603 2015 1615 2026 ·
1652 1998 1867 2052 σπεύδω
1895 2001 2002 2068 γάρ

421 2091 517 2141 τοῦ
551 2091 760 2159 ταχέως
791 2090 1148 2159 τελειωθῆναι
1201 2089 1262 2142 τὸ
1306 2089 1507 2158 ἔργον
1556 2089 1653 2141 τοῦ
1706 2090 1762 2142 δὲ
1813 2089 1999 2150 παιδὸς

419 2184 718 2251 φήσαντος,
752 2182 915 2234 αὐτὸν
970 2181 1045 2251 μὴ
1095 2182 1375 2245 ἀπελθεῖν,
1414 2181 1505 2234 διὰ
1537 2180 1599 2234 τὸ
1652 2182 1847 2251 μήπως
1871 2183 2004 2234 ἁπο-

421 2272 679 2341 λεσθῆναι
719 2275 785 2325 τά
814 2274 1093 2348 ἐργαλεῖα,
1141 2273 1233 2326 καί
1263 2290 1427 2342 φησιν
1475 2275 1502 2326 6
1530 2273 1786 2343 εὐνοῦχος
1810 2291 1821 2302 ·
1861 2274 2003 2326 Ἀπ-

421 2363 541 2415 ελθε
578 2365 633 2415 ἐν
663 2365 886 2434 σπουδῇ,
921 2365 1016 2418 καὶ
1048 2364 1298 2434 φώνησον
1323 2364 1523 2428 αὐτοὺς
1552 2364 1764 2434 ταχέως
1789 2363 1966 2416 ἐλθεῖν
1986 2378 1999 2394 ·

424 2456 517 2508 καὶ
547 2454 658 2522 ἐγὼ
693 2455 898 2525 ὄμνυμί
951 2473 1055 2521 σοι,
1095 2457 1306 2521 τέκνον,
1342 2456 1535 2522 οὓτως,
1591 2458 1668 2527 μὰ
1697 2455 1795 2526 τὴν
1842 2456 2006 2526 ἁγίαν

423 2547 624 2616 Σοφίαν
671 2547 762 2601 τὸν
804 2548 977 2615 Λόγον
1021 2547 1115 2601 τοῦ
1153 2549 1312 2614 Θεοῦ,
1369 2550 1471 2618 τὴν
1521 2551 1615 2602 νῦν
1647 2548 2002 2618 κτιζομένην,

422 2643 520 2711 οὐχ
546 2641 815 2710 ὑποχωρῶ
838 2641 946 2693 ἀπὸ
974 2640 1083 2694 τῶν
1107 2634 1229 2704 ὦδε,
1264 2642 1366 2704 ἓως
1393 2641 1481 2694 ὅτε
1505 2641 1600 2693 καὶ
1625 2640 2001 2712 incompti—siin?

424 2732 661 2786 ἐνταῦθα
735 2733 842 2802 γὰρ
904 2733 1141 2803 ἐτάχθην
1192 2733 1468 2786 δουλεύειν
1530 2733 1631 2786 καὶ·
1688 2732 2000 2799 φυλάττειν.

425 2826 610 2877 Ταῦτα
642 2825 882 2887 ἀκούσας
909 2826 937 2878 6
964 2828 1112 2888 παῖς,
1161 2825 1438 2896 δρομαίως
1485 2824 1781 2895 ἐπορεύθη,
1837 2842 2008 2877 κατα.-

425 2919 596 2971 λιπὼν
653 2920 710 2971 ἐν
747 2919 826 2988 τῷ
881 2917 1116 2989 ὑπερῴῳ
1183 2918 1444 2986 κτίσματι
1497 2917 1588 2971 τὸν
1626 2917 1860 2984 ἄγγελον
1911 2917 2006 2970 τοῦ

426 3009 634 3079 Κυρίου
680 3011 991 3078 φυλάττειν.
1035 3011 1122 3073 Ὡς
1165 3010 1223 3063 δὲ
1273 3011 1544 3080 κατῆλθεν
1585 3011 1612 3061 6
1649 3011 1797 3072 παῖς,
1832 3011 2009 3082 εὑρὼν

425 3116 516 3154 τον
544 3101 756 3173 πατέρα
787 3101 953 3156 αὐτοῦ
991 3103 1079 3156 τὸν
1127 3103 1347 3173 πρῶτον
1396 3103 1681 3174 οἰκοδόμον
1721 3103 1860 3173 μετὰ
1913 3103 2007 3156 καὶ

423 3195 534 3246 τῶν
563 3193 789 3260 λοιπῶν,
825 3196 1137 3265 ἐξηγήσατο
1167 3196 1348 3252 πάντα
1376 3212 1387 3225 ·
1420 3196 1516 3248 καὶ
1550 3197 1578 3248 6
1610 3194 1794 3264 πατὴρ
1822 3195 2005 3248 λαϐὼν

2110 2009 2288 2053 menta
2318 2003 2578 2068 perirent,
2610 2002 2681 2056 ait
2706 2005 2996 2060 eunuchus
3021 2023 3034 2058 :
3066 1991 3168 2058 Abi
3193 2007 3602 2074 quamprimum
3632 2014 3689 2060 et

2104 2093 2192 2146 dic
2221 2102 2277 2145 ut
2312 2093 2563 2149 celeriter
2619 2097 2865 2151 veniant.
2920 2095 3054 2150 Nam
3101 2099 3229 2165 jure
3281 2099 3400 2159 tibi,
3441 2100 3536 2163 Iili,
3592 2114 3690 2168 per

2106 2193 2351 2239 sanctam
2381 2186 2638 2256 Sophiam
2682 2186 2774 2242 Dei
2813 2187 3071 2255 Verbum,
3100 2205 3221 2260 qua:
3253 2206 3399 2245 nunc
3457 2189 3690 2245 aediﬁca-

2106 2285 2215 2336 tur.
2255 2294 2346 2332 me
2373 2294 2481 2333 non
2511 2279 2640 2334 hinc
2668 2281 3042 2336 discessurum
3073 2283 3250 2337 dooec
3281 2289 3338 2336 tu
3363 2284 3686 2342 revertaris.

2105 2369 2306 2439 quippe
2341 2371 2433 2438 qui
2458 2371 2652 2439 jussus
2683 2371 2784 2426 situ
2817 2372 2907 2425 hic
2945 2373 3266 2427 ministrare
3288 2381 3342 2427 et
3378 2373 3684 2428 custodiam

2107 2473 2286 2527 agere.
2329 2458 2666 2515 llis-auditis
2703 2477 2840 2531 puer
2893 2461 3056 2516 celeri
3093 2475 3257 2516 cursu
3297 2462 3687 2532 proﬁciscitur,

2109 2549 2300 2601 relic-to
2336 2549 2428 2602 Dei
2472 2551 2670 2619 angelo
2703 2551 2756 2603 in
2807 2553 3091 2619 superiore
3132 2559 3288 2620 parte
3319 2550 3534 2606 tedillcii
3586 2567 3687 2605 cu-

2108 2640 2263 2694 stode
2298 2659 2310 2693 :
2338 2657 2401 2694 ac
2425 2641 2512 2695 ubi
2537 2654 2748 2710 patrem
2777 2644 3206 2698 architectormu
3229 2643 3530 2712 principem
3560 2658 3685 2696 cum

2110 2733 2338 2802 reliquis
2365 2736 2642 2795 convenit,
2687 2750 2800 2789 rem
2827 2737 3019 2790 ordine
3061 2741 3325 2789 narravit.
3353 2738 3522 2790 Pater
3562 2754 3690 2788 veru

2113 2825 2279 2876 lilium
2315 2826 2790 2894 adimperatorem
2817 2829 3063 2881 adduxit.
3103 2827 3402 2896 Imperator
3441 2828 3585 2881 enim
3617 2826 3686 2879 ad

2112 2918 2411 2970 matorium
2443 2920 2620 2971 sancti
2650 2916 2880 2973 Joannis
2913 2917 3283 2972 Przccursmis
3313 2920 3365 2972 in
3400 2917 3688 2981 horologia

2111 3008 2432 3077 prandebat.
2468 3010 2767 3078 Imperator
2793 3013 3216 3072 autem,auditis
3250 3027 3371 3078 qua:
3429 3008 3692 3062 narrabat

2113 3115 2246 3169 pucr
2269 3141 2283 3164 ,
2320 3101 2607 3156 eunuchos
2643 3117 2837 3154 omnes
2878 3111 3092 3165 evocat,
3125 3118 3186 3155 ac
3225 3117 3394 3169 pucro
3426 3101 3688 3162 ostendit,

2111 3191 2666 3254 sciscitans,llicciue
2695 3191 2972 3246 est?Tum
3020 3208 3178 3262 puer,
3218 3191 3450 3253 Horum,
3487 3192 3689 3259 inquit,

424 3288 516 3337 τὸν
552 3287 736 3349 παῖδα,
792 3287 1003 3357 ἤγαγεν
1065 3290 1144 3351 ei;
1195 3287 1286 3341 τὸν
1343 3287 1570 3357 βασιλέα
1599 3302 1614 3317 ·
1659 3288 1778 3340 ἐκεῖ
1806 3286 1914 3356 γὰρ
1940 3283 2008 3356 ἦν
2035 3273 2079 3331 C
2114 3300 2171 3338 ne

1944 3273 2079 3356 ἦνίῖ
2114 3298 2278 3338 nemo
2323 3293 2426 3348 est,
2456 3298 2633 3353 neque
2680 3285 2825 3337 cnim
2891 3285 3089 3338 horum
3162 3283 3454 3352 quisquam
3512 3282 3691 3336 simile

425 3377 454 3428 6
513 3375 768 3445 βασιλεὺς
817 3377 1015 3432 ἐσθίων
1077 3380 1172 3430 ἐπὶ
1230 3378 1292 3430 τὸ
1339 3378 1630 3448 εὑκτήριον
1693 3376 1784 3430 τοῦ
1849 3377 2007 3444 ἁγίου

441 3471 688 3524 Ἰωάννου
733 3472 826 3526 τοῦ
890 3473 1205 3544 Προδρόμου
1259 3476 1317 3526 ἐν
1367 3473 1444 3542 τῷ
1489 3473 1801 3543 Ὠρολογίῳ.
1855 3474 1916 3527 '0
1952 3474 2008 3528 δὲ

429 3563 682 3633 βασιλεὺς
721 3564 962 3629 ἀκούσας
996 3564 1108 3619 τῶν
1153 3567 1416 3636 ῥημάτων
1461 3565 1554 3618 τοῦ
1589 3566 1799 3628 παιδὸς,
1841 3584 2011 3631 προσ-

430 3657 732 3709 εκαλέσατο
757 3656 965 3719 πάντας
1001 3658 1126 3719 τοὺς
1160 3657 1473 3727 εὐνούχους,
1508 3659 1604 3710 καὶ
1649 3658 1902 3722 ὑπέδειξε
1932 3658 2008 3727 τῷ

430 3749 722 3819 παιδαρίῳ,
765 3749 980 3817 λέγων·
1035 3735 1135 3819 ’Μὴ
1190 3741 1348 3812 οὗτός
1402 3752 1592 3815 ἐστιν;
1666 3750 1724 3802 '0
1764 3739 1830 3803 ’δέ
1878 3752 2008 3812 παῖς

431 3858 596 3909 φησιν
633 3856 648 3871 ο
699 3842 889 3905 Οὐδεὶς
923 3842 980 3908 ἐξ
1010 3843 1188 3895 αὐτῶν
1226 3845 1396 3906 ἐστιν,
1433 3843 1548 3896 ἀλλ’
1575 3844 1694 3896 οὐδὲ
1724 3844 1822 3913 τῆς
1866 3845 2008 3907 ίδέας

351 3943 356 3947 ’
430 3933 545 4002 ἔχει
570 3951 652 3995 τις
677 3933 735 3998 ἐξ
756 3933 936 3986 αὐτῶν
953 3934 1186 4001 ἐκείνου,
1219 3934 1278 3988 ὂν
1303 3935 1358 3987 ἐν
1386 3934 1463 4003 τῷ
1489 3935 1604 4005 ναῷ
1628 3937 1738 4003 ἐγὼ
1761 3936 2005 4006 ἑώρακα.

432 4026 563 4077 Τότε
618 4025 759 4091 ἔγνω
805 4028 832 4077 6
869 4022 1164 4094 βασιλεὺς,
1224 4027 1304 4079 ὅτι
1343 4026 1575 4094 ἄγγελος
1627 4027 1834 4096 Κυρίου
1868 4026 2006 4087 ἐστ’τ,

431 4118 526 4169 καὶ
555 4117 615 4168 τι
657 4118 807 4186 ῥῆμα
845 4116 1124 4188 γνώριμον
1177 4118 1315 4181 ἐστι,
1374 4119 1468 4170 καὶ
1516 4120 1544 4170 6
1590 4118 1754 4188 ὅρκος
1789 4119 1954 4171 αὑτοῦ
1990 4137 2003 4151 ο

431 4210 678 4272 εἰπόντος
718 4211 812 4261 καὶ
849 4210 942 4262 τοῦ
1003 4210 1190 4272 παιδὸς
1247 4211 1330 4262 ὅτι
1373 4209 1705 4277 λευκοφόρος
1742 4210 1880 4272 ἐστὶ,
1914 4212 2008 4263 xai.

431 4303 484 4353 αξ
517 4302 739 4369 παρειαὶ
767 4301 930 4353 αὐτοῦ
958 4300 1069 4371 πῦρ
1094 4301 1445 4370 ἀπέπεμπον,
1477 4301 1580 4353 καὶ
1628 4302 2004 4374 ἐνηλλαγμένη

430 4395 462 4461 ὴ
499 4396 687 4460 ὅρασις
719 4393 906 4456 αὐτοῦ,
939 4395 1192 4462 μεγάλως
1227 4393 1447 4457 ἐδόξασε
1479 4394 1572 4446 τὸν
1619 4394 1753 4447 Θεὸν
1791 4397 1818 4448 6
1856 4394 2008 4465 βασι-

430 4485 576 4552 2.36:,
607 4486 803 4553 λέγων,
836 4486 960 4538 Ὅτι
1002 4470 1225 4540 ἐὐδόκει
1280 4490 1308 4538 6
1360 4487 1494 4550 Θεὸς
1542 4488 1604 4541 τὸ
1630 4487 1796 4557 ἐργον
1824 4489 2002 4552 τοῦτο,

2113 3377 2246 3446 quid
2306 3376 2470 3430 habet
2503 3376 2601 3437 illi,
2637 3391 2798 3443 quem
2838 3377 2889 3430 in
2959 3376 3162 3445 templo
3199 3375 3482 3445 conspexi.
3536 3375 3692 3428 Tunc

2111 3467 2409 3536 imperator
2461 3466 2712 3536 angelum
2742 3482 2864 3521 csse
2898 3467 3112 3520 DOmiui
3149 3477 3261 3521 tum
3300 3482 3365 3520 cx
3414 3468 3532 3532 ejus
3570 3481 3690 3519 ser-

2112 3575 2275 3613 mone
2331 3570 2446 3614 tum
2503 3575 2566 3613 ex
2631 3559 2993 3627 jurejuranth
3048 3560 3325 3627 cognovit,
3387 3557 3688 3627 praesertim

2112 3667 2282 3721 puero
2321 3651 2625 3705 affirmante
2667 3653 2836 3703 fuisse
2886 3650 3034 3704 illum
3074 3661 3224 3705 veste
3251 3651 3510 3712 candida,
3539 3652 3693 3716 genis

2111 3746 2291 3814 ignem
2321 3745 2681 3808 vibrantibus,
2716 3753 2768 3798 ct
2789 3743 2942 3797 vario
2972 3743 3125 3796 vultu
3151 3759 3164 3808 ;
3193 3757 3256 3796 ac
3282 3741 3452 3796 Deum
3482 3744 3694 3812 magnis

2110 3838 2370 3893 laudibus
2424 3837 2728 3893 cumulavit
2782 3837 3086 3906 imperator
3128 3837 3317 3891 dicens
3354 3853 3370 3888 ι
3402 3835 3510 3888 Deo
3563 3851 3693 3890 sane

2112 3939 2383 3998 acceptum
2416 3939 2492 3984 est
2539 3931 2635 3982 hoc
2655 3945 2805 3998 opus,
2831 3929 3195 3998 Iuerebamque
3224 3929 3455 3982 multum
3495 3931 3690 3982 anxius

2113 4027 2222 4094 quo'
2251 4024 2462 4077 nomine
2496 4021 2750 4091 temptant
2783 4021 3126 4090 appellarem.
3171 4019 3492 4087 Exindeque
3547 4029 3687 4073 tem-

2111 4117 2260 4185 plum
2298 4117 2634 4184 appellatum
2661 4124 2748 4169 est
2788 4113 2991 4168 Sancta
3028 4113 3252 4184 Sophia,
3300 4116 3444 4183 quod
3479 4111 3692 4179 signifi-

2111 4217 2218 4270 cat,
2245 4207 2484 4262 Verbum
2523 4207 2638 4261 Dei.
2683 4204 2760 4261 Re
2813 4221 2942 4262 vero
2974 4223 3158 4262 secum
3197 4220 3487 4276 perpensa,
3522 4207 3694 4273 imp:-

2111 4311 2263 4357 rator
2304 4301 2490 4356 sic-ait
2521 4319 2533 4355 :
2557 4301 2674 4356 Non
2697 4303 2872 4357 sinam
2900 4316 3126 4370 puerum
3151 4300 3217 4354 ad
3247 4299 3506 4369 templum
3532 4299 3697 4352 remi-

2111 4408 2294 4462 grare,
2357 4402 2416 4447 ut
2471 4392 2702 4464 angelus
2771 4391 2986 4448 Domini
3055 4392 3186 4446 illud
3247 4393 3306 4446 in
3368 4400 3692 4462 perpetuum

2114 4484 2411 4549 custodiat,
2442 4484 2903 4554 quemadmodum
2929 4482 3553 4553 juramento.pollicitus
3581 4494 3690 4536 est.

433 4577 525 4630 καὶ
559 4577 640 4628 ἔτι
660 4576 928 4646 λογισμὸς
966 4576 1141 4645 μέγας
1171 4593 1261 4646 μοι
1288 4577 1616 4647 περιέπιπτε
1643 4575 1761 4638 πῶς
1790 4575 2006 4631 καλέσω
2035 4612 2088 4670 D
2115 4575 2172 4630 Si

1944 4593 2006 4629 ςω
2035 4612 2088 4670 D
2115 4575 2351 4670 Sri-Venim
2385 4578 2451 4631 ad
2479 4577 2744 4670 fabricam
2777 4575 3003 4670 redierit
3025 4592 3180 4646 puer,
3210 4575 3691 4670 angelusiDomiui

432 4671 522 4721 τὶν
552 4671 698 4721 ναόν.
746 4672 849 4722 Καὶ
887 4669 1075 4722 ἔκτοτε
1119 4669 1547 4740 προσηγορεύθη
1590 4672 1617 4721 6
1672 4669 1800 4732 ναὸς
1849 4669 2010 4736 Ἀγία

435 4763 638 4830 Σορία,
703 4763 730 4812 6
792 4763 964 4829 Λόγος
1018 4766 1112 4815 τοῦ
1165 4762 1306 4815 Θεοῦ
1374 4761 1836 4833 ἑρμηνευόμενος.
1887 4753 2014 4814 ’Καὶ

436 4854 716 4921 σκοπήσας
769 4856 795 4906 6
854 4852 1110 4922 βασιλεὺς
1141 4851 1297 4906 εἶπεν
1340 4840 1679 4922 οὕτως’.’Μὴ
1730 4853 1877 4910 ἐάσω
1921 4853 2014 4906 τὸν

434 4946 600 4998 παῖδα
633 4946 998 5014 ῦποςτρέψαι,
1035 4945 1123 4998 ἴνα
1174 4947 1254 5007 εἰς
1309 4944 1369 4996 τὸ
1428 4944 1677 5009 διηνεκὲς
1714 4943 1956 5012 φυλάττῃ
1989 4946 2015 4996 6

433 5034 932 5105 ἄγγελοςΚυρίον,
968 5036 1041 5099 ὼς
1099 5033 1221 5090 εἷπε
1287 5035 1564 5088 κατελθὼν
1605 5037 1672 5087 ἐν.
1716 5037 1922 5106 ὅρκοις.
1954 5037 2015 5087 El

435 5133 543 5201 γάρ
574 5133 600 5183 6
633 5133 760 5191 παῖς
799 5129 1114 5202 ῦποστρέῴῃ
1155 5131 1248 5183 καὶ
1281 5128 1450 5180 ἐλθὼν
1497 5130 1554 5180 ἐν
1607 5128 1686 5196 τῷ
1731 5129 2014 5197 κτίσματι,

435 5226 528 5276 καὶ
559 5224 791 5291 ἅγγελος
815 5223 1023 5292 Κυρίου
1056 5222 1412 5291 ὑποστρέφει,
1449 5221 1594 5274 καθά
1625 5221 1907 5290 προεφησε
1939 5219 2016 5288 τῷ

435 5317 708 5387 παιδαρίῳ
766 5294 1022 5380 τίκ-Ἕως
1076 5308 1136 5367 οὗ
1204 5313 1386 5386 ἔλθῃς.
1453 5312 1898 5380 Βουλευσαμένου
1960 5312 2015 5364 δὲ

433 5409 526 5460 τοῦ
576 5408 837 5478 βασιλέως
885 5410 1011 5469 τοὺς
1049 5408 1369 5478 κρείττονας
1402 5405 1504 5474 τῆς
1555 5405 1868 5474 συγκλήτου
1923 5404 2017 5456 καὶ

438 5502 747 5571 ἱερατικοῦς
804 5501 1095 5569 ποιμένας,
1133 5494 1289 5553 εἷπον
1325 5498 1475 5566 αὐτῷ
1506 5513 1524 5531 ⁶
1563 5500 1656 5567 Μὴ
1716 5497 2017 5550 ὑπόστελλε

434 5596 522 5645 τὸν
555 5593 717 5645 παῖδα
749 5596 827 5655 εἰς
882 5595 981 5661 τὴν
1024 5592 1338 5662 οἰκοδομὴν,
1391 5593 1536 5645 κατὰ
1586 5591 1678 5644 τὸν
1730 5592 1892 5659 ὅρκον
1921 5589 2014 5642 τοῦ

2100 4669 2306 4734 abibit,
2341 4685 2464 4724 cum
2497 4685 2665 4739 puero
2689 4669 2914 4732 dixerit,
2949 4668 3131 4724 Donec
3179 4669 3430 4728 redieris.
3457 4669 3697 4738 Impera-

2112 4770 2201 4815 tor
2232 4761 2415 4827 itaque
2444 4762 2678 4816 consilio
2699 4778 2822 4816 cum
2862 4763 3152 4831 prtt‘cipttis
3176 4769 3496 4817 senatorum
3525 4762 3698 4814 sacri.

2111 4867 2219 4919 que.
2258 4853 2466 4906 ordinis
2493 4855 2995 4923 pastorihus‘iuito,
3034 4855 3175 4908 hunc
3205 4854 3273 4907 ab
3322 4853 3430 4907 illis
3466 4863 3695 4908 senten-

2117 4946 2247 4997 tiam
2279 4947 2489 5015 accepit
2518 4963 2531 5000 :
2560 4945 2639 5000 Ne
2664 4947 2852 5002 mittas
2887 4963 3118 5016 puerum
3183 4947 3248 4999 ad
3311 4945 3598 5008 fabricam,
3636 4954 3695 4998 ut

2115 5037 2344 5105 angelus
2372 5038 2506 5092 illud
2538 5054 2602 5092 ex
2632 5039 2990 5107 iureiurando
3030 5055 3140 5108 quo
3178 5055 3235 5093 se
3276 5039 3593 5102 obstrinxit,
3627 5039 3691 5090 ad

2118 5131 2278 5184 ﬁnem
2311 5146 2487 5201 usque
2525 5132 2736 5196 mundi,
2768 5131 2861 5186 Dei
2905 5133 3093 5200 'jussu,
3126 5131 3423 5186 custodiat.
3482 5129 3695 5184 Divitiis

2117 5221 2285 5289 igitur
2319 5231 2373 5277 et
2403 5224 2670 5295 dignitate
2713 5232 2934 5278 auctum
2969 5240 3222 5292 puerum,
3267 5225 3485 5277 volente
3517 5230 3689 5290 patre.

2115 5311 2181 5366 ad
2208 5311 2477 5384 Cycladas
2517 5312 2725 5368 insulas
2775 5315 3058 5384 relegavit.
3124 5311 3241 5368 Hoc
3289 5327 3455 5384 porro
3514 5313 3690 5382 angeli

2079 5415 2237 5462 "eum
2275 5420 2444 5475 puero
2474 5409 2924 5480 colloquium,'iu
2954 5411 3180 5464 dextera
3220 5418 3375 5480 parte
3427 5408 3546 5476 pila:
3599 5424 3694 5462 su-

2116 5501 2343 5569 periuris
2387 5500 2732 5570 farnicis,‘ad
2777 5497 3030 5556 'l'rullum
3059 5501 3509 5565 ascendentibus,
3544 5500 3692 5556 habt.

2103 5596 2228 5644 ‘Itnn
2252 5601 2376 5648 'est.

434 5685 690 5750 ἀγγέλου,
724 5683 872 5745 ὅπως
907 5686 970 5735 ἐκ
998 5682 1133 5736 Θεοῦ
1171 5680 1382 5754 φυλάξῃ
1409 5682 1499 5735 τὸν
1525 5683 1649 5736 ναὸν
1675 5679 2000 5742 ἓως’τέλους
2031 5679 2258 5750 κόσμου,
2322 5686 2380 5733 Ὢ
2421 5682 2480 5738 ’δὲ
2544 5686 2796 5755 βασιλεὺς
2851 5686 3142 5750 πλουτίσας
3192 5688 3284 5737 τὸν
3356 5687 3520 5738 παῖδα
3594 5692 3690 5742 καὶ

433 5780 671 5844 ἀξιώσας
727 5781 891 5832 αὑτὸν
961 5779 1128 5850 τιμῆς
1215 5779 1482 5848 μεγάλης,
1548 5779 1836 5832 ἀπέστειλε
1891 5779 2034 5845 μετὰ
2063 5777 2257 5848 βουλῆς
2306 5783 2402 5834 τοῦ
2466 5785 2675 5852 πατρὸς
2711 5785 2885 5836 ἀὑτοῦ
2919 5784 2995 5842 είς
3038 5783 3252 5855 ἐξορεαν
3278 5785 3358 5844 εἰς
3409 5782 3507 5845 τὰς
3577 5784 3690 5839 Κυ,

437 5875 632 5936 κλάδοις
663 5877 880 5944 νήσους.
927 5876 1177 5944 Ἐγένετο
1223 5875 1278 5929 δὲ
1331 5873 1390 5926 τὸ
1441 5873 1592 5945 ῥῆμα
1623 5875 1740 5928 ’τοῦ
1776 5873 2007 5943 ἀγγέλου
2045 5872 2123 5935 εἰς
2183 5875 2241 5927 τὸ
2295 5875 2464 5939 δεξιὸν
2511 5877 2678 5947 μέρος
2747 5875 2839 5930 τοῦ
2895 5875 3090 5932 πινσοῦ
3143 5876 3238 5947 τῆς
3292 5875 3402 5930 ἀνω
3479 5875 3689 5947 aid/iber.

443 5972 546 6031 τοῖς
573 5969 954 6033 ὼλεογοηὶνοις
987 5969 1078 6022 ἐπὶ
1113 5967 1202 6022 τὸν
1224 5967 1483 6034 Τροῦλον.
