4424 6462
741 379 878 446 1299

1653 383 2040 446 APPENDIX
2082 385 2180 446 AD
2211 383 2671 450 MICHAELEM
2713 393 3087 457 PSELLUM.

3851 396 3989 461 1300

740 500 991 568 Angelus,
1021 500 1244 554 eunuchi
1272 500 1470 566 forma,
1498 500 1809 586 imperatori
1840 500 2001 584 anxio
2031 498 2094 554 ob
2132 495 2696 586 pecunitepenuriani,
2728 518 2964 586 apparet,
3007 518 3056 565 et
3093 523 3341 579 magnam
3372 509 3492 565 auri
3533 512 3740 581 copiam
3771 512 3826 567 in
3856 528 3988 584 opus

1728 571 1949 639 fabrica
1973 571 2256 641 promittit,
2296 575 2345 620 et
2375 575 2610 639 sequenti
2637 577 2722 631 die
2748 571 2998 649 largitur.

807 689 942 743 Cum
975 702 1151 765 autem
1185 690 1443 757 artiﬁces,
1474 671 1766 761 postquam
1803 689 1869 744 ad
1890 689 2159 745 secundas
2184 703 2311 759 por-
2343 685 2388 742 A
2486 693 2554 745 ΦΘ

2242 703 2311 741 ιι·-
2343 685 2388 742 Α
2486 693 2815 777 Φθασάντων
2838 698 2893 751 δέ
2926 700 3035 753 τῶν
3057 700 3355 771 οίκοδόμων
3376 701 3459 764 είς
3478 699 3545 754 τὰ
3559 699 3790 772 δεύτερα
3819 699 3989 771 ὑπερ-

741 780 884 836 ticus
944 782 1304 852 pertigerunt,
1335 782 1714 852 superioribus
1765 782 2039 837 columnis
2087 796 2149 835 ac
2194 780 2310 834 lor-

738 874 952 927 nicilms
981 875 1179 931 erectis
1207 916 1222 941 ,
1255 876 1658 945 circumposita:
1682 874 1902 930 fabricae
1945 884 2086 930 tecta
2137 875 2311 943 impo-

737 966 1017 1029 suissent,
1069 967 1366 1036 imperator
1417 968 1486 1023 ob
1532 969 1777 1038 pecuniae
1818 967 2098 1036 penuriam
2144 966 2309 1020 velte-

737 1073 947 1143 mcnter
990 1062 1113 1132 angi
1149 1062 1333 1130 coepit.
1374 1060 1565 1117 Stante
1587 1072 1768 1118 autem
1797 1062 1890 1117 illo
1935 1064 1989 1115 in
2043 1060 2307 1130 superiori

740 1142 959 1207 fabricae
991 1162 1179 1223 parte,
1228 1142 1352 1209 cum
1402 1151 1651 1212 Trullum
1685 1153 2073 1210 aediﬁcaturus
2120 1160 2266 1207 esset
2294 1192 2307 1215 ,

740 1246 981 1300 Saleliato
1005 1248 1118 1316 jam
1150 1247 1451 1302 inclinante
1497 1248 1627 1311 die,
1678 1247 1968 1302 eunuchus
2016 1230 2107 1300 ille
2158 1253 2310 1300 veste

737 1338 969 1392 candida
991 1338 1152 1393 anxio
1192 1338 1509 1408 imperatori
1541 1354 1599 1395 se
1623 1337 1803 1402 sistit,
1837 1340 2028 1406 sicque
2069 1335 2311 1403 compel-

739 1430 813 1484 lat
841 1448 853 1482 :
888 1429 1030 1495 Quid
1060 1429 1306 1499 pecuniae
1337 1445 1524 1493 causa,
1574 1430 1793 1483 domine
1816 1472 1831 1496 ,
1877 1428 2138 1499 angeris?
2172 1427 2310 1481 .lnbe

738 1524 994 1579 cras'cito
1024 1526 1210 1577 venire
1243 1522 1509 1592 quosdam
1540 1537 1604 1577 ex
1662 1522 2017 1591 nptimatibus
2068 1521 2174 1573 tuis
2207 1560 2222 1585 ,
2258 1527 2311 1573 et

738 1623 997 1683 quantam
1043 1616 1203 1669 fuerit
1229 1630 1366 1687 opus
1396 1613 1516 1668 auri
1540 1615 1739 1681 signati
1774 1628 2038 1667 summam
2065 1611 2306 1664 alieram.

739 1705 999 1775 Sequenti
1044 1720 1172 1759 vero
1200 1705 1287 1759 die
1317 1705 1544 1759 veniens
1571 1707 1859 1758 eunuchus
1913 1701 2175 1756 fabricam
2231 1700 2313 1752 via

737 1806 941 1853 sentem
978 1798 1360 1866 imperatorem
1404 1796 1628 1850 olfendit
1664 1812 1675 1848 :
1714 1795 1805 1863 qui
1838 1793 2170 1859 Strategium
2218 1795 2312 1845 de—

739 1889 970 1957 putavit,
1003 1897 1056 1942 et
1096 1886 1386 1942 Basilidem
1435 1898 1761 1955 quaestorem
1784 1926 1799 1949 ,
1835 1883 2181 1939 Theodorum
2220 1898 2313 1951 pa-

2414 786 2516 857 ῷα,
2559 778 2653 841 καὶ
2683 791 3016 860 ἐγειράντων
3062 794 3188 856 τοῦς
3229 795 3419 847 ἐπάνω
3448 792 3635 857 κίονας
3676 792 3774 847 καὶ
3806 793 3991 864 καμά-

2416 898 2535 951 ρας,
2568 882 2660 934 καὶ
2691 885 3084 938 σκεπασάντων
3106 886 3174 938 τά
3207 885 3389 955 πέριξ,
3429 884 3633 954 ἠθύμει
3656 887 3683 938 6
3712 884 3991 955 βασιλεὺς,

2411 974 2497 1027 διὰ
2538 973 2598 1026 τὸ
2640 975 2714 1043 μὴ
2740 976 2884 1044 ἔχειν
2924 976 3127 1048 χρυσοῦ
3189 978 3484 1048 ποσότητα.
3516 977 3851 1047 Ἰσταμένου
3899 975 3992 1029 οὖν

2346 1118 2349 1119 ν
2412 1065 2507 1120 τοῦ
2573 1066 2837 1137 βασιλέως
2871 1070 2951 1131 είς
3003 1068 3070 1123 τὰ
3113 1068 3339 1139 ὑπερῷα
3370 1070 3480 1123 τῶν
3516 1069 3860 1135 κτισμάτων,
3894 1068 3992 1122 καὶ

2415 1160 2699 1229 μέλλοντος
2737 1162 2948 1232 ἐγεῖραι
2997 1162 3086 1214 τδν
3123 1161 3361 1232 Τροῦλον
3414 1161 3553 1232 μετὰ
3584 1162 3687 1232 τὴν
3716 1161 3866 1229 ὥραν
3896 1160 3991 1215 τοῦ

2414 1251 2715 1315 Σαϐϐάτου,
2769 1252 2842 1315 ὡς
2898 1252 3000 1322 ἤδη
3048 1252 3240 1322 βαθέος
3300 1254 3548 1323 ἀρίστου,
3592 1252 3994 1323 ἀδημονοῦντος

2412 1344 2505 1397 τοῦ
2552 1344 2838 1413 βασιλέως,
2892 1346 3065 1416 ἐφάνη
3111 1338 3260 1417 αὐτῷ
3301 1344 3587 1416 εὐνοῦχος,
3634 1345 3990 1415 λευκοφόρος,

2415 1435 2648 1505 εἷρηκὼς
2700 1435 2884 1505 αὐτῷ’
2922 1437 2985 1489 Τί
3027 1437 3167 1507 λυπῇ
3200 1436 3707 1507 περὶ,χρημάτο›ν;
3753 1434 3995 1506 πρόστα-

2416 1527 2504 1592 ξον
2536 1528 2711 1580 ἐλθεῖν
2736 1532 2873 1597 ταχυ
2895 1529 2995 1598 τὴν
3026 1528 3216 1598 αῦριον
3243 1532 3305 1581 ἐκ
3347 1528 3459 1581 τῶν
3492 1526 3839 1597 μεγιστάνων
3870 1542 3989 1591 σου,

2415 1624 2507 1673 καὶ
2540 1620 2751 1687 κομίσω
2798 1637 2881 1672 σοι
2924 1619 3150 1689 χρυσίου
3178 1621 3441 1691 χάραγμα
3474 1618 3598 1672 ὅσον
3649 1617 3717 1672 ἂν
3750 1616 3992 1686 ὁφείλῃς.

2414 1713 2491 1779 Τῇ
2547 1711 2603 1763 δὲ
2660 1712 2923 1781 ἐπαύριον
2962 1709 3131 1763 ἐλθὼν
3166 1712 3193 1762 6
3222 1709 3503 1779 εὐνοῦχος.
3553 1709 3649 1762 καὶ
3682 1704 3862 1777 εὑρὼν
3901 1704 3995 1759 τὸν

2416 1802 2662 1869 βασιλέα,
2684 1803 2765 1854 ὅτι
2805 1800 3096 1870 ἐπορεύετο
3125 1802 3257 1871 όρᾷν
3292 1801 3357 1853 τὰ
3384 1789 3681 1867 κτίσματα,
3700 1797 3933 1851 δέδωκεν
3958 1797 3990 1847 6

2417 1884 2669 1965 βασιλεὺς
2706 1900 2797 1947 τὸν
2839 1896 3199 1965 Στρατήγιον,
3244 1894 3338 1947 καὶ
3372 1891 3661 1961 Βασιλίδην
3692 1890 3785 1943 τὸν
3816 1888 3993 1942 κοιαί-

737 1980 978 2042 tricium,
1011 1970 1372 2048 COgnomen'to
1403 1978 1791 2047 Colocyntlimn
1823 2017 1837 2041 ,
1869 1979 1960 2046 qui
1995 1978 2159 2030 etiam
2195 1984 2306 2027 erat
2342 2015 2386 2073 Β
2418 2005 2484 2039 στι

2342 2015 2386 2073 Β
2418 2005 2604 2057 στορπν
2658 1990 2750 2040 καὶ
2777 1987 3056 2055 θεὸδωρον
3088 1984 3401 2057 πατρίκιον,
3434 1984 3526 2037 τὸν
3552 1981 3784 2051 ἐπίκλην
3821 1980 3992 2033 Κολο-

739 2071 1049 2142 praelectns,
1082 2087 1204 2125 cum
1238 2074 1413 2126 servis
1442 2073 1663 2127 circiter
1701 2071 2124 2140 quinquaginta,
2150 2069 2311 2123 mulis

738 2165 950 2235 viginti,
982 2178 1046 2220 ac
1084 2164 1367 2234 liulgarnm
1411 2164 1600 2235 viginti
1655 2172 1861 2233 septem
1912 2163 2162 2233 paribus.
2218 2161 2313 2217 His

740 2260 831 2314 ille
862 2257 1163 2325 assmnptis
1197 2272 1290 2326 per
1322 2252 1557 2310 Auream
1595 2269 1807 2327 portam
1847 2272 1969 2311 cum
2009 2257 2073 2310 ad
2135 2257 2311 2310 tribu-

740 2350 883 2404 nalia
925 2350 1182 2413 venisset,
1210 2350 1302 2420 qui
1342 2350 1492 2404 missi
1529 2360 1688 2404 erant
1736 2350 1992 2404 viderunt
2042 2352 2310 2420 stupenda

743 2443 939 2513 palatia
987 2461 997 2494 :
1056 2454 1217 2510 atque
1272 2457 1335 2495 ex
1373 2441 1526 2510 equis
1571 2456 1693 2495 cum
1745 2442 2190 2501 descendissent.
2223 2456 2318 2509 per

742 2536 1121 2591 admirandam
1170 2537 1372 2589 scalam
1422 2536 1488 2586 ah
1515 2535 1768 2589 eunucho
1818 2534 2114 2587 ducuntur.
2178 2532 2315 2586 'l‘um

742 2630 894 2683 clave
924 2643 1071 2682 aenea
1104 2639 1154 2681 ct
1180 2626 1461 2696 splendida
1487 2627 1799 2681 cubiculum
1829 2623 2160 2694 aperuit.iUt
2191 2642 2318 2679 vero

747 2720 1005 2792 Inagister
1047 2721 1354 2790 Strategius
1402 2721 1688 2782 narravit,
1722 2721 2090 2787 pavimentum
2144 2729 2314 2773 totum

743 2828 881 2869 auro
906 2814 1119 2881 signato
1154 2821 1385 2868 stratum
1417 2822 1467 2865 et
1527 2812 1745 2881 plenum
1788 2822 1899 2865 erat
1934 2827 1949 2863 :
1988 2819 2320 2880 acceptaque

744 2907 866 2975 pala
919 2906 1239 2971 eunuchus,
1307 2904 1541 2975 singulis
1594 2906 1774 2974 bulgis
1836 2904 1955 2958 auri
1998 2905 2316 2959 centenaria

744 3007 980 3069 quatuor
1028 2997 1297 3061 immisit;
1349 3010 1543 3066 nempe
1586 2995 1752 3050 simul
1805 2996 2122 3050 centenaria
2166 3005 2319 3051 octo-

744 3091 895 3157 ginta
920 3130 935 3153 .
965 3099 1021 3146 et
1050 3104 1174 3143 cum
1209 3097 1362 3143 tanto
1391 3103 1616 3143 munere
1647 3088 1714 3142 ad
1744 3088 2122 3158 imperatorem
2157 3098 2320 3143 remi-

743 3183 837 3246 sit,
869 3182 1168 3250 clausoque
1200 3194 1386 3235 coram
1420 3179 1500 3235 eis
1538 3179 1791 3234 cubiculo
1817 3222 1831 3245 ,
1890 3180 1943 3232 in
1985 3196 2093 3248 quo
2124 3196 2317 3234 aurum

747 3274 1021 3343 signatum
1050 3283 1188 3339 erat,
1220 3274 1295 3327 ait
1323 3272 1472 3329 illis:
1503 3271 1629 3326 Haec
1659 3270 1847 3326 all‘erte
1878 3272 2190 3342 imperatori
2216 3316 2231 3339 ,
2267 3286 2323 3328 ut

2415 2080 2641 2149 κύνθην,
2686 2080 2774 2131 τὸν
2815 2081 2909 2131 καὶ
2945 2080 3210 2148 ἔπαρχον,
3244 2076 3343 2130 καὶ
3376 2075 3660 2145 ὑπηρέτας
3694 2072 3859 2142 μέχρι
3884 2070 3994 2122 τῶν

2420 2174 2775 2240 πεντήκοντα,
2815 2172 2907 2224 καὶ
2950 2172 3211 2241 ἡμιόνους
3260 2171 3435 2222 εἴκοσι
3486 2166 3624 2237 μετὰ
3675 2162 3993 2234 βουλγιδίων

2419 2265 2599 2332 ζυγῶν
2661 2265 2766 2327 κζ’.
2828 2264 3064 2325 Τούτους
3110 2262 3291 2315 λαὸὼν
3321 2263 3349 2314 6
3385 2258 3639 2330 εὐνοῦχος
3675 2256 3866 2326 ἐξῆλθε
3898 2255 3997 2323 τῆς

2418 2358 2673 2427 Epeo-11;,
2722 2357 2947 2424 πόρτας,
2999 2356 3095 2405 καὶ
3152 2350 3324 2405 ἐλθὼν
3372 2352 3451 2413 εἰς
3491 2349 3561 2400 τά
3604 2343 3996 2415 Τριόουνάλια,

2418 2451 2588 2519 ἐφάνη
2633 2450 2731 2517 μὲν
2779 2451 2889 2509 τοῖς
2937 2446 3290 2499 ἀποσταλεῖσι
3336 2442 3575 2496 παλάτια
3606 2437 3803 2492 κτιστὲι
3859 2436 3998 2487 θαυ-

2423 2544 2622 2615 μαστα.
2670 2542 2763 2593 Ἐκ
2803 2540 2912 2592 τῶν
2948 2538 3129 2590 ἵππων
3165 2538 3220 2589 δὲ
3265 2536 3626 2597 καταὸἁντες,
3674 2528 4027 2583 ἀνεϐίϐασεν,

2421 2637 2617 2698 αὐτοὺς
2640 2637 2665 2687 6
2692 2632 2946 2701 εὐνοῦχος
2969 2634 3048 2693 είς
3076 2630 3322 2698 κλίμακα
3350 2624 3695 2696 θαυμαστὴν,
3715 2625 3811 2676 καὶ
3829 2620 3997 2673 ἐκσα-

2420 2727 2529 2778 λὼν
2559 2725 2743 2777 κλεῖδα
2798 2723 3061 2792 λαμπρὰν
3093 2721 3323 2789 χαλκῆν,
3375 2717 3553 2787 ἤνοιξε
3597 2711 3952 2767 κουὸούκλιον
3977 2725 3992 2740 ·

2425 2822 2538 2882 mi,
2565 2819 2639 2880 ὥς
2671 2834 2803 2886 φησι
2839 2816 3173 2884 Στρατήγιος
3207 2815 3233 2865 6
3255 2806 3583 2880 μάγιστρος,
3612 2803 3680 2878 ἦν
3711 2806 3774 2857 τδ
3805 2804 4001 2869 ἔδαφος

2422 2912 2764 2980 ἐστρωμένον
2786 2909 2880 2961 καὶ
2912 2906 3342 2976 πεπληρωμένον
3368 2902 3590 2972 χρυσίου
3624 2899 3998 2969 χαράγματος.

2422 3005 2532 3056 Καὶ
2581 3001 2765 3055 λαϐὼν
2806 3002 2977 3054 πτύον
3018 3001 3046 3051 6
3073 2999 3349 3066 εὐνοῦχος,
3387 2997 3578 3049 ἔϐαλεν
3615 2994 3700 3060 ἐφ’
3731 2992 3827 3044 ἕνα
3867 2990 4002 3042 ἐκα-

2424 3110 2546 3146 στον
2563 3092 2880 3162 βουλγίδιον,
2905 3088 3107 3157 χρυσοῦ
3132 3086 3457 3155 κεντηνάρια
3476 3087 3717 3151 τέσσαρα
3736 3098 3750 3113 ·
3777 3086 3822 3152 ρ’
3839 3078 3882 3150 ρ’
3921 3084 4002 3134 π’.

2424 3188 2533 3240 Καὶ
2584 3184 2708 3247 δοὺς
2759 3184 2941 3244 αὐτοῖς
2986 3182 3277 3235 ἀπέστειλε
3325 3180 3463 3249 πρὸς
3492 3179 3582 3230 τὸν
3618 3177 3875 3247 βασιλέα’
3908 3173 4004 3225 καὶ

2423 3277 2644 3339 κλείσας
2673 3276 2983 3346 ἔμπροσθεν
3026 3273 3209 3325 αὐτῶν
3254 3273 3316 3323 τὸ
3366 3270 3737 3328 κουεούκλιον,
3773 3271 3831 3320 ὲν
3868 3260 3911 3333 ᾧ
3933 3261 4001 3334 ἧν

748 3367 803 3419 in
834 3364 1053 3421 fabrica:
1091 3379 1230 3432 opus
1264 3373 1468 3434 eroget.
1505 3363 1579 3416 Illi
1608 3405 1623 3429 ,
1658 3364 1913 3417 eunucho
1946 3365 2020 3419 ibi
2083 3367 2273 3419 relicto
2303 3407 2317 3428 ,
2345 3362 2391 3422 C
2424 3373 2484 3424 τὸ

2257 3382 2273 3418 )
2303 3407 2317 3428 .
2345 3362 2391 3422 C
2424 3373 2484 3424 τὸ
2513 3370 2802 3441 χάραγμα,
2854 3367 2958 3434 ἔφη
2996 3367 3217 3427 αὐτοῖς’
3273 3364 3461 3431 Ὑμεῖς
3514 3363 3780 3428 κομίσατε
3831 3359 4004 3411 ταῦτα

751 3458 896 3527 quod
923 3464 1272 3526 acceperant,
1312 3457 1629 3526 imperatori
1669 3471 1864 3509 aurum
1909 3456 2184 3512 delerunt.
2235 3457 2330 3514 ille

751 3565 883 3606 vero
911 3549 1327 3618 obstupefactus
1357 3566 1371 3602 :
1405 3548 1684 3616 Quonam,
1717 3550 1916 3619 inquit.
1950 3553 2326 3616 concessistis,

754 3644 947 3712 quisve
970 3641 1263 3697 eunuchus
1287 3642 1417 3696 ille?
1448 3640 1551 3721 Ipsi
1584 3658 1714 3696 vero
1745 3652 1943 3697 cuncta
1977 3644 2169 3698 ordine
2206 3660 2330 3697 nar-

754 3744 896 3792 rant.
929 3735 1108 3788 locnm
1142 3733 1383 3797 aedilicii,
1414 3735 1635 3801 vimque
1668 3736 1784 3786 auri
1816 3734 2135 3789 immensam
2162 3737 2213 3790 in
2245 3752 2332 3790 cu-

756 3826 938 3880 biculo
962 3827 1256 3895 jacentem.
1286 3824 1494 3893 Cupide
1519 3825 1815 3894 imperatur
1860 3827 2211 3895 exspectabat
2244 3844 2329 3879 re-

755 3920 923 3982 ditum
956 3917 1193 3973 eunuchi
1222 3933 1236 3970 :
1280 3930 1404 3970 cum
1432 3926 1615 3970 autem
1650 3931 1755 3971 non
1789 3918 2022 3982 veniret,
2056 3936 2273 3973 servum
2299 3937 2328 3974 a

757 4013 984 4080 pellibus
1016 4011 1081 4063 ad
1118 4011 1269 4063 illum
1295 4009 1445 4064 misit
1474 4024 1486 4060 :
1524 4024 1761 4078 cumque
1795 4010 1972 4065 locum
2007 4012 2059 4065 in
2093 3990 2201 4081 quo
2233 4028 2331 4082 pa-

758 4106 881 4158 latia
914 4105 1182 4163 viderant,
1206 4101 1369 4156 domo
1400 4088 1634 4155 vacuum
1659 4100 2128 4171 deprehendisset,
2152 4120 2335 4160 rever-

759 4213 853 4252 sus
888 4206 1085 4252 cuncta
1120 4197 1434 4264 imperatori
1476 4196 1773 4250 renuntiat.
1826 4194 2063 4266 Stupore
2113 4201 2330 4265 percu]-

760 4302 855 4343 sus
885 4286 992 4349 ille,
1021 4301 1079 4340 re
1106 4284 1602 4354 intellecta,_dixit:
1638 4285 1775 4340 Vere
1830 4286 1947 4353 ipse
1982 4286 2077 4343 Dei
2105 4291 2330 4357 angelus

753 4387 897 4440 erat,
924 4390 979 4433 et
1010 4376 1332 4433 miraculum
1356 4375 1605 4431 eﬂ‘ecutm
1631 4361 1735 4440 est,
1764 4386 1821 4430 ιιι
1849 4379 2109 4445 sciamus,
2137 4398 2200 4436 ac
2219 4381 2330 4439 Deo

756 4471 986 4538 gloriam
1016 4468 1345 4525 tribuamus.

2427 3464 2503 3533 τῷ
2564 3462 2794 3532 βασιλεῖ,
2861 3462 2940 3519 εἰς
2972 3461 3032 3511 τὸ
3083 3456 3470 3511 κατακενῶσαι
3513 3456 3652 3507 αὐτὰ
3684 3457 3762 3515 εἰς
3804 3452 4005 3503 οἰκοδο-

2431 3557 2536 3627 μὴν
2559 3554 2655 3608 τοῦ
2685 3554 2841 3609 ναοῦ.
2890 3553 2950 3604 Ὀ
3004 3552 3059 3604 δὲ
3094 3550 3347 3619 εὐνοῦχος
3392 3548 3719 3615 κατελείφθη
3780 3542 4006 3597 ἐκεῖ.οί

2426 3650 2482 3702 δὲ
2515 3649 2720 3719 ἦγαγον
2755 3645 2835 3715 τῷ
2872 3644 3083 3714 βασιλεῖ
3111 3642 3172 3695 τὸ
3225 3642 3471 3713 χρυσίον,
3519 3641 3615 3692 καὶ
3656 3639 3951 3703 ἐκπλαγεὶς
3980 3638 4007 3688 6

2430 3737 2705 3808 βασιλεὺς,
2740 3734 2842 3805 ἔφη
2878 3737 3063 3796 αὐτοῖς
3083 3749 3095 3764 '
3141 3736 3229 3786 Ἐν
3253 3732 3389 3802 ποίῳ
3414 3731 3567 3800 τόπῳ
3590 3728 3885 3791 ἀπέλθατε,
3913 3727 4009 3779 καὶ

2426 3830 2510 3891 τίς
2541 3832 2568 3881 6
2599 3827 2892 3895 εὐνοῦχοςς
2925 3827 3034 3879 Καὶ
3060 3824 3394 3893 άνήγγειλαν
3425 3822 3573 3889 αὑτῷ
3607 3821 3805 3881 πάντα,
3831 3819 3923 3869 τόν
3949 3833 4008 3867 τε

2427 3923 2593 3975 τόπον
2626 3921 2736 3973 τῶν
2775 3918 3097 3988 οἰκημάτων
3139 3916 3308 3985 αὐτῷ,
3362 3916 3456 3968 καὶ
3488 3914 3570 3966 ὄτι
3641 3911 3865 3983 χρυσίον
3900 3907 4011 3979 εἶχε

2431 4015 2733 4086 κεχυμένον
2765 4012 2858 4065 ἐπὶ
2890 4013 2953 4065 τὸ
2982 4010 3338 4064 κουὸοῦκλιον
3366 4010 3444 4071 είς
3471 4007 3675 4077 πλῆθος
3706 4005 3860 4057 πολύ.
3895 4005 4013 4056 Κα-

2436 4106 2678 4179 ραδοκῶν
2726 4105 2754 4157 6
2810 4103 3066 4174 βασιλεὺς
3109 4104 3203 4155 τὸν
3256 4100 3512 4170 εὐνοῦχον
3542 4098 3720 4151 ἐλθεῖν
3743 4100 3879 4166 πρὸς
3915 4097 4013 4148 a6-

2436 4198 2526 4251 τὸν
2588 4196 2724 4267 μετὰ
2764 4194 2893 4258 τοὺς
2942 4193 3256 4253 σταλέντας,
3302 4192 3398 4244 καὶ
3445 4189 3521 4252 ὡς
3550 4189 3609 4241 οὐ
3656 4187 4011 4257 παρεγένετο,

2437 4289 2728 4344 ἀπέστειλε
2777 4287 2868 4339 τὸν
2918 4284 3217 4339 ἀκόλουθον
3263 4281 3431 4336 αὐτοῦ
3479 4283 3559 4344 εἰς
3589 4281 3680 4333 τὸν
3720 4277 4011 4347 εὐνοῦχον”

2440 4381 2535 4434 καὶ
2588 4377 2764 4449 εὑρὼν
2823 4376 2915 4430 τὸν
2969 4376 3135 4429 τόπον
3184 4376 3242 4429 ἐν
3289 4367 3332 4441 ᾧ
3368 4374 3630 4427 ἐθεάσατο
3676 4370 3744 4423 τι
3774 4370 4016 4421 παλάτια

2441 4473 2561 4525 ὅλον
2582 4470 2820 4534 ἄνοικον,
2858 4466 2955 4522 καὶ⁵
2990 4465 3363 4537 ὑπεστρέψας,
3403 4462 3666 4532 ἐγνώρισε
3694 4461 3775 4529 τῷ
3807 4459 4018 4529 βασιλεῖ

761 4566 940 4619 πάντα
962 4565 1061 4617 ὅσα
1084 4563 1371 4617 ἐθεάσατο.
1413 4562 1744 4632 Ἐκπλαγεὶς
1767 4563 1938 4619 δὲκαὶ
1962 4560 2147 4635 γνοὺς,
2174 4568 2348 4635 εἶπεν,
2393 4572 2516 4624 Ὀτι
2576 4568 2793 4638 ἀληθῶς
2846 4564 3009 4627 αὐτὸς
3051 4562 3282 4630 ἄγγελος
3338 4559 3473 4613 Θεοῦ
3517 4556 3605 4629 ἦν,
3668 4561 3764 4611 καὶ
3829 4556 4017 4624 θαῦμα

758 4660 1000 4730 γέγονεν,
1044 4661 1130 4713 ῐνα
1161 4660 1401 4728 γνῶμεν,
1460 4660 1553 4711 καὶ⁵
1589 4660 1843 4729 μεγάλως
1878 4661 2196 4731 δοξάσωμεν
2242 4666 2333 4718 τὸν
2371 4666 2526 4719 Θεόν.

765 4785 948 4840 Divina
990 4784 1191 4838 monitu
1227 4780 1426 4848 triplici
1456 4782 1638 4846 apside
1667 4798 1756 4835 seu
1790 4782 1992 4849 fornice
2028 4785 2175 4838 bemn
2208 4787 2535 4840 illustratur.
2574 4784 2707 4839 Pila'
2738 4801 2915 4847 omnes
2943 4782 3162 4836 interius
3213 4778 3544 4849 exteriusque
3577 4776 3763 4842 terreis
3788 4773 4016 4826 rertibus

900 4856 1343 4922 ferruminantur,
1398 4867 1460 4904 ac
1494 4852 1603 4905 oleo
1633 4865 1681 4905 ct
1707 4848 1850 4907 calce
1878 4855 2233 4921 abducantur,
2296 4868 2345 4910 et
2384 4860 2462 4910 ita
2492 4858 2761 4910 variarunt
2795 4868 3120 4909 marmorum
3152 4848 3564 4904 iucrustationea
3596 4855 3870 4912 aptantur.

828 4974 963 5037 Cum
999 4982 1180 5039 autem
1214 4983 1430 5023 sacrum
1467 4968 1620 5022 bema
1646 4968 1970 5037 perfeétnri,
2010 4985 2073 5024 ac
2105 4986 2200 5040 per
2224 4969 2338 5025 [οι--
2369 4974 2418 5032 D

764 5066 915 5119 uices
945 5063 1086 5118 vitro
1109 5062 1412 5116 instructos
1460 5060 1637 5114 lucem
1684 5062 2059 5116 intromissuri
2100 5071 2283 5118 essent
2324 5102 2337 5126 ,

762 5155 1017 5226 praecepit
1046 5154 1370 5225 architecto,
1408 5164 1465 5207 ut
1498 5155 1656 5208 unica
1676 5155 1892 5225 aspside
1923 5156 2133 5210 conclia
2164 5158 2338 5211 lucem

765 5249 1077 5318 acciperet:
1123 5262 1453 5316 rursumque.
1487 5258 1695 5300 llilllala
1730 5250 2026 5313 sententia,
2044 5248 2213 5317 jussit
2245 5266 2340 5319 per

764 5342 1036 5410 duplicem
1069 5340 1310 5410 apsidem
1343 5339 1564 5394 immitti
1597 5339 1799 5404 luceni,
1829 5341 1954 5411 quia
1988 5358 2181 5398 murus
2212 5346 2339 5397 nul-

766 5437 833 5492 lis
870 5436 1116 5490 ﬁrmatus
1156 5434 1322 5505 tignis
1352 5462 1383 5500 ,-
1428 5436 1609 5503 qualia
1663 5436 1905 5492 nartheci
1952 5451 2016 5493 ac
2075 5437 2339 5491 lateribus

768 5526 1006 5582 adhibita
1040 5525 1276 5591 fuerant,
1311 5526 1523 5595 pondus
1569 5543 1674 5582 non
1725 5528 2071 5585 admittebat.
2123 5529 2341 5600 Reliqui

769 5635 897 5675 vero
930 5621 1170 5675 artiﬁces
1199 5620 1631 5685 cnutendebant,
1666 5623 1888 5675 unicum
1920 5622 2182 5677 fornicem
2221 5640 2346 5678 esse

774 5710 1092 5766 illustrando
1119 5712 1317 5767 betnati
1373 5714 1529 5769 satis.
1591 5713 1803 5767 Anxius
1851 5714 2036 5781 itaque
2090 5716 2345 5784 princeps

773 5805 1192 5861 architectorum
1223 5808 1490 5879 inopsque
1522 5808 1740 5864 consilii
1761 5818 1898 5872 erat,
1936 5808 2081 5866 quod
2108 5810 2344 5876 impera-

774 5905 860 5953 tor
897 5892 1056 5954 modo
1086 5899 1327 5971 apsidem
1361 5915 1544 5968 unam,
1566 5898 1725 5955 modo
1751 5899 1888 5953 duas
1911 5885 2154 5955 construi
2186 5901 2336 5959 iube

1035 6023 1059 6034 4

2526 4975 2618 5026 'Ev
2648 4972 2706 5026 δὲ
2729 4970 2806 5041 τῷ
2840 4969 3058 5041 μέλλειν
3094 4967 3154 5020 τὸ
3186 4965 3349 5034 ἅγιον
3384 4961 3770 5030 θυσιαστήριον
3799 4956 4017 5011 τελειῶ-

2446 5085 2558 5132 σαι,
2609 5066 2702 5119 καὶ
2748 5062 2840 5118 διὰ
2888 5060 2997 5116 τῶν
3030 5058 3200 5114 στοῶν
3230 5053 3640 5126 φωταγωγῆσαι
3681 5050 3769 5104 διὰ
3823 5050 4016 5103 ὑελίων

2446 5135 2750 5226 προσέταξε
2776 5153 2853 5221 τῷ
2897 5147 3216 5222 μηχανικῷ,
3252 5147 3339 5199 ἴνα
3376 5145 3584 5213 γένοιτο
3622 5144 3648 5193 6
3683 5140 3824 5210 μῦαξ
3859 5156 4018 5208 μονο-

2443 5238 2695 5318 ιέάμαρος
2728 5265 2741 5278 ι
2770 5246 2865 5298 καὶ
2899 5244 3062 5296 πάλιν
3105 5236 3509 5310 μεταμεληθεὶς
3539 5232 3838 5305 προσέταξε
3868 5231 4021 5297 γενέ-

2440 5341 2563 5397 σθαι
2588 5342 2839 5410 δίφωτον,
2863 5337 2950 5390 διὰ
2966 5328 3067 5389 δύο
3090 5334 3314 5402 ἀψίδων*
3343 5329 3431 5383 διὰ
3450 5328 3510 5381 τὸ
3533 5329 3605 5396 μὴ
3636 5324 3887 5389 δέξασθαι
3920 5324 4018 5393 βά-

2451 5455 2562 5507 ρος,
2592 5437 2673 5489 ὅτι
2707 5435 2885 5487 ἐκεῖσε
2930 5430 3228 5501 ίκριόματα
3251 5427 3351 5479 οὐκ
3372 5424 3580 5483 ἔθεντο,
3614 5420 3803 5489 ὥσπερ
3846 5419 3902 5469 ἐν
3944 5418 4019 5483 τῷ

2446 5530 2698 5600 νάρθηκι.
2766 5529 2858 5578 καὶ
2918 5524 3010 5575 ἐπί
3058 5522 3155 5583 τὰς
3189 5517 3430 5587 πλευρὰς
3470 5514 3564 5568 τοῦ
3616 5510 3766 5564 ναοῦ.
3800 5509 3934 5586 ’Τῶν
3965 5508 4016 5561 δὲ

2444 5622 2647 5676 λοιπῶν
2679 5617 2939 5689 τεχνιτῶν
2973 5611 3383 5679 ἀντιλεγόντων,
3418 5608 3493 5669 ὡς
3529 5607 3625 5674 μία
3660 5604 3885 5671 καμάρα
3912 5619 4026 5669 φω-

2445 5711 2664 5777 τίζειτδ
2718 5707 3129 5774 θυσιαστήριον,
3162 5702 3253 5755 καὶ
3284 5698 3682 5767 ἀδημονοῦντος
3719 5694 3811 5746 τοῦ
3863 5710 4018 5762 πρω-

2445 5802 2792 5868 τοοικοὸόμου
2822 5799 2872 5848 τε
2906 5799 2966 5848 iv
3000 5810 3237 5863 ποιησει.
3264 5794 3344 5843 ὅτι
3384 5791 3513 5841 ποτε
3556 5790 3651 5856 μὲν
3687 5786 3833 5850 λέγει
3862 5787 3887 5835 6
3927 5783 4022 5849 βαη

2435 5874 2623 5958 ante;
2650 5890 2956 5959 μίανὰὺίδιι
2990 5872 3453 5958 mia-hastam
3491 5881 3544 5933 δὲ
3576 5880 3687 5937 δύο,
3725 5871 3814 5928 και
3856 5873 3995 5927 ἐστιέ
