4424 6462
746 359 877 422 1307

1665 372 2052 434 APPENDIX
2093 376 2193 434 Al)
2228 375 2682 444 MlCllAELEM
2728 387 3097 447 PSELLUM.

3855 392 3993 459 1308

739 479 893 531 nata.
924 472 988 525 ad
1018 471 1382 544 quadraginta
1435 475 1546 530 duo
1606 481 1775 533 millia
1831 496 2060 538 numero
2109 492 2269 538 erant
2300 502 2312 537 :
2346 493 2393 547 Α
2421 490 2485 541 τὰ

2249 492 2269 538 ι
2300 502 2312 537 :
2346 493 2393 547 Α
2421 490 2519 552 τὰς
2541 490 2629 544 διὰ
2655 493 2818 546 λίθων
2842 498 3046 565 χρυσάς
3071 495 3381 567 σωληνοτὰς
3398 497 3468 562 τ’,
3500 501 3789 570 στέμματα
3814 502 3879 573 ρ’,
3906 506 3992 558 ἵνα

741 562 929 617 altaris
951 566 1104 634 pepla
1138 581 1232 620 seu
1267 566 1465 621 mdium
1492 583 1778 626 sacrarum
1811 574 1986 628 aulaea
2023 590 2191 630 aurea
2241 578 2319 630 la-

744 654 891 725 pillis
918 657 1122 711 sulcata
1158 666 1435 713 trecenta:
1488 673 1709 717 coronae
1764 674 2013 730 centum,
2071 677 2131 722 ut
2161 682 2318 723 suam

743 763 977 819 quaeque
1008 749 1332 806 solemnitas
1369 752 1619 809 haberet.
1656 744 1938 811 Velamina
1969 774 2135 814 aurea
2183 761 2319 814 cali-

743 854 867 892 cum
896 855 991 893 seu
1025 840 1349 908 poculorum
1386 845 1699 912 margaritis
1730 855 1785 900 et
1834 849 2067 917 gemmis
2122 858 2317 903 ornata

742 927 1103 999 quadraginta
1130 930 1241 985 duo
1292 932 1462 986 millia
1502 948 1732 989 numero
1787 946 1966 992 erant.
2016 936 2314 1007 Evangelia

742 1020 935 1092 viginti
987 1032 1252 1090 quatuor,
1313 1024 1525 1093 singula
1570 1028 2013 1082 centenariorum
2044 1029 2315 1084 duorum:

743 1114 1021 1168 thuribula
1057 1121 1225 1168 aurea
1256 1117 1609 1173 carbunculis
1638 1118 1892 1173 decorata
1942 1121 2164 1191 triginta
2221 1136 2316 1177 sex

747 1207 930 1273 pondo
957 1207 1219 1260 librarum
1248 1207 1631 1279 quadraginta.
1668 1194 1934 1264 Multiﬁda
1984 1213 2318 1267 candelabra

738 1286 884 1351 botri
919 1298 973 1350 in
1016 1312 1221 1351 morem
1282 1300 1610 1353 concinnata
1662 1301 1915 1355 ambonis
1973 1310 2029 1355 et
2064 1302 2316 1366 bematis,

749 1400 959 1439 necnon
998 1387 1287 1443 muliebris
1321 1388 1611 1457 utriusque
1638 1392 1918 1445 conclavis
1958 1400 2125 1459 atque
2191 1408 2319 1446 nari

745 1476 917 1529 thecis
946 1477 1011 1529 ad
1043 1494 1135 1531 ενι
1157 1480 1327 1532 millia
1357 1495 1420 1534 ex
1455 1486 1589 1532 auro
1622 1480 1815 1534 solido.
1850 1480 1931 1534 Ad
1987 1493 2142 1535 tlSum
2186 1497 2317 1537 vero

745 1569 930 1638 templi
957 1578 1201 1623 trecenta
1236 1570 1523 1640 sexaginta
1555 1574 1799 1639 qumque
1830 1574 2028 1638 prazdia
2062 1576 2313 1644 assigna-

747 1662 844 1725 vit,
894 1676 955 1713 er
982 1659 1238 1731 Egypto,
1263 1661 1415 1715 ludia
1448 1666 1512 1717 a'c
1528 1672 1640 1717 toto
1662 1656 1892 1719 Oriente
1909 1672 1962 1719 et
1995 1664 2315 1729 Occidente,

746 1770 807 1805 ac
848 1752 1207 1817 imperatorio
1233 1753 1536 1821 diplomate
1564 1767 1787 1809 cautum
1836 1765 1945 1822 est,
1974 1766 2032 1811 ut
2079 1758 2316 1827 singulis

2423 581 2619 648 ἔχωσιν
2675 585 2734 635 έν
2763 585 2867 653 μιᾷ
2917 584 3127 655 ἑκάστῃ
3181 587 3370 656 ἑορτῇ.
3437 590 3989 663 Ποτηροκαλύμματα

2422 674 2691 744 ὁλόχρυσα
2720 676 2809 729 διὰ
2840 680 3302 748 μαργαριταρίων
3346 681 3441 735 καὶ
3462 681 3625 735 λίθων
3646 685 3845 752 τιμίων
3911 704 3995 755 χιο

2422 761 2608 825 λιάδας
2645 763 2754 832 μ6’.
2789 766 3098 834 Εὐαγγέλια
3129 768 3228 834 κδ’,
3257 769 3452 839 ἔχοντα
3506 772 3610 825 ἀνὰ
3657 776 3991 845 κεντηνὸρια

2424 853 2468 923 β’
2498 871 2511 884 ’
2551 856 2886 929 θυμιατήρια
2912 860 3181 931 ὁλόχρυσα
3209 862 3317 928 λς’,
3382 864 3471 916 διὰ
3524 864 3690 917 λίθων
3740 865 3995 935 λυχνιτα-

2424 946 2556 1015 ρίων
2580 986 2596 1011 ,
2626 947 2817 1018 ἔχοντα
2842 951 3083 1022 σταθμοῦ
3106 953 3296 1023 λίτρας
3346 953 3420 1024 μ’.
3473 941 3861 1028 ΪΙολυκάνδηλα
3909 960 3994 1029 βο-

2420 1038 2610 1106 τρύδια
2642 1040 2737 1093 τοῦ
2786 1042 3059 1111 ἄμϐωνος,
3104 1046 3200 1098 τοῦ
3232 1046 3496 1116 ,βήματος
3541 1049 3835 1119 ὁλόχρυσα,
3884 1050 3993 1102 τῶν

2420 1129 2514 1182 δύο
2545 1133 2879 1197 γυναικίτων
2902 1135 2997 1186 καὶ
3020 1135 3114 1188 τοῦ
3142 1136 3436 1208 νάρθηκος,
3462 1141 3705 1209 χιλιάδας
3731 1140 3803 1205 ς’.
3829 1140 3991 1191 Ἀπε-

2420 1220 2636 1290 κύρωσε
2670 1222 2727 1274 δὲ
2752 1226 2849 1275 καὶ
2882 1226 3139 1295 κτήματα
3163 1226 3291 1293 τξεῖ,
3320 1230 3429 1281 ἀπὸ
3464 1230 3766 1299 Αἰγύπτου,
3799 1230 3991 1293 Ἰνδίας

2421 1311 2515 1360 καὶ
2533 1308 2712 1377 πάσης
2741 1310 2912 1379 Ἐῲας
2937 1312 3031 1364 καὶ
3055 1312 3274 1375 Δύσεως
3317 1316 3635 1385 ὑπάρχοντι
3656 1319 3742 1392 εἰς
3789 1316 3995 1385 διοίκη-

2421 1410 2509 1447 σιν
2545 1394 2638 1448 τοῦ
2672 1395 2800 1448 ναοῦ
2822 1413 2838 1429 ·
2871 1399 3132 1462 τυπώσας
3159 1402 3259 1471 μιᾷ
3291 1402 3496 1473 ἑκάστῃ
3538 1404 3700 1472 ἑορτῇ
3755 1402 3993 1455 δίδοσθαι

2421 1486 2598 1539 ἔλαιον
2627 1488 2799 1559 μέτρα
2827 1489 2997 1559 χίλια,
3065 1490 3208 1544 οἶνον
3271 1493 3445 1564 μέτρα
3497 1495 3541 1547 τ’
3584 1511 3597 1524 ·
3638 1496 3839 1564 ἄρτους
3894 1496 3991 1561 τῆς

2425 1578 2739 1646 προθέσεως
2769 1582 3002 1649 χιλίους·
3041 1583 3242 1649 ὁμοίως
3273 1586 3366 1637 καὶ
3394 1584 3493 1646 τὰς
3554 1586 3841 1655 ἔφη’μέρας
3898 1586 3987 1648 ἐξ·

2422 1666 2601 1732 έθετο,
2640 1669 2931 1739 κληρώσας
2965 1674 3131 1741 ἱερεῖς
3173 1690 3234 1727 τε
3303 1677 3398 1729 καὶ
3465 1676 3569 1738 ἓως
3610 1676 3842 1743 ἐσχάτου
3885 1676 3993 1726 τῶν

2423 1759 2842 1828 ὑπουργούντων
2873 1762 2950 1830 τῷ
2994 1763 3129 1833 ναῷ,
3165 1765 3381 1834 χιλιάδα
3438 1765 3598 1835 μίαν·
3646 1765 3878 1836 ᾀδούσας
3923 1774 3989 1835 ρ’,

744 1845 1057 1913 quibusque
1112 1844 1501 1899 festivitatibus
1573 1846 1837 1901 darentur
1885 1849 1991 1902 olei
2044 1865 2319 1902 mensura:
2350 1828 2392 1881 Β
2428 1868 2491 1918 με

2249 1865 2319 1902 rte
2350 1828 2392 1881 Β
2428 1850 2792 1918 μεριζομένας
2840 1828 3384 1925 εἰς-δύοέόδομάδας.
3420 1828 3711 1909 Attenes
3767 1857 3863 1909 καὶ
3916 1828 3992 1924 ἐῷ

748 1937 917 2000 mille,
945 1948 998 1989 et
1028 1936 1138 1989 vini
1189 1952 1462 1992 mensura:
1518 1946 1803 1999 trecentw.
1864 1955 2034 2009 panes
2072 1943 2323 2010 proposi-

745 2027 914 2082 tionis
944 2027 1113 2081 mille.
1178 2026 1357 2081 Simili
1418 2043 1639 2097 quoque
1711 2030 1922 2083 ratione
1976 2031 2319 2084 sacerdotum

745 2119 891 2185 vices
920 2118 1275 2187 quotidianas
1303 2119 1614 2184 constituit,
1646 2137 1765 2176 eam
1802 2122 1867 2175 ad
1908 2131 2114 2177 sortem
2145 2121 2318 2191 depu-

2424 1936 2612 2007 κλήρῳ
2639 1939 2829 1992 κελλία
2864 1942 2944 2002 εἰς
2972 1944 3041 1993 τὰ
3082 1943 3246 2012 πέριξ
3283 1945 3450 1997 αὑτοῦ
3484 1946 3630 1999 κατὰ
3691 1947 3792 2016 τὴν
3841 1946 3996 2012 τάξιν

2424 2028 2637 2081 αὐτῶν*
2679 2030 2774 2082 καὶ
2804 2033 2925 2095 ταῖς
2966 2032 3229 2102 ᾀδούσαις
3270 2035 3626 2106 σκηνώματα,
3684 2036 3779 2090 δύο
3820 2038 3997 2106 ἀσκη-

2421 2124 2608 2191 τήρια.

744 2222 870 2264 tans
890 2226 1013 2263 eum
1044 2210 1379 2273 sacerdotes,
1413 2219 1527 2265 tum
1559 2213 1697 2265 alios
1722 2214 1786 2268 ad
1845 2215 2088 2268 inﬁmum
2138 2229 2311 2279 usque
2347 2214 2573 2279 gradum
2607 2222 2839 2268 numero
2861 2216 3032 2281 mille,
3054 2215 3391 2271 cantatrices
3440 2228 3685 2282 centum,
3743 2218 3798 2271 in
3859 2218 3997 2275 duas

746 2301 1113 2356 hebdomadas
1149 2303 1379 2358 divisas.
1443 2304 1667 2359 Cellulre
1716 2309 2121 2377 circumposita:
2166 2309 2313 2361 clero
2344 2308 2637 2377 assignatas
2668 2324 2766 2378 pro
2817 2310 3086 2380 cujusqite
3123 2308 3308 2379 gradu
3337 2319 3500 2365 sunt:

744 2408 873 2446 vero
896 2393 1006 2444 duo
1038 2395 1303 2446 asceteria
1337 2394 1388 2447 iu
1425 2393 1765 2449 domicilium
1800 2398 2021 2450 tradita.

3590 2312 3993 2367 rantatricibus

745 2504 938 2577 Cruces
973 2517 1187 2572 septem,
1223 2507 1444 2575 singulae
1474 2508 1631 2559 utrius
1663 2512 1949 2564 centenarii
1996 2513 2187 2577 pondo.
2235 2509 2569 2564 Candelabra
2622 2507 2746 2559 item
2787 2510 2948 2577 aurea
3004 2507 3138 2559 varii
3175 2508 3385 2577 generis
3434 2518 3485 2561 et
3518 2508 3716 2575 lapillis
3764 2514 3995 2577 ornata;

818 2576 928 2626 alia
992 2587 1055 2650 at
1119 2577 1282 2629 altari
1340 2578 1669 2637 inservirent.
1713 2581 1820 2633 alia
1866 2575 2133 2650 vero-qua,
2183 2598 2342 2633 mrum
2397 2578 2745 2650 gestarentur.
2796 2576 3056 2644 Impensa:
3103 2575 3234 2631 acta:
3278 2581 3329 2632 in
3377 2588 3704 2631 structuram
3764 2575 3998 2629 umbonis

818 2661 880 2695 ac
920 2644 1094 2698 solem.

817 2763 1026 2818 Cruces
1056 2763 1181 2816 item
1210 2771 1420 2832 septem
1449 2765 1563 2819 ﬁeri
1585 2766 1823 2830 curavit,
1861 2766 2043 2835 pondo
2077 2767 2323 2837 singulas

747 2854 1058 2909 centenarii
1083 2856 1269 2916 unius,
1300 2856 1565 2922 pervariis
1601 2857 1803 2925 lapillis
1830 2856 2091 2925 pretiosis
2118 2858 2326 2925 magni-

750 2948 851 2997 tice
878 2951 1144 3007 ornatas;
1180 2943 1253 2997 ita
1293 2952 1352 2997 ut
1373 2952 1496 2998 octo
1524 2948 1860 3005 centenariis
1885 2949 2323 3002 aestimarentur:

750 3035 995 3102 itemque
1025 3034 1137 3089 duo
1165 3034 1502 3089 candelabra
1538 3046 1701 3090 aurea
1732 3054 1853 3106 quae
1911 3054 2073 3092 manu
2136 3048 2322 3107 gesta-

750 3132 963 3188 rentur,
992 3124 1225 3191 gemmis
1253 3132 1306 3177 et
1336 3125 1594 3178 maximis
1660 3129 1973 3195 margaritis
2041 3129 2324 3195 distincta,

748 3230 869 3281 quae
898 3215 1060 3268 etiam
1094 3216 1364 3268 :estimata
1404 3214 1556 3269 l‘nere
1583 3219 1700 3270 auri
1763 3220 2006 3289 quinque
2057 3230 2322 3275 centena-

750 3308 848 3362 riis
875 3324 887 3360 :
911 3308 1013 3361 alia
1047 3324 1264 3377 quoque
1292 3309 1401 3363 duo
1433 3311 1765 3365 candelabra
1798 3325 1965 3365 aurea
1996 3328 2115 3377 qua:
2153 3316 2319 3368 manu

750 3411 1095 3467 gPSlarellllll‘
1126 3403 1340 3471 sculpta
1377 3404 1615 3472 ingentis
1634 3404 2061 3474 magnitudinis;
2087 3421 2318 3475 quorum

755 3495 919 3555 pedes
951 3509 1014 3546 ex
1044 3507 1179 3546 auro
1206 3493 1381 3547 solido
1414 3494 1667 3548 mstimati
1694 3496 1823 3547 sunt
1852 3497 1970 3548 auri
2005 3497 2160 3551 libris
2188 3512 2318 3551 cen-

752 3594 862 3637 tum
922 3584 1205 3639 undecim:
1251 3584 1380 3639 fecit
1411 3583 1541 3638 item
1576 3584 1837 3639 candelas
1888 3589 2070 3640 varias
2127 3587 2325 3655 lapillis

753 3675 1041 3730 distinctas
1066 3690 1300 3731 numero
1328 3687 1591 3746 quatuor,
1628 3685 1683 3729 ut
1716 3687 1927 3732 starent
1959 3694 2125 3746 supra
2159 3695 2325 3732 aurea

751 3774 809 3817 et
853 3766 1169 3835 crystallina
1198 3766 1553 3821 candelabra.
1582 3768 1703 3821 Alia
1730 3782 1950 3837 quoque
1982 3769 2324 3823 coitlicienda

753 3855 991 3917 curavit,
1030 3865 1086 3908 ut
1124 3857 1284 3909 altari
1315 3857 1672 3911 inservirent.
1722 3850 1803 3910 Ad
1839 3858 2152 3935 .autbonem
2195 3857 2324 3911 item

754 3948 1048 4014 deputatus
1096 3955 1355 4017 sumptus
1413 3958 1519 4011 est,
1548 3948 1640 4017 qui
1702 3964 1768 4001 ex
1823 3946 2061 4017 (Egypto
2118 3958 2329 4002 tantum

756 4048 984 4093 exactus
1038 4048 1123 4093 est
1173 4039 1241 4093 ad
1298 4040 1694 4094 numismatum
1753 4048 1996 4093 trecenta
2051 4042 2333 4110 sexaginta

755 4128 1000 4197 quinque
1022 4129 1355 4182 centenaria.
1382 4127 1505 4182 Haec
1537 4129 1911 4197 suppeditavit
1945 4128 2009 4181 ad
2042 4130 2331 4183 ambOnem

754 4233 877 4271 cum
909 4218 1099 4273 solea:
1135 4234 1299 4288 quam
1348 4221 1669 4289 peccuniam
1711 4234 1774 4273 ex
1840 4225 1998 4288 pacto
2040 4230 2333 4286 acceperat

2509 2763 2787 2834 Σταυροὺς
2825 2763 2881 2817 δὲ
2908 2763 3132 2831 ἐποίησε
3180 2760 3249 2825 ζ’,
3302 2762 3585 2824 στένοντας
3640 2759 3841 2833 χρυσοῦ
3898 2760 4003 2816 ἀνά

2447 2854 2805 2923 κεντηνάριον
2833 2853 2891 2905 έν
2916 2869 2929 2883 ·
2957 2850 3306 2914 καλλωπίσας
3339 2852 3533 2913 αὐτοὺς
3566 2850 3674 2904 ἀπὸ
3735 2848 3999 2901 παντοίων

2428 2945 2536 2997 τῶν
2563 2944 2726 2997 λίθων
2759 2943 3090 3005 πολυτελῶν,
3122 2944 3196 3007 ὡς
3219 2942 3575 3011 διατιμᾶσθαι
3629 2941 3852 3001 τούτους
3899 2938 4001 2991 ἀνά

2432 3034 2494 3105 ρ”
2521 3034 2577 3105 ρ”
2603 3033 2673 3102 η’.
2711 3034 2823 3086 Καὶ
2862 3033 3164 3102 μανουάλια
3197 3032 3291 3086 δύο
3320 3034 3587 3103 ὁλόχρυσα
3616 3031 3703 3084 διὰ
3730 3028 3990 3099 λιθαρίων

2433 3129 2530 3179 σὺν
2582 3127 2861 3195 μεγίστοις
2913 3126 3397 3197 μαργαριταρίοις,
3455 3125 3492 3178 ἃ
3537 3125 3629 3178 καὶ
3687 3121 4001 3191 ἀπετιμήθη

2431 3220 2654 3291 χρυσίου
2688 3222 3017 3289 κεντηνάρια
3054 3219 3117 3283 ε’,
3146 3220 3235 3270 καὶ
3271 3220 3435 3287 ἕτερα
3476 3216 3777 3287 μανουάλια
3807 3212 4007 3283 β’,όλό-

2430 3327 2612 3380 χρυσα
2654 3310 2873 3378 γλυπτὰ
2923 3310 3293 3380 παμμεγέθη·
3327 3310 3452 3371 τοὺς
3510 3309 3566 3361 δὲ
3609 3307 3773 3370 πόδας
3826 3304 4009 3359 αὐτῶν

2430 3400 2752 3470 ὁλοχρύσους
2785 3401 2949 3469 τιμῆς
2977 3402 3198 3469 χρυσίου
3232 3401 3357 3470 ρια’.
3405 3401 3654 3470 Ἐποίησε
3688 3400 3751 3450 δὲ
3780 3397 3872 3450 καὶ
3901 3397 4005 3463 φά-

2428 3492 2549 3542 τλια
2573 3492 2807 3560 διάφορα
2837 3491 2926 3545 διὰ
2964 3493 3128 3546 λίθων
3178 3494 3419 3561 τέσσαρα
3445 3508 3457 3520 ·
3492 3491 3740 3544 ὲτύπωσε
3801 3488 3857 3541 δὲ
3920 3488 4008 3538 ἵνα

2428 3581 2684 3634 ’ἵστανται
2715 3582 2899 3635 ἐπάνω
2920 3583 3024 3635 τῶν
3049 3582 3267 3654 χρυσῶν
3298 3581 3395 3635 καὶ
3431 3583 3614 3652 κρύων
3649 3576 4006 3648 μανουαὶλων.

2441 3672 2646 3740 Ἕτερα
2665 3672 2721 3724 δὲ
2758 3672 3012 3740 ἐποίησεν
3042 3675 3123 3735 εἰς
3162 3673 3221 3723 τὸ
3250 3671 3661 3737 θυσιαστήριον.
3688 3667 3780 3725 Εἰς
3810 3665 3863 3717 δὲ
3917 3666 4009 3717 τὸν

2437 3762 2663 3830 ἇμϐωνα
2695 3761 2950 3825 ὲξωδίασε
2982 3764 3206 3833 χρυσὸν,
3259 3763 3395 3833 ὅπερ
3443 3760 3593 3828 ἐδόθη
3651 3757 3708 3823 ἐξ
3735 3754 4008 3823 Αἰγύπτου

2437 3856 2622 3923 μόνον,
2648 3857 3004 3925 νομισμάτων
3040 3855 3372 3924 κεντηνάρια
3400 3853 3526 3917 τξε’⁸
3556 3850 3743 3903 Ταῦτα
3776 3848 4007 3914 tamen-

2435 3964 2526 4000 σεν
2551 3949 2631 4010 εἰς
2657 3948 2747 4000 τὸν
2776 3948 3010 4016 ἄμϐωνα
3045 3949 3143 4000 σὺν
3176 3950 3243 4017 τῇ
3281 3946 3478 4017 σωλέᾳ,
3508 3946 3645 4012 ὅπερ
3674 3940 3835 3994 ἔλαϐε
3901 3937 4008 3991 πά-

2437 4040 2566 4093 κτὸν
2623 4041 2787 4110 μέχρι
2824 4040 2867 4109 β’
2890 4056 2903 4071 ·
2931 4041 2959 4092 ό
2994 4041 3101 4109 γὰρ
3148 4040 3319 4109 μέγας
3352 4036 3763 4096 Κωνσταντίνος
3795 4030 4011 4084 ἐτύπω-

2431 4130 2524 4183 σεν
2552 4132 2657 4184 ἀπὸ
2686 4131 2796 4184 τῶν
2847 4131 3137 4203 βαρϐάρων
3165 4131 3388 4201 Περσῶν
3418 4128 3838 4199 βασιλευόντων,
3917 4123 4010 4176 καὶ

2434 4222 2636 4292 ἑτέρων
2668 4223 2878 4277 πολλῶν
2906 4223 3076 4276 ὲθνῶν
3110 4230 3168 4293 ρ”
3210 4223 3267 4293 ρ”
3300 4229 3349 4288 γ’
3378 4228 3453 4287 ς’.

750 4323 934 4378 usque
964 4310 1029 4362 ad
1086 4309 1197 4365 duo
1249 4311 1416 4365 millia
1455 4308 1842 4381 [centenaria.]
1892 4308 2119 4378 Magnus
2168 4312 2313 4366 enim
2361 4315 2760 4370 Constantinus
2816 4329 2847 4368 ιι
2910 4315 3163 4369 barbaris
3204 4311 3495 4368 Persarum
3541 4310 3762 4380 regibus
3818 4319 3873 4367 et
3940 4309 4009 4363 ab
4078 4330 4081 4331 '

756 4403 880 4457 aliis
909 4402 1095 4457 multis
1134 4405 1392 4474 gentibus
1416 4403 1728 4457 centenaria
1764 4404 1872 4455 tria
1908 4402 2077 4456 millia
2111 4412 2165 4459 et
2220 4421 2313 4460 sex
2338 4409 2608 4464 solvenda
2641 4408 2836 4462 edixit.

754 4513 1099 4571 Justinianus
1134 4519 1383 4583 templum
1416 4516 1743 4587 Sophianum
1776 4513 2041 4587 adiﬁcare
2064 4518 2216 4585 cmpit
2239 4530 2288 4572 et
2322 4523 2562 4577 absolrit.
2593 4523 2837 4587 Quatuor
2863 4520 3157 4585 na‘rtheces,
3181 4531 3408 4587 quatuor
3430 4522 3652 4587 flumina
3673 4535 3736 4572 ατ
3764 4517 4013 4585 paradiso

825 4587 1084 4661 egeantia
1096 4588 1402 4661 appellavit.
1443 4584 1591 4641 Mare
1625 4588 1678 4639 in
1705 4586 1891 4639 dextro
1923 4584 2085 4639 latere
2123 4590 2299 4643 dextri
2329 4594 2572 4661 gynteciti

2262 4592 2299 4643 ri
2329 4584 2970 4661 gyntecitifLeoutart'um
3013 4584 3157 4642 locus
3191 4584 3295 4642 ubi
3334 4584 3630 4643 sacerdotes
3672 4584 4009 4640 lavabantur.

830 4656 1107 4710 Metatorii
1138 4657 1458 4710 cubiculum.

827 4772 1001 4824 Porro
1035 4771 1381 4835 Justinianus
1427 4774 1581 4828 solus
1612 4783 1667 4827 et
1725 4777 1987 4846 templum
2048 4777 2327 4832 aediﬁcare
2363 4790 2405 4844 ο

760 4864 965 4933 incepit
1016 4874 1071 4919 et
1120 4866 1395 4935 inceptum
1430 4868 1689 4929 absolvit,
1718 4870 1937 4923 nemine
1990 4880 2083 4923 aut
2145 4870 2198 4921 in
2251 4885 2346 4921 ex-

760 4972 1056 5027 pensarum
1091 4966 1186 5010 aut
1218 4959 1273 5011 in
1310 4959 1491 5028 operis
1526 4968 1737 5030 partem
1769 4963 2046 5015 veniente.
2102 4961 2344 5029 Eratque

762 5049 899 5103 illud
930 5049 1361 5117 pulcherrimum
1391 5052 1768 5121 spectaculum
1816 5052 1861 5106 si
1895 5055 2101 5105 variam
2156 5051 2343 5119 templi

764 5140 1225 5207 pulchritudinem
1250 5143 1623 5211 conspiceres,
1651 5145 1797 5210 quod
1823 5142 2189 5213 undequaque
2209 5156 2344 5195 auro

766 5244 820 5288 et
852 5244 1080 5302 argento
1120 5234 1374 5304 fulgeret.
1419 5235 1530 5291 Nec
1564 5238 1748 5290 minus
1803 5234 2128 5289 admirabile
2183 5248 2344 5287 acce-

768 5327 1029 5381 dentibus
1061 5327 1436 5395 pavimentum
1470 5326 1780 5392 videbatur,
1807 5327 1954 5396 quod
2006 5338 2342 5379 marmorum

772 5416 1062 5487 omnigena
1130 5418 1398 5471 varietate
1453 5417 1773 5471 micantium
1846 5416 2344 5484 coagmentatione,

774 5524 869 5561 ceu
903 5510 955 5562 in
994 5508 1131 5561 mari
1168 5519 1331 5577 atque
1368 5510 1421 5562 in
1453 5508 1774 5562 ﬂuminibus
1817 5523 1971 5575 aquae
2000 5506 2167 5561 ﬂuere
2198 5506 2347 5560 vide-

779 5608 990 5657 rentur.
1024 5599 1157 5653 Nam
1190 5609 1429 5669 quatuor
1454 5602 1640 5670 templi
1680 5602 1837 5665 lines,
1879 5602 1993 5653 sive
2029 5599 2344 5661 nartbet-cs,

777 5699 1014 5761 quatuor
1048 5691 1273 5747 ﬂumina
1329 5707 1394 5747 ex
1461 5693 1720 5762 paradiso
1780 5690 2033 5746 exeuntia
2095 5690 2346 5744 vocavit:

780 5786 1062 5853 legemque
1105 5783 1252 5850 fecit,
1287 5795 1342 5840 ut
1376 5786 1625 5856 quisquis
1667 5802 1762 5856 pro
1817 5784 2059 5857 peccatis
2092 5796 2347 5852 sf‘sl'e'c'a‘

2530 4777 2587 4830 '0
2615 4775 2673 4829 δὲ
2713 4773 3093 4836 ’ῐουστινιανδς
3124 4775 3287 4843 μόνος
3324 4773 3548 4842 ἤρξατο,
3594 4771 3687 4824 καὶ
3716 4771 3873 4837 μόνος
3897 4771 4014 4823 tuo

2447 4868 2641 4921 λείωσε
2661 4867 2751 4919 τὸν
2777 4866 2927 4930 ναὸν,
2960 4866 3190 4935 μηδενὸς
3246 4865 3435 4933 ἑτέρου
3487 4862 3795 4932 συνδρομὴν
3857 4862 4014 4929 ποιή-

2447 4977 2660 5022 σαντος,
2694 4960 2726 5027 ἢ
2765 4958 3090 5026 οἱανδήποτε
3126 4958 3441 5024 οἰκοδομήν.
3472 4955 3673 5023 Θαῦμα
3696 4955 3749 5007 δὲ
3776 4951 3843 5024 ἦν
3894 4954 4016 5007 θεά-

2447 5050 2642 5102 σασθαι
2671 5051 2727 5101 ἐν
2764 5048 2841 5118 τῷ
2872 5047 3058 5101 κάλλει
3088 5048 3180 5100 καὶ
3207 5050 3270 5116 τῇ
3298 5046 3545 5114 ποικιλίᾳ
3591 5044 3686 5097 τοῦ
3728 5043 3880 5103 ναοῦ,
3936 5044 4017 5096 ὅτι

2446 5141 2715 5195 πάντοθεν
2743 5137 2810 5209 ἦν
2843 5140 2919 5209 τῷ
2954 5139 3164 5209 χρυσίῳ
3200 5142 3294 5191 καὶ
3337 5138 3563 5208 ἀργύρῳ
3622 5137 4016 5207 ἐξαστράπτον.

2446 5235 2555 5286 Καὶ
2584 5236 2663 5296 εἰς
2698 5233 2759 5284 τὸ
2785 5232 2988 5300 ἔδαφος
3014 5230 3210 5301 θαῦμα
3258 5227 3327 5301 ἦν
3376 5234 3486 5292 τοῖς
3522 5230 3804 5293 εἰσιοῦσιν,
3853 5230 3908 5279 ἐν
3949 5231 4015 5296 τῇ

2447 5324 2690 5393 ποικιλίᾳ
2716 5322 2826 5375 τῶν
2844 5321 3150 5392 μαρμάρων
3185 5321 3341 5389 δίκην
3384 5321 3657 5389 θαλάσσης
3688 5316 3939 5389 ὁρᾶσθαι,
3982 5318 4015 5386 ἢ

2447 5415 2707 5485 ποταμῶν
2737 5414 2924 5484 ῥέοντα
2959 5411 3145 5467 ὕδατα.
3175 5413 3284 5475 Τὰς
3306 5412 3413 5480 γὰρ
3445 5412 3711 5479 τέσσαρας
3742 5410 3898 5476 φίνας
3924 5408 4018 5460 τοῦ

2449 5510 2579 5563 ναοῦ
2615 5509 2869 5579 ὠνόμασε
2893 5510 3018 5573 τοὺς
3041 5508 3081 5562 δ’
3136 5508 3412 5574 ποταμοὺς
3450 5506 3576 5567 τοὺς
3627 5502 4018 5574 ὲξερχομένους

2450 5599 2515 5649 ἐκ
2542 5596 2637 5650 τοῦ
2671 5598 3027 5666 παραδείσου·
3056 5598 3149 5649 καὶ
3178 5595 3344 5648 ἔδωκε
3370 5596 3531 5664 νόμον
3558 5594 3702 5647 κατὰ
3720 5594 3817 5655 τὰς
3834 5594 4017 5661 ἁμαρ·

2448 5688 2565 5748 τίας
2588 5687 2838 5738 ἵστασθαι
2872 5688 2929 5738 ὲν
2952 5686 3139 5748 αὐτοῖς
3166 5685 3265 5737 ’ἐνα
3304 5686 3537 5738 ’ἑκαστον
3569 5684 4019 5754 ἀφοριζομὲνους.

2463 5778 2716 5846 Ἐποίησε
2740 5778 2795 5830 δὲ
2821 5778 2899 5839 εἰς
2921 5782 3019 5847 τὴν
3046 5777 3246 5846 φιάλην
3275 5776 3504 5845 γυρόθεν
3536 5778 3694 5837 στοὰς
3720 5772 4018 5845 σρεατικάς
