4424 6462
390 405 529 470 1309

1467 410 1666 471 ΑΝΟΝ
1685 413 1812 472 i’Ml
1864 413 2424 485 ANTIQUITATES
2456 416 2566 477 ΕΡ.

3510 427 3647 488 1310

386 531 474 592 ιδ’,
514 532 608 583 καὶ
638 529 857 590 λέοντας
887 527 1124 591 λιθίνους
1171 527 1502 597 ὲρεύγεσθαι
1564 529 1627 582 τὸ
1674 530 1819 599 ὕδωρ
1875 532 1954 594 εἰς
1987 539 2031 593 Α
2062 542 2133 586 rel

1892 532 1954 594 at;
1987 539 2031 593 Α
2062 542 2232 596 retur,
2260 530 2387 586 istic
2425 532 2719 588 stationem
2754 535 2997 592 haberet.
3025 536 3187 592 Circa
3224 553 3356 594 vero
3387 539 3639 596 Phialam

383 623 639 692 ἀπόνιψιν
670 622 763 675 τοῦ
787 621 937 675 λαοῦ.
970 621 1064 674 Ἔν
1084 622 1136 674 δὲ
1161 623 1227 691 τῇ
1257 621 1408 692 δεξιᾷ
1440 622 1650 692 πλευρᾷ
1674 622 1767 676 τοῦ
1786 623 1961 688 δεξιοῦ

385 715 709 781 γυναικίτου
746 711 970 781 ἐποίησε
1002 711 1279 765 θάλασσαν
1314 714 1475 781 μέχρι
1505 711 1810 781 σπιθαμῆς.
1876 713 1963 766 ἴνα

384 808 680 875 ἀνέρχηται
736 802 796 856 τὸ
825 804 990 873 ὕδωρ,
1016 803 1109 856 καὶ
1149 802 1393 871 κλίμακα
1422 805 1548 873 μίαν
1589 805 1844 874 ὑπεράνω
1866 806 1964 872 τῆς

384 900 684 966 θαλάσσης,
715 898 803 949 ἵνα
829 896 1211 966 διέρχωνταιοὶ
1236 896 1421 966 ἱερεῖς’
1450 896 1645 966 ἔστησε
1662 898 1716 950 δὲ
1734 897 1965 966 δεξαμε-

383 994 480 1054 νὰς
529 989 894 1059 ὀμὸριμαίους
925 989 1216 1056 ναμάτων,
1247 989 1342 1040 καὶ
1371 988 1571 1056 ἐγλυψε
1600 989 1825 1052 λέοντας
1856 987 1963 1041 δὼ-

383 1086 535 1145 δεκα,
565 1083 660 1135 καὶ
690 1080 986 1149 παρδάλεις
1016 1080 1246 1141 δώδεκα,
1274 1080 1477 1151 δόρκας
1496 1080 1730 1143 δώδεκα,
1760 1082 1847 1134 ῖνα
1899 1082 1964 1133 ἐκ

384 1176 492 1228 τῶν
527 1174 832 1244 φαρύγγων
874 1172 1054 1225 αὐτῶν
1084 1172 1338 1241 ὲμεῖσΘαι
1360 1174 1421 1225 τὸ
1455 1174 1600 1243 ὕδωρ
1645 1174 1734 1227 διὰ
1783 1192 1965 1245 μηχα-

384 1270 501 1336 νῆς,
538 1269 617 1330 εἰς
639 1267 700 1319 τὸ
720 1268 847 1329 τοὺς
885 1267 1052 1335 ἱερεῖς
1102 1266 1397 1320 νὶπτεσθαο
1452 1269 1635 1336 μόνον.
1700 1268 1963 1321 Ἐκάλεσε

383 1362 439 1413 δὲ
467 1360 557 1413 τὸν
596 1360 760 1413 τόπον
816 1358 1176 1429 Λεοντάριον·
1239 1360 1335 1413 καὶ
1383 1360 1766 1431 Μητατώριον,
1826 1361 1964 1430 ὅπερ

383 1456 566 1507 ἐκεῖσε
593 1453 852 1521 ἀνήγειρε
878 1451 1116 1504 κοιτῶνα
1144 1451 1353 1521 ὡραῖον
1387 1451 1703 1522 διάχρυσον,
1729 1454 1818 1507 ἵνα
1866 1471 1965 1507 πο-

385 1542 684 1613 ρευομένου
716 1539 882 1593 αὑτοῦ
914 1541 1027 1593 ἀπὸ
1073 1539 1170 1593 τοῦ
1237 1541 1392 1604 ναοῦ,
1452 1544 1633 1597 ἐκεῖσε
1699 1542 1960 1613 καθεύδῃ.

382 1634 493 1697 Τὴν
512 1633 567 1685 δὲ
599 1632 915 1700 ὡραιότητα
954 1634 1046 1684 καὶ
1084 1632 1399 1701 ὑπερὸολὴν
1426 1632 1520 1685 τοῦ
1578 1634 1809 1696 κάλλους
1868 1634 1964 1687 τοῦ

382 1725 812 1795 κεχρυσωμένον
846 1725 938 1776 καὶ
978 1725 1433 1793 διηργυρωμὲνου
1459 1725 1613 1790 ναοῦ,
1671 1726 1778 1779 ἀπὸ
1842 1723 1965 1795 ὀρό-

383 1834 516 1887 φους
542 1816 645 1877 ἕως
675 1806 924 1886 ἐδάφους,
944 1815 1026 1877 τίς
1058 1815 1389 1885 διηγήσεται
1418 1832 1432 1880 ;

2067 624 2195 679 fecit
2258 624 2546 679 duodecim
2602 626 2848 695 porticus
2902 643 3027 683 cum
3083 630 3289 698 puteis,
3347 631 3646 702 leonesque

2068 714 2309 785 lapideos
2336 731 2553 784 aqttatn,
2578 732 2685 785 qua
2706 731 2763 771 se
2797 719 3028 789 populus
3053 719 3281 785 lavaret,
3308 733 3640 781 eructantes.

2069 809 2123 861 lu
2148 809 2374 863 dextero
2393 819 2574 863 autem
2596 810 2765 864 latere
2788 808 2965 865 dextri
2991 813 3267 882 gynaaciti.
3302 800 3455 869 mare
3481 817 3647 873 unius

2067 902 2235 956 cubiti
2267 901 2644 966 concinnavit,
2680 914 2738 959 ut
2763 918 2905 973 aqua
2938 906 3287 974 ascenderet,
3324 910 3647 979 scalamque

2069 1011 2256 1059 unam,
2291 1003 2349 1048 ut
2376 1010 2539 1063 supra
2566 1012 2716 1052 mare
2745 998 3061 1054 sacerdotes
3092 1001 3419 1057 transirent.
3457 1004 3649 1059 Posuit

2073 1087 2202 1141 item
2222 1088 2469 1142 conchas
2492 1102 2588 1141 seu
2622 1088 2971 1159 receptacula
3001 1105 3155 1159 aqua:
3182 1091 3402 1160 pluviae,
3434 1093 3645 1148 duode—

2068 1170 2496 1246 cintquclconcs
2532 1180 2783 1250 sculpsit,
2817 1181 3022 1251 pardos
3074 1182 3389 1249 duodecim,
3452 1183 3645 1238 damas

2069 1267 2356 1321 duodecim
2384 1286 2398 1333 ;
2436 1285 2557 1337 qum
2585 1269 2853 1327 machinis
2883 1273 3213 1343 quibusdam
3270 1289 3468 1343 aquam
3516 1289 3645 1329 evo-

2066 1361 2287 1425 mendo,
2316 1362 2448 1416 solis
2464 1364 2843 1422 sacerdotibus
2877 1366 3101 1421 lavandi
3129 1367 3342 1437 copiam
3362 1366 3646 1422 lacerent:

2068 1453 2255 1507 locum
2320 1470 2449 1509 vero
2514 1455 2873 1512 Leontarium
2922 1460 3283 1529 nuncupavit.
3342 1459 3652 1529 Appellavit

2067 1558 2234 1612 porro
2274 1544 2623 1602 Metatorium
2658 1548 2972 1605 cubiculum
3011 1550 3148 1604 illud
3187 1551 3521 1620 speciosum,
3555 1565 3654 1602 au-

2068 1650 2245 1703 roque
2268 1645 2524 1693 ornatum
2551 1642 2620 1694 ab
2650 1656 2709 1695 se
2734 1642 2936 1695 ibidem
2973 1650 3338 1705 exstructum,
3371 1650 3429 1693 ut
3466 1656 3593 1695 cum
3620 1656 3652 1694 e

2068 1729 2273 1797 templo
2295 1730 2492 1796 exiret,
2525 1732 2598 1786 ibi
2632 1733 2960 1800 quiesceret.
2986 1734 3196 1802 Templi
3229 1733 3449 1787 demum
3492 1748 3521 1786 a
3571 1740 3653 1788 te-

2066 1828 2157 1870 cto
2186 1818 2252 1872 ad
2289 1822 2665 1888 pavimentum
2700 1837 2836 1875 auro
2872 1832 3211 1892 argentoque
3238 1821 3466 1877 obducti
3522 1836 3652 1890 spe-

2069 1910 2209 1962 ciem
2235 1912 2608 1981 eximiamque
2649 1914 3118 1982 pulchritudinem
3147 1914 3297 1983 quis,
3329 1926 3389 1968 ut
3418 1929 3517 1983 par
3541 1923 3649 1977 est,

1993 2012 2038 2071 B
2071 2018 2296 2059 narrare
2329 2008 2554 2072 posset?

379 2106 726 2161 Justiniam’is
762 2107 851 2189 die
876 2108 1124 2189 vigesima
1161 2110 1392 2188 secunda
1418 2106 1751 2187 Noreirtbris,
1790 2110 2008 2189 solemni
2046 2132 2239 2185 pompa
2273 2120 2519 2186 templum
2554 2120 2878 2189 Sep/sianum
2925 2139 3030 2175 una
3074 2139 3193 2175 cum
3226 2121 3536 2189 patriarcha
3566 2122 3651 2175 ia-

706 2178 963 2246 gredilur.
1015 2176 1106 2230 Die
1156 2180 1391 2246 sequenti
1423 2178 1601 2243 tempii
1635 2181 1960 2245 apertionem
1999 2176 2144 2252 facit.
2172 2176 2329 2253 'Quas
2361 2176 2667 2261 largitiones
2712 2192 2901 2260 populo
2945 2201 3065 2246 tunc
3094 2176 3300 2261 fecerit.

455 2271 644 2337 Ὅμως
662 2268 956 2328 τελειώσας
986 2269 1078 2320 τὸν
1113 2268 1240 2321 ναὸν
1272 2268 1367 2322 καλ⁵
1398 2270 1467 2320 τὰ
1507 2268 1630 2335 ἱερὰ
1664 2270 1834 2339 σκεύη
1866 2276 1960 2324 καὶ

380 2362 729 2430 ἀναθήματα,
759 2360 894 2428 αὐτῇ
922 2362 987 2428 τῇ
1025 2359 1131 2425 κδ’,
1160 2359 1252 2411 τοῦ
1283 2358 1595 2427 Νοεμϐρίου
1628 2360 1819 2428 μηνὸς,
1851 2365 1967 2413 εἰσ-

380 2455 544 2520 ῆλθεν
586 2455 693 2506 ἀπὸ
718 2454 811 2506 τοῦ
837 2452 1113 2505 Παλατίου
1155 2451 1295 2519 μετὰ
1322 2451 1699 2521 προελεύσεως
1730 2456 1822 2505 τὸν
1858 2474 1961 2507 πυ-

379 2544 526 2602 λῶνα
578 2546 673 2596 τοῦ
739 2543 1161 2615 Αὑγουστιῶνος
1185 2542 1279 2594 τοῦ
1325 2542 1718 2613 εἰσερχομένου
1780 2547 1862 2607 εἰς
1906 2546 1967 2598 τὸ

392 2634 719 2706 Ὠρολόγιον,
761 2634 1129 2705 καθεζόμενος
1158 2635 1253 2687 ἐπὶ
1311 2634 1561 2704 ἅρματος
1598 2637 1737 2705 μετὰ
1781 2636 1822 2690 δ’
1882 2640 1968 2691 ἴπ-

379 2708 520 2792 ίπων,
555 2729 648 2782 καὶ
676 2728 835 2780 ἔθυσε
865 2727 992 2795 βόας
1032 2734 1078 2780 α’
1114 2728 1207 2779 καὶ
1233 2726 1510 2795 πρόϐατα,
1541 2734 1617 2791 ς’,
1637 2728 1869 2797 ἐλάφους
1891 2737 1961 2799 χ’,

382 2822 517 2886 σύας
574 2827 644 2883 α’,
708 2816 928 2886 ὄρνιθας
977 2819 1071 2871 καὶ
1122 2818 1511 2888 ἁλεκτρυῶνας
1553 2819 1657 2872 ἀνὰ
1703 2818 1955 2889 χιλιάδας

381 2916 534 2968 δέκα.
569 2914 779 2966 Δέδωκε
806 2912 862 2964 δὲ
898 2912 992 2964 καὶ
1022 2913 1136 2974 τοῖς
1168 2911 1365 2980 πένησι
1404 2911 1499 2964 καὶ
1564 2912 1843 2982 δεομένοις
1878 2914 1960 2966 σί-

379 3027 473 3061 του
506 3007 662 3076 μόδια
695 3007 962 3077 μυριάδας
1007 3012 1076 3074 γ’,
1111 3008 1176 3075 τῇ
1235 3005 1421 3076 ἡμέρᾳ
1475 3006 1664 3078 ἐκείνῃ
1702 3006 1770 3059 δι’
1801 3008 1962 3074 ὡρῶν

378 3101 549 3169 τριῶν
573 3118 585 3131 ·
620 3100 714 3153 καὶ
752 3101 874 3153 τότε
903 3098 1231 3152 εἰσώδευσεν
1270 3100 1299 3151 6
1333 3097 1591 3167 βασιλεὺς
1634 3098 1961 3152 Ἰουστινια-

382 3195 471 3259 νος
498 3195 638 3260 μετὰ
655 3194 750 3246 τοῦ
781 3192 1015 3259 σταυροῦ
1048 3191 1256 3245 καὶτοῦ
1289 3193 1636 3262 πατριάρχου
1667 3193 1960 3261 Εὑτυχίου.

2140 2280 2408 2335 Absoluta
2448 2284 2653 2352 templo
2681 2285 2966 2350 sacrisque
2998 2285 3146 2338 vasis
3174 2282 3509 2351 caeterisque
3559 2297 3652 2336 or-

2069 2377 2365 2435 namentis,
2397 2374 2631 2429 solemni
2664 2390 2883 2444 pompa,
2919 2376 3005 2428 die
3028 2372 3353 2430 Novembris
3385 2374 3647 2443 vigesima

2059 2465 2365 2521 secundae
2393 2467 2598 2537 palatio
2650 2469 2705 2522 in
2737 2468 3100 2539 Augustionis
3158 2469 3381 2533 atrium,
3425 2481 3532 2537 qua
3582 2465 3650 2521 ad

2067 2555 2409 2625 horologium
2473 2553 2578 2613 iter
2633 2568 2736 2624 est,
2789 2561 2843 2613 in
2903 2559 3191 2629 quadrigis
3213 2566 3299 2614 est
3329 2558 3649 2629 ingressus:

2066 2651 2433 2718 mactavitque
2462 2650 2628 2705 boves
2665 2651 2836 2711 mille.
2881 2650 3067 2704 ovium
3104 2666 3200 2704 sex
3232 2650 3427 2714 millia,
3452 2664 3651 2705 cervos

2063 2750 2381 2809 sexcentos,
2412 2758 2539 2797 sues
2566 2743 2736 2807 mille,
2764 2744 2998 2811 gallinas
3055 2742 3245 2797 decem
3315 2743 3463 2797 mille
3526 2741 3652 2796 toti-

2061 2832 2296 2902 demque
2361 2835 2568 2904 pnllos.
2641 2833 2956 2904 Eademque
3022 2834 3112 2891 die
3167 2835 3333 2889 trium
3388 2835 3649 2890 horarum

2061 2925 2242 2997 spatio
2268 2926 2536 2996 elargitus
2570 2938 2657 2982 est
2685 2928 3022 2998 pauperibus
3046 2935 3101 2983 et
3123 2927 3314 2997 egenis
3337 2926 3510 2981 tritici
3534 2941 3654 2981 mo-

2069 3018 2285 3072 diorum
2316 3018 2538 3087 triginta
2570 3018 2764 3072 millia.
2819 3017 2940 3083 Quo
2981 3027 3228 3086 peracto,
3298 3016 3652 3071 Justinianus

2060 3104 2372 3179 imperator
2399 3125 2524 3164 cum
2549 3124 2715 3165 cruce
2738 3124 2803 3165 ac
2852 3108 3125 3180 Eutychio
3191 3110 3510 3179 patriarcha
3554 3122 3653 3164 co-

2075 3200 2206 3252 mite
2265 3200 2527 3267 templum
2582 3200 2867 3269 ingressus
2923 3208 3044 3254 est:
3102 3206 3219 3253 tum
3277 3196 3648 3267 apatriarcba

386 3284 502 3340 Καὶ
526 3286 839 3355 ἀποδράσας
862 3286 983 3348 ταῖς
1018 3285 1174 3355 χερσὶ
1211 3284 1305 3337 τοῦ
1337 3284 1680 3354 πατριάρχου
1720 3285 1827 3337 ἀπὸ
1856 3283 1962 3338 τῶν
1990 3287 2035 3347 C
2066 3292 2133 3345 di]

1901 3283 1962 3338 ὗν
1990 3287 2035 3347 C
2066 3292 2314 3360 dilapsus
2361 3307 2388 3343 a
2430 3292 2601 3362 regiis
2667 3290 2877 3344 foribus
2930 3291 3086 3345 solus
3114 3290 3182 3345 ad
3219 3289 3515 3345 ambonem
3550 3302 3648 3342 us-

383 3378 681 3447 βασιλικῶν
712 3377 918 3442 πυλῶν,
953 3376 1156 3445 ἔδραμε
1191 3377 1352 3445 μόνος
1373 3376 1541 3447 μέχρι
1563 3376 1658 3428 τοῦ
1681 3376 1958 3444 άμὸωνος·

382 3472 477 3524 καὶ
527 3470 779 3532 ἐκτείνας
823 3469 923 3530 τὰς
973 3471 1165 3538 χεῖρας
1216 3470 1297 3530 εἰς
1358 3469 1451 3521 τὸν
1492 3467 1747 3538 οὐρανὸν,
1804 3463 1961 3520 εἷπε·

380 3560 515 3627 Δόξα
536 3561 615 3630 τῷ
651 3560 791 3630 Θεῷ,
833 3557 912 3629 τῷ
950 3558 1360 3619 καταξιώσαντι
1407 3577 1478 3627 με
1511 3558 1757 3613 τοιοῦτον
1795 3563 1959 3627 ἔργον

378 3650 736 3705 ἀποτελέσαιο
768 3650 1042 3717 νενίκηκα
1075 3663 1156 3711 σε,
1224 3648 1501 3718 Σολομὼν.
1540 3651 1650 3702 Καὶ
1712 3652 1852 3718 μετὰ
1905 3650 1968 3701 τὸ

380 3744 704 3806 εἰσοδεῦσαι,
739 3742 997 3810 ἐποίησεν
1035 3742 1269 3805 ὑπάτια,
1304 3741 1400 3793 καὶ
1459 3741 1662 3793 δέδωκε
1718 3740 1796 3811 τῷ
1848 3740 1964 3811 λαῷ

379 3836 706 3906 κεντηνάρια
737 3837 861 3904 τρία
886 3834 974 3887 διὰ
1006 3832 1349 3903 Στρατηγίου
1417 3832 1727 3903 μαγίστρου
1791 3832 1964 3887 ταῦτα

380 3929 637 3998 χύνοντος
671 3929 750 3986 εἰς
783 3926 844 3977 τὸ
865 3926 1090 3993 ἔδαφοςο
1130 3926 1225 3979 καὶ
1248 3927 1314 3994 τῇ
1347 3924 1613 3994 ἐπαύριον
1644 3925 1873 3991 ἐποίησε
1900 3930 1966 3978 τά

381 4021 596 4085 ἁνοίξια
631 4018 722 4072 τοῦ
758 4018 916 4081 ναοῦ,
950 4018 1195 4070 τοσαῦτα
1251 4019 1346 4070 καὶ
1381 4017 1603 4070 πλείονα
1659 4019 1969 4072 ὁλοκαυτώ-

384 4128 528 4180 ματα
560 4108 749 4173 θύσας,
770 4108 865 4161 καὶ
894 4108 1058 4179 μέχρι
1075 4107 1183 4160 τῶν
1200 4107 1375 4174 άγίων
1392 4107 1709 4175 Θεοφανῑων
1725 4110 1775 4161 δι
1792 4110 1807 4129 ‘
1825 4110 1967 4178 ἡμι-

383 4202 495 4273 ρῶν
522 4201 921 4255 πεντεκαίδεκα
951 4198 1299 4271 κλητορεύων
1326 4200 1535 4263 πάντας
1570 4199 1666 4253 καὶ
1696 4202 1962 4269 ρογευων.

380 4299 472 4349 καὶ
505 4294 846 4365 εὐχαριστῶν
873 4294 949 4365 τῷ
973 4293 1113 4363 Θεῷ.
1166 4293 1276 4347 Καὶ
1326 4292 1500 4357 οὕτως
1554 4294 1841 4349 ἐτελείωσε
1905 4296 1966 4348 τὸ

379 4389 567 4456 ἐφετὸν
598 4386 759 4455 ἔργον
790 4384 978 4439 αὐτοῦ.

2066 3396 2173 3442 que
2205 3381 2471 3445 cucurrit,
2510 3381 2867 3449 extensisque
2895 3380 2947 3432 iu
2972 3381 3171 3435 caelum
3231 3377 3489 3433 manibus
3521 3377 3598 3432 ait
3629 3393 3643 3430 :

2070 3470 2253 3524 Gloria
2280 3470 2390 3523 Deo
2411 3471 2500 3538 qui
2537 3486 2621 3523 me
2651 3470 2859 3525 honore
2883 3480 2967 3525 est
2985 3472 3267 3540 dignatus,
3297 3481 3355 3524 ut
3380 3470 3488 3524 tale
3511 3484 3652 3537 opus

2068 3560 2436 3629 perficerent:
2489 3559 2595 3613 vici
2660 3568 2754 3626 te,
2815 3560 3106 3624 Salomon,
3136 3560 3268 3615 Post
3318 3560 3653 3628 ingressum,

2067 3654 2390 3709 consulares
2423 3652 2747 3723 largitiones
2785 3654 2937 3717 fecit,
2976 3653 3353 3723 magistroque
3384 3650 3655 3720 Strategio

2068 3748 2123 3802 in
2150 3747 2518 3817 pavimentum
2554 3746 2899 3813 etTuudente,
2927 3749 3030 3801 tria
3080 3746 3398 3801 centenaria
3447 3744 3653 3813 populo

2069 3840 2372 3894 distribuit.
2403 3839 2627 3893 Postero
2680 3838 2767 3892 die
2820 3838 3045 3893 totidem
3069 3837 3151 3890 vel
3206 3836 3653 3890 holocautomata

2073 3949 2199 3989 cum
2235 3940 2556 3996 mactasset,
2608 3930 2798 3999 templi
2850 3931 3194 3998 apertiouem
3241 3928 3391 3991 fecit,
3445 3934 3502 3979 et
3559 3939 3656 3993 per

2074 4027 2192 4080 dies
2221 4024 2535 4094 quindecim
2566 4038 2744 4092 usque
2768 4023 2835 4076 ad
2873 4031 3063 4077 sancta
3094 4020 3477 4089 Thcophania,
3515 4031 3656 4085 epu-

2077 4119 2156 4172 las
2185 4126 2239 4172 et
2278 4117 2566 4187 pecuniam
2604 4113 2809 4183 p0p-.:lo
2868 4112 3288 4181 dilargichatur,
3340 4108 3658 4178 gratiasque

2077 4211 2187 4264 Deo
2213 4209 2427 4277 agebat.
2463 4206 2533 4260 Et
2564 4208 2669 4262 hoc
2713 4205 2875 4261 modo
2934 4202 3308 4259 desideratum
3355 4198 3460 4254 sibi
3512 4212 3656 4267 opus

2078 4299 2329 4370 pcrfeCit.

383 4501 601 4555 Trullus
644 4499 774 4555 (edis
815 4499 1099 4567 Sep/iiuna:
1147 4514 1285 4551 anno
1316 4507 1545 4553 secundo
1584 4498 1793 4554 Justini
1820 4517 1938 4553 cum
1972 4500 2281 4561 corruisset,
2312 4502 2609 4561 ambonem,
2645 4497 2843 4551 soleam
2890 4512 2952 4547 ac
2982 4501 3341 4561 pavimentum
3384 4487 3631 4567 contriuit

452 4571 639 4627 Causa’
685 4559 1291 4636 ruimefRerediﬁcatur
1320 4569 1507 4623 iisdem
1551 4570 1807 4623 lateribus
1843 4568 2086 4625 Rhodiis.
2128 4559 2293 4623 Ambo
2319 4573 2461 4631 uero,
2490 4559 2640 4623 solea
2671 4575 2721 4622 et
2746 4559 3107 4633 pavimentum
3137 4577 3203 4617 ea:
3244 4560 3473 4614 materia
3507 4559 3656 4627 longe

449 4642 670 4695 minoris
698 4641 852 4708 pretii
880 4648 1282 4692 construuntur.
1581 4666 1611 4677 μ

449 4757 714 4826 Διήρκεσε
739 4754 795 4807 δὲ
816 4756 843 4806 6
865 4755 1192 4824 νεωτερικδς
1209 4754 1453 4823 τροῦλος,
1470 4757 1498 4808 ὁ
1517 4754 1667 4825 παρὰ
1689 4754 1782 4809 τοῦ
1803 4756 1974 4823 μεγά-
2010 4759 2056 4818 D

380 4850 472 4901 λου
490 4845 870 4901 Ἰουστινιανοῦ
887 4845 1150 4914 κτισθεὶς,
1170 4847 1265 4899 καὶ
1280 4849 1305 4899 ὁ
1324 4846 1559 4915 άμὸωνῤ
1576 4846 1867 4910 πολύολόος
1883 4838 1981 4901 κάλ.

386 4936 833 5008 πολυθαύμαστος
848 4938 943 4990 σὺν
961 4938 1057 5004 τῆς
1082 4938 1285 4999 σωλέας
1319 4936 1519 4990 καὶτοῦ
1545 4939 1790 4990 ποικίλου
1809 4938 1978 4992 πάτου

383 5032 476 5085 τοῦ
490 5030 619 5085 ναοῦ
638 5030 862 5102 χρόνους
885 5030 1130 5093 ιζ’.Μετά
1146 5031 1202 5083 δὲ
1224 5030 1451 5084 Θάνατον
1465 5031 1559 5084 τοῦ
1578 5029 1977 5095 Ἰουστινιανοῧ,

386 5124 687 5193 ἐκράτησεν
718 5123 1001 5185 ’ῐουστῖνος
1041 5123 1070 5175 6
1108 5121 1325 5191 ἀνεψιὸς
1363 5121 1529 5178 αὑτοῦ
1561 5122 1659 5193 τῆς
1676 5120 1977 5191 βασιλεὶας,

2161 4755 2380 4808 Duravit
2415 4764 2595 4810 autem
2634 4754 2861 4808 Trullus
2891 4752 2982 4806 illa
3034 4756 3177 4804 nova
3230 4746 3457 4803 insolito
3502 4752 3658 4800 stru-

2085 4862 2251 4901 cturae
2282 4863 2482 4917 genere
2511 4863 2541 4900 a
2580 4845 2899 4900 Iustiniano
2953 4842 3217 4906 excitata,
3273 4848 3330 4895 et
3381 4838 3545 4892 ambo
3569 4835 3660 4889 ille

2085 4940 2603 5005 sumptuosissimus
2632 4946 2688 4991 et
2718 4936 3084 4992 admiratione
3112 4933 3312 5003 dignus
3332 4945 3459 4985 cum
3507 4929 3656 4983 solea

2082 5026 2314 5086 et'vario
2343 5031 2523 5099 templi
2547 5033 2858 5099 pavimento
2882 5029 3058 5096 annos
3086 5022 3501 5093 septemdecim.
3524 5022 3657 5074 Post

2082 5133 2311 5179 mortem
2338 5119 2466 5176 vero
2487 5121 2811 5184 Justiniaui,
2831 5118 3122 5188 imperium
3147 5114 3360 5182 excepit
3379 5112 3656 5173 Justinus,

388 5216 479 5269 καὶ
494 5216 575 5279 εἰς
593 5215 685 5268 τὸν
700 5213 954 5283 δεύτερον
983 5215 1173 5280 χρόνον
1192 5213 1380 5277 αὑτοῦ,
1410 5214 1596 5284 ἡμέρᾳ
1620 5220 1682 5276 ε’,
1704 5212 1820 5282 ὦρα
1847 5212 1980 5285 ἕκτῃ
2078 5211 2126 5279 ej

1904 5226 1980 5285 ιτῃ
2078 5211 2200 5279 ejus
2224 5226 2291 5266 ex
2321 5224 2512 5264 sorore
2548 5223 2757 5276 nepos;
2795 5206 2956 5276 cujus
2990 5219 3135 5259 anno
3190 5203 3459 5263 secundo,
3516 5199 3651 5252 feria

388 5308 487 5378 τῆς
505 5307 611 5377 ήμέ
622 5324 742 5376 ρας,
764 5306 980 5373 ἐγένετο
997 5310 1184 5360 πεσεῖν
1213 5306 1563 5372 τὸντροῦλον,
1578 5308 1672 5359 καὶ
1694 5300 1980 5376 συνέτριψε
2078 5320 2135 5372 qt

1905 5300 1980 5374 ,ψε
2078 5304 2290 5372 quinta,
2333 5302 2442 5356 diei
2477 5302 2609 5354 hora
2656 5310 2830 5364 sexta,
2863 5300 3067 5353 trullus
3109 5296 3362 5352 corruit:
3419 5301 3652 5363 stupen-

392 5399 483 5450 τὸν
502 5397 729 5462 ἁξιοθαύ
741 5416 947 5465 μαστον
976 5399 1229 5468 ἄμϐωνα,
1262 5402 1357 5452 καὶ
1382 5399 1483 5469 τὴν
1505 5396 1715 5451 σωλέαν
1732 5414 1747 5429 ·
1767 5398 1895 5461 τούς
1916 5415 1975 5450 τε
2077 5395 2139 5449 du

1916 5415 1975 5450 τε
2077 5395 2317 5464 dumque
2350 5394 2666 5459 ambonetn,
2722 5394 2949 5455 soleant,
2984 5389 3393 5458 sardonychos,
3427 5385 3651 5455 zamby—

394 5489 780 5560 σαρδονύχους,
810 5492 908 5543 καὶ
940 5489 1279 5560 ζαμὸύκους,
1313 5491 1411 5543 καὶ
1468 5490 1830 5560 σαπερεὶρους,
1875 5492 1971 5542 καὶ
2072 5502 2140 5541 co

1913 5492 1971 5542 αὶ
2072 5502 2191 5549 cos,
2226 5487 2517 5556 sapphiros
2577 5495 2630 5540 et
2658 5484 3011 5555 margaritas,
3063 5498 3189 5536 cum
3253 5482 3441 5534 aureis
3504 5476 3655 5531 colu—

397 5583 740 5652 μαργαρίτας
773 5583 870 5635 σὺν
896 5582 1005 5635 τῶν
1036 5564 1254 5652 χρυσῶν
1288 5581 1559 5651 στήθεων.
1589 5580 1652 5632 Ai
1673 5579 1729 5633 δὲ
1754 5578 1970 5648 άψίδες,
2075 5596 2144 5632 tut

1902 5597 1970 5642 ις,
2075 5578 2251 5633 mellis
2272 5577 2555 5633 contrivit.
2585 5577 2821 5647 Apsides
2840 5572 2990 5639 vero,
3022 5573 3296 5628 columna:
3320 5578 3375 5624 et
3420 5567 3649 5623 editicia

399 5679 495 5730 καὶ
523 5678 571 5729 οἱ
600 5677 801 5738 κίονες,
836 5676 1024 5729 καὶτὰ
1055 5676 1219 5729 λοιπὰ
1253 5676 1531 5742 κτίσματα
1564 5673 1789 5743 ἔμειναν
1841 5674 1976 5726 ἀσά-
2075 5673 2146 5727 rel

1903 5674 1976 5726 τά-
2075 5673 2287 5740 reliqua
2318 5673 2523 5725 intacta
2557 5670 2894 5741 immotaque
2928 5674 3274 5722 ntanserunt.
3308 5660 3447 5716 Tum
3478 5661 3650 5727 impe-

397 5768 577 5821 ὶευτα.
625 5769 683 5821 Ὀ
708 5767 764 5820 δὲ
797 5768 960 5831 αὐτὸς
995 5751 1259 5838 βασιλεὺς
1282 5766 1805 5836 προσκαλεσάμενος
1849 5765 1976 5826 τοὺς
2076 5774 2144 5815 rat

1904 5765 1976 5826 ιὺς
2076 5772 2248 5825 rator,
2274 5764 2519 5815 evocatis
2542 5759 2887 5813 architectis.
2920 5756 3307 5836 sciscitabatur
3330 5766 3453 5818 quae
3481 5760 3651 5802 causa

395 5862 673 5930 καμόντας
710 5854 889 5913 ἐκεῖσε
931 5859 1287 5930 μηχανικοὺς,
1324 5856 1659 5911 ἐπυνθάνετο
1716 5856 1842 5925 παρ’
1883 5856 1978 5907 αὐ·
2090 5868 2142 5906 rt

1902 5856 1978 5907 ιύ-
2090 5868 2263 5906 ruma:
2301 5847 2465 5905 trulla
2498 5849 2712 5904 fuisset.
2745 5845 2925 5912 Quod
2977 5843 3285 5899 avunculus
3351 5845 3506 5895 tuus.
3568 5847 3649 5886 tn-
