4424 6462
403 345 538 409 1313

448 506 461 527 τ

397 496 461 535 μ,
524 496 719 514 ,τωρωι
781 496 872 512 η...
930 496 1263 524 μυρμη..
1318 496 1571 522 ....,-.._,.
1620 496 1674 508 υ-
1727 496 1964 558 -,...-...

396 557 616 626 βρονταῖ
650 556 741 606 καὶ
779 552 1089 622 ἀστραπαὶ,
1127 550 1202 624 ὡς
1232 549 1359 610 τοὺς
1396 547 1624 609 πολλοὺς
1657 548 1927 613 καυθηναι
1952 560 1964 575 ·

392 649 530 700 ἀλλὰ
578 649 673 699 καὶ
733 643 957 711 σεισμὸς
1014 644 1269 710 μέγιστος
1308 640 1403 692 καὶ
1444 640 1811 711 πάγκόσμιος,
1873 641 1966 691 καὶ

390 742 585 794 ἔπεσον
640 736 779 791 οἴκοι
830 739 923 790 καὶ
959 735 1246 802 ἐκκλησίαι
1285 734 1476 787 πολλαὶ
1510 735 1567 786 ἐν
1625 735 1968 785 Κωνσταντι-

388 833 661 895 νουπολει,
724 833 865 884 ὥστε
900 829 1129 887 πολλοὺς
1162 829 1521 894 τελευτῆσαν
1565 826 1704 879 ἀλλὰ
1753 828 1847 878 καὶ
1902 828 1965 877 τὸ

386 930 563 998 τεῖχος
599 927 699 993 τῆς
732 925 938 986 πόλεως
959 964 973 988 ,
1034 922 1233 990 μᾶλλον
1260 921 1315 973 δὲ
1346 922 1442 984 τῆς
1480 920 1723 989 Χρυσῆς.
1757 922 1960 989 Ἔπῖεσε

384 1020 437 1071 δέ
466 1021 561 1071 καὶ
592 1020 625 1087 ἡ
650 1017 818 1085 λόγχη
845 1016 909 1087 ἦν
935 1015 1159 1084 ἐκράτει
1195 1016 1221 1064 ὁ
1248 1013 1472 1080 ἀνδριὰς
1505 1015 1531 1065 ὁ
1559 1012 1729 1075 ἑστὼς
1761 1014 1839 1073 εις
1870 1014 1961 1065 τον

386 1116 550 1183 φόρον
590 1112 683 1165 τοῦ
726 1111 880 1176 ἁγίου
913 1108 1349 1169 Κωνσταντένου,
1377 1109 1470 1159 καὶ
1499 1108 1793 1176 ἐπεκράτει
1886 1108 1957 1175 γῆ

386 1207 640 1272 σειομένη
671 1206 763 1256 ἐπὶ
791 1202 944 1255 πολύ.
987 1202 1080 1255 Ἐκ
1114 1201 1170 1253 δὲ
1203 1202 1299 1268 τῆς
1341 1200 1517 1270 λύπης
1546 1203 1571 1252 ὁ
1605 1200 1959 1290 βασιλεὺςεὶς

382 1300 447 1350 τὰ
483 1296 739 1349 Γενέθλια
773 1295 867 1347 τοῦ
923 1293 1183 1364 Χριστοῦ,
1219 1293 1313 1369 κάὶ
1357 1296 1435 1356 ei;
1482 1292 1551 1345 τά
1586 1294 1714 1361 ἅγια
1748 1294 1956 1360 Θεοφά-

381 1405 488 1449 νιά,
554 1389 681 1439 ἄνευ
736 1387 1047 1455 στέμματος
1096 1384 1387 1454 προῆλθεν,
1438 1386 1533 1438 καὶ
1578 1386 1645 1439 τά
1693 1387 1750 1452 ἐξ
1800 1387 1955 1449 ἔθους

379 1482 763 1550 ἀριστόδειπνα
789 1479 884 1532 τοῦ
915 1478 1343 1548 δωδεκαημέρου
1376 1479 1473 1531 οὐκ
1518 1479 1766 1531 ἐτέλεσεν
1787 1494 1800 1507 '
1835 1480 1951 1531 ἀλλ’

377 1577 593 1627 ἅπαντα
634 1580 759 1635 ’τοῖς
788 1574 1026 1641 πτωχοῖς
1078 1571 1339 1639 διένειμε.
1397 1572 1506 1641 Τὴν
1563 1572 1618 1625 δὲ
1674 1572 1952 1640 θάλασσάν

378 1682 541 1733 φάσιν
589 1667 696 1719 ἀπὸ
727 1667 824 1733 τῆς
859 1667 962 1735 γῆς
995 1664 1253 1733 γενέσθαι
1305 1668 1369 1717 ἐκ
1399 1666 1492 1717 τοῦ
1529 1664 1758 1739 σεισμοῦ
1798 1667 1948 1734 uia-.1

374 1757 500 1823 τρία
529 1773 541 1787 ’
596 1757 691 1808 καὶ
742 1755 1041 1807 ἀπολέσθαι
1076 1754 1237 1808 πλοῖά
1270 1756 1329 1806 ἐν
1363 1759 1427 1825 τῇ
1461 1754 1557 1807 τοῦ
1588 1754 1783 1817 ὓδατος
1818 1758 1946 1807 ἀνα·
1977 1792 2023 1849 Β

374 1850 639 1916 χωρήσει.
669 1849 873 1899 "Ense:
905 1848 959 1899 δὲ
993 1849 1085 1900 καὶ
1122 1849 1148 1898 ὁ
1179 1848 1403 1913 τροῦλος
1434 1848 1532 1917 τῆς
1559 1848 1820 1925 Μεγάλης
1852 1850 1944 1899 ἐκ·

374 1943 624 2010 κλησίας,
661 1941 733 2004 ὡς
767 1943 1025 2010 ἀνωτέρω
1059 1942 1354 2011 δεδήλωται
1378 1960 1391 1973 ο
1420 1942 1481 1995 ὃν
1516 1944 1609 1995 καὶ
1637 1944 1940 2005 ἀνέκτισεν,

373 2041 465 2088 καὶ
505 2038 571 2087 τὰ
605 2034 836 2104 δεύτερα
867 2034 1123 2100 ἐγκαίνια
1157 2034 1256 2101 τῆς
1284 2036 1454 2104 αὐτῆς
1487 2035 1783 2104 ἐκκλησίας
1818 2054 1947 2105 φαι-

370 2129 599 2195 δρότερα
636 2130 731 2179 καὶ
789 2127 1145 2195 λαμπρότερα
1192 2127 1513 2195 πεποίηκεν.
1558 2122 1726 2189 Οὗτος
1756 2128 1945 2197 μαθὼν

372 2220 497 2284 περί
530 2236 689 2270 τινων
724 2218 1163 2287 άρῤενοφθόρων,
1219 2219 1525 2287 ἐρευνήσας
1574 2220 1669 2270 καὶ
1716 2220 1943 2284 τούτους

372 2310 569 2379 ενζρὼν,
626 2312 751 2372 τοὺς
803 2311 898 2380 μὲν
941 2311 1376 2379 ἐκαυλοκόπησε,
1427 2314 1538 2373 τοῖς
1568 2312 1623 2364 δὲ
1660 2314 1943 2383 καλάμους

368 2405 508 2468 ὀξεῖς
538 2404 905 2471 ἐμϐάλλεσθαι
931 2407 1010 2466 εἰς
1039 2407 1163 2467 τοὺς
1198 2406 1401 2472 πόρους
1424 2406 1531 2457 τῶν
1573 2407 1789 2459 αἰδοίων
1816 2408 1943 2461 ἐκέ-

368 2497 548 2560 λευσε,
606 2498 699 2548 καὶ
735 2499 977 2562 γυμνοὺς
1032 2496 1175 2549 κατὰ
1201 2497 1299 2566 τὴν
1325 2499 1532 2565 ἀγοράν
1566 2498 1939 2570 θριαμϐευθῆ-

367 2607 476 2641 ναι.
521 2589 801 2657 ’Υπῆρχον
836 2590 1020 2655 μέντοι
1050 2591 1113 2643 ἐκ
1145 2591 1254 2642 τῶν
1287 2592 1523 2645 πολιτῶν
1546 2594 1641 2645 καὶ
1670 2594 1779 2644 τῶν
1811 2610 1941 2659 συγ-

366 2681 639 2748 κλητικῶν
673 2682 892 2741 πολλοὶ,
931 2682 1038 2733 τῶν
1077 2683 1132 2735 δὲ
1174 2684 1482 2753 ἀρχιερέων
1524 2685 1623 2737 οὐκ
1653 2685 1824 2752 ὀλίγοι
1846 2704 1859 2716 '
1889 2687 1937 2768 οξ

364 2773 729 2841 δημευθὲν-ης
757 2775 929 2837 οὕτως
964 2778 1360 2846 περιαγόμενοι
1409 2780 1551 2833 κατὰ
1596 2780 1695 2851 τὴν
1732 2782 1937 2853 ἀγορὰν

363 2870 583 2933 γυμνοὶ,
635 2870 873 2937 οἰκτρῶς
929 2870 1322 2941 ἐτελεύτησαν·
1363 2873 1458 2924 καὶ
1511 2875 1806 2941 γενομένου
1844 2876 1937 2941 φό-

364 2956 459 3010 ϐου
495 2958 756 3025 μεγάλου,
790 2961 836 3010 οἱ
870 2959 1045 3013 λοιποὶ
1088 2963 1591 3032 ἐσωφρονίσθησαν.
1622 2963 1935 3028 Ὀλολύζετο

363 3048 492 3116 γὰρ,
527 3050 678 3115 φησὶ,
713 3051 891 3110 πίτυς,
948 3048 1029 3101 ὅτι
1068 3052 1327 3103 πέπτωκε
1359 3054 1567 3117 κέδρος.
1603 3055 1837 3123 Ἔστησε
1878 3056 1933 3107 δὲ

365 3122 467 3189 καῖ
491 3137 583 3188 τὸν
614 3138 768 3191 κίονα
804 3141 890 3191 τὸν
927 3141 1221 3211 λεγόμενον
1253 3142 1664 3210 Αὐγουστιῶνα,
1724 3147 1931 3210 ἐπιθεὶς

363 3228 547 3280 ἑστάναι)
600 3230 837 3297 ἔφιππον
872 3234 970 3300 τὴν
1022 3233 1187 3286 αὑτοῦ
1230 3236 1452 3306 στήλην,
1501 3238 1813 3308 κρατοῦσαν
1862 3245 1928 3311 τῇ

365 3322 463 3387 μὲν
504 3322 771 3393 ἀριστερᾷ
821 3326 964 3393 χειρὶ
999 3327 1171 3394 μῆλον
1198 3330 1561 3401 σφαιροειδές,
1592 3331 1666 3394 ὡς
1693 3332 1791 3400 τῆς
1828 3334 1930 3401 γῆς

358 3414 578 3483 ἁπάσης
604 3416 767 3468 αὑτοῦ
805 3418 1197 3486 κυριεύσαντος
1223 3437 1236 3449 ·
1284 3422 1381 3490 τὴν
1411 3423 1590 3486 δεξιάν
1623 3424 1700 3489 δέ,
1738 3429 1929 3480 ἀνατε-

357 3505 598 3574 ταμένην
620 3506 872 3575 ἔχουσαν,
907 3510 999 3562 καὶ
1034 3511 1517 3583 διακελευομένην,
1556 3516 1725 3584 Στῆτε
1760 3516 1928 3587 [Πέρ-

360 3594 495 3663 aut].
530 3598 622 3649 καὶ
657 3600 753 3665 τῆς
787 3599 1074 3670 Ῥωμαίων
1107 3603 1210 3672 γῆς
1244 3605 1318 3673 μὴ
1344 3604 1594 3674 ἐπιόῆτε.
1616 3606 1928 3659 Ἀπέστειλε

358 3685 413 3739 δὲ
444 3688 536 3740 καὶ
569 3689 892 3761 Βελισάριον
950 3695 1257 3763 στρατηγὸν
1290 3696 1428 3761 μετά
1454 3697 1691 3767 πλήθους
1739 3698 1930 3768 ἀναρι-

357 3778 587 3849 θμήτου,
626 3784 718 3835 καὶ
745 3784 979 3849 πλοίων,ο
999 3789 1096 3839 καὶ
1151 3788 1356 3857 χρυσοῦ
1391 3789 1587 3843 πολλοῦ
1623 3792 1926 3845 καταπολε-

362 3874 528 3941 μῆσαι
558 3876 920 3943 Οὐανδάλους,
974 3881 1066 3933 καὶ
1111 3881 1379 3954 ’ᾼφρικὴν
1425 3885 1790 3955 ἐκπορθῆσαι.
1831 3889 1927 3950 Ὃς

356 3968 602 4035 ἀγχινοίᾳ
636 3971 730 4021 καὶ
766 3973 1025 4040 φρονήσει
1053 3974 1231 4027 πάντα
1262 3977 1612 4045 ληϊσάμενος,
1648 3980 1927 4050 ἀνήγαγεν

354 4058 410 4107 ἐν
442 4061 505 4126 τῇ
542 4060 692 4110 πόλει
725 4061 783 4113 ὲν
815 4063 1092 4134 συντόμῳ,
1149 4066 1289 4133 μετὰ
1314 4068 1544 4122 πλούτου
1570 4070 1787 4135 πολλοῦ,
1832 4076 1926 4128 καὶ

354 4146 751 4215 ἐθριάμϐευσεν
780 4152 838 4204 ἐν
874 4152 952 4222 τῷ
989 4154 1243 4225 ’1ππικῷ,
1304 4160 1542 4215 ὑπατίαν
1572 4164 1807 4235 ποιήσας
1866 4168 1924 4218 ἐν

351 4241 414 4306 τῇ
451 4240 638 4292 πόλει·
678 4242 818 4294 ὥστε
865 4244 1244 4310 Ἰουστινιανὸς
1293 4251 1371 4314 εἰς
1402 4252 1501 4318 μὲν
1546 4254 1607 4306 τδ
1655 4254 1712 4308 ἓν
1758 4257 1927 4327 μέρος

350 4331 443 4381 τοῦ
476 4332 814 4401 νομίσματος
853 4336 1045 4389 ἐαυτὸν
1095 4341 1351 4409 ἐχάραξε,
1401 4345 1482 4405 εἰς
1528 4345 1583 4398 δὲ
1631 4346 1691 4399 τὸ
1736 4349 1923 4420 ἕτερον

352 4421 667 4491 Βελισάριον
713 4424 955 4492 ἔνοπλον,
1016 4432 1109 4487 καὶ
1140 4433 1419 4503 ἐπέγραψε
1447 4453 1460 4468 ·
1493 4439 1849 4509 Βελισάριος
1880 4443 1914 4509 ἠ
1951 4452 1994 4507 ῐ)

349 4511 497 4575 δόξα
522 4512 639 4566 τῶν
678 4516 1001 4585 Ῥωμαίων.
1041 4521 1181 4573 Ἀλλ’
1208 4519 1293 4576 οἷα
1333 4526 1362 4577 ὁ
1407 4526 1599 4595 φθόνος
1625 4532 1682 4583 ἐν
1713 4534 1926 4606 μεγάλῃ

348 4606 665 4677 εὐδαιμονίᾳ
708 4609 867 4661 εἴωθε
898 4614 1097 4677 ποιεῖν,
1126 4613 1284 4667 ὡδινε
1330 4618 1423 4670 καὶ
1470 4622 1533 4683 ἐς
1581 4622 1920 4694 Βελισάριον.

346 4700 665 4769 Διαδληθεὶς
692 4704 825 4772 γὰρ,
858 4706 1098 4778 μετέστη
1135 4710 1236 4779 τῆς
1297 4712 1498 4782 ἀρχῆς,
1533 4719 1628 4768 καὶ
1661 4717 1922 4787 Σαλομῶν

345 4794 459 4844 ἀντ’
512 4792 676 4845 αὐτοῦ
722 4798 1028 4867 στρατηγὸς
1074 4802 1329 4871 ἐπέμφθη
1359 4845 1372 4867 ,
1422 4806 1479 4867 ὃς
1520 4806 1587 4859 τὰ
1632 4810 1921 4865 κτισθέντα

346 4884 647 4956 Βελισαρὶῳ
695 4887 928 4954 φυλάξαι
981 4891 1055 4962 μὴ
1113 4893 1387 4963 δυνηθεὶς,
1419 4900 1530 4961 τοῖς
1584 4902 1913 4969 Οὐανδάλοις

346 4976 561 5028 πάντων
591 4995 666 5029 πα
676 4978 1007 5048 ρεχώρησεν.

1499 341 1841 402 ANUNYMI
1880 347 1917 398 Α
1932 340 2448 417 NTIQUITATES
2483 349 2590 416 CI‘,

399 470 461 535 β’,
503 461 721 514 Ἰούλιον
778 459 872 512 καὶ
930 456 1263 524 Αὔγουστον.
1318 455 1571 522 Μεγάλαι
1619 455 1674 508 δέ
1727 456 1976 520 ἐγένοντο
2008 456 2045 510 Λ
2078 452 2141 508 Ju

1906 472 1976 506 ςτο
2008 456 2045 510 Λ
2078 452 2221 509 Julio
2253 465 2305 511 et
2337 461 2607 527 Angusto.
2645 457 2778 514 Hinc
2815 477 3006 530 rziagna
3041 468 3277 522 tonitrua
3338 480 3388 525 et
3444 473 3653 546 fulgura

3514 362 3653 428 13H

2076 547 2296 617 delapsa
2327 591 2341 613 ,
2379 566 2501 619 qua:
2552 552 2752 607 multos
2794 556 3264 615 combusscrunt:
3315 566 3445 631 quin
3490 571 3654 624 etiam

2075 648 2232 694 terra:
2268 652 2449 695 motns
2482 644 2753 699 maximus
2784 647 2848 700 ed
2885 648 3233 715 universalis,
3272 654 3341 707 ita
3372 667 3426 710 nt
3454 661 3653 717 domus

2069 737 2122 780 et
2154 731 2401 784 ecclesiae
2428 734 2609 786 multa:
2636 732 3115 805 Constantinolioli
3136 756 3479 811 corruerent,
3504 752 3652 804 mul-

2071 820 2218 888 lique
2251 825 2728 891 opprimerentur;
2757 816 2865 880 imo
2896 831 3061 883 etiam
3112 847 3300 889 murus
3356 839 3512 896 urbis
3535 880 3550 905 ,
3596 852 3650 895 et

2068 917 2306 970 maxime
2338 916 2401 969 ad
2432 918 2667 971 Auream
2701 930 2914 988 portam
2944 938 2958 976 :
3013 924 3202 979 lancea
3252 926 3381 980 item
3415 968 3431 991 ,
3480 947 3649 1000 quam

2062 1014 2244 1060 statua
2280 1008 2332 1060 in
2372 1008 2513 1062 Foro
2546 1014 2719 1064 sancti
2779 1009 3126 1068 Constantini
3166 1027 3346 1071 erecta
3377 1022 3645 1088 gestabat,
3683 1023 3702 1031 ’

2064 1097 2114 1149 in
2156 1105 2353 1151 terram
2386 1098 2622 1166 decidit;
2666 1101 2869 1173 diuque
2908 1115 3048 1157 terra
3081 1108 3131 1159 in
3168 1108 3257 1162 illa
3281 1114 3647 1168 commotione

2063 1194 2282 1244 mansit.
2316 1191 2386 1244 Ex
2424 1201 2589 1245 tantae
2623 1196 2951 1250 calamitatis
2983 1214 3219 1254 mmrore
3262 1204 3557 1279 imperator
3588 1209 3641 1259 in

2060 1281 2234 1335 Nataii
2269 1292 2321 1336 et
2354 1285 2409 1336 in
2446 1296 2633 1338 sancta
2665 1286 2959 1357 Epiphania
2992 1290 3196 1346 Christi
3223 1333 3236 1354 ,
3263 1295 3381 1348 sine
3437 1312 3640 1351 corona

2058 1372 2279 1441 prodiit,
2306 1382 2357 1426 et
2389 1386 2657 1429 consueta
2690 1376 2976 1432 duodecim
3008 1382 3223 1436 dierum
3253 1386 3504 1439 cenvivia
3530 1404 3637 1442 non

2056 1463 2390 1528 celebravit;
2422 1465 2514 1519 sed
2549 1468 2729 1519 omnia
2761 1472 3096 1539 pauperibus
3147 1475 3450 1530 distribuit.
3504 1477 3639 1532 Nar-

2057 1562 2178 1605 rant
2219 1561 2403 1609 autem
2441 1571 2587 1608 mare
2638 1572 2665 1608 a
2733 1569 2872 1611 terra
2928 1566 3102 1616 tribus
3156 1566 3480 1623 tntilliat-;btts
3528 1587 3638 1640 prze

2053 1642 2410 1697 concussione
2440 1648 2755 1712 recessisse,
2785 1657 2841 1702 et
2868 1651 3219 1721 in-‘aquarum
3245 1672 3460 1713 recessu
3502 1677 3625 1731 per-

2055 1731 2183 1783 iisse
2208 1748 2397 1788 naves.
2463 1734 2698 1804 Delapsa
2729 1737 2855 1792 item
2912 1749 2993 1794 est
3043 1744 3240 1799 trullus
3295 1747 3500 1817 Magnae
3544 1766 3637 1807 ec-

2051 1822 2273 1887 clesiae,
2332 1834 2389 1877 ut
2445 1828 2698 1895 superius
2754 1833 3085 1886 recensitum
3137 1847 3263 1900 est;
3317 1855 3481 1908 quam
3519 1843 3636 1912 ipse

2052 1916 2400 1979 restauravit,
2435 1931 2500 1970 ac
2530 1919 2774 1973 secunda
2806 1918 3058 1977 Encamia
3107 1926 3315 1984 laetiora
3356 1939 3410 1985 et
3450 1935 3634 2002 splen-

2048 2006 2259 2059 didiora
2311 2008 2634 2065 celebravit.
2676 2010 2726 2065 Is
2764 2027 2888 2067 cum
2922 2015 3240 2072 edidicisset
3262 2024 3630 2080 masculorum

2048 2098 2434 2154 concubitores
2464 2114 2587 2155 esse
2621 2143 2635 2165 ,
2669 2117 2792 2158 cum
2848 2108 3244 2175 perquisitione
3282 2112 3422 2168 facta
3475 2132 3634 2184 repe-

2048 2187 2209 2241 risset
2240 2203 2332 2242 eos
2360 2231 2374 2255 ,
2416 2190 2537 2244 aliis
2571 2191 2790 2259 quidem
2822 2206 3097 2252 veretrum
3148 2206 3419 2271 amputari
3441 2206 3629 2275 jussit,

2046 2278 2165 2330 aliis
2194 2280 2434 2335 calamos
2462 2292 2656 2338 acutos
2686 2285 2738 2338 in
2769 2290 3134 2345 verendorum
3173 2307 3385 2351 meatus
3438 2300 3582 2371 inﬁgi
3612 2339 3628 2366 ,

2048 2370 2304 2439 ipsosque
2334 2374 2511 2431 nudos
2546 2376 2599 2431 in
2627 2366 2832 2433 Forum
2866 2385 3022 2450 quasi
3055 2384 3123 2439 ad
3154 2388 3492 2459 triumphum
3526 2396 3627 2448 ad-

2044 2460 2166 2512 duci
2194 2462 2378 2529 jussit.
2416 2463 2561 2519 Inter
2600 2481 2694 2520 eos
2718 2479 2875 2523 erant
2901 2472 3045 2527 cives
3078 2487 3133 2529 et
3190 2482 3457 2535 senatorii
3512 2484 3616 2538 viri

2041 2550 2193 2605 multi
2221 2591 2234 2614 ,
2273 2570 2371 2607 nec
2436 2557 2592 2625 pauci
2644 2562 2944 2627 praesules;
3001 2567 3094 2630 qui
3134 2570 3203 2620 ita
3265 2572 3483 2638 publice
3520 2575 3631 2627 cir-

2040 2644 2319 2703 cumducti
2357 2648 2412 2700 in
2463 2646 2605 2701 Foro
2661 2651 2788 2705 nudi
2848 2654 3041 2710 misere
3094 2659 3439 2717 interierunt.
3490 2664 3628 2721 Hinc

2042 2736 2265 2790 incusso
2325 2750 2470 2792 metu
2524 2742 2705 2795 valido
2740 2784 2754 2807 ,
2805 2749 2984 2799 czeteri
3036 2752 3442 2820 resipucrunt:
3490 2757 3625 2812 Nam

2042 2828 2307 2893 ululabat,
2344 2829 2544 2898 inquit,
2580 2833 2763 2901 pinus,
2797 2838 2923 2905 quia
2957 2841 3400 2900 cecidit‘cedrus.
3441 2848 3626 2904 Erexit

2040 2927 2219 2971 autem
2255 2921 2593 2986 columnam,
2630 2941 2793 2994 quam
2826 2939 3025 2998 vocant
3062 2933 3455 3003 AngnStionem
3484 2979 3497 3001 ,
3533 2943 3622 2994 cui

2038 3017 2344 3075 equestrem
2382 3021 2619 3067 statuam
2654 3022 2810 3068 ‘suam
2850 3018 3111 3085 imposuit
3143 3038 3159 3075 :
3217 3039 3338 3093 qtae
3397 3029 3625 3083 sinistra

1962 3127 2002 3182 ο
2038 3100 2256 3166 quidem
2290 3104 2582 3157 rotundum
2618 3122 2836 3174 pomum
2874 3120 3018 3165 tenet
3046 3152 3060 3175 ,
3096 3130 3202 3183 quo
3225 3115 3500 3173 indicatur
3529 3137 3623 3174 or-

2038 3189 2121 3243 bis
2172 3191 2455 3259 imperium
2513 3210 2678 3264 penes
2726 3200 2902 3265 ipsum
2963 3218 3134 3258 esse:
3182 3208 3458 3262 dexteram
3494 3228 3623 3267 vero

2036 3284 2641 3348 protendebatjnbentis
2659 3304 2828 3355 more,
2849 3306 2912 3345 ac
2934 3293 3163 3349 dicentis
3189 3314 3201 3350 :
3227 3299 3376 3354 State
3394 3300 3620 3377 [Persae]

2034 3379 2085 3423 et
2116 3372 2167 3421 in
2206 3372 2571 3428 Romanorum
2610 3388 2809 3432 terram
2837 3397 2904 3435 ne
2933 3384 3350 3453 impressionem
3385 3393 3617 3451 faciatis.

2037 3461 2181 3515 Misit
2213 3479 2373 3532 porro
2408 3467 2730 3523 Belisarinm
2773 3472 2969 3527 ducem
3029 3494 3149 3530 cum
3193 3482 3499 3540 innumeris
3526 3502 3617 3540 co-

2036 3552 2137 3619 piis
2163 3591 2177 3616 ,
2213 3556 2442 3610 navibus
2475 3566 2527 3610 et
2561 3563 2788 3627 pecunia
2830 3547 2995 3618 multa
3020 3605 3034 3632 ,
3071 3572 3163 3638 qui
3210 3570 3486 3630 Vandalus
3520 3579 3618 3633 de—

2032 3644 2299 3709 bellaret,
2341 3657 2396 3701 et
2439 3649 2681 3705 Africam
2713 3654 3048 3713 devastarct.
3092 3661 3191 3727 Qui
3237 3668 3535 3733 prudenter
3562 3680 3617 3725 et

2031 3740 2301 3798 sagaciter
2332 3741 2515 3794 omnia
2542 3743 2912 3815 depradatus,
2936 3752 3106 3819 spolia
3136 3755 3281 3808 brevi
3326 3759 3377 3811 in
3416 3762 3607 3816 urbem

2032 3827 2257 3882 deduxit
2284 3846 2407 3884 cum
2436 3833 2641 3891 divitiis
2676 3841 2859 3895 multis
2895 3850 2948 3896 et
2984 3845 3341 3915 triumphavit
3388 3851 3439 3904 in
3470 3852 3610 3923 Hip-

2033 3920 2317 3987 podromo,
2352 3928 2695 3982 consulatuum
2724 3947 2920 4000 gerens
2949 3934 3000 3987 in
3050 3937 3218 4001 urbe;
3270 3942 3340 3991 ita
3398 3952 3455 3996 nt
3510 3941 3611 3997 Ju-

2030 4009 2302 4064 stinianus
2335 4014 2385 4065 in
2419 4016 2583 4069 altera
2631 4021 2982 4077 numismatis
3031 4036 3183 4093 parte
3228 4030 3465 4096 seipsnm
3518 4050 3607 4088 re-

2028 4109 2385 4169 praesentaret
2419 4145 2433 4169 ,
2471 4107 2521 4160 in
2558 4109 2733 4165 altera
2768 4127 2896 4167 vero
2933 4114 3250 4170 Belisarinm
3285 4131 3556 4178 armatum
3587 4166 3605 4193 ,

2028 4207 2150 4246 cum
2186 4193 2286 4249 hac
2307 4198 2683 4269 inscriptione,
2709 4202 3000 4259 Belisarius
3030 4208 3203 4277 gloria
3224 4210 3603 4271 Romanorum.

2029 4281 2321 4342 Enimvero
2361 4288 2588 4352 invidia.
2632 4303 2690 4347 ut
2722 4296 3042 4353 solet'rebus
3069 4306 3439 4370 prosperrime
3474 4323 3608 4361 suc-

2028 4376 2345 4444 cedentibus
2376 4381 2645 4451 insidiari,
2680 4385 3000 4443 Belisarium
3033 4393 3257 4471 quoque
3296 4396 3369 4450 ita
3413 4399 3603 4455 adorta

2024 4475 2127 4521 est.
2164 4469 2296 4525 Nam
2326 4474 2616 4531 calumniis
2675 4478 2951 4549 impetitus
3002 4499 3030 4536 a
3082 4469 3400 4549 praefectura
3450 4507 3605 4545 sum-

2025 4565 2204 4613 motus
2239 4570 2322 4613 est
2356 4577 2370 4625 ;
2400 4563 2452 4614 in
2482 4564 2709 4634 ejusque
2758 4568 2939 4623 locum
2994 4570 3250 4627 Salomon
3288 4576 3396 4629 dux
3448 4594 3605 4633 exer-

2024 4647 2164 4699 citus
2201 4648 2398 4702 missus
2427 4659 2548 4713 est,
2610 4656 2700 4723 qni
2753 4672 2873 4710 cum
2928 4675 3035 4713 non
3078 4664 3280 4718 valeret
3325 4681 3386 4719 ea
3413 4705 3428 4731 ,
3481 4685 3603 4739 quas

2024 4735 2319 4792 Belisarins
2370 4755 2691 4809 paraverat.
2738 4748 2917 4813 tueri,
2948 4753 3130 4804 omnia
3167 4751 3426 4812 Vandalis
3462 4773 3597 4812 con-

2023 4831 2215 4885 cessit.

343 5075 417 5127 De
445 5074 744 5144 prodigiosa
772 5092 920 5130 cane.
956 5076 1176 5177 Ront’er‘n
1206 5081 1488 5154 Sangaris,
1509 5105 1719 5177 Ινιεειιοτι
1750 5099 1945 5177 multas
1974 5099 2219 5153 ecc’esias
2245 5116 2306 5152 ac
2329 5101 2491 5177 urbes
2520 5103 2862 5177 ⁸Ῐιιειίηἰαηιιε
2889 5114 3139 5170 exstruit.
3160 5115 3233 5169 De
3280 5119 3346 5172 iis
3392 5122 3594 5177 Proco-

943 5150 1061 5215 pius
1093 5150 1229 5203 libro
1258 5150 1835 5220 οοῐαυοζιῐιωιὶηίαηηε
1868 5150 2075 5224 alienus
2103 5188 2132 5221 a
2161 5187 2280 5221 rem
2318 5172 2411 5223 Dei
2469 5173 2718 5242 religione
2751 5181 2997 5236 moritur.

411 5257 518 5315 Ἦν
551 5264 605 5315 δέ
639 5281 722 5327 τις
762 5266 997 5334 χαλκεὺς
1027 5270 1086 5320 ἐν
1117 5272 1195 5340 τῷ
1218 5276 1394 5346 καιρῷ
1427 5280 1622 5351 ἐκείνῳ
1662 5284 1917 5357 Ἀνδρέας

338 5354 595 5422 τοῦνομα,
634 5357 771 5425 ἔχων
806 5360 921 5426 μετ’
948 5361 1113 5415 αὑτοῦ
1152 5365 1290 5419 κύνα
1336 5368 1525 5432 ξανθὸν
1556 5375 1649 5426 καὶ
1690 5379 1913 5445 τυφλὸν,

340 5446 396 5508 ὃς
434 5448 609 5499 ἐποίει
640 5451 869 5519 τέρατα.
920 5454 1282 5523 Παρεστῶτος
1312 5463 1422 5531 γὰρ
1457 5462 1606 5534 αὐτῷ
1641 5466 1819 5542 ὄχλου,
1854 5471 1912 5524 ἐν

339 5552 398 5588 τε
455 5540 567 5600 τοῖς
594 5537 982 5610 Ἀρτοπωλίοις
1008 5585 1022 5611 ,
1078 5549 1171 5600 καὶ
1209 5550 1266 5599 ἐν
1301 5550 1378 5621 τῷ
1421 5554 1598 5624 Φόρῳ,
1637 5537 1905 5613 καὶκατὰ

340 5628 521 5697 πάσης
550 5631 651 5700 τῆς
679 5633 921 5699 πόλεως,
982 5636 1157 5708 λάθρα
1190 5641 1283 5693 τοῦ
1316 5644 1475 5706 κυνὸς
1520 5648 1806 5717 ἐκομίζετο
1839 5655 1905 5706 τὰ

338 5720 447 5772 τῶν
477 5721 727 5779 ἑστώτων
756 5726 1067 5783 δακτυλίδια
1088 5772 1102 5795 ,
1135 5737 1312 5803 χρυσᾶ
1332 5753 1389 5788 τε
1416 5737 1509 5789 καὶ
1550 5742 1785 5810 ἀργυρᾶ,
1812 5746 1906 5796 καὶ

341 5816 541 5879 χαλκᾶ,
581 5816 674 5873 καὶ
722 5818 890 5872 ἐτίθει
920 5824 999 5883 εἰς
1040 5823 1099 5876 τὸ
1136 5823 1350 5891 ἔδαφος,
1380 5818 1730 5897 περισκέπων
1766 5834 1906 5887 αὐτὰ

2099 5288 2225 5340 Erat
2259 5304 2420 5356 porro
2467 5292 2560 5345 illo
2611 5302 2855 5364 tempore
2889 5298 3040 5354 faber
3096 5305 3333 5362 solarius
3372 5309 3593 5377 quidam

2024 5382 2243 5435 nomine
2275 5382 2538 5437 Andreas.
2575 5385 2623 5438 ls
2656 5386 2887 5443 habebat
2919 5407 3107 5446 canem
3161 5397 3341 5451 rufum
3395 5416 3458 5467 ac
3488 5416 3595 5457 ca:-

2021 5487 2141 5527 cum
2171 5474 2260 5541 qui
2298 5475 2541 5546 prodigia
2581 5477 2793 5533 edebat.
2835 5480 2968 5535 Nam
3024 5497 3291 5553 praesente
3342 5491 3500 5545 turba
3536 5494 3590 5549 in

2017 5564 2311 5633 Artopoliis
2347 5576 2399 5619 et
2435 5568 2489 5621 in
2524 5566 2689 5645 l'j‘oro.
2750 5564 2875 5627 cum
2907 5576 3044 5629 clam
3077 5578 3180 5633 isto
3210 5595 3345 5635 cane
3369 5584 3594 5639 adstan-

2015 5655 2149 5707 tium
2179 5656 2368 5709 annnli
2405 5660 2578 5725 aurei,
2614 5664 2874 5728 argentei,
2908 5667 3042 5721 aenei
3080 5684 3175 5734 per
3206 5679 3370 5725 totam
3399 5675 3589 5730 urbem

2015 5744 2375 5809 deferrentur,
2408 5758 2461 5803 et
2491 5766 2520 5803 a
2559 5752 2782 5818 domino
2836 5773 2936 5811 suo
2965 5763 3015 5812 in
3055 5763 3172 5814 solo
3192 5763 3352 5830 positi
3374 5768 3595 5836 pulvere

2017 5836 2386 5906 operirentur.
2443 5848 2551 5895 tum
2589 5844 2818 5913 iubente
2851 5850 2945 5904 illo
2981 5852 3133 5908 canis
3165 5855 3395 5923 singulis
3425 5874 3585 5912 suum
