4424 6462
343 428 471 492 13Ῑῖ

1393 432 1967 491 TES'I‘AMENTUM
2011 432 2467 493 SALOMUNIS.

3437 422 3576 491 1318

336 547 548 614 ἡμέρας
580 562 639 596 τε
670 546 761 598 καὶ
792 544 940 613 ὧρας
978 544 1248 617 λεπτύνῃ;
1284 545 1356 598 T6
1379 545 1432 596 δὲ
1474 546 1758 615 παιδάριον
1798 548 1901 615 ἔφη
1935 555 1973 606 Α
2010 547 2083 599 lie:

1829 564 1901 615 φη
1935 555 1973 606 Α
2010 547 2129 599 beat
2159 564 2350 602 servus
2382 558 2532 602 tuus.
2588 544 2884 613 Postquam
2933 544 3257 599 recessimus
3289 559 3479 599 omnes
3508 547 3576 597 ab

337 640 472 707 πρὸς
501 639 838 709 τὸνβασιλέα
860 655 878 674 ο
903 638 1107 707 Δέομαί
1135 656 1250 701 σου,
1280 638 1526 707 βασιλεῦ,
1569 640 1802 693 ἄκουσον
1835 642 1904 692 τὰ

339 732 642 798 συμϐάντα,
673 732 768 784 καλ⁹
791 731 891 783 ὅσα
928 731 1041 802 ἔχει
1064 732 1126 784 16
1154 731 1459 800 παιδάριον.
1495 732 1649 786 Μετὰ
1677 734 1738 784 16
1772 734 1906 786 ἀπο·

339 824 565 891 λυθῆναι
611 823 755 892 ἡμᾶς
796 822 1005 886 πάντας
1047 823 1157 881 ἀπὸ
1197 812 1290 875 τοῦ
1326 823 1488 893 ἔργου
1520 824 1613 876 τοῦ
1645 824 1771 877 ναοῦ
1807 823 1902 877 τοῦ

338 918 493 979 θεοῦ,
550 915 689 984 μετά
753 915 906 986 ἡλίου
946 915 1155 984 δεσμάς
1198 916 1472 985 (δυσμάςῖ
1506 916 1523 973 i
1566 920 1624 970 ἐν
1652 918 1732 990 τῷ
1772 920 1905 971 ἀνα-

338 1008 606 1063 παύεσθαί
641 1028 729 1079 μοι
763 1012 912 1078 (sir),
942 1010 1160 1080 ἔρχεται
1200 1010 1255 1063 ἓν
1285 1009 1393 1062 τῶν
1428 1011 1680 1082 πονηρῶν
1710 1013 1903 1082 δαιμο-

337 1103 465 1156 νίων
493 1103 587 1156 καὶ
618 1104 843 1172 ἀφαιρεῖ
869 1102 964 1157 ἀπ’
987 1102 1121 1172 ἐμοῦ
1149 1104 1208 1157 16
1234 1104 1405 1174 ἣμισυ
1426 1104 1518 1158 τοῦ
1537 1104 1729 1175 μισθοῦ
1757 1121 1858 1175 μου
1886 1122 1899 1137 ·

340 1194 434 1245 καὶ
465 1195 531 1247 τά
559 1196 729 1265 ἥμισυ
758 1194 924 1249 σιτία.
964 1190 1095 1249 Εἶτα
1126 1196 1394 1264 λαμϐάνει
1429 1197 1526 1249 καὶ
1571 1197 1670 1269 τὴν
1720 1197 1901 1263 δεξιάν

342 1302 442 1351 μου
475 1285 631 1353 χεῖρα
661 1285 755 1338 καὶ
787 1283 1009 1355 θηλάζει
1032 1286 1126 1338 τὸν
1158 1287 1439 1357 ἀντίχειρά
1466 1304 1567 1355 μου
1594 1302 1609 1318 ·
1660 1290 1754 1342 καὶ
1791 1291 1898 1343 ίδοὺ

340 1374 632 1442 θλιϐομένη
663 1390 761 1442 μου
795 1375 826 1444 ἠ
857 1373 1025 1446 ψυχὴ,
1055 1374 1197 1430 οὕτω
1225 1377 1283 1427 τὸ
1317 1375 1474 1443 σῶμά
1505 1392 1608 1447 μου
1637 1376 1900 1432 λεπτύνε-

334 1481 421 1516 ται
463 1464 585 1519 καθ’
638 1466 879 1536 ἑκάστην
913 1454 1151 1535 ἡμέραν.
1179 1466 1289 1518 Καὶ
1318 1465 1489 1520 ταῦτα
1518 1468 1757 1532 ἀκούσας
1789 1468 1900 1536 ἐγὼ

334 1556 586 1625 Σολομῶν
612 1556 863 1623 εἰσῆλθον
892 1556 971 1617 είς
993 1555 1084 1608 τὸν
1105 1557 1230 1611 ναὸν
1249 1556 1343 1610 τοῦ
1371 1557 1529 1622 Θεοῦ,
1558 1558 1655 1611 καὶ
1672 1558 1901 1627 ἐδεήθην

332 1645 392 1709 ἐξ
425 1646 552 1713 ὅλης
599 1661 700 1713 μου
730 1645 830 1712 τῆς
874 1644 1074 1715 ψυχῆς,
1123 1650 1316 1709 νυκτὸς
1352 1648 1447 1700 καὶ
1485 1648 1721 1715 ἡμέρας,
1750 1646 1899 1709 ὅπως

333 1734 614 1805 παραδοθῇ
671 1751 759 1801 μοι
791 1737 817 1787 6
852 1736 1065 1804 δαίμων
1111 1742 1193 1799 εις
1229 1736 1420 1808 χεῖράς
1466 1754 1591 1807 μου,
1616 1747 1710 1791 καὶ
1739 1738 1890 1802 €5,06-

333 1824 503 1877 σιάσω
531 1826 727 1877 αὐτόν·
759 1825 853 1877 καὶ
885 1826 1105 1891 ἐγένετο
1147 1828 1205 1879 ἐν
1240 1825 1318 1896 τῷ
1358 1827 1763 1898 προσεύχεσθαί
1807 1846 1895 1897 μοι

334 1914 480 1983 (sic),
535 1915 691 1984 ἐδόθη
750 1931 841 1984 μοι
877 1918 1029 1985 παρά
1076 1918 1284 1984 Κυρίου
1308 1916 1538 1971 Σαϐαὼθ
1607 1920 1769 1988 χάρις
1809 1919 1898 1971 διὰ

331 2005 553 2075 Μιχαὴλ
604 2006 697 2058 τοῦ
743 2008 1084 2076 ἀρχαγγέλου
1128 2009 1316 2074 αὑτοῦ,
1363 2011 1699 2065 δακτυλίδιον
1760 2012 1898 2082 ἔχων

334 2098 608 2164 σφραγῖδα
661 2098 875 2167 γλυφῆς
925 2102 988 2152 ἐκ
1023 2101 1172 2153 λίθου
1220 2100 1428 2169 τιμίου,
1473 2102 1569 2155 καὶ
1614 2101 1733 2155 εἷπε
1764 2121 1894 2172 μοι’

331 2190 496 2247 Λαϐὲ,
530 2190 783 2259 Σολομῶν
813 2191 1057 2260 βασιλεῦ,
1096 2193 1210 2255 υίὸς
1258 2193 1440 2257 Δαϐὶδ,
1484 2194 1654 2262 δῶρον
1691 2196 1717 2247 ὃ
1757 2197 1895 2248 ἀπέ-

331 2286 505 2337 στειλέ
559 2303 639 2338 σοι
682 2286 888 2353 Κύριος
938 2288 966 2339 6
1006 2287 1158 2351 Θεὸς,
1191 2290 1218 2339 6
1249 2288 1471 2357 ὕψιστος
1498 2290 1721 2342 Σαϐαὼθ
1754 2306 1767 2318 ⁸
1801 2291 1895 2341 καὶ

331 2376 676 2443 συγκλείσεις
718 2378 895 2431 πάντα
920 2377 989 2430 τά
1008 2378 1261 2447 δαιμόνια
1289 2384 1387 2449 τῆς
1418 2382 1520 2449 γῆς
1568 2380 1773 2449 ἄρσενα
1801 2384 1895 2437 καὶ

328 2466 493 2533 θήλεα
518 2483 531 2497 ·
567 2468 663 2518 καὶ
693 2467 775 2518 δεῖ
820 2470 942 2535 μετ’
978 2468 1157 2521 αὐτῶν
1186 2469 1611 2540 ἀνοικοδομῆσαι
1649 2472 1749 2541 τὴν
1793 2473 1892 2527 Ἰε-

331 2557 634 2625 ρουσαλὴμ,
702 2560 893 2627 φέρειν
945 2578 1003 2613 σε
1058 2559 1155 2631 τὴν
1218 2564 1487 2631 σφραγῖδα
1533 2566 1739 2637 ταύτην
1797 2567 1891 2619 τοῦ

325 2644 483 2697 Θεοῦ.
531 2648 592 2698 Ἡ
626 2647 683 2698 δέ
721 2648 899 2719 γλυφὴ
918 2649 1018 2719 τῆς
1046 2651 1341 2719 σφραγῖδος
1368 2652 1461 2705 τοῦ
1484 2653 1770 2708 δακτυλίου
1792 2657 1893 2721 τῆς

330 2737 698 2806 πεμφθείσης,
745 2741 860 2791 ἔστι
899 2743 1181 2810 πεντάλφα
1228 2745 1389 2813 αῦτη.
1436 2746 1544 2796 Καὶ
1586 2747 1893 2815 περιχαρὴς

327 2828 621 2895 γενόμενος
677 2828 788 2894 ἐγὼ
840 2830 1091 2901 Σολομῶν
1147 2832 1350 2901 ὕμνουν
1384 2836 1473 2886 καὶ
1515 2835 1766 2901 ἐδόξαζον
1801 2840 1891 2889 τίν

327 2918 460 2969 Θεὸν
512 2918 605 2971 τοῦ
654 2921 885 2989 οὐρανοῦ
929 2925 1022 2975 καὶ
1058 2924 1157 2992 τῆς
1204 2930 1305 2993 γῆς
1332 2943 1344 2955 ·
1398 2927 1489 2978 καὶ
1530 2930 1595 2995 τῇ
1632 2928 1891 2996 ἐπαύριον

328 3008 564 3062 ἐκάλισα
602 3010 691 3062 τὸν
732 3012 917 3070 παῖδα,
951 3015 1045 3064 καὶ
1081 3013 1328 3067 ἐπέδωκα
1375 3015 1524 3083 αὑτῷ
1557 3016 1615 3067 16
1644 3017 1890 3069 δακτυλί-

323 3102 458 3165 διον,
487 3103 580 3154 καὶ
612 3097 765 3154 εἷπον
798 3103 943 3173 αὐτῷ
975 3120 988 3132 ·
1018 3106 1165 3158 Λάϐε
1193 3106 1371 3171 τοῦτο,
1402 3107 1495 3158 καὶ
1523 3107 1579 3157 ἐν
1674 3108 1739 3159 ἂν
1770 3107 1889 3176 ὥρᾳ

323 3194 447 3263 ἔλθῃ
478 3194 612 3263 πρὸς
643 3195 702 3246 σὲ
735 3197 792 3247 16
820 3196 1117 3262 δαιμόνιον,
1149 3199 1227 3258 είς
1249 3198 1308 3249 τὸ
1347 3197 1542 3265 στῆθος
1567 3197 1663 3249 τοῦ
1698 3197 1889 3266 δαιμο-
1916 3236 1955 3290 C

318 3290 430 3341 νίου
485 3290 641 3358 ρίῴον
680 3290 834 3341 τοῦτο
875 3291 933 3341 16
980 3293 1341 3354 δακτυλίδιον,
1390 3295 1484 3345 καὶ
1513 3294 1636 3345 εἰπὲ
1684 3294 1835 3363 αὑτῷ
1867 3311 1882 3325 ·

332 3380 449 3432 Ἐπ’
505 3380 728 3449 ὀνόματι
766 3379 857 3431 τοῦ
906 3380 1040 3433 Θεοῦ
1082 3382 1260 3451 δεῦρο,
1294 3383 1450 3435 καλεῖ
1487 3386 1594 3437 σεδ
1629 3384 1882 3454 βασιλεὺς

322 3472 591 3539 Σολομῶν·
630 3472 725 3523 καὶ
758 3473 1011 3541 δρομαῖος
1035 3472 1191 3543 ἔρχου
1216 3475 1348 3542 πρός
1376 3491 1467 3541 με,
1498 3475 1663 3544 μηδὲν
1685 3475 1881 3527 δειλιά-

322 3578 417 3622 σας
468 3562 602 3629 μηδὲ
647 3562 889 3631 φοϐηθῇς
939 3562 996 3612 ἐν
1123 3562 1340 3629 μέλλεις
1376 3562 1599 3615 ἀκούειν
1636 3564 1738 3615 ὑπὸ
1785 3563 1879 3615 τοῦ

316 3652 570 3719 δαίμονος
595 3670 611 3685 ο
660 3654 756 3707 καὶ
805 3653 983 3705 λαϐὼν
1022 3655 1081 3705 τὸ
1114 3655 1399 3721 παιδάριον
1434 3656 1495 3708 τὸ
1544 3656 1880 3711 δακτυλίδιον

318 3743 576 3811 ἀπῆλθεν.
611 3744 720 3796 Καὶ
754 3744 862 3796 ἰδοὺ
897 3746 1036 3797 κατά
1061 3746 1160 3814 τὴν
1186 3747 1486 3815 ὴθισμένην
1515 3748 1686 3816 ὥραν,
1715 3744 1879 3817 ἦλθεν

316 3834 344 3885 6
389 3832 602 3903 Ὀρνίας
632 3835 693 3885 τὸ
720 3834 954 3903 χαλεπὸν
987 3836 1265 3902 δαιμόνιον
1294 3838 1366 3898 ὡς
1391 3839 1501 3905 πῦρ
1524 3839 1876 3908 φλεγόμενον,

315 3928 465 3989 ὅπως
518 3943 578 3978 τε
635 3926 773 3994 λάϐῃ
832 3926 921 3978 τὸν
969 3928 1159 3994 μισθὸν
1204 3928 1296 3980 τοῦ
1357 3930 1679 3998 παιδαρίου·
1713 3931 1772 3982 τὸ
1822 3930 1878 3983 δὲ

315 4020 600 4087 παιδάριον
640 4020 782 4071 κατὰ
810 4021 870 4071 16
910 4022 1249 4090 προσταχθὲν
1284 4024 1434 4091 παρά
1468 4024 1559 4075 τοῦ
1593 4024 1877 4093 βασιλέως,

317 4107 505 4177 ἔρριψε
535 4107 595 4159 16
615 4107 949 4160 δακτυλίδιον
992 4111 1083 4161 ἐπὶ
1127 4112 1186 4163 16
1222 4111 1419 4180 στῆθος
1451 4113 1543 4165 τοῦ
1572 4114 1873 4179 δαιμονίου,

315 4196 409 4248 καὶ
432 4192 603 4249 εἶπεν·
641 4196 833 4264 Δεῦρο,
868 4198 1025 4251 καλεῖ
1054 4217 1112 4251 σε
1142 4202 1168 4252 6
1194 4200 1444 4269 βασιλεὺς
1457 4202 1709 4272 Σολομῶν
1735 4220 1748 4233 ·
1782 4205 1876 4257 καὶ

314 4287 494 4357 ἀπῆγε
545 4288 803 4358 δρομαῖος
851 4291 988 4358 πρὸς
1045 4293 1137 4343 τὸν
1186 4292 1435 4361 βασιλέα.
1481 4294 1539 4346 '0
1580 4295 1633 4347 δὲ
1666 4295 1875 4364 δαίμων

314 4379 622 4449 ἐκραύγασε
646 4382 838 4447 λέγων,
863 4383 1176 4453 Παιδάριον,
1201 4385 1253 4437 τί
1276 4387 1432 4439 τοῦτο
1451 4388 1713 4457 ἐποίησας
1740 4390 1875 4458 πρός

315 4488 381 4538 με
413 4489 427 4535 ;
458 4471 587 4522 λάϐε
625 4472 686 4524 16
715 4473 1051 4527 δακτυλίδιον
1082 4476 1178 4528 ἀπ’
1216 4476 1350 4546 ἐμοῦ
1378 4494 1391 4508 ⁶
1427 4479 1581 4546 κάγὼ
1610 4481 1875 4535 ἀποδώσω

2007 653 2174 708 opere
2207 641 2391 709 templi
2438 640 2555 704 Dei,
2583 638 2870 693 occidente
2902 636 3036 699 sole,
3066 636 3204 690 dum
3261 637 3572 706 requiesco.

2007 731 2156 789 venit
2195 746 2337 786 unus
2393 732 2662 785 malorum
2708 730 3028 799 spirituum,
3082 736 3135 783 et
3185 730 3367 784 aufert
3414 743 3443 782 a
3488 744 3575 781 mu

2006 820 2294 881 dimidium
2354 819 2626 875 mercedis
2696 834 2865 882 mete,
2934 827 2992 874 et
3052 818 3282 873 dimidia
3336 818 3566 873 cibaria.

2009 904 2220 969 ὓρίοᾶε
2243 914 2530 985 prehendit
2564 912 2844 967 dexteram
2880 926 3100 966 manum
3142 926 3320 966 meam
3373 921 3429 966 et
3478 926 3576 966 su-

2004 1008 2081 1077 git
2115 1008 2363 1076 pollicem
2387 1020 2589 1070 meum,
2615 1013 2667 1060 et
2697 1019 2824 1060 ecce
2852 1008 3197 1075 angustiatur
3223 1005 3404 1060 anima
3430 1019 3575 1059 mea.

2006 1107 2058 1153 et
2113 1114 2317 1169 corpus
2379 1114 2559 1154 meum
2602 1099 2780 1155 macie
2809 1098 3101 1155 coniicitur
3159 1113 3257 1169 per
3316 1097 3570 1167 singulos

2005 1191 2145 1247 dies.
2205 1190 2324 1246 Haec
2366 1193 2596 1255 audiens
2637 1206 2737 1262 ego
2796 1189 3060 1246 Salomon
3104 1191 3393 1261 ingressus
3446 1206 3570 1244 sum

2004 1282 2267 1350 templum
2326 1281 2567 1346 Domini,
2616 1291 2671 1337 et
2725 1282 2877 1337 oravi
2944 1296 3008 1336 ex
3065 1289 3178 1335 tota
3239 1282 3420 1334 anima
3451 1294 3569 1333 mea

2004 1382 2163 1430 nocte
2193 1382 2244 1425 rt
2268 1374 2353 1429 die
2376 1383 2435 1428 ut
2468 1355 2693 1431 daretur
2716 1375 2928 1430 daemon
2979 1374 3033 1428 in
3074 1388 3274 1426 manus
3306 1386 3480 1435 meas,
3519 1385 3573 1423 et.

2004 1466 2272 1521 voluntati
2314 1480 2448 1520 mea:
2498 1466 2897 1536 subjiceretur;
2937 1473 2992 1522 et
3019 1481 3148 1521 ecce
3197 1465 3327 1518 dum
3379 1477 3571 1531 preces

2001 1556 2359 1621 eﬁunderem,
2388 1556 2515 1612 data
2544 1568 2628 1612 est
2664 1556 2796 1612 mihi
2840 1570 2869 1610 a
2902 1555 3135 1611 Domino
3171 1555 3411 1611 Sabaoth
3441 1571 3570 1626 gra-

2002 1652 2072 1704 tia
2129 1666 2242 1719 per-
2278 1649 2596 1705 Michaelem
2667 1650 3087 1719 archangelum,
3159 1649 3279 1716 ejus
3331 1649 3570 1702 annulus

2002 1743 2238 1809 Scilicet,
2274 1742 2479 1797 habens
2505 1743 2744 1810 sigillum
2798 1742 3072 1811 sculptum
3113 1756 3180 1793 ex
3223 1739 3405 1808 lapide
3441 1755 3565 1807 pre-

2003 1832 2165 1895 tioso,
2227 1841 2282 1887 et
2332 1832 2471 1886 dixit
2520 1832 2701 1884 mihi:
2745 1830 2969 1900 Accipe,
3020 1830 3282 1886 Salomon
3336 1844 3455 1889 rex.
3496 1829 3568 1880 ﬁli

2004 1922 2191 1986 David,
2253 1922 2454 1983 donum
2514 1922 2659 1991 quod
2709 1923 2861 1976 misit
2930 1922 3028 1976 tibi
3089 1923 3355 1977 Dominus
3400 1922 3566 1976 Deus.

1999 2015 2410 2071 excelsissimus
2464 2013 2724 2074 Sabaoth.
2780 2022 2834 2069 et
2886 2013 3188 2067 concludes
3222 2014 3405 2066 omnia
3459 2012 3571 2064 (Iar-

2001 2109 2182 2161 monia
2212 2116 2369 2162 terra).
2412 2110 2657 2163 mascula
2680 2116 2733 2160 et
2785 2106 3018 2160 feminea
3048 2124 3061 2171 ;
3112 2112 3167 2159 et
3218 2114 3434 2173 oportet
3463 2119 3563 2171 cpe.

1998 2214 2188 2251 eorum
2220 2199 2475 2251 aedificari
2506 2196 2832 2259 Jerusalem,
2865 2206 2921 2250 et
2953 2207 3174 2266 portare
3222 2205 3275 2250 te
3325 2195 3563 2261 sigillum

2000 2288 2142 2340 istud
2181 2288 2310 2351 Dei;
2362 2289 2643 2357 sculptura
2698 2299 2882 2340 autem
2940 2288 3103 2356 sigilli
3168 2288 3364 2340 armuli
3411 2288 3475 2340 ad
3514 2298 3566 2338 te

1998 2378 2151 2432 missi
2188 2388 2270 2433 est
2295 2380 2679 2448 quinquisema
2716 2377 2983 2449 (quinque
3008 2378 3394 2432 instrumentis
3415 2393 3560 2446 qua~

1994 2469 2273 2522 dratorum
2310 2469 2566 2539 signata).
2600 2469 2666 2522 Et
2700 2471 2875 2523 laetior
2931 2468 3109 2524 factus
3142 2484 3242 2539 ego
3279 2468 3561 2527 Salomon.

1994 2557 2284 2613 cantabam
2330 2567 2383 2609 et
2435 2557 2851 2625 magnilicabam
2896 2556 3061 2611 Deum
3106 2557 3232 2610 εαξη
3271 2569 3325 2610 et
3360 2566 3563 2620 terrai;

1993 2656 2047 2700 et
2084 2661 2243 2700 mane
2276 2646 2462 2700 vocavi
2498 2662 2749 2714 puerum,
2778 2657 2831 2701 et
2865 2648 2987 2702 dedi
3028 2648 3076 2701 ei
3106 2647 3392 2709 annulum,
3420 2646 3563 2700 dixi-

1997 2754 2100 2807 que
2142 2738 2220 2791 illi
2262 2757 2274 2791 :
2320 2738 2517 2807 Accipe
2551 2739 2652 2791 hoc
2692 2748 2745 2791 ot
2800 2740 2853 2791 iu
2912 2755 3016 2807 qua
3065 2739 3195 2793 hora
3242 2740 3451 2793 venerit
3493 2739 3560 2791 ad

1996 2838 2046 2879 te
2084 2829 2316 2890 dwnmn,
2357 2829 2408 2880 in
2446 2839 2636 2897 pectus
2667 2827 2786 2895 ejus
2842 2828 3049 2896 projice
3099 2828 3245 2883 hunc
3294 2828 3560 2882 annulum

1993 2926 2047 2972 et
2072 2918 2159 2971 dic
2192 2920 2242 2973 ei
2283 2937 2297 2972 :
2334 2921 2394 2972 In
2428 2919 2651 2972 nomine
2687 2917 2802 2981 Dei,
2841 2919 2947 2973 huc
2982 2926 3146 2973 vocat
3191 2929 3247 2974 te
3297 2919 3558 2975 Salomon

1994 3026 2083 3063 rex
2111 3027 2127 3075 ;
2160 3019 2211 3064 et
2240 3011 2505 3073 festinans
2534 3012 2654 3065 veni
2687 3011 2755 3065 ad
2802 3027 2909 3075 me,
2978 3012 3058 3066 nil
3106 3012 3330 3075 timens,
3382 3027 3560 3079 neque

1995 3103 2297 3156 formidans
2352 3105 2649 3173 quidquam
2698 3118 2889 3159 eorum
2933 3120 3054 3174 qua:
3097 3104 3388 3159 auditurus
3423 3120 3482 3158 es
3528 3122 3555 3156 ιι

1994 3194 2260 3249 (ιςιηηοηρ.
2319 3195 2384 3249 Ει
2434 3196 2743 3265 suscipiens
2795 3212 2929 3265 puer
2982 3197 3249 3250 annulum
3297 3198 3456 3250 abiit.
3493 3197 3560 3249 Et

1992 3302 2120 3339 ecce
2172 3298 2435 3341 consueta
2498 3289 2631 3342 hora
2673 3291 2821 3343 venit
2879 3288 3077 3343 Ornias
3124 3290 3297 3344 malus
3343 3289 3556 3344 daemon

1994 3386 2048 3430 ut
2084 3379 2226 3446 ignis
2255 3379 2478 3445 ardens,
2522 3388 2581 3433 ut
2615 3391 2830 3449 raperet
2859 3380 3163 3435 mercedem
3216 3381 3410 3449 pueri;
3466 3379 3556 3432 ille

1991 3484 2140 3529 vero.
2172 3471 2328 3536 juxta
2363 3471 2677 3527 mandatum
2717 3472 2881 3537 regis.
2929 3472 3153 3540 projecit
3184 3472 3452 3525 annulum
3500 3472 3551 3522 in

1988 3572 2179 3628 pectus
2208 3564 2490 3639 dremonis,
2526 3572 2579 3616 et
2612 3564 2746 3617 dixit
2790 3581 2804 3614 :
2856 3562 2971 3617 Huc
3006 3573 3163 3617 vocat
3202 3574 3253 3617 te
3296 3561 3552 3617 Salomon

1992 3666 2107 3705 rex.
2136 3651 2201 3707 Et
2258 3653 2390 3706 abiit
2443 3653 2709 3708 festinans
2738 3654 2803 3708 ad
2836 3670 3038 3725 regem.
3093 3654 3311 3708 Damon
3368 3663 3550 3706 autem

1988 3743 2245 3796 clamavit
2296 3745 2484 3799 dicens
2518 3763 2533 3799 :
2588 3745 2746 3809 Puer,
2774 3745 2904 3815 quid
2962 3747 3067 3800 hoc
3115 3746 3292 3799 fecisti
3322 3746 3387 3798 ad
3422 3759 3507 3798 me
3542 3764 3552 3797 :

1989 3831 2187 3903 Recipe
2244 3836 2504 3889 annulum
2557 3851 2586 3888 a
2643 3853 2746 3900 me,
2807 3847 2861 3891 et
2907 3853 3006 3907 ego
3040 3837 3180 3891 dabo
3218 3837 3311 3891 tibi
3356 3852 3549 3891 aurum

1986 3929 2188 3989 terras;
2238 3941 2392 3979 sume
2441 3934 2649 3983 tantum
2690 3928 2791 3979 hoc
2821 3946 2847 3981 a
2888 3943 2994 3989 me,
3020 3944 3195 3997 neque
3241 3943 3327 3982 me
3366 3932 3553 3981 trahas

1988 4014 2054 4067 ad
2090 4015 2462 4072 Salomouem.
2516 4018 2659 4074 Puer
2694 4028 2872 4071 autem
2907 4018 3047 4075 dixit
3088 4019 3320 4072 du'moni
3358 4036 3372 4072 :
3405 4017 3550 4071 Vivit

1987 4101 2252 4164 Dominus
2304 4106 2445 4161 Deus
2495 4106 2685 4172 lsrael‘,
2722 4124 2829 4161 non
2867 4120 2915 4161 Ie
2950 4108 3247 4171 dimittam,
3296 4110 3389 4161 sed
3444 4109 3551 4160 hm-

1984 4194 2130 4247 veui.
2158 4194 2222 4254 Et
2252 4196 2360 4250 cito
2391 4198 2578 4255 abiens
2609 4201 2678 4252 ad
2718 4214 2896 4268 regem
2945 4200 3103 4254 laetus
3147 4200 3225 4251 ait
3265 4213 3278 4248 :
3335 4198 3549 4253 Adduxi

1985 4283 2334 4353 dteutouium,
2363 4304 2396 4343 ο
2430 4304 2544 4343 rex.
2582 4300 2643 4345 ut
2678 4291 3007 4361 praecepisti,
3044 4292 3286 4353 domine.
3332 4299 3388 4345 et
3423 4305 3549 4344 ecce

1984 4386 2095 4431 stat
2119 4388 2243 4434 ante
2275 4385 2422 4438 fores
2450 4386 2587 4439 aulae
2615 4386 2775 4453 regia:
2799 4395 2901 4439 tua?
2924 4384 3257 4450 vociferans,
3277 4393 3331 4439 et
3356 4385 3550 4453 depre-

1984 4483 2116 4523 cans
2140 4486 2332 4541 magna
2356 4488 2509 4538 voce,
2534 4474 2772 4530 offerens
2799 4475 2930 4529 mihi
2952 4484 3241 4541 argentum
3268 4485 3321 4530 et
3349 4492 3543 4529 aurum

310 4563 371 4614 τδ
398 4566 618 4633 Χρυσίον
647 4565 743 4632 τῆς
767 4565 868 4633 γῆς
890 4581 902 4594 '
931 4567 1089 4632 μόνον
1124 4567 1254 4620 λάϐε
1283 4569 1440 4621 τοῦτο
1471 4571 1564 4622 ἀπ’
1590 4571 1746 4639 ἐμοῦ,
1780 4574 1873 4624 καὶ
1906 4601 1950 4657 D
1983 4570 2057 4657 [εἴ

1799 4574 1873 4624 ut,
1906 4601 1950 4657 Β
1983 4570 2160 4627 terrae,
2195 4572 2251 4615 ut
2277 4580 2380 4624 non
2416 4567 2683 4621 adducam
2717 4570 2894 4637 ipsum
2930 4568 2996 4621 ad
3027 4578 3097 4624 te.
3126 4569 3188 4622 Et
3212 4570 3298 4623 his
3344 4569 3546 4623 auditis

315 4653 387 4723 μὴ
418 4655 637 4726 ἀπάγῃς
669 4672 734 4722 με
765 4657 1220 4726 πρδςΣολομῶνα.
1247 4659 1320 4711 Τὸ
1337 4660 1391 4712 δὲ
1423 4663 1707 4731 παιδάριον
1725 4663 1873 4729 λέγει

310 4743 448 4812 πρδς
474 4744 565 4796 16v
604 4746 833 4812 δαίμονα
862 4759 874 4772 ·
913 4747 987 4815 Ζῇ
1039 4746 1245 4815 Κύριος
1270 4750 1298 4800 6
1324 4748 1455 4811 Θεὸς
1486 4748 1580 4802 τοῦ
1634 4751 1872 4821 Ἰσραὴλ,

308 4838 369 4888 οὐ
405 4840 477 4905 μή
518 4856 576 4891 σε
613 4839 907 4907 άνέξωμαι,
954 4840 1088 4893 ἀλλά
1134 4841 1293 4911 δεῦρο
1341 4843 1485 4899 ἐλθέ,
1531 4846 1639 4897 Καὶ
1704 4844 1874 4897 ἐλθὼν

309 4926 583 4993 δρομαέως
639 4926 699 4978 τὸ
746 4928 1034 4997 παιδάριον
1089 4932 1279 4998 χαῖρον
1329 4932 1465 5001 πρὸς
1511 4933 1602 4985 τὸν
1649 4933 1874 5002 βασιλέα

309 5017 466 5084 λέγον
499 5034 512 5048 ·
545 5018 786 5087 Ἤγαγον
811 5021 899 5072 16v
931 5022 1179 5089 δαίμονα,
1213 5023 1454 5091 βασιλεῦ,
1483 5024 1558 5087 ὡς
1581 5026 1872 5091 ἐκέλευσάς

312 5121 423 5171 μοι,
456 5106 715 5171 δέσποτα,
746 5110 839 5161 καὶ
874 5110 980 5162 ἰδοὺ
1013 5108 1270 5179 στήκεται
1304 5112 1411 5182 πρὸ
1439 5112 1545 5165 τῶν
1566 5112 1744 5183 θυρῶν
1771 5115 1871 5181 τῆς

309 5194 480 5263 αὐλῆς
498 5197 595 5264 τῆς
622 5197 891 5267 βασιλείας
912 5217 1004 5251 σου
1033 5202 1253 5269 κράζων
1272 5203 1364 5255 καὶ
1381 5203 1629 5271 δεόμενος
1662 5206 1870 5277 μεγάλῃ

309 5288 376 5355 τῇ
412 5291 584 5359 φωνῇ,
619 5290 797 5351 διδοὺς
840 5291 963 5360 ἐμοὶ⁵
995 5290 1055 5343 τὸ
1107 5292 1372 5361 ἀργύριον
1403 5294 1498 5346 καὶ
1552 5295 1613 5347 τὸ
1648 5297 1870 5365 χρυσίον

308 5375 407 5444 τῆς
433 5381 536 5447 γῆς
574 5380 665 5430 τοῦ
702 5382 776 5450 μὴ
815 5383 1043 5450 ἀγαγεῖν
1076 5385 1236 5437 αὐτὸν
1267 5386 1402 5455 πρὸς
1436 5385 1516 5439 σέ.
1560 5387 1669 5440 Καὶ
1703 5390 1869 5442 ἀκού-

309 5482 407 5528 σας
435 5468 607 5521 ταῦτα
641 5469 892 5541 Σολομῶν
923 5473 1121 5543 ἀνέστη
1156 5475 1263 5528 ἀπὸ
1304 5477 1399 5528 τοῦ
1440 5477 1629 5547 θρόνου
1680 5482 1867 5546 αὑτοῦ,

308 5558 399 5609 καὶ
427 5555 653 5625 ἐξῆλθεν
692 5560 797 5626 ἔξω
834 5562 915 5623 είς
939 5564 1007 5615 15:
1031 5563 1282 5633 πρόθυρα
1316 5565 1417 5633 τῆς
1439 5566 1608 5636 αὐλῆς
1628 5568 1738 5621 τῶν
1758 5570 1868 5638 ’βα-

308 5648 524 5701 σιλείων
554 5650 718 5703 αὑτοῦ
748 5670 763 5683 '
795 5654 891 5706 καὶ
921 5654 1143 5725 ἐθεώρει
1175 5657 1267 5708 τὸν
1300 5658 1529 5727 δαίμονα
1568 5662 1866 5729 φρίσσοντα

305 5739 707 5807 καῖιτρέμοντα,
733 5743 822 5793 καὶ
860 5742 1004 5809 λέγει
1032 5742 1200 5812 αὐτῷ.
1219 5743 1313 5806 Τίς
1342 5740 1395 5797 εἷ
1424 5744 1486 5798 σύ
1516 5764 1532 5813 ;
1572 5746 1635 5799 '0
1663 5748 1717 5799 δὲ
1737 5748 1863 5820 ἔφη,

314 5827 454 5887 Ἐγὼ
498 5829 710 5897 Ὀρνίας
731 5830 999 5899 καλοῦμαι
1027 5850 1041 5864 ’
1077 5836 1169 5887 καὶ
1196 5835 1223 5886 6
1249 5833 1497 5904 Σολομῶν
1524 5836 1667 5905 λέγει
1694 5842 1859 5910 αὐτῷ’

1979 4651 2237 4707 Salomon
2296 4658 2543 4711 surrexit
2588 4674 2617 4713 e
2664 4659 2863 4713 throno
2916 4666 2970 4712 et
3033 4660 3168 4713 exiit
3218 4659 3402 4723 foras,
3488 4660 3542 4712 in

1976 4747 2175 4800 atrium
2212 4749 2347 4802 aulae
2385 4740 2573 4818 palatii
2598 4751 2706 4817 sui,
2735 4762 2787 4804 et
2814 4751 2948 4805 vidit
2976 4752 3279 4806 damonem
3308 4753 3547 4807 fremen-

1976 4846 2083 4891 tem
2130 4846 2183 4892 et
2233 4846 2581 4905 trementem,
2615 4844 2859 4911 dixitque
2892 4842 2942 4897 ei
2977 4860 2991 4897 ε
3027 4843 3163 4910 Quis
3188 4860 3249 4899 es
3287 4845 3392 4899 tu?
3440 4845 3544 4910 Qui

1976 4930 2051 4983 ait
2088 4946 2100 4981 :
2136 4929 2248 4997 Ego
2299 4929 2495 4985 Ornias
2561 4933 2835 4987 nominor.
2899 4924 3205 4989 Etdixitwei
3239 4934 3497 4989 Salomon
3527 4952 3539 4986 :

1974 5017 2159 5072 Indica
2199 5020 2353 5084 mihi,
2408 5035 2441 5074 ο
2495 5021 2733 5085 damon,
2790 5024 2895 5077 sub
2947 5040 3057 5093 quo
3114 5025 3275 5092 signo
3329 5025 3539 5094 jaceas.

1975 5106 2088 5162 Sub
2122 5109 2385 5177 Aquario,
2420 5111 2652 5173 aitille;
2702 5120 2755 5175 et
2810 5122 3088 5167 versantes
3138 5128 3233 5181 per
3285 5116 3539 5182 concupi-

1974 5203 2216 5254 scentias
2241 5217 2626 5270 generosarum
2657 5203 2708 5254 in
2737 5213 2880 5256 terra
2914 5205 3241 5271 puellarum,
3263 5206 3540 5276 subsigno

1974 5295 2256 5361 praedicto,
2293 5310 2387 5348 eos
2418 5295 2726 5369 strangulo,
2752 5297 2850 5349 sed
2890 5311 2996 5349 non
3043 5298 3202 5349 aliter
3248 5312 3410 5363 quam
3451 5312 3538 5351 so-

1973 5385 2115 5451 pitos
2147 5401 2160 5447 ;
2197 5392 2303 5437 tres
2339 5372 2544 5438 formas
2585 5387 2773 5453 induo,
2808 5390 3023 5456 quando
3057 5398 3307 5443 tenentur
3358 5390 3537 5443 homi-

1972 5489 2069 5528 nes
2118 5475 2392 5529 desiderio
2443 5475 2770 5531 fetuiuarum
2816 5494 2832 5531 :
2879 5495 2978 5547 ego
3038 5480 3411 5532 transformor
3471 5479 3525 5532 in

1973 5565 2254 5621 mulierem
2288 5564 2567 5641 eleganter
2592 5568 2862 5631 veStitam,
2886 5577 2939 5620 et
2963 5570 3314 5642 palpantibus
3333 5585 3418 5623 me
3436 5569 3537 5622 ho.

1972 5655 2208 5709 minilms
2234 5657 2375 5710 inter
2400 5641 2675 5719 somnum,
2705 5658 2875 5712 illudo
2907 5660 3025 5725 cis;
3062 5676 3207 5714 nunc
3243 5676 3370 5715 vero
3418 5678 3534 5714 rur-

1971 5765 2088 5803 sum
2136 5748 2315 5802 alatus
2356 5748 2425 5802 lio
2470 5750 2571 5805 sub
2627 5752 2792 5805 aeriis
2838 5753 3020 5815 locis;
3071 5754 3259 5807 videor
3285 5753 3448 5806 etiam
3480 5764 3534 5803 nt

1977 5845 2173 5907 leo,et
2208 5839 2455 5909 pellicior
2502 5842 2569 5895 ab
2628 5843 2886 5898 omnibus
2952 5843 3323 5901 dmnonibus;
3380 5852 3533 5897 «rtus
