  <div class='ocr_page' id='page_1' title='image "/cluster/home/n/w/nwhite01/storage/ocr_20150623/122/nnc1.0046979611/668.png"; bbox 0 0 4424 6462; ppageno 0'>
   <div class='ocr_carea' id='block_1_1' title="bbox 382 434 508 498">
    <p class='ocr_par' dir='ltr' id='par_1_1' title="bbox 382 434 508 498">
     <span class='ocr_line' id='line_1_1' title="bbox 382 434 508 498; baseline -0.032 0"><span class='ocrx_word' id='word_1_1' title='bbox 382 434 508 498; x_wconf 70' lang='lat'><strong>1321</strong></span> 
     </span>
    </p>
   </div>
   <div class='ocr_carea' id='block_1_2' title="bbox 380 511 2399 609">
    <p class='ocr_par' dir='ltr' id='par_1_2' title="bbox 380 511 2399 609">
     <span class='ocr_line' id='line_1_2' title="bbox 380 511 2399 609; baseline -0.015 -12"><span class='ocrx_word' id='word_1_2' title='bbox 380 542 542 609; x_wconf 76' lang='grc' dir='ltr'>αὐτῇ⁸</span> <span class='ocrx_word' id='word_1_3' title='bbox 581 536 722 602; x_wconf 83' lang='grc' dir='ltr'>Λέγε</span> <span class='ocrx_word' id='word_1_4' title='bbox 753 549 842 605; x_wconf 82' lang='grc' dir='ltr'><strong>μοι</strong></span> <span class='ocrx_word' id='word_1_5' title='bbox 870 534 954 595; x_wconf 81' lang='grc' dir='ltr'>τίς</span> <span class='ocrx_word' id='word_1_6' title='bbox 995 526 1066 582; x_wconf 72' lang='grc' dir='ltr'><strong>εἴ.</strong></span> <span class='ocrx_word' id='word_1_7' title='bbox 1109 527 1174 581; x_wconf 81' lang='grc' dir='ltr'><strong>Ἠ</strong></span> <span class='ocrx_word' id='word_1_8' title='bbox 1202 524 1258 578; x_wconf 78' lang='grc' dir='ltr'>δὲ</span> <span class='ocrx_word' id='word_1_9' title='bbox 1298 540 1386 595; x_wconf 86' lang='grc' dir='ltr'><strong>μοι</strong></span> <span class='ocrx_word' id='word_1_10' title='bbox 1427 522 1530 592; x_wconf 72' lang='grc' dir='ltr'>ἔφη</span> <span class='ocrx_word' id='word_1_11' title='bbox 1564 537 1576 549; x_wconf 86' lang='grc'><strong>⁸</strong></span> <span class='ocrx_word' id='word_1_12' title='bbox 1622 517 1765 586; x_wconf 85' lang='grc' dir='ltr'>Ἐγὼ</span> <span class='ocrx_word' id='word_1_13' title='bbox 1797 515 1948 568; x_wconf 59' lang='grc' dir='ltr'>Ὀιοο</span> <span class='ocrx_word' id='word_1_14' title='bbox 1980 515 2019 569; x_wconf 77' lang='grc' dir='ltr'><strong>Α</strong></span> <span class='ocrx_word' id='word_1_15' title='bbox 2054 520 2157 609; x_wconf 68' lang='lat' dir='ltr'><strong>tem</strong></span> <span class='ocrx_word' id='word_1_16' title='bbox 2219 511 2331 609; x_wconf 56' lang='lat' dir='ltr'><strong>dixi</strong></span> <span class='ocrx_word' id='word_1_17' title='bbox 2384 529 2399 566; x_wconf 89' lang='lat'><strong>:</strong></span> 
     </span>
    </p>
   </div>
   <div class='ocr_carea' id='block_1_3' title="bbox 380 608 1955 696">
    <p class='ocr_par' dir='ltr' id='par_1_3' title="bbox 380 608 1955 696">
     <span class='ocr_line' id='line_1_3' title="bbox 380 608 1955 696; baseline -0.017 -9"><span class='ocrx_word' id='word_1_18' title='bbox 380 634 565 694; x_wconf 77' lang='grc' dir='ltr'>σκελὶς</span> <span class='ocrx_word' id='word_1_19' title='bbox 596 626 876 696; x_wconf 75' lang='grc' dir='ltr'>παλοῦμαι</span> <span class='ocrx_word' id='word_1_20' title='bbox 906 642 917 655; x_wconf 94' lang='grc'><strong>·</strong></span> <span class='ocrx_word' id='word_1_21' title='bbox 953 621 1174 690; x_wconf 76' lang='grc' dir='ltr'>πνεῦμα</span> <span class='ocrx_word' id='word_1_22' title='bbox 1217 614 1619 686; x_wconf 72' lang='grc' dir='ltr'>σεϐωμάτω(⁴ί)</span> <span class='ocrx_word' id='word_1_23' title='bbox 1653 608 1955 680; x_wconf 74' lang='grc' dir='ltr'>πεποιημέ-</span> 
     </span>
    </p>
   </div>
   <div class='ocr_carea' id='block_1_4' title="bbox 379 702 1955 793">
    <p class='ocr_par' dir='ltr' id='par_1_4' title="bbox 379 702 1955 793">
     <span class='ocr_line' id='line_1_4' title="bbox 379 702 1955 793; baseline -0.016 -13"><span class='ocrx_word' id='word_1_24' title='bbox 379 743 470 779; x_wconf 85' lang='grc' dir='ltr'><strong>νον</strong></span> <span class='ocrx_word' id='word_1_25' title='bbox 500 742 513 757; x_wconf 95' lang='grc'><strong>⁸</strong></span> <span class='ocrx_word' id='word_1_26' title='bbox 539 722 779 793; x_wconf 84' lang='grc' dir='ltr'>φωλαῐον</span> <span class='ocrx_word' id='word_1_27' title='bbox 815 719 908 773; x_wconf 71' lang='grc' dir='ltr'><strong>ἐπὶ</strong></span> <span class='ocrx_word' id='word_1_28' title='bbox 939 718 1038 787; x_wconf 87' lang='grc' dir='ltr'>τῆς</span> <span class='ocrx_word' id='word_1_29' title='bbox 1070 714 1174 785; x_wconf 78' lang='grc' dir='ltr'>γῆς</span> <span class='ocrx_word' id='word_1_30' title='bbox 1194 730 1208 745; x_wconf 92' lang='grc'><strong>⁸</strong></span> <span class='ocrx_word' id='word_1_31' title='bbox 1238 709 1505 778; x_wconf 85' lang='grc' dir='ltr'>σπήλαιόν</span> <span class='ocrx_word' id='word_1_32' title='bbox 1555 724 1646 779; x_wconf 85' lang='grc' dir='ltr'><strong>μοι</strong></span> <span class='ocrx_word' id='word_1_33' title='bbox 1701 702 1955 776; x_wconf 76' lang='grc' dir='ltr'><strong>χρύσειον</strong></span> 
     </span>
    </p>
   </div>
   <div class='ocr_carea' id='block_1_5' title="bbox 276 796 1958 886">
    <p class='ocr_par' dir='ltr' id='par_1_5' title="bbox 276 796 1958 886">
     <span class='ocr_line' id='line_1_5' title="bbox 276 796 1958 886; baseline -0.015 -13"><span class='ocrx_word' id='word_1_34' title='bbox 276 847 281 851; x_wconf 93' lang='grc'><strong>-</strong></span> <span class='ocrx_word' id='word_1_35' title='bbox 380 818 511 873; x_wconf 72' lang='grc' dir='ltr'>ἔνθα</span> <span class='ocrx_word' id='word_1_36' title='bbox 549 820 738 886; x_wconf 81' lang='grc' dir='ltr'>κεῖμαι</span> <span class='ocrx_word' id='word_1_37' title='bbox 764 831 777 845; x_wconf 87' lang='grc'><strong>⁸</strong></span> <span class='ocrx_word' id='word_1_38' title='bbox 818 814 926 883; x_wconf 78' lang='grc' dir='ltr'>ἔχω</span> <span class='ocrx_word' id='word_1_39' title='bbox 956 811 1012 864; x_wconf 81' lang='grc' dir='ltr'>δὲ</span> <span class='ocrx_word' id='word_1_40' title='bbox 1040 805 1423 863; x_wconf 80' lang='grc' dir='ltr'><strong>πολυποίκιλον</strong></span> <span class='ocrx_word' id='word_1_41' title='bbox 1444 804 1609 857; x_wconf 79' lang='grc' dir='ltr'>τόπον</span> <span class='ocrx_word' id='word_1_42' title='bbox 1641 814 1654 828; x_wconf 89' lang='grc'><strong>·</strong></span> <span class='ocrx_word' id='word_1_43' title='bbox 1691 798 1821 851; x_wconf 84' lang='grc' dir='ltr'>ποτὲ</span> <span class='ocrx_word' id='word_1_44' title='bbox 1858 796 1958 866; x_wconf 80' lang='grc' dir='ltr'>μὲν</span> 
     </span>
    </p>
   </div>
   <div class='ocr_carea' id='block_1_6' title="bbox 382 886 1958 977">
    <p class='ocr_par' dir='ltr' id='par_1_6' title="bbox 382 886 1958 977">
     <span class='ocr_line' id='line_1_6' title="bbox 382 886 1958 977; baseline -0.015 -16"><span class='ocrx_word' id='word_1_45' title='bbox 382 906 690 977; x_wconf 60' lang='grc' dir='ltr'>ἀνθρώποις</span> <span class='ocrx_word' id='word_1_46' title='bbox 723 902 901 971; x_wconf 82' lang='grc' dir='ltr'>πνίγω</span> <span class='ocrx_word' id='word_1_47' title='bbox 955 901 1020 955; x_wconf 85' lang='grc' dir='ltr'>δι’</span> <span class='ocrx_word' id='word_1_48' title='bbox 1052 898 1291 968; x_wconf 76' lang='grc' dir='ltr'>ἀγχόνης</span> <span class='ocrx_word' id='word_1_49' title='bbox 1340 912 1355 927; x_wconf 93' lang='grc'><strong>⁸</strong></span> <span class='ocrx_word' id='word_1_50' title='bbox 1398 892 1531 947; x_wconf 83' lang='grc' dir='ltr'>ποτὲ</span> <span class='ocrx_word' id='word_1_51' title='bbox 1588 890 1646 943; x_wconf 84' lang='grc' dir='ltr'>δὲ</span> <span class='ocrx_word' id='word_1_52' title='bbox 1699 888 1808 942; x_wconf 78' lang='grc' dir='ltr'><strong>ἀπὸ</strong></span> <span class='ocrx_word' id='word_1_53' title='bbox 1860 886 1958 954; x_wconf 76' lang='grc' dir='ltr'>τῆς</span> 
     </span>
    </p>
   </div>
   <div class='ocr_carea' id='block_1_7' title="bbox 383 977 1955 1069">
    <p class='ocr_par' dir='ltr' id='par_1_7' title="bbox 383 977 1955 1069">
     <span class='ocr_line' id='line_1_7' title="bbox 383 977 1955 1069; baseline -0.015 -16"><span class='ocrx_word' id='word_1_54' title='bbox 383 1000 595 1069; x_wconf 69' lang='grc' dir='ltr'>φύσεως</span> <span class='ocrx_word' id='word_1_55' title='bbox 634 1000 713 1059; x_wconf 84' lang='grc' dir='ltr'><strong>εἰς</strong></span> <span class='ocrx_word' id='word_1_56' title='bbox 747 993 1001 1062; x_wconf 84' lang='grc' dir='ltr'>ἀγκῶνας</span> <span class='ocrx_word' id='word_1_57' title='bbox 1032 991 1123 1062; x_wconf 88' lang='lat' dir='ltr'><strong>(ad</strong></span> <span class='ocrx_word' id='word_1_58' title='bbox 1148 1004 1318 1057; x_wconf 87' lang='lat' dir='ltr'><strong>marg.</strong></span> <span class='ocrx_word' id='word_1_59' title='bbox 1347 980 1647 1054; x_wconf 76' lang='grc' dir='ltr'><strong>σκωλήκια)</strong></span> <span class='ocrx_word' id='word_1_60' title='bbox 1694 977 1920 1050; x_wconf 82' lang='grc' dir='ltr'>φωλεύω</span> <span class='ocrx_word' id='word_1_61' title='bbox 1941 991 1955 1006; x_wconf 94' lang='grc'><strong>·</strong></span> 
     </span>
    </p>
   </div>
   <div class='ocr_carea' id='block_1_8' title="bbox 382 1070 1957 1156">
    <p class='ocr_par' dir='ltr' id='par_1_8' title="bbox 382 1070 1957 1156">
     <span class='ocr_line' id='line_1_8' title="bbox 382 1070 1957 1156; baseline -0.014 -12"><span class='ocrx_word' id='word_1_62' title='bbox 382 1093 450 1146; x_wconf 73' lang='grc' dir='ltr'><strong>τὰ</strong></span> <span class='ocrx_word' id='word_1_63' title='bbox 474 1091 531 1144; x_wconf 82' lang='grc' dir='ltr'>δὲ</span> <span class='ocrx_word' id='word_1_64' title='bbox 554 1086 779 1143; x_wconf 79' lang='grc' dir='ltr'>πλεῖστά</span> <span class='ocrx_word' id='word_1_65' title='bbox 814 1103 903 1156; x_wconf 87' lang='grc' dir='ltr'><strong>μοι</strong></span> <span class='ocrx_word' id='word_1_66' title='bbox 946 1082 1241 1152; x_wconf 79' lang='grc' dir='ltr'>οίκητήρια</span> <span class='ocrx_word' id='word_1_67' title='bbox 1268 1080 1375 1132; x_wconf 75' lang='grc' dir='ltr'>εἰσὶ</span> <span class='ocrx_word' id='word_1_68' title='bbox 1408 1076 1664 1147; x_wconf 75' lang='grc' dir='ltr'>κρημνοὶ,</span> <span class='ocrx_word' id='word_1_69' title='bbox 1699 1070 1957 1143; x_wconf 72' lang='grc' dir='ltr'>σπήλαια,</span> 
     </span>
    </p>
   </div>
   <div class='ocr_carea' id='block_1_9' title="bbox 386 1160 1962 1253">
    <p class='ocr_par' dir='ltr' id='par_1_9' title="bbox 386 1160 1962 1253">
     <span class='ocr_line' id='line_1_9' title="bbox 386 1160 1962 1253; baseline -0.016 -14"><span class='ocrx_word' id='word_1_70' title='bbox 386 1185 673 1253; x_wconf 72' lang='grc' dir='ltr'>φάραγγες</span> <span class='ocrx_word' id='word_1_71' title='bbox 710 1194 723 1209; x_wconf 91' lang='grc'><strong>⁸</strong></span> <span class='ocrx_word' id='word_1_72' title='bbox 758 1177 1019 1238; x_wconf 79' lang='grc' dir='ltr'><strong>πολλάκις</strong></span> <span class='ocrx_word' id='word_1_73' title='bbox 1050 1172 1106 1226; x_wconf 80' lang='grc' dir='ltr'>δὲ</span> <span class='ocrx_word' id='word_1_74' title='bbox 1137 1174 1231 1226; x_wconf 74' lang='grc' dir='ltr'>καὶ</span> <span class='ocrx_word' id='word_1_75' title='bbox 1264 1166 1591 1238; x_wconf 87' lang='grc' dir='ltr'>συγγίνομαι</span> <span class='ocrx_word' id='word_1_76' title='bbox 1616 1170 1727 1228; x_wconf 80' lang='grc' dir='ltr'>τοῖς</span> <span class='ocrx_word' id='word_1_77' title='bbox 1752 1160 1962 1234; x_wconf 83' lang='grc' dir='ltr'>ἀνθρὼ-</span> 
     </span>
    </p>
   </div>
   <div class='ocr_carea' id='block_1_10' title="bbox 384 1257 1961 1343">
    <p class='ocr_par' dir='ltr' id='par_1_10' title="bbox 384 1257 1961 1343">
     <span class='ocr_line' id='line_1_10' title="bbox 384 1257 1961 1343; baseline -0.015 -12"><span class='ocrx_word' id='word_1_78' title='bbox 384 1294 510 1341; x_wconf 83' lang='grc' dir='ltr'>ποις</span> <span class='ocrx_word' id='word_1_79' title='bbox 563 1275 641 1336; x_wconf 83' lang='grc' dir='ltr'>ὡς</span> <span class='ocrx_word' id='word_1_80' title='bbox 682 1271 819 1343; x_wconf 83' lang='grc' dir='ltr'>γυνὴ</span> <span class='ocrx_word' id='word_1_81' title='bbox 860 1266 1093 1322; x_wconf 77' lang='grc' dir='ltr'>δοκοῦσα</span> <span class='ocrx_word' id='word_1_82' title='bbox 1151 1266 1325 1319; x_wconf 73' lang='grc' dir='ltr'>εἶναιυ</span> <span class='ocrx_word' id='word_1_83' title='bbox 1382 1262 1489 1333; x_wconf 79' lang='grc' dir='ltr'><strong>πρὸ</strong></span> <span class='ocrx_word' id='word_1_84' title='bbox 1519 1260 1734 1313; x_wconf 84' lang='grc' dir='ltr'>πάντων</span> <span class='ocrx_word' id='word_1_85' title='bbox 1770 1257 1825 1310; x_wconf 83' lang='grc' dir='ltr'>δὲ</span> <span class='ocrx_word' id='word_1_86' title='bbox 1850 1258 1961 1319; x_wconf 77' lang='grc' dir='ltr'>τοῖς</span> 
     </span>
    </p>
   </div>
   <div class='ocr_carea' id='block_1_11' title="bbox 388 1349 1963 1438">
    <p class='ocr_par' dir='ltr' id='par_1_11' title="bbox 388 1349 1963 1438">
     <span class='ocr_line' id='line_1_11' title="bbox 388 1349 1963 1438; baseline -0.013 -17"><span class='ocrx_word' id='word_1_87' title='bbox 388 1366 696 1438; x_wconf 82' lang='grc' dir='ltr'>μελιχρόοις</span> <span class='ocrx_word' id='word_1_88' title='bbox 736 1381 749 1395; x_wconf 93' lang='grc'><strong>·</strong></span> <span class='ocrx_word' id='word_1_89' title='bbox 782 1358 931 1415; x_wconf 72' lang='grc' dir='ltr'>οὗτοι</span> <span class='ocrx_word' id='word_1_90' title='bbox 964 1362 1069 1431; x_wconf 78' lang='grc' dir='ltr'><strong>γὰρ</strong></span> <span class='ocrx_word' id='word_1_91' title='bbox 1104 1354 1395 1422; x_wconf 84' lang='grc' dir='ltr'>σύναστροί</span> <span class='ocrx_word' id='word_1_92' title='bbox 1441 1354 1531 1423; x_wconf 84' lang='grc' dir='ltr'><strong>μοί</strong></span> <span class='ocrx_word' id='word_1_93' title='bbox 1559 1356 1666 1405; x_wconf 85' lang='grc' dir='ltr'>είσι</span> <span class='ocrx_word' id='word_1_94' title='bbox 1693 1367 1706 1380; x_wconf 97' lang='grc'><strong>⁸</strong></span> <span class='ocrx_word' id='word_1_95' title='bbox 1737 1349 1963 1419; x_wconf 72' lang='grc' dir='ltr'>καὶγὰρ</span> 
     </span>
    </p>
   </div>
   <div class='ocr_carea' id='block_1_12' title="bbox 384 1442 1962 1529">
    <p class='ocr_par' dir='ltr' id='par_1_12' title="bbox 384 1442 1962 1529">
     <span class='ocr_line' id='line_1_12' title="bbox 384 1442 1962 1529; baseline -0.011 -17"><span class='ocrx_word' id='word_1_96' title='bbox 384 1460 445 1513; x_wconf 83' lang='grc' dir='ltr'>τὸ</span> <span class='ocrx_word' id='word_1_97' title='bbox 467 1461 668 1529; x_wconf 80' lang='grc' dir='ltr'>ἄστρον</span> <span class='ocrx_word' id='word_1_98' title='bbox 705 1475 807 1526; x_wconf 87' lang='grc' dir='ltr'><strong>μου</strong></span> <span class='ocrx_word' id='word_1_99' title='bbox 838 1448 985 1507; x_wconf 68' lang='grc' dir='ltr'>οὗτοι</span> <span class='ocrx_word' id='word_1_100' title='bbox 1011 1452 1189 1521; x_wconf 82' lang='grc' dir='ltr'>λάθρα</span> <span class='ocrx_word' id='word_1_101' title='bbox 1224 1450 1316 1502; x_wconf 71' lang='grc' dir='ltr'><strong>καὶ</strong></span> <span class='ocrx_word' id='word_1_102' title='bbox 1341 1447 1590 1517; x_wconf 81' lang='grc' dir='ltr'><strong>φανερῶς</strong></span> <span class='ocrx_word' id='word_1_103' title='bbox 1623 1442 1962 1516; x_wconf 81' lang='grc' dir='ltr'>προσκυνοῦ-</span> 
     </span>
    </p>
   </div>
   <div class='ocr_carea' id='block_1_13' title="bbox 389 1536 1964 1609">
    <p class='ocr_par' dir='ltr' id='par_1_13' title="bbox 389 1536 1964 1609">
     <span class='ocr_line' id='line_1_13' title="bbox 389 1536 1964 1609; baseline -0.011 -3"><span class='ocrx_word' id='word_1_104' title='bbox 389 1570 441 1605; x_wconf 95' lang='grc' dir='ltr'><strong>σι</strong></span> <span class='ocrx_word' id='word_1_105' title='bbox 480 1570 495 1585; x_wconf 76' lang='grc' dir='ltr'><strong><em>ο</em></strong></span> <span class='ocrx_word' id='word_1_106' title='bbox 538 1553 631 1605; x_wconf 68' lang='grc' dir='ltr'>καὶ</span> <span class='ocrx_word' id='word_1_107' title='bbox 693 1549 791 1602; x_wconf 82' lang='grc' dir='ltr'><strong>οὐκ</strong></span> <span class='ocrx_word' id='word_1_108' title='bbox 860 1548 1067 1601; x_wconf 79' lang='grc' dir='ltr'>οἴδασιν</span> <span class='ocrx_word' id='word_1_109' title='bbox 1121 1545 1203 1596; x_wconf 80' lang='grc' dir='ltr'>ὅτι</span> <span class='ocrx_word' id='word_1_110' title='bbox 1247 1542 1446 1603; x_wconf 75' lang='grc' dir='ltr'>αὐτοὺς</span> <span class='ocrx_word' id='word_1_111' title='bbox 1495 1539 1813 1609; x_wconf 83' lang='grc' dir='ltr'>βλάπτουσι,</span> <span class='ocrx_word' id='word_1_112' title='bbox 1870 1536 1964 1588; x_wconf 73' lang='grc' dir='ltr'>καὶ</span> 
     </span>
    </p>
   </div>
   <div class='ocr_carea' id='block_1_14' title="bbox 386 1626 1964 1709">
    <p class='ocr_par' dir='ltr' id='par_1_14' title="bbox 386 1626 1964 1709">
     <span class='ocr_line' id='line_1_14' title="bbox 386 1626 1964 1709; baseline -0.008 -16"><span class='ocrx_word' id='word_1_113' title='bbox 386 1642 571 1693; x_wconf 81' lang='grc' dir='ltr'>πλεῖόν</span> <span class='ocrx_word' id='word_1_114' title='bbox 610 1657 675 1709; x_wconf 90' lang='grc' dir='ltr'><strong>με</strong></span> <span class='ocrx_word' id='word_1_115' title='bbox 709 1638 1041 1706; x_wconf 69' lang='grc' dir='ltr'>κακουργεῖν</span> <span class='ocrx_word' id='word_1_116' title='bbox 1072 1633 1382 1705; x_wconf 75' lang='grc' dir='ltr'><strong>ἐρεθίζουσι</strong></span> <span class='ocrx_word' id='word_1_117' title='bbox 1405 1648 1419 1664; x_wconf 90' lang='grc'><strong>⁸</strong></span> <span class='ocrx_word' id='word_1_118' title='bbox 1454 1631 1670 1684; x_wconf 83' lang='grc' dir='ltr'>θέλουσι</span> <span class='ocrx_word' id='word_1_119' title='bbox 1717 1630 1826 1699; x_wconf 83' lang='grc' dir='ltr'><strong>γὰρ</strong></span> <span class='ocrx_word' id='word_1_120' title='bbox 1875 1626 1964 1680; x_wconf 84' lang='grc' dir='ltr'><strong>διὰ</strong></span> 
     </span>
    </p>
   </div>
   <div class='ocr_carea' id='block_1_15' title="bbox 386 1718 1958 1799">
    <p class='ocr_par' dir='ltr' id='par_1_15' title="bbox 386 1718 1958 1799">
     <span class='ocr_line' id='line_1_15' title="bbox 386 1718 1958 1799; baseline -0.006 -17"><span class='ocrx_word' id='word_1_121' title='bbox 386 1730 484 1799; x_wconf 71' lang='grc' dir='ltr'>τῆς</span> <span class='ocrx_word' id='word_1_122' title='bbox 509 1732 729 1798; x_wconf 81' lang='grc' dir='ltr'>μνήμης</span> <span class='ocrx_word' id='word_1_123' title='bbox 761 1729 987 1797; x_wconf 86' lang='grc' dir='ltr'>χρυσίον</span> <span class='ocrx_word' id='word_1_124' title='bbox 1028 1726 1274 1794; x_wconf 77' lang='grc' dir='ltr'><strong>πορίζειν</strong></span> <span class='ocrx_word' id='word_1_125' title='bbox 1298 1738 1311 1751; x_wconf 83' lang='grc'><strong>⁸</strong></span> <span class='ocrx_word' id='word_1_126' title='bbox 1350 1722 1461 1789; x_wconf 79' lang='grc' dir='ltr'><strong>ἐγὼ</strong></span> <span class='ocrx_word' id='word_1_127' title='bbox 1489 1722 1545 1774; x_wconf 76' lang='grc' dir='ltr'>δὲ</span> <span class='ocrx_word' id='word_1_128' title='bbox 1574 1720 1799 1789; x_wconf 82' lang='grc' dir='ltr'>παρέχω</span> <span class='ocrx_word' id='word_1_129' title='bbox 1855 1718 1958 1772; x_wconf 69' lang='grc' dir='ltr'>ὀλίι</span> 
     </span>
    </p>
   </div>
   <div class='ocr_carea' id='block_1_16' title="bbox 386 1809 1963 1887">
    <p class='ocr_par' dir='ltr' id='par_1_16' title="bbox 386 1809 1963 1887">
     <span class='ocr_line' id='line_1_16' title="bbox 386 1809 1963 1887; baseline -0.005 -17"><span class='ocrx_word' id='word_1_130' title='bbox 386 1836 479 1887; x_wconf 90' lang='grc' dir='ltr'><strong>γον</strong></span> <span class='ocrx_word' id='word_1_131' title='bbox 510 1821 620 1880; x_wconf 87' lang='grc' dir='ltr'>τοῖς</span> <span class='ocrx_word' id='word_1_132' title='bbox 650 1817 829 1877; x_wconf 83' lang='grc' dir='ltr'>καλῶς</span> <span class='ocrx_word' id='word_1_133' title='bbox 883 1832 950 1880; x_wconf 86' lang='grc' dir='ltr'><strong>με</strong></span> <span class='ocrx_word' id='word_1_134' title='bbox 1011 1811 1437 1883; x_wconf 84' lang='grc' dir='ltr'>προσκυνοῦσιν.</span> <span class='ocrx_word' id='word_1_135' title='bbox 1482 1810 1851 1880; x_wconf 80' lang='grc' dir='ltr'>Ἐπηρὼτησα</span> <span class='ocrx_word' id='word_1_136' title='bbox 1907 1809 1963 1862; x_wconf 75' lang='grc' dir='ltr'>δὲ</span> 
     </span>
    </p>
   </div>
   <div class='ocr_carea' id='block_1_17' title="bbox 385 1898 1960 1976">
    <p class='ocr_par' dir='ltr' id='par_1_17' title="bbox 385 1898 1960 1976">
     <span class='ocr_line' id='line_1_17' title="bbox 385 1898 1960 1976; baseline -0.007 -16"><span class='ocrx_word' id='word_1_137' title='bbox 385 1906 553 1976; x_wconf 79' lang='grc' dir='ltr'>αὐτὴν</span> <span class='ocrx_word' id='word_1_138' title='bbox 584 1908 738 1974; x_wconf 73' lang='grc' dir='ltr'><strong>κάγὼ</strong></span> <span class='ocrx_word' id='word_1_139' title='bbox 780 1902 1056 1973; x_wconf 84' lang='grc' dir='ltr'>Σολομῶν,</span> <span class='ocrx_word' id='word_1_140' title='bbox 1086 1902 1250 1955; x_wconf 84' lang='grc' dir='ltr'>πόθεν</span> <span class='ocrx_word' id='word_1_141' title='bbox 1284 1902 1468 1970; x_wconf 76' lang='grc' dir='ltr'>γεννᾷ.</span> <span class='ocrx_word' id='word_1_142' title='bbox 1505 1900 1567 1951; x_wconf 86' lang='grc' dir='ltr'><em>Ἢ</em></span> <span class='ocrx_word' id='word_1_143' title='bbox 1601 1900 1658 1951; x_wconf 90' lang='grc' dir='ltr'><strong>δέ</strong></span> <span class='ocrx_word' id='word_1_144' title='bbox 1704 1916 1795 1967; x_wconf 77' lang='grc' dir='ltr'><strong>μοι</strong></span> <span class='ocrx_word' id='word_1_145' title='bbox 1834 1898 1960 1968; x_wconf 67' lang='grc' dir='ltr'>ἔφη,</span> 
     </span>
    </p>
   </div>
   <div class='ocr_carea' id='block_1_18' title="bbox 397 1989 1964 2065">
    <p class='ocr_par' dir='ltr' id='par_1_18' title="bbox 397 1989 1964 2065">
     <span class='ocr_line' id='line_1_18' title="bbox 397 1989 1964 2065; baseline -0.008 -11"><span class='ocrx_word' id='word_1_146' title='bbox 397 1999 531 2055; x_wconf 78' lang='grc' dir='ltr'><strong>Ἀπὸ</strong></span> <span class='ocrx_word' id='word_1_147' title='bbox 558 1998 740 2064; x_wconf 69' lang='grc' dir='ltr'>φωνῆς</span> <span class='ocrx_word' id='word_1_148' title='bbox 762 1994 1015 2065; x_wconf 78' lang='grc' dir='ltr'>ἀκαίρου,</span> <span class='ocrx_word' id='word_1_149' title='bbox 1049 1992 1142 2045; x_wconf 75' lang='grc' dir='ltr'>τοῦ</span> <span class='ocrx_word' id='word_1_150' title='bbox 1166 1993 1499 2062; x_wconf 79' lang='grc' dir='ltr'><strong>καλουμένου</strong></span> <span class='ocrx_word' id='word_1_151' title='bbox 1518 1992 1651 2061; x_wconf 71' lang='grc' dir='ltr'>ἧχου</span> <span class='ocrx_word' id='word_1_152' title='bbox 1675 1989 1964 2058; x_wconf 85' lang='grc' dir='ltr'>ἀνθρώπου</span> 
     </span>
    </p>
   </div>
   <div class='ocr_carea' id='block_1_19' title="bbox 387 2079 1965 2159">
    <p class='ocr_par' dir='ltr' id='par_1_19' title="bbox 387 2079 1965 2159">
     <span class='ocr_line' id='line_1_19' title="bbox 387 2079 1965 2159; baseline -0.006 -16"><span class='ocrx_word' id='word_1_153' title='bbox 387 2089 637 2159; x_wconf 71' lang='grc' dir='ltr'>μολίϐδου</span> <span class='ocrx_word' id='word_1_154' title='bbox 665 2088 831 2157; x_wconf 80' lang='lat' dir='ltr'><strong>(sic?)</strong></span> <span class='ocrx_word' id='word_1_155' title='bbox 866 2085 1093 2153; x_wconf 74' lang='grc' dir='ltr'>ἀφέντος</span> <span class='ocrx_word' id='word_1_156' title='bbox 1123 2086 1182 2137; x_wconf 82' lang='grc' dir='ltr'><strong>ὲν</strong></span> <span class='ocrx_word' id='word_1_157' title='bbox 1208 2083 1310 2155; x_wconf 79' lang='grc' dir='ltr'><strong>ὕλῃ</strong></span> <span class='ocrx_word' id='word_1_158' title='bbox 1343 2080 1655 2151; x_wconf 78' lang='grc' dir='ltr'>ἐγεννήθην.</span> <span class='ocrx_word' id='word_1_159' title='bbox 1689 2081 1867 2147; x_wconf 80' lang='grc' dir='ltr'>Ἐφην</span> <span class='ocrx_word' id='word_1_160' title='bbox 1908 2079 1965 2133; x_wconf 81' lang='grc' dir='ltr'>δὲ</span> 
     </span>
    </p>
   </div>
   <div class='ocr_carea' id='block_1_20' title="bbox 388 2167 1959 2250">
    <p class='ocr_par' dir='ltr' id='par_1_20' title="bbox 388 2167 1959 2250">
     <span class='ocr_line' id='line_1_20' title="bbox 388 2167 1959 2250; baseline -0.005 -19"><span class='ocrx_word' id='word_1_161' title='bbox 388 2180 500 2247; x_wconf 78' lang='grc' dir='ltr'><strong>ἐγὼ</strong></span> <span class='ocrx_word' id='word_1_162' title='bbox 541 2180 677 2250; x_wconf 68' lang='grc' dir='ltr'>αὐτῇ</span> <span class='ocrx_word' id='word_1_163' title='bbox 713 2196 728 2210; x_wconf 92' lang='grc'><strong>⁸</strong></span> <span class='ocrx_word' id='word_1_164' title='bbox 787 2179 934 2248; x_wconf 86' lang='grc' dir='ltr'>Ποίῳ</span> <span class='ocrx_word' id='word_1_165' title='bbox 963 2178 1150 2244; x_wconf 80' lang='grc' dir='ltr'>ἄστρῳ</span> <span class='ocrx_word' id='word_1_166' title='bbox 1184 2175 1410 2245; x_wconf 83' lang='grc' dir='ltr'>διέρχῃ;</span> <span class='ocrx_word' id='word_1_167' title='bbox 1468 2171 1531 2225; x_wconf 84' lang='lat' dir='ltr'><strong>&#39;H</strong></span> <span class='ocrx_word' id='word_1_168' title='bbox 1572 2172 1627 2224; x_wconf 91' lang='grc' dir='ltr'><strong>δέ</strong></span> <span class='ocrx_word' id='word_1_169' title='bbox 1665 2189 1754 2242; x_wconf 88' lang='grc' dir='ltr'><strong>μοι</strong></span> <span class='ocrx_word' id='word_1_170' title='bbox 1789 2167 1912 2224; x_wconf 79' lang='grc' dir='ltr'>εἷπε</span> <span class='ocrx_word' id='word_1_171' title='bbox 1945 2186 1959 2201; x_wconf 93' lang='grc'><strong>⁸</strong></span> 
     </span>
    </p>
   </div>
   <div class='ocr_carea' id='block_1_21' title="bbox 388 2264 1966 2340">
    <p class='ocr_par' dir='ltr' id='par_1_21' title="bbox 388 2264 1966 2340">
     <span class='ocr_line' id='line_1_21' title="bbox 388 2264 1966 2340; baseline -0.004 -17"><span class='ocrx_word' id='word_1_172' title='bbox 388 2270 720 2340; x_wconf 83' lang='grc' dir='ltr'>Πανσελήνῳ</span> <span class='ocrx_word' id='word_1_173' title='bbox 744 2270 953 2338; x_wconf 75' lang='grc' dir='ltr'>ἄστρῳ,</span> <span class='ocrx_word' id='word_1_174' title='bbox 987 2266 1121 2319; x_wconf 80' lang='grc' dir='ltr'>διότι</span> <span class='ocrx_word' id='word_1_175' title='bbox 1152 2266 1247 2320; x_wconf 81' lang='grc' dir='ltr'>καὶ</span> <span class='ocrx_word' id='word_1_176' title='bbox 1303 2268 1335 2336; x_wconf 79' lang='grc' dir='ltr'><strong>ἠ</strong></span> <span class='ocrx_word' id='word_1_177' title='bbox 1386 2264 1586 2335; x_wconf 84' lang='grc' dir='ltr'>σελήνη</span> <span class='ocrx_word' id='word_1_178' title='bbox 1622 2265 1690 2317; x_wconf 84' lang='grc' dir='ltr'><strong>τὰ</strong></span> <span class='ocrx_word' id='word_1_179' title='bbox 1743 2265 1966 2318; x_wconf 76' lang='grc' dir='ltr'>πλείονα</span> 
     </span>
    </p>
   </div>
   <div class='ocr_carea' id='block_1_22' title="bbox 388 2358 1966 2430">
    <p class='ocr_par' dir='ltr' id='par_1_22' title="bbox 388 2358 1966 2430">
     <span class='ocr_line' id='line_1_22' title="bbox 388 2358 1966 2430; baseline -0.003 -16"><span class='ocrx_word' id='word_1_180' title='bbox 388 2362 565 2414; x_wconf 72' lang='grc' dir='ltr'>ὁδεύει</span> <span class='ocrx_word' id='word_1_181' title='bbox 589 2378 601 2390; x_wconf 85' lang='grc'><strong>⁸</strong></span> <span class='ocrx_word' id='word_1_182' title='bbox 648 2361 789 2429; x_wconf 85' lang='grc' dir='ltr'><strong>Ἐγὼ</strong></span> <span class='ocrx_word' id='word_1_183' title='bbox 820 2362 876 2414; x_wconf 84' lang='grc' dir='ltr'>δὲ</span> <span class='ocrx_word' id='word_1_184' title='bbox 909 2361 1051 2429; x_wconf 81' lang='grc' dir='ltr'>λέγω</span> <span class='ocrx_word' id='word_1_185' title='bbox 1075 2360 1209 2430; x_wconf 87' lang='grc' dir='ltr'>πρὸς</span> <span class='ocrx_word' id='word_1_186' title='bbox 1240 2359 1411 2429; x_wconf 79' lang='grc' dir='ltr'>αὑτήν</span> <span class='ocrx_word' id='word_1_187' title='bbox 1434 2375 1449 2391; x_wconf 91' lang='grc'><strong>⁸</strong></span> <span class='ocrx_word' id='word_1_188' title='bbox 1488 2360 1599 2411; x_wconf 77' lang='grc' dir='ltr'><strong>Καὶ</strong></span> <span class='ocrx_word' id='word_1_189' title='bbox 1632 2358 1783 2420; x_wconf 86' lang='grc' dir='ltr'>ποῖός</span> <span class='ocrx_word' id='word_1_190' title='bbox 1817 2359 1966 2410; x_wconf 72' lang='grc' dir='ltr'>ἐστιν</span> 
     </span>
    </p>
   </div>
   <div class='ocr_carea' id='block_1_23' title="bbox 388 2447 1967 2523">
    <p class='ocr_par' dir='ltr' id='par_1_23' title="bbox 388 2447 1967 2523">
     <span class='ocr_line' id='line_1_23' title="bbox 388 2447 1967 2523; baseline -0.002 -17"><span class='ocrx_word' id='word_1_191' title='bbox 388 2458 416 2506; x_wconf 74' lang='grc' dir='ltr'>ὁ</span> <span class='ocrx_word' id='word_1_192' title='bbox 437 2454 667 2521; x_wconf 84' lang='grc' dir='ltr'>ἄγγελος</span> <span class='ocrx_word' id='word_1_193' title='bbox 688 2458 715 2507; x_wconf 82' lang='grc' dir='ltr'><strong>ό</strong></span> <span class='ocrx_word' id='word_1_194' title='bbox 753 2454 1047 2523; x_wconf 82' lang='grc' dir='ltr'>καταργῶν</span> <span class='ocrx_word' id='word_1_195' title='bbox 1074 2469 1133 2505; x_wconf 92' lang='grc' dir='ltr'><strong>σε</strong></span> <span class='ocrx_word' id='word_1_196' title='bbox 1165 2468 1178 2517; x_wconf 91' lang='grc'><strong>;</strong></span> <span class='ocrx_word' id='word_1_197' title='bbox 1231 2452 1296 2506; x_wconf 85' lang='grc' dir='ltr'><em>Ἦ</em></span> <span class='ocrx_word' id='word_1_198' title='bbox 1324 2451 1379 2503; x_wconf 86' lang='grc' dir='ltr'>δὲ</span> <span class='ocrx_word' id='word_1_199' title='bbox 1413 2447 1533 2503; x_wconf 81' lang='grc' dir='ltr'>εἶπέ</span> <span class='ocrx_word' id='word_1_200' title='bbox 1568 2467 1678 2521; x_wconf 86' lang='grc' dir='ltr'>μοι,</span> <span class='ocrx_word' id='word_1_201' title='bbox 1721 2451 1778 2503; x_wconf 85' lang='lat'><strong>&#39;0</strong></span> <span class='ocrx_word' id='word_1_202' title='bbox 1808 2453 1865 2503; x_wconf 81' lang='grc' dir='ltr'>ἐν</span> <span class='ocrx_word' id='word_1_203' title='bbox 1886 2451 1967 2503; x_wconf 74' lang='grc' dir='ltr'><strong>σοὶ</strong></span> 
     </span>
    </p>
   </div>
   <div class='ocr_carea' id='block_1_24' title="bbox 391 2542 1967 2615">
    <p class='ocr_par' dir='ltr' id='par_1_24' title="bbox 391 2542 1967 2615">
     <span class='ocr_line' id='line_1_24' title="bbox 391 2542 1967 2615; baseline -0.002 -17"><span class='ocrx_word' id='word_1_204' title='bbox 391 2546 706 2615; x_wconf 70' lang='grc' dir='ltr'>βασιλεύων.</span> <span class='ocrx_word' id='word_1_205' title='bbox 738 2546 908 2613; x_wconf 73' lang='grc' dir='ltr'><strong>Κάγὼ</strong></span> <span class='ocrx_word' id='word_1_206' title='bbox 940 2546 1021 2608; x_wconf 86' lang='grc' dir='ltr'><strong>είς</strong></span> <span class='ocrx_word' id='word_1_207' title='bbox 1055 2543 1251 2614; x_wconf 50' lang='lat' dir='ltr'><strong>{manu</strong></span> <span class='ocrx_word' id='word_1_208' title='bbox 1288 2542 1406 2612; x_wconf 76' lang='lat' dir='ltr'><strong>(sic)</strong></span> <span class='ocrx_word' id='word_1_209' title='bbox 1443 2543 1815 2612; x_wconf 83' lang='grc' dir='ltr'>λογισάμενος,</span> <span class='ocrx_word' id='word_1_210' title='bbox 1848 2543 1967 2595; x_wconf 82' lang='grc' dir='ltr'>ἐκέ-</span> 
     </span>
    </p>
   </div>
   <div class='ocr_carea' id='block_1_25' title="bbox 390 2635 1969 2707">
    <p class='ocr_par' dir='ltr' id='par_1_25' title="bbox 390 2635 1969 2707">
     <span class='ocr_line' id='line_1_25' title="bbox 390 2635 1969 2707; baseline 0 -18"><span class='ocrx_word' id='word_1_211' title='bbox 390 2638 555 2690; x_wconf 74' lang='grc' dir='ltr'>λευσα</span> <span class='ocrx_word' id='word_1_212' title='bbox 612 2637 953 2707; x_wconf 74' lang='grc' dir='ltr'><strong>στρατιώτην</strong></span> <span class='ocrx_word' id='word_1_213' title='bbox 988 2635 1222 2707; x_wconf 78' lang='grc' dir='ltr'>κροῦσαι</span> <span class='ocrx_word' id='word_1_214' title='bbox 1252 2636 1428 2705; x_wconf 75' lang='grc' dir='ltr'>αὐτήν</span> <span class='ocrx_word' id='word_1_215' title='bbox 1456 2652 1469 2667; x_wconf 89' lang='grc'><strong>⁸</strong></span> <span class='ocrx_word' id='word_1_216' title='bbox 1542 2635 1601 2687; x_wconf 79' lang='grc' dir='ltr'><strong>ἸΙ</strong></span> <span class='ocrx_word' id='word_1_217' title='bbox 1631 2635 1688 2687; x_wconf 81' lang='grc' dir='ltr'>δὲ</span> <span class='ocrx_word' id='word_1_218' title='bbox 1728 2636 1969 2705; x_wconf 83' lang='grc' dir='ltr'>ἀνακρά-</span> 
     </span>
    </p>
   </div>
   <div class='ocr_carea' id='block_1_26' title="bbox 392 2725 1968 2798">
    <p class='ocr_par' dir='ltr' id='par_1_26' title="bbox 392 2725 1968 2798">
     <span class='ocr_line' id='line_1_26' title="bbox 392 2725 1968 2798; baseline -0.001 -19"><span class='ocrx_word' id='word_1_219' title='bbox 392 2729 530 2791; x_wconf 80' lang='grc' dir='ltr'>ξασα</span> <span class='ocrx_word' id='word_1_220' title='bbox 560 2725 734 2791; x_wconf 77' lang='grc' dir='ltr'>εἶπεν,</span> <span class='ocrx_word' id='word_1_221' title='bbox 774 2728 917 2795; x_wconf 81' lang='grc' dir='ltr'><strong>Ἐγώ</strong></span> <span class='ocrx_word' id='word_1_222' title='bbox 951 2745 1053 2793; x_wconf 89' lang='grc' dir='ltr'>σοι,</span> <span class='ocrx_word' id='word_1_223' title='bbox 1083 2727 1330 2796; x_wconf 83' lang='grc' dir='ltr'>βασιλεῦ,</span> <span class='ocrx_word' id='word_1_224' title='bbox 1366 2728 1469 2780; x_wconf 82' lang='grc' dir='ltr'>ὑπὸ</span> <span class='ocrx_word' id='word_1_225' title='bbox 1528 2729 1626 2798; x_wconf 75' lang='grc' dir='ltr'>τῆς</span> <span class='ocrx_word' id='word_1_226' title='bbox 1681 2728 1968 2797; x_wconf 77' lang='grc' dir='ltr'><strong>δεδομένης</strong></span> 
     </span>
    </p>
   </div>
   <div class='ocr_carea' id='block_1_27' title="bbox 391 2818 1965 2889">
    <p class='ocr_par' dir='ltr' id='par_1_27' title="bbox 391 2818 1965 2889">
     <span class='ocr_line' id='line_1_27' title="bbox 391 2818 1965 2889; baseline 0.001 -18"><span class='ocrx_word' id='word_1_227' title='bbox 391 2837 476 2871; x_wconf 80' lang='grc' dir='ltr'><strong>σοι</strong></span> <span class='ocrx_word' id='word_1_228' title='bbox 501 2821 696 2883; x_wconf 73' lang='grc' dir='ltr'>σοφίας</span> <span class='ocrx_word' id='word_1_229' title='bbox 724 2820 817 2871; x_wconf 81' lang='grc' dir='ltr'>τοῦ</span> <span class='ocrx_word' id='word_1_230' title='bbox 846 2820 1005 2885; x_wconf 81' lang='grc' dir='ltr'><strong>Θεοῦ,</strong></span> <span class='ocrx_word' id='word_1_231' title='bbox 1039 2823 1135 2873; x_wconf 72' lang='grc' dir='ltr'><strong>κει)⁵</strong></span> <span class='ocrx_word' id='word_1_232' title='bbox 1194 2820 1298 2871; x_wconf 77' lang='grc' dir='ltr'>ὑπὸ</span> <span class='ocrx_word' id='word_1_233' title='bbox 1354 2819 1447 2871; x_wconf 76' lang='grc' dir='ltr'>τοῦ</span> <span class='ocrx_word' id='word_1_234' title='bbox 1497 2818 1730 2886; x_wconf 82' lang='grc' dir='ltr'>ἀγγέλου</span> <span class='ocrx_word' id='word_1_235' title='bbox 1790 2819 1965 2889; x_wconf 81' lang='grc' dir='ltr'>Ἰωήλ.</span> 
     </span>
    </p>
   </div>
   <div class='ocr_carea' id='block_1_28' title="bbox 404 2911 1970 2981">
    <p class='ocr_par' dir='ltr' id='par_1_28' title="bbox 404 2911 1970 2981">
     <span class='ocr_line' id='line_1_28' title="bbox 404 2911 1970 2981; baseline 0.001 -16"><span class='ocrx_word' id='word_1_236' title='bbox 404 2911 545 2978; x_wconf 84' lang='grc' dir='ltr'><strong>Ἐγὼ</strong></span> <span class='ocrx_word' id='word_1_237' title='bbox 573 2913 627 2964; x_wconf 78' lang='grc' dir='ltr'>δὲ</span> <span class='ocrx_word' id='word_1_238' title='bbox 657 2914 915 2965; x_wconf 84' lang='grc' dir='ltr'>ἐκέλευσα</span> <span class='ocrx_word' id='word_1_239' title='bbox 943 2912 1111 2981; x_wconf 81' lang='grc' dir='ltr'>αὐτὴν</span> <span class='ocrx_word' id='word_1_240' title='bbox 1131 2911 1312 2981; x_wconf 88' lang='grc' dir='ltr'>νήθειν</span> <span class='ocrx_word' id='word_1_241' title='bbox 1340 2912 1439 2981; x_wconf 83' lang='grc' dir='ltr'><strong>τὴν</strong></span> <span class='ocrx_word' id='word_1_242' title='bbox 1482 2912 1709 2966; x_wconf 80' lang='grc' dir='ltr'>κὰναδιν</span> <span class='ocrx_word' id='word_1_243' title='bbox 1749 2916 1829 2976; x_wconf 85' lang='grc' dir='ltr'><strong>εἰς</strong></span> <span class='ocrx_word' id='word_1_244' title='bbox 1872 2915 1970 2977; x_wconf 78' lang='grc' dir='ltr'><strong>τὰς</strong></span> 
     </span>
    </p>
   </div>
   <div class='ocr_carea' id='block_1_29' title="bbox 393 3002 1967 3074">
    <p class='ocr_par' dir='ltr' id='par_1_29' title="bbox 393 3002 1967 3074">
     <span class='ocr_line' id='line_1_29' title="bbox 393 3002 1967 3074; baseline 0.001 -19"><span class='ocrx_word' id='word_1_245' title='bbox 393 3004 639 3073; x_wconf 82' lang='grc' dir='ltr'>σχοίνους</span> <span class='ocrx_word' id='word_1_246' title='bbox 658 3006 715 3054; x_wconf 83' lang='grc' dir='ltr'>ὲν</span> <span class='ocrx_word' id='word_1_247' title='bbox 745 3002 821 3072; x_wconf 81' lang='grc' dir='ltr'><strong>τῷ</strong></span> <span class='ocrx_word' id='word_1_248' title='bbox 850 3003 996 3074; x_wconf 75' lang='grc' dir='ltr'>ἔργῳ</span> <span class='ocrx_word' id='word_1_249' title='bbox 1046 3003 1139 3057; x_wconf 85' lang='grc' dir='ltr'>τοῦ</span> <span class='ocrx_word' id='word_1_250' title='bbox 1183 3004 1482 3073; x_wconf 81' lang='grc' dir='ltr'>κτίσματος</span> <span class='ocrx_word' id='word_1_251' title='bbox 1527 3004 1619 3056; x_wconf 79' lang='grc' dir='ltr'>τοῦ</span> <span class='ocrx_word' id='word_1_252' title='bbox 1675 3005 1831 3072; x_wconf 84' lang='grc' dir='ltr'>Θεοῦ,</span> <span class='ocrx_word' id='word_1_253' title='bbox 1877 3008 1967 3059; x_wconf 77' lang='grc' dir='ltr'>καὶ</span> 
     </span>
    </p>
   </div>
   <div class='ocr_carea' id='block_1_30' title="bbox 393 3096 1966 3168">
    <p class='ocr_par' dir='ltr' id='par_1_30' title="bbox 393 3096 1966 3168">
     <span class='ocr_line' id='line_1_30' title="bbox 393 3096 1966 3168; baseline 0.001 -20"><span class='ocrx_word' id='word_1_254' title='bbox 393 3096 920 3165; x_wconf 74' lang='grc' dir='ltr'>οὕτως’σφραγίσας</span> <span class='ocrx_word' id='word_1_255' title='bbox 975 3096 1068 3147; x_wconf 81' lang='grc' dir='ltr'>καὶ</span> <span class='ocrx_word' id='word_1_256' title='bbox 1129 3096 1298 3165; x_wconf 79' lang='grc' dir='ltr'>δήσας</span> <span class='ocrx_word' id='word_1_257' title='bbox 1366 3096 1558 3165; x_wconf 73' lang='grc' dir='ltr'>αὐτὴν,</span> <span class='ocrx_word' id='word_1_258' title='bbox 1614 3098 1966 3168; x_wconf 77' lang='grc' dir='ltr'>ἐκατηργήθη</span> 
     </span>
    </p>
   </div>
   <div class='ocr_carea' id='block_1_31' title="bbox 1468 403 2522 473">
    <p class='ocr_par' dir='ltr' id='par_1_31' title="bbox 1468 403 2522 473">
     <span class='ocr_line' id='line_1_31' title="bbox 1468 403 2522 473; baseline -0.01 1"><span class='ocrx_word' id='word_1_259' title='bbox 1468 404 2033 473; x_wconf 78' lang='lat' dir='ltr'><strong>TESTAMENTUM</strong></span> <span class='ocrx_word' id='word_1_260' title='bbox 2075 403 2522 466; x_wconf 86' lang='lat' dir='ltr'><strong>SALOMONIS.</strong></span> 
     </span>
    </p>
   </div>
   <div class='ocr_carea' id='block_1_32' title="bbox 3496 397 3633 464">
    <p class='ocr_par' dir='ltr' id='par_1_32' title="bbox 3496 397 3633 464">
     <span class='ocr_line' id='line_1_32' title="bbox 3496 397 3633 464; baseline 0.036 -5"><span class='ocrx_word' id='word_1_261' title='bbox 3496 397 3633 464; x_wconf 67' lang='lat'><strong>1322</strong></span> 
     </span>
    </p>
   </div>
   <div class='ocr_carea' id='block_1_33' title="bbox 2456 507 3635 600">
    <p class='ocr_par' dir='ltr' id='par_1_33' title="bbox 2456 507 3635 600">
     <span class='ocr_line' id='line_1_33' title="bbox 2456 507 3635 600; baseline -0.003 -34"><span class='ocrx_word' id='word_1_262' title='bbox 2456 509 2639 566; x_wconf 84' lang='lat' dir='ltr'><strong>lndiea</strong></span> <span class='ocrx_word' id='word_1_263' title='bbox 2685 507 2816 563; x_wconf 87' lang='lat' dir='ltr'><strong>mihi</strong></span> <span class='ocrx_word' id='word_1_264' title='bbox 2868 508 2992 579; x_wconf 90' lang='lat' dir='ltr'><strong>quls</strong></span> <span class='ocrx_word' id='word_1_265' title='bbox 3046 510 3142 564; x_wconf 89' lang='lat' dir='ltr'><strong>sis.</strong></span> <span class='ocrx_word' id='word_1_266' title='bbox 3203 507 3338 574; x_wconf 69' lang='lat' dir='ltr'><strong>Quae</strong></span> <span class='ocrx_word' id='word_1_267' title='bbox 3406 524 3635 600; x_wconf 64' lang='lat' dir='ltr'><strong>respon-</strong></span> 
     </span>
    </p>
   </div>
   <div class='ocr_carea' id='block_1_34' title="bbox 2060 598 3634 672">
    <p class='ocr_par' dir='ltr' id='par_1_34' title="bbox 2060 598 3634 672">
     <span class='ocr_line' id='line_1_34' title="bbox 2060 598 3634 672; baseline -0.003 -16"><span class='ocrx_word' id='word_1_268' title='bbox 2060 602 2139 656; x_wconf 89' lang='lat' dir='ltr'><strong>dit</strong></span> <span class='ocrx_word' id='word_1_269' title='bbox 2200 618 2213 656; x_wconf 94' lang='lat'><strong>:</strong></span> <span class='ocrx_word' id='word_1_270' title='bbox 2271 602 2383 672; x_wconf 80' lang='lat' dir='ltr'><strong>Ego</strong></span> <span class='ocrx_word' id='word_1_271' title='bbox 2453 600 2737 657; x_wconf 88' lang='lat' dir='ltr'><strong>Onoscelis</strong></span> <span class='ocrx_word' id='word_1_272' title='bbox 2798 613 2966 655; x_wconf 85' lang='lat' dir='ltr'><strong>vocor</strong></span> <span class='ocrx_word' id='word_1_273' title='bbox 3028 598 3293 669; x_wconf 79' lang='lat' dir='ltr'><strong>spiritus:</strong></span> <span class='ocrx_word' id='word_1_274' title='bbox 3347 598 3634 654; x_wconf 65' lang='lat' dir='ltr'><strong>venerabi-</strong></span> 
     </span>
    </p>
   </div>
   <div class='ocr_carea' id='block_1_35' title="bbox 2064 691 3640 760">
    <p class='ocr_par' dir='ltr' id='par_1_35' title="bbox 2064 691 3640 760">
     <span class='ocr_line' id='line_1_35' title="bbox 2064 691 3640 760; baseline -0.004 -10"><span class='ocrx_word' id='word_1_275' title='bbox 2064 696 2131 750; x_wconf 90' lang='lat' dir='ltr'><strong>lis</strong></span> <span class='ocrx_word' id='word_1_276' title='bbox 2188 703 2372 748; x_wconf 88' lang='lat' dir='ltr'><strong>creata</strong></span> <span class='ocrx_word' id='word_1_277' title='bbox 2421 707 2542 749; x_wconf 86' lang='lat' dir='ltr'><strong>sum</strong></span> <span class='ocrx_word' id='word_1_278' title='bbox 2587 710 2601 758; x_wconf 89' lang='lat'><strong>;</strong></span> <span class='ocrx_word' id='word_1_279' title='bbox 2657 692 2901 747; x_wconf 87' lang='lat' dir='ltr'><strong>solitaria</strong></span> <span class='ocrx_word' id='word_1_280' title='bbox 2953 691 3010 745; x_wconf 93' lang='lat' dir='ltr'><strong>in</strong></span> <span class='ocrx_word' id='word_1_281' title='bbox 3064 698 3231 751; x_wconf 84' lang='lat' dir='ltr'><strong>terra,</strong></span> <span class='ocrx_word' id='word_1_282' title='bbox 3286 704 3484 760; x_wconf 77' lang='lat' dir='ltr'><strong>specus</strong></span> <span class='ocrx_word' id='word_1_283' title='bbox 3540 706 3640 745; x_wconf 80' lang='lat' dir='ltr'><strong>au-</strong></span> 
     </span>
    </p>
   </div>
   <div class='ocr_carea' id='block_1_36' title="bbox 2062 781 3637 850">
    <p class='ocr_par' dir='ltr' id='par_1_36' title="bbox 2062 781 3637 850">
     <span class='ocr_line' id='line_1_36' title="bbox 2062 781 3637 850; baseline -0.001 -11"><span class='ocrx_word' id='word_1_284' title='bbox 2062 801 2217 841; x_wconf 89' lang='lat' dir='ltr'><strong>rcum</strong></span> <span class='ocrx_word' id='word_1_285' title='bbox 2290 785 2498 850; x_wconf 90' lang='lat' dir='ltr'><strong>habito,</strong></span> <span class='ocrx_word' id='word_1_286' title='bbox 2553 784 2608 839; x_wconf 91' lang='lat' dir='ltr'><strong>in</strong></span> <span class='ocrx_word' id='word_1_287' title='bbox 2671 785 2789 839; x_wconf 88' lang='lat' dir='ltr'><strong>loco</strong></span> <span class='ocrx_word' id='word_1_288' title='bbox 2849 783 3035 839; x_wconf 74' lang='lat' dir='ltr'><strong>multae</strong></span> <span class='ocrx_word' id='word_1_289' title='bbox 3086 782 3388 838; x_wconf 77' lang='lat' dir='ltr'><strong>varietatis.</strong></span> <span class='ocrx_word' id='word_1_290' title='bbox 3443 781 3637 848; x_wconf 89' lang='lat' dir='ltr'><strong>Quan-</strong></span> 
     </span>
    </p>
   </div>
   <div class='ocr_carea' id='block_1_37' title="bbox 2061 871 3641 944">
    <p class='ocr_par' dir='ltr' id='par_1_37' title="bbox 2061 871 3641 944">
     <span class='ocr_line' id='line_1_37' title="bbox 2061 871 3641 944; baseline -0.002 -16"><span class='ocrx_word' id='word_1_291' title='bbox 2061 872 2239 944; x_wconf 82' lang='lat' dir='ltr'><strong>doque</strong></span> <span class='ocrx_word' id='word_1_292' title='bbox 2292 873 2540 929; x_wconf 89' lang='lat' dir='ltr'><strong>homines</strong></span> <span class='ocrx_word' id='word_1_293' title='bbox 2600 871 2808 928; x_wconf 82' lang='lat' dir='ltr'><strong>sull‘oco</strong></span> <span class='ocrx_word' id='word_1_294' title='bbox 2875 890 2972 944; x_wconf 89' lang='lat' dir='ltr'><strong>per</strong></span> <span class='ocrx_word' id='word_1_295' title='bbox 3033 875 3337 944; x_wconf 79' lang='lat' dir='ltr'><strong>laqueum;</strong></span> <span class='ocrx_word' id='word_1_296' title='bbox 3390 871 3641 943; x_wconf 88' lang='lat' dir='ltr'><strong>quando-</strong></span> 
     </span>
    </p>
   </div>
   <div class='ocr_carea' id='block_1_38' title="bbox 2062 958 3641 1034">
    <p class='ocr_par' dir='ltr' id='par_1_38' title="bbox 2062 958 3641 1034">
     <span class='ocr_line' id='line_1_38' title="bbox 2062 958 3641 1034; baseline -0.004 -17"><span class='ocrx_word' id='word_1_297' title='bbox 2062 978 2167 1033; x_wconf 88' lang='lat' dir='ltr'><strong>que</strong></span> <span class='ocrx_word' id='word_1_298' title='bbox 2218 963 2408 1034; x_wconf 84' lang='lat' dir='ltr'><strong>procul</strong></span> <span class='ocrx_word' id='word_1_299' title='bbox 2455 977 2486 1017; x_wconf 88' lang='lat' dir='ltr'><strong>a</strong></span> <span class='ocrx_word' id='word_1_300' title='bbox 2537 970 2730 1016; x_wconf 88' lang='lat' dir='ltr'><strong>natura</strong></span> <span class='ocrx_word' id='word_1_301' title='bbox 2776 962 2831 1015; x_wconf 87' lang='lat' dir='ltr'><strong>in</strong></span> <span class='ocrx_word' id='word_1_302' title='bbox 2879 962 3094 1032; x_wconf 78' lang='lat' dir='ltr'><strong>angulis</strong></span> <span class='ocrx_word' id='word_1_303' title='bbox 3146 958 3493 1024; x_wconf 88' lang='lat' dir='ltr'><strong>abscondor;</strong></span> <span class='ocrx_word' id='word_1_304' title='bbox 3529 960 3641 1026; x_wconf 84' lang='lat' dir='ltr'><strong>plc-</strong></span> 
     </span>
    </p>
   </div>
   <div class='ocr_carea' id='block_1_39' title="bbox 2064 1048 3633 1127">
    <p class='ocr_par' dir='ltr' id='par_1_39' title="bbox 2064 1048 3633 1127">
     <span class='ocr_line' id='line_1_39' title="bbox 2064 1048 3633 1127; baseline -0.005 -17"><span class='ocrx_word' id='word_1_305' title='bbox 2064 1072 2297 1127; x_wconf 86' lang='lat' dir='ltr'><strong>rumque</strong></span> <span class='ocrx_word' id='word_1_306' title='bbox 2336 1064 2339 1067; x_wconf 84' lang='lat'>&#39;</span> <span class='ocrx_word' id='word_1_307' title='bbox 2383 1067 2563 1111; x_wconf 83' lang='lat' dir='ltr'><strong>autem</strong></span> <span class='ocrx_word' id='word_1_308' title='bbox 2628 1056 2684 1108; x_wconf 90' lang='lat' dir='ltr'><strong>in</strong></span> <span class='ocrx_word' id='word_1_309' title='bbox 2766 1053 3106 1123; x_wconf 70' lang='lat' dir='ltr'><strong>prmeipitiis,</strong></span> <span class='ocrx_word' id='word_1_310' title='bbox 3169 1048 3445 1112; x_wconf 88' lang='lat' dir='ltr'><strong>cavernis,</strong></span> <span class='ocrx_word' id='word_1_311' title='bbox 3480 1050 3633 1119; x_wconf 84' lang='lat' dir='ltr'><strong>abys-</strong></span> 
     </span>
    </p>
   </div>
   <div class='ocr_carea' id='block_1_40' title="bbox 2063 1143 3639 1217">
    <p class='ocr_par' dir='ltr' id='par_1_40' title="bbox 2063 1143 3639 1217">
     <span class='ocr_line' id='line_1_40' title="bbox 2063 1143 3639 1217; baseline -0.006 -11"><span class='ocrx_word' id='word_1_312' title='bbox 2063 1150 2142 1206; x_wconf 90' lang='lat' dir='ltr'><strong>sis</strong></span> <span class='ocrx_word' id='word_1_313' title='bbox 2241 1149 2400 1206; x_wconf 85' lang='lat' dir='ltr'><strong>sedes</strong></span> <span class='ocrx_word' id='word_1_314' title='bbox 2478 1164 2640 1215; x_wconf 89' lang='lat' dir='ltr'><strong>mea;</strong></span> <span class='ocrx_word' id='word_1_315' title='bbox 2717 1162 2863 1217; x_wconf 87' lang='lat' dir='ltr'><strong>saepe</strong></span> <span class='ocrx_word' id='word_1_316' title='bbox 2936 1145 3099 1202; x_wconf 88' lang='lat' dir='ltr'><strong>etiam</strong></span> <span class='ocrx_word' id='word_1_317' title='bbox 3170 1146 3313 1200; x_wconf 88' lang='lat' dir='ltr'><strong>inter</strong></span> <span class='ocrx_word' id='word_1_318' title='bbox 3386 1143 3639 1197; x_wconf 86' lang='lat' dir='ltr'><strong>homines</strong></span> 
     </span>
    </p>
   </div>
   <div class='ocr_carea' id='block_1_41' title="bbox 2065 1238 3639 1307">
    <p class='ocr_par' dir='ltr' id='par_1_41' title="bbox 2065 1238 3639 1307">
     <span class='ocr_line' id='line_1_41' title="bbox 2065 1238 3639 1307; baseline -0.005 -11"><span class='ocrx_word' id='word_1_319' title='bbox 2065 1256 2282 1307; x_wconf 84' lang='lat' dir='ltr'><strong>versor,</strong></span> <span class='ocrx_word' id='word_1_320' title='bbox 2352 1250 2405 1296; x_wconf 93' lang='lat' dir='ltr'><strong>et</strong></span> <span class='ocrx_word' id='word_1_321' title='bbox 2485 1239 2684 1294; x_wconf 87' lang='lat' dir='ltr'><strong>femina</strong></span> <span class='ocrx_word' id='word_1_322' title='bbox 2763 1240 2953 1294; x_wconf 90' lang='lat' dir='ltr'><strong>videor</strong></span> <span class='ocrx_word' id='word_1_323' title='bbox 3016 1253 3175 1303; x_wconf 87' lang='lat' dir='ltr'><strong>esse;</strong></span> <span class='ocrx_word' id='word_1_324' title='bbox 3241 1238 3477 1293; x_wconf 75' lang='lat' dir='ltr'><strong>maxime</strong></span> <span class='ocrx_word' id='word_1_325' title='bbox 3542 1250 3639 1289; x_wconf 88' lang='lat' dir='ltr'><strong>au-</strong></span> 
     </span>
    </p>
   </div>
   <div class='ocr_carea' id='block_1_42' title="bbox 2065 1327 3635 1400">
    <p class='ocr_par' dir='ltr' id='par_1_42' title="bbox 2065 1327 3635 1400">
     <span class='ocr_line' id='line_1_42' title="bbox 2065 1327 3635 1400; baseline -0.006 -12"><span class='ocrx_word' id='word_1_326' title='bbox 2065 1345 2170 1388; x_wconf 88' lang='lat' dir='ltr'><strong>tem</strong></span> <span class='ocrx_word' id='word_1_327' title='bbox 2214 1333 2358 1386; x_wconf 91' lang='lat' dir='ltr'><strong>inter</strong></span> <span class='ocrx_word' id='word_1_328' title='bbox 2402 1347 2494 1387; x_wconf 87' lang='lat' dir='ltr'><strong>eos</strong></span> <span class='ocrx_word' id='word_1_329' title='bbox 2527 1333 2618 1400; x_wconf 89' lang='lat' dir='ltr'><strong>qui</strong></span> <span class='ocrx_word' id='word_1_330' title='bbox 2671 1329 2988 1387; x_wconf 89' lang='lat' dir='ltr'><strong>subfuscam</strong></span> <span class='ocrx_word' id='word_1_331' title='bbox 3039 1338 3218 1385; x_wconf 90' lang='lat' dir='ltr'><strong>cutem</strong></span> <span class='ocrx_word' id='word_1_332' title='bbox 3260 1337 3495 1399; x_wconf 87' lang='lat' dir='ltr'><strong>gerunt:</strong></span> <span class='ocrx_word' id='word_1_333' title='bbox 3536 1327 3635 1395; x_wconf 87' lang='lat' dir='ltr'><strong>ipsi</strong></span> 
     </span>
    </p>
   </div>
   <div class='ocr_carea' id='block_1_43' title="bbox 2065 1422 3637 1487">
    <p class='ocr_par' dir='ltr' id='par_1_43' title="bbox 2065 1422 3637 1487">
     <span class='ocr_line' id='line_1_43' title="bbox 2065 1422 3637 1487; baseline -0.006 -6"><span class='ocrx_word' id='word_1_334' title='bbox 2065 1426 2214 1481; x_wconf 90' lang='lat' dir='ltr'><strong>enim</strong></span> <span class='ocrx_word' id='word_1_335' title='bbox 2257 1425 2362 1479; x_wconf 89' lang='lat' dir='ltr'><strong>sub</strong></span> <span class='ocrx_word' id='word_1_336' title='bbox 2385 1426 2575 1480; x_wconf 82' lang='lat' dir='ltr'><strong>eodem</strong></span> <span class='ocrx_word' id='word_1_337' title='bbox 2613 1426 2793 1481; x_wconf 86' lang='lat' dir='ltr'><strong>sidere</strong></span> <span class='ocrx_word' id='word_1_338' title='bbox 2816 1439 3031 1480; x_wconf 89' lang='lat' dir='ltr'><strong>mecum</strong></span> <span class='ocrx_word' id='word_1_339' title='bbox 3060 1433 3225 1487; x_wconf 90' lang='lat' dir='ltr'><strong>sunt;</strong></span> <span class='ocrx_word' id='word_1_340' title='bbox 3287 1422 3443 1476; x_wconf 82' lang='lat' dir='ltr'><strong>sidus</strong></span> <span class='ocrx_word' id='word_1_341' title='bbox 3490 1422 3637 1475; x_wconf 84' lang='lat' dir='ltr'><strong>enim</strong></span> 
     </span>
    </p>
   </div>
   <div class='ocr_carea' id='block_1_44' title="bbox 2068 1516 3641 1586">
    <p class='ocr_par' dir='ltr' id='par_1_44' title="bbox 2068 1516 3641 1586">
     <span class='ocr_line' id='line_1_44' title="bbox 2068 1516 3641 1586; baseline -0.003 -15"><span class='ocrx_word' id='word_1_342' title='bbox 2068 1534 2248 1572; x_wconf 90' lang='lat' dir='ltr'><strong>meum</strong></span> <span class='ocrx_word' id='word_1_343' title='bbox 2291 1518 2343 1571; x_wconf 86' lang='lat' dir='ltr'><strong>hi</strong></span> <span class='ocrx_word' id='word_1_344' title='bbox 2413 1516 2722 1572; x_wconf 86' lang='lat' dir='ltr'><strong>clanculum</strong></span> <span class='ocrx_word' id='word_1_345' title='bbox 2772 1527 2824 1571; x_wconf 92' lang='lat' dir='ltr'><strong>et</strong></span> <span class='ocrx_word' id='word_1_346' title='bbox 2879 1526 3067 1586; x_wconf 85' lang='lat' dir='ltr'><strong>aperte</strong></span> <span class='ocrx_word' id='word_1_347' title='bbox 3124 1522 3479 1574; x_wconf 74' lang='lat' dir='ltr'><strong>venerantur,</strong></span> <span class='ocrx_word' id='word_1_348' title='bbox 3544 1528 3641 1567; x_wconf 81' lang='lat' dir='ltr'><strong>ne-</strong></span> 
     </span>
    </p>
   </div>
   <div class='ocr_carea' id='block_1_45' title="bbox 2068 1604 3638 1678">
    <p class='ocr_par' dir='ltr' id='par_1_45' title="bbox 2068 1604 3638 1678">
     <span class='ocr_line' id='line_1_45' title="bbox 2068 1604 3638 1678; baseline -0.004 -14"><span class='ocrx_word' id='word_1_349' title='bbox 2068 1610 2308 1665; x_wconf 84' lang='lat' dir='ltr'><strong>scientes</strong></span> <span class='ocrx_word' id='word_1_350' title='bbox 2359 1608 2505 1678; x_wconf 86' lang='lat' dir='ltr'><strong>quod</strong></span> <span class='ocrx_word' id='word_1_351' title='bbox 2538 1607 2641 1663; x_wconf 89' lang='lat' dir='ltr'><strong>sibi</strong></span> <span class='ocrx_word' id='word_1_352' title='bbox 2671 1606 2804 1677; x_wconf 90' lang='lat' dir='ltr'><strong>ipsis</strong></span> <span class='ocrx_word' id='word_1_353' title='bbox 2842 1614 3101 1672; x_wconf 83' lang='lat' dir='ltr'><strong>noceant;</strong></span> <span class='ocrx_word' id='word_1_354' title='bbox 3152 1614 3207 1661; x_wconf 90' lang='lat' dir='ltr'><strong>et</strong></span> <span class='ocrx_word' id='word_1_355' title='bbox 3254 1605 3410 1660; x_wconf 83' lang='lat' dir='ltr'><strong>valde</strong></span> <span class='ocrx_word' id='word_1_356' title='bbox 3446 1620 3531 1659; x_wconf 91' lang='lat' dir='ltr'><strong>me</strong></span> <span class='ocrx_word' id='word_1_357' title='bbox 3572 1604 3638 1658; x_wconf 90' lang='lat' dir='ltr'><strong>ad</strong></span> 
     </span>
    </p>
   </div>
   <div class='ocr_carea' id='block_1_46' title="bbox 2070 1696 3641 1769">
    <p class='ocr_par' dir='ltr' id='par_1_46' title="bbox 2070 1696 3641 1769">
     <span class='ocr_line' id='line_1_46' title="bbox 2070 1696 3641 1769; baseline -0.002 -16"><span class='ocrx_word' id='word_1_358' title='bbox 2070 1699 2526 1754; x_wconf 85' lang='lat' dir='ltr'><strong>malefaciendum</strong></span> <span class='ocrx_word' id='word_1_359' title='bbox 2560 1709 2862 1769; x_wconf 82' lang='lat' dir='ltr'><strong>provocant</strong></span> <span class='ocrx_word' id='word_1_360' title='bbox 2897 1715 2910 1752; x_wconf 91' lang='lat'><strong>:</strong></span> <span class='ocrx_word' id='word_1_361' title='bbox 2953 1696 3146 1750; x_wconf 91' lang='lat' dir='ltr'><strong>volunt</strong></span> <span class='ocrx_word' id='word_1_362' title='bbox 3192 1697 3340 1751; x_wconf 90' lang='lat' dir='ltr'><strong>enim</strong></span> <span class='ocrx_word' id='word_1_363' title='bbox 3387 1712 3484 1766; x_wconf 88' lang='lat' dir='ltr'><strong>per</strong></span> <span class='ocrx_word' id='word_1_364' title='bbox 3526 1712 3641 1750; x_wconf 79' lang='lat' dir='ltr'><strong>me-</strong></span> 
     </span>
    </p>
   </div>
   <div class='ocr_carea' id='block_1_47' title="bbox 2070 1790 3640 1862">
    <p class='ocr_par' dir='ltr' id='par_1_47' title="bbox 2070 1790 3640 1862">
     <span class='ocr_line' id='line_1_47' title="bbox 2070 1790 3640 1862; baseline -0.001 -19"><span class='ocrx_word' id='word_1_365' title='bbox 2070 1790 2297 1844; x_wconf 89' lang='lat' dir='ltr'><strong>moriam</strong></span> <span class='ocrx_word' id='word_1_366' title='bbox 2328 1792 2638 1862; x_wconf 78' lang='lat' dir='ltr'><strong>(templum)</strong></span> <span class='ocrx_word' id='word_1_367' title='bbox 2667 1807 2863 1846; x_wconf 84' lang='lat' dir='ltr'><strong>aut-um</strong></span> <span class='ocrx_word' id='word_1_368' title='bbox 2915 1790 3245 1859; x_wconf 87' lang='lat' dir='ltr'><strong>acquirere;</strong></span> <span class='ocrx_word' id='word_1_369' title='bbox 3294 1797 3348 1844; x_wconf 90' lang='lat' dir='ltr'><strong>et</strong></span> <span class='ocrx_word' id='word_1_370' title='bbox 3386 1803 3640 1857; x_wconf 69' lang='lat' dir='ltr'><strong>egoprat-</strong></span> 
     </span>
    </p>
   </div>
   <div class='ocr_carea' id='block_1_48' title="bbox 2068 1883 3639 1954">
    <p class='ocr_par' dir='ltr' id='par_1_48' title="bbox 2068 1883 3639 1954">
     <span class='ocr_line' id='line_1_48' title="bbox 2068 1883 3639 1954; baseline -0.001 -17"><span class='ocrx_word' id='word_1_371' title='bbox 2068 1884 2171 1937; x_wconf 85' lang='lat' dir='ltr'><strong>beo</strong></span> <span class='ocrx_word' id='word_1_372' title='bbox 2206 1899 2399 1954; x_wconf 91' lang='lat' dir='ltr'><strong>parum</strong></span> <span class='ocrx_word' id='word_1_373' title='bbox 2433 1885 2519 1939; x_wconf 89' lang='lat' dir='ltr'><strong>his</strong></span> <span class='ocrx_word' id='word_1_374' title='bbox 2548 1886 2641 1954; x_wconf 88' lang='lat' dir='ltr'><strong>qui</strong></span> <span class='ocrx_word' id='word_1_375' title='bbox 2684 1886 2826 1942; x_wconf 85' lang='lat' dir='ltr'><strong>bene</strong></span> <span class='ocrx_word' id='word_1_376' title='bbox 2873 1903 2959 1942; x_wconf 89' lang='lat' dir='ltr'><strong>me</strong></span> <span class='ocrx_word' id='word_1_377' title='bbox 3004 1887 3259 1942; x_wconf 87' lang='lat' dir='ltr'><strong>adorant.</strong></span> <span class='ocrx_word' id='word_1_378' title='bbox 3302 1883 3639 1953; x_wconf 84' lang='lat' dir='ltr'><strong>Interrogavi</strong></span> 
     </span>
    </p>
   </div>
   <div class='ocr_carea' id='block_1_49' title="bbox 2068 1975 3640 2046">
    <p class='ocr_par' dir='ltr' id='par_1_49' title="bbox 2068 1975 3640 2046">
     <span class='ocr_line' id='line_1_49' title="bbox 2068 1975 3640 2046; baseline -0.001 -15"><span class='ocrx_word' id='word_1_379' title='bbox 2068 1989 2185 2031; x_wconf 90' lang='lat' dir='ltr'><strong>eam</strong></span> <span class='ocrx_word' id='word_1_380' title='bbox 2245 1990 2346 2046; x_wconf 89' lang='lat' dir='ltr'><strong>ego</strong></span> <span class='ocrx_word' id='word_1_381' title='bbox 2392 1975 2704 2032; x_wconf 86' lang='lat' dir='ltr'><strong>Salomon:</strong></span> <span class='ocrx_word' id='word_1_382' title='bbox 2741 1976 2893 2033; x_wconf 89' lang='lat' dir='ltr'><strong>Unde</strong></span> <span class='ocrx_word' id='word_1_383' title='bbox 2944 1979 3177 2033; x_wconf 86' lang='lat' dir='ltr'><strong>oriunda</strong></span> <span class='ocrx_word' id='word_1_384' title='bbox 3225 1994 3286 2033; x_wconf 92' lang='lat' dir='ltr'><strong>es</strong></span> <span class='ocrx_word' id='word_1_385' title='bbox 3346 1978 3537 2031; x_wconf 87' lang='lat' dir='ltr'><strong>tu?Et</strong></span> <span class='ocrx_word' id='word_1_386' title='bbox 3564 1976 3640 2030; x_wconf 87' lang='lat' dir='ltr'><strong>ait</strong></span> 
     </span>
    </p>
   </div>
   <div class='ocr_carea' id='block_1_50' title="bbox 2070 2064 3637 2137">
    <p class='ocr_par' dir='ltr' id='par_1_50' title="bbox 2070 2064 3637 2137">
     <span class='ocr_line' id='line_1_50' title="bbox 2070 2064 3637 2137; baseline 0.002 -19"><span class='ocrx_word' id='word_1_387' title='bbox 2070 2064 2205 2119; x_wconf 90' lang='lat' dir='ltr'><strong>mihi</strong></span> <span class='ocrx_word' id='word_1_388' title='bbox 2238 2082 2251 2117; x_wconf 87' lang='lat'><strong>:</strong></span> <span class='ocrx_word' id='word_1_389' title='bbox 2286 2066 2330 2117; x_wconf 84' lang='lat' dir='ltr'><strong>A</strong></span> <span class='ocrx_word' id='word_1_390' title='bbox 2382 2079 2518 2121; x_wconf 89' lang='lat' dir='ltr'><strong>voce</strong></span> <span class='ocrx_word' id='word_1_391' title='bbox 2562 2066 2894 2137; x_wconf 88' lang='lat' dir='ltr'><strong>intempesta</strong></span> <span class='ocrx_word' id='word_1_392' title='bbox 2954 2070 3134 2124; x_wconf 83' lang='lat' dir='ltr'><strong>vocati</strong></span> <span class='ocrx_word' id='word_1_393' title='bbox 3202 2069 3341 2124; x_wconf 86' lang='lat' dir='ltr'><strong>echo</strong></span> <span class='ocrx_word' id='word_1_394' title='bbox 3396 2068 3637 2122; x_wconf 61' lang='lat' dir='ltr'><strong>hami-sis</strong></span> 
     </span>
    </p>
   </div>
   <div class='ocr_carea' id='block_1_51' title="bbox 2068 2154 3641 2229">
    <p class='ocr_par' dir='ltr' id='par_1_51' title="bbox 2068 2154 3641 2229">
     <span class='ocr_line' id='line_1_51' title="bbox 2068 2154 3641 2229; baseline 0.004 -22"><span class='ocrx_word' id='word_1_395' title='bbox 2068 2154 2271 2224; x_wconf 87' lang='lat' dir='ltr'><strong>plumbi</strong></span> <span class='ocrx_word' id='word_1_396' title='bbox 2344 2155 2467 2227; x_wconf 80' lang='lat' dir='ltr'><strong>(sic)</strong></span> <span class='ocrx_word' id='word_1_397' title='bbox 2528 2158 2733 2213; x_wconf 86' lang='lat' dir='ltr'><strong>emissa</strong></span> <span class='ocrx_word' id='word_1_398' title='bbox 2798 2160 2851 2212; x_wconf 91' lang='lat' dir='ltr'><strong>in</strong></span> <span class='ocrx_word' id='word_1_399' title='bbox 2920 2160 3261 2229; x_wconf 63' lang='lat' dir='ltr'><strong>saltulnata</strong></span> <span class='ocrx_word' id='word_1_400' title='bbox 3329 2175 3473 2216; x_wconf 90' lang='lat' dir='ltr'><strong>sum.</strong></span> <span class='ocrx_word' id='word_1_401' title='bbox 3525 2160 3641 2229; x_wconf 83' lang='lat' dir='ltr'><strong>Ego</strong></span> 
     </span>
    </p>
   </div>
   <div class='ocr_carea' id='block_1_52' title="bbox 2069 2248 3641 2322">
    <p class='ocr_par' dir='ltr' id='par_1_52' title="bbox 2069 2248 3641 2322">
     <span class='ocr_line' id='line_1_52' title="bbox 2069 2248 3641 2322; baseline 0.004 -23"><span class='ocrx_word' id='word_1_402' title='bbox 2069 2255 2250 2300; x_wconf 83' lang='lat' dir='ltr'><strong>autent</strong></span> <span class='ocrx_word' id='word_1_403' title='bbox 2341 2248 2450 2301; x_wconf 77' lang='lat' dir='ltr'><strong>dixi</strong></span> <span class='ocrx_word' id='word_1_404' title='bbox 2530 2248 2579 2303; x_wconf 92' lang='lat' dir='ltr'><strong>ei</strong></span> <span class='ocrx_word' id='word_1_405' title='bbox 2642 2268 2655 2303; x_wconf 88' lang='lat'><strong>:</strong></span> <span class='ocrx_word' id='word_1_406' title='bbox 2726 2249 2838 2305; x_wconf 90' lang='lat' dir='ltr'><strong>Sub</strong></span> <span class='ocrx_word' id='word_1_407' title='bbox 2910 2267 3018 2322; x_wconf 92' lang='lat' dir='ltr'><strong>quo</strong></span> <span class='ocrx_word' id='word_1_408' title='bbox 3084 2252 3265 2308; x_wconf 86' lang='lat' dir='ltr'><strong>sidere</strong></span> <span class='ocrx_word' id='word_1_409' title='bbox 3356 2251 3641 2306; x_wconf 66' lang='lat' dir='ltr'><strong>ambulas?</strong></span> 
     </span>
    </p>
   </div>
   <div class='ocr_carea' id='block_1_53' title="bbox 2070 2337 3640 2414">
    <p class='ocr_par' dir='ltr' id='par_1_53' title="bbox 2070 2337 3640 2414">
     <span class='ocr_line' id='line_1_53' title="bbox 2070 2337 3640 2414; baseline 0.006 -24"><span class='ocrx_word' id='word_1_410' title='bbox 2070 2337 2202 2403; x_wconf 65' lang='lat' dir='ltr'><strong>Quae</strong></span> <span class='ocrx_word' id='word_1_411' title='bbox 2230 2338 2304 2392; x_wconf 89' lang='lat' dir='ltr'><strong>ait</strong></span> <span class='ocrx_word' id='word_1_412' title='bbox 2338 2355 2351 2393; x_wconf 91' lang='lat'><strong>:</strong></span> <span class='ocrx_word' id='word_1_413' title='bbox 2388 2338 2500 2394; x_wconf 91' lang='lat' dir='ltr'><strong>Sub</strong></span> <span class='ocrx_word' id='word_1_414' title='bbox 2552 2340 2730 2396; x_wconf 86' lang='lat' dir='ltr'><strong>sidere</strong></span> <span class='ocrx_word' id='word_1_415' title='bbox 2788 2342 2933 2397; x_wconf 73' lang='lat' dir='ltr'><strong>luna:</strong></span> <span class='ocrx_word' id='word_1_416' title='bbox 2968 2343 3164 2413; x_wconf 62' lang='lat' dir='ltr'><strong>plenae,</strong></span> <span class='ocrx_word' id='word_1_417' title='bbox 3194 2360 3319 2399; x_wconf 87' lang='lat' dir='ltr'><strong>nam</strong></span> <span class='ocrx_word' id='word_1_418' title='bbox 3357 2345 3486 2399; x_wconf 89' lang='lat' dir='ltr'><strong>luna</strong></span> <span class='ocrx_word' id='word_1_419' title='bbox 3531 2346 3640 2414; x_wconf 88' lang='lat' dir='ltr'><strong>ple-</strong></span> 
     </span>
    </p>
   </div>
   <div class='ocr_carea' id='block_1_54' title="bbox 2070 2433 3640 2507">
    <p class='ocr_par' dir='ltr' id='par_1_54' title="bbox 2070 2433 3640 2507">
     <span class='ocr_line' id='line_1_54' title="bbox 2070 2433 3640 2507; baseline 0.005 -22"><span class='ocrx_word' id='word_1_420' title='bbox 2070 2447 2303 2501; x_wconf 90' lang='lat' dir='ltr'><strong>rumque</strong></span> <span class='ocrx_word' id='word_1_421' title='bbox 2334 2433 2440 2486; x_wconf 90' lang='lat' dir='ltr'><strong>iter</strong></span> <span class='ocrx_word' id='word_1_422' title='bbox 2478 2433 2643 2488; x_wconf 81' lang='lat' dir='ltr'><strong>facit.</strong></span> <span class='ocrx_word' id='word_1_423' title='bbox 2700 2436 2767 2490; x_wconf 88' lang='lat' dir='ltr'><strong>Et</strong></span> <span class='ocrx_word' id='word_1_424' title='bbox 2802 2436 2927 2506; x_wconf 90' lang='lat' dir='ltr'><strong>quis</strong></span> <span class='ocrx_word' id='word_1_425' title='bbox 2953 2444 3035 2491; x_wconf 88' lang='lat' dir='ltr'><strong>est</strong></span> <span class='ocrx_word' id='word_1_426' title='bbox 3069 2439 3299 2507; x_wconf 83' lang='lat' dir='ltr'><strong>angelus</strong></span> <span class='ocrx_word' id='word_1_427' title='bbox 3322 2439 3416 2507; x_wconf 93' lang='lat' dir='ltr'><strong>qui</strong></span> <span class='ocrx_word' id='word_1_428' title='bbox 3452 2448 3505 2492; x_wconf 91' lang='lat' dir='ltr'><strong>te</strong></span> <span class='ocrx_word' id='word_1_429' title='bbox 3538 2440 3640 2493; x_wconf 91' lang='lat' dir='ltr'><strong>im-</strong></span> 
     </span>
    </p>
   </div>
   <div class='ocr_carea' id='block_1_55' title="bbox 2072 2527 3640 2602">
    <p class='ocr_par' dir='ltr' id='par_1_55' title="bbox 2072 2527 3640 2602">
     <span class='ocr_line' id='line_1_55' title="bbox 2072 2527 3640 2602; baseline 0.006 -22"><span class='ocrx_word' id='word_1_430' title='bbox 2072 2535 2343 2594; x_wconf 85' lang='lat' dir='ltr'><strong>potentem</strong></span> <span class='ocrx_word' id='word_1_431' title='bbox 2372 2527 2539 2580; x_wconf 86' lang='lat' dir='ltr'><strong>facit?</strong></span> <span class='ocrx_word' id='word_1_432' title='bbox 2570 2527 2811 2597; x_wconf 87' lang='lat' dir='ltr'><strong>inquam.</strong></span> <span class='ocrx_word' id='word_1_433' title='bbox 2843 2528 3059 2584; x_wconf 82' lang='lat' dir='ltr'><strong>Etdixit</strong></span> <span class='ocrx_word' id='word_1_434' title='bbox 3087 2546 3102 2582; x_wconf 91' lang='lat'><strong>:</strong></span> <span class='ocrx_word' id='word_1_435' title='bbox 3139 2530 3240 2596; x_wconf 87' lang='lat' dir='ltr'><strong>Qui</strong></span> <span class='ocrx_word' id='word_1_436' title='bbox 3268 2533 3320 2585; x_wconf 92' lang='lat' dir='ltr'><strong>in</strong></span> <span class='ocrx_word' id='word_1_437' title='bbox 3346 2542 3397 2586; x_wconf 91' lang='lat' dir='ltr'><strong>te</strong></span> <span class='ocrx_word' id='word_1_438' title='bbox 3429 2539 3640 2602; x_wconf 82' lang='lat' dir='ltr'><strong>regnat.</strong></span> 
     </span>
    </p>
   </div>
   <div class='ocr_carea' id='block_1_56' title="bbox 2070 2618 3641 2693">
    <p class='ocr_par' dir='ltr' id='par_1_56' title="bbox 2070 2618 3641 2693">
     <span class='ocr_line' id='line_1_56' title="bbox 2070 2618 3641 2693; baseline 0.006 -23"><span class='ocrx_word' id='word_1_439' title='bbox 2070 2618 2225 2682; x_wconf 90' lang='lat' dir='ltr'><strong>Quod</strong></span> <span class='ocrx_word' id='word_1_440' title='bbox 2260 2634 2359 2687; x_wconf 77' lang='lat' dir='ltr'><strong>ego</strong></span> <span class='ocrx_word' id='word_1_441' title='bbox 2390 2621 2445 2673; x_wconf 90' lang='lat' dir='ltr'><strong>in</strong></span> <span class='ocrx_word' id='word_1_442' title='bbox 2477 2620 2716 2674; x_wconf 82' lang='lat' dir='ltr'><strong>derisum</strong></span> <span class='ocrx_word' id='word_1_443' title='bbox 2756 2622 3056 2689; x_wconf 86' lang='lat' dir='ltr'><strong>accipiens,</strong></span> <span class='ocrx_word' id='word_1_444' title='bbox 3104 2624 3340 2693; x_wconf 74' lang='lat' dir='ltr'><strong>praecepi</strong></span> <span class='ocrx_word' id='word_1_445' title='bbox 3368 2632 3424 2677; x_wconf 91' lang='grc' dir='ltr'><strong>ιιι</strong></span> <span class='ocrx_word' id='word_1_446' title='bbox 3448 2640 3641 2692; x_wconf 87' lang='lat' dir='ltr'><strong>percu—</strong></span> 
     </span>
    </p>
   </div>
   <div class='ocr_carea' id='block_1_57' title="bbox 2072 2711 3644 2789">
    <p class='ocr_par' dir='ltr' id='par_1_57' title="bbox 2072 2711 3644 2789">
     <span class='ocr_line' id='line_1_57' title="bbox 2072 2711 3644 2789; baseline 0.007 -26"><span class='ocrx_word' id='word_1_447' title='bbox 2072 2718 2211 2764; x_wconf 86' lang='lat' dir='ltr'><strong>teret</strong></span> <span class='ocrx_word' id='word_1_448' title='bbox 2249 2725 2369 2764; x_wconf 86' lang='lat' dir='ltr'><strong>cam</strong></span> <span class='ocrx_word' id='word_1_449' title='bbox 2423 2711 2614 2777; x_wconf 88' lang='lat' dir='ltr'><strong>miles;</strong></span> <span class='ocrx_word' id='word_1_450' title='bbox 2663 2725 2717 2767; x_wconf 88' lang='lat' dir='ltr'><strong>at</strong></span> <span class='ocrx_word' id='word_1_451' title='bbox 2744 2713 2833 2767; x_wconf 89' lang='lat' dir='ltr'><strong>illa</strong></span> <span class='ocrx_word' id='word_1_452' title='bbox 2870 2714 3118 2769; x_wconf 88' lang='lat' dir='ltr'><strong>clamans</strong></span> <span class='ocrx_word' id='word_1_453' title='bbox 3156 2717 3274 2770; x_wconf 87' lang='lat' dir='ltr'><strong>ait:</strong></span> <span class='ocrx_word' id='word_1_454' title='bbox 3312 2716 3426 2771; x_wconf 89' lang='lat' dir='ltr'><strong>Tua</strong></span> <span class='ocrx_word' id='word_1_455' title='bbox 3452 2733 3575 2789; x_wconf 83' lang='lat' dir='ltr'><strong>ego.</strong></span> <span class='ocrx_word' id='word_1_456' title='bbox 3609 2735 3644 2773; x_wconf 90' lang='lat'><strong>0</strong></span> 
     </span>
    </p>
   </div>
   <div class='ocr_carea' id='block_1_58' title="bbox 2073 2805 3647 2883">
    <p class='ocr_par' dir='ltr' id='par_1_58' title="bbox 2073 2805 3647 2883">
     <span class='ocr_line' id='line_1_58' title="bbox 2073 2805 3647 2883; baseline 0.006 -24"><span class='ocrx_word' id='word_1_457' title='bbox 2073 2821 2191 2870; x_wconf 82' lang='lat' dir='ltr'><strong>rex,</strong></span> <span class='ocrx_word' id='word_1_458' title='bbox 2223 2814 2447 2875; x_wconf 83' lang='lat' dir='ltr'><strong>preptcr</strong></span> <span class='ocrx_word' id='word_1_459' title='bbox 2470 2805 2650 2861; x_wconf 85' lang='lat' dir='ltr'><strong>datam</strong></span> <span class='ocrx_word' id='word_1_460' title='bbox 2688 2808 2784 2861; x_wconf 90' lang='lat' dir='ltr'><strong>tihi</strong></span> <span class='ocrx_word' id='word_1_461' title='bbox 2822 2808 3147 2877; x_wconf 83' lang='lat' dir='ltr'><strong>sapientiam</strong></span> <span class='ocrx_word' id='word_1_462' title='bbox 3185 2809 3304 2875; x_wconf 89' lang='lat' dir='ltr'><strong>Dei,</strong></span> <span class='ocrx_word' id='word_1_463' title='bbox 3336 2821 3391 2867; x_wconf 91' lang='lat' dir='ltr'><strong>et</strong></span> <span class='ocrx_word' id='word_1_464' title='bbox 3422 2823 3647 2883; x_wconf 86' lang='lat' dir='ltr'><strong>prepter</strong></span> 
     </span>
    </p>
   </div>
   <div class='ocr_carea' id='block_1_59' title="bbox 2074 2898 3644 2973">
    <p class='ocr_par' dir='ltr' id='par_1_59' title="bbox 2074 2898 3644 2973">
     <span class='ocr_line' id='line_1_59' title="bbox 2074 2898 3644 2973; baseline 0.004 -20"><span class='ocrx_word' id='word_1_465' title='bbox 2074 2899 2329 2968; x_wconf 83' lang='lat' dir='ltr'><strong>angelum</strong></span> <span class='ocrx_word' id='word_1_466' title='bbox 2356 2898 2497 2954; x_wconf 81' lang='lat' dir='ltr'><strong>Jocl.</strong></span> <span class='ocrx_word' id='word_1_467' title='bbox 2536 2900 2601 2954; x_wconf 80' lang='lat' dir='ltr'><strong>Et</strong></span> <span class='ocrx_word' id='word_1_468' title='bbox 2634 2902 2867 2973; x_wconf 63' lang='lat' dir='ltr'><strong>pratcepi</strong></span> <span class='ocrx_word' id='word_1_469' title='bbox 2903 2911 2961 2956; x_wconf 91' lang='lat' dir='ltr'><strong>ut</strong></span> <span class='ocrx_word' id='word_1_470' title='bbox 3001 2919 3116 2973; x_wconf 76' lang='lat' dir='ltr'><strong>Ipsa</strong></span> <span class='ocrx_word' id='word_1_471' title='bbox 3151 2913 3397 2960; x_wconf 88' lang='lat' dir='ltr'><strong>necteret</strong></span> <span class='ocrx_word' id='word_1_472' title='bbox 3434 2920 3644 2960; x_wconf 77' lang='lat' dir='ltr'><strong>cauna-</strong></span> 
     </span>
    </p>
   </div>
   <div class='ocr_carea' id='block_1_60' title="bbox 2075 2994 3645 3065">
    <p class='ocr_par' dir='ltr' id='par_1_60' title="bbox 2075 2994 3645 3065">
     <span class='ocr_line' id='line_1_60' title="bbox 2075 2994 3645 3065; baseline 0.004 -16"><span class='ocrx_word' id='word_1_473' title='bbox 2075 2995 2186 3049; x_wconf 90' lang='lat' dir='ltr'><strong>bim</strong></span> <span class='ocrx_word' id='word_1_474' title='bbox 2219 2994 2284 3047; x_wconf 87' lang='lat' dir='ltr'><strong>ad</strong></span> <span class='ocrx_word' id='word_1_475' title='bbox 2320 2994 2581 3059; x_wconf 87' lang='lat' dir='ltr'><strong>chordas,</strong></span> <span class='ocrx_word' id='word_1_476' title='bbox 2617 2996 2672 3049; x_wconf 91' lang='lat' dir='ltr'><strong>in</strong></span> <span class='ocrx_word' id='word_1_477' title='bbox 2705 3012 2870 3065; x_wconf 85' lang='lat' dir='ltr'><strong>opere</strong></span> <span class='ocrx_word' id='word_1_478' title='bbox 2904 2997 3283 3053; x_wconf 62' lang='lat' dir='ltr'><strong>aedificationis</strong></span> <span class='ocrx_word' id='word_1_479' title='bbox 3320 2998 3451 3059; x_wconf 83' lang='lat' dir='ltr'><strong>Dei;</strong></span> <span class='ocrx_word' id='word_1_480' title='bbox 3483 3008 3535 3053; x_wconf 91' lang='lat' dir='ltr'><strong>et</strong></span> <span class='ocrx_word' id='word_1_481' title='bbox 3565 3001 3645 3056; x_wconf 83' lang='lat' dir='ltr'><strong>sic</strong></span> 
     </span>
    </p>
   </div>
   <div class='ocr_carea' id='block_1_61' title="bbox 2075 3087 3644 3156">
    <p class='ocr_par' dir='ltr' id='par_1_61' title="bbox 2075 3087 3644 3156">
     <span class='ocr_line' id='line_1_61' title="bbox 2075 3087 3644 3156; baseline 0.004 -16"><span class='ocrx_word' id='word_1_482' title='bbox 2075 3087 2231 3155; x_wconf 87' lang='lat' dir='ltr'><strong>signo</strong></span> <span class='ocrx_word' id='word_1_483' title='bbox 2274 3095 2483 3152; x_wconf 87' lang='lat' dir='ltr'><strong>notata,</strong></span> <span class='ocrx_word' id='word_1_484' title='bbox 2521 3096 2575 3142; x_wconf 88' lang='lat' dir='ltr'><strong>et</strong></span> <span class='ocrx_word' id='word_1_485' title='bbox 2627 3088 2864 3143; x_wconf 79' lang='lat' dir='ltr'><strong>vinculis</strong></span> <span class='ocrx_word' id='word_1_486' title='bbox 2908 3090 3226 3156; x_wconf 82' lang='lat' dir='ltr'><strong>constricta,</strong></span> <span class='ocrx_word' id='word_1_487' title='bbox 3275 3091 3514 3147; x_wconf 88' lang='lat' dir='ltr'><strong>imbellis</strong></span> <span class='ocrx_word' id='word_1_488' title='bbox 3571 3095 3644 3147; x_wconf 75' lang='lat' dir='ltr'><strong>ita</strong></span> 
     </span>
    </p>
   </div>
   <div class='ocr_carea' id='block_1_62' title="bbox 395 3180 2142 3258">
    <p class='ocr_par' dir='ltr' id='par_1_62' title="bbox 395 3180 2142 3258">
     <span class='ocr_line' id='line_1_62' title="bbox 395 3180 2142 3258; baseline 0 -16"><span class='ocrx_word' id='word_1_489' title='bbox 395 3189 534 3242; x_wconf 83' lang='grc' dir='ltr'>ὥστε</span> <span class='ocrx_word' id='word_1_490' title='bbox 574 3188 823 3241; x_wconf 79' lang='grc' dir='ltr'>ἵστασθαι</span> <span class='ocrx_word' id='word_1_491' title='bbox 850 3190 1043 3250; x_wconf 84' lang='grc' dir='ltr'>νυκτὸς</span> <span class='ocrx_word' id='word_1_492' title='bbox 1077 3190 1169 3242; x_wconf 78' lang='grc' dir='ltr'><strong>καὶ</strong></span> <span class='ocrx_word' id='word_1_493' title='bbox 1197 3188 1407 3258; x_wconf 74' lang='grc' dir='ltr'>ἡμέρας</span> <span class='ocrx_word' id='word_1_494' title='bbox 1464 3188 1648 3258; x_wconf 87' lang='grc' dir='ltr'>νήθειν</span> <span class='ocrx_word' id='word_1_495' title='bbox 1699 3189 1795 3257; x_wconf 80' lang='grc' dir='ltr'>τὴν</span> <span class='ocrx_word' id='word_1_496' title='bbox 1849 3190 1974 3242; x_wconf 82' lang='grc' dir='ltr'><strong>κάν·</strong></span> <span class='ocrx_word' id='word_1_497' title='bbox 1997 3180 2041 3236; x_wconf 84' lang='lat' dir='ltr'><strong><em>C</em></strong></span> <span class='ocrx_word' id='word_1_498' title='bbox 2078 3180 2142 3231; x_wconf 61' lang='grc' dir='ltr'><strong>ἴδε</strong></span> 
     </span>
    </p>
   </div>
   <div class='ocr_carea' id='block_1_63' title="bbox 1897 3180 3644 3258">
    <p class='ocr_par' dir='ltr' id='par_1_63' title="bbox 1897 3180 3644 3242">
     <span class='ocr_line' id='line_1_63' title="bbox 1897 3180 3644 3242; baseline 0.004 -12"><span class='ocrx_word' id='word_1_499' title='bbox 1897 3180 2041 3242; x_wconf 71' lang='grc' dir='ltr'><strong>ςιν.0</strong></span> <span class='ocrx_word' id='word_1_500' title='bbox 2078 3180 2222 3231; x_wconf 89' lang='lat' dir='ltr'><strong>facta</strong></span> <span class='ocrx_word' id='word_1_501' title='bbox 2253 3187 2357 3241; x_wconf 78' lang='lat' dir='ltr'><strong>est.</strong></span> <span class='ocrx_word' id='word_1_502' title='bbox 2404 3187 2464 3231; x_wconf 89' lang='lat' dir='ltr'><strong>ut</strong></span> <span class='ocrx_word' id='word_1_503' title='bbox 2516 3190 2676 3233; x_wconf 88' lang='lat' dir='ltr'><strong>nocte</strong></span> <span class='ocrx_word' id='word_1_504' title='bbox 2726 3189 2780 3234; x_wconf 87' lang='lat' dir='ltr'><strong>ct</strong></span> <span class='ocrx_word' id='word_1_505' title='bbox 2831 3180 2921 3235; x_wconf 90' lang='lat' dir='ltr'><strong>die</strong></span> <span class='ocrx_word' id='word_1_506' title='bbox 2981 3190 3150 3237; x_wconf 86' lang='lat' dir='ltr'><strong>staret</strong></span> <span class='ocrx_word' id='word_1_507' title='bbox 3208 3183 3274 3236; x_wconf 89' lang='lat' dir='ltr'><strong>ad</strong></span> <span class='ocrx_word' id='word_1_508' title='bbox 3318 3186 3644 3239; x_wconf 88' lang='lat' dir='ltr'><strong>nectandam</strong></span> 
     </span>
    </p>
   </div>
   <div class='ocr_carea' id='block_1_64' title="bbox 395 3280 1970 3350">
    <p class='ocr_par' dir='ltr' id='par_1_64' title="bbox 395 3280 1970 3350">
     <span class='ocr_line' id='line_1_64' title="bbox 395 3280 1970 3350; baseline -0.001 -14"><span class='ocrx_word' id='word_1_509' title='bbox 395 3282 571 3337; x_wconf 73' lang='lat' dir='ltr'><strong>V16W.</strong></span> <span class='ocrx_word' id='word_1_510' title='bbox 605 3282 714 3334; x_wconf 77' lang='grc' dir='ltr'><strong>Καὶ</strong></span> <span class='ocrx_word' id='word_1_511' title='bbox 745 3281 1008 3333; x_wconf 77' lang='grc' dir='ltr'>ἐκέλευσα</span> <span class='ocrx_word' id='word_1_512' title='bbox 1030 3281 1262 3350; x_wconf 81' lang='grc' dir='ltr'>ἀχθῆναί</span> <span class='ocrx_word' id='word_1_513' title='bbox 1293 3299 1381 3350; x_wconf 90' lang='grc' dir='ltr'><strong>μοι</strong></span> <span class='ocrx_word' id='word_1_514' title='bbox 1424 3280 1611 3349; x_wconf 75' lang='grc' dir='ltr'>ἕτερον</span> <span class='ocrx_word' id='word_1_515' title='bbox 1662 3282 1970 3350; x_wconf 75' lang='grc' dir='ltr'>δαιμόνιον,</span> 
     </span>
    </p>
   </div>
   <div class='ocr_carea' id='block_1_65' title="bbox 394 3372 1971 3444">
    <p class='ocr_par' dir='ltr' id='par_1_65' title="bbox 394 3372 1971 3444">
     <span class='ocr_line' id='line_1_65' title="bbox 394 3372 1971 3444; baseline 0 -17"><span class='ocrx_word' id='word_1_516' title='bbox 394 3373 488 3427; x_wconf 81' lang='grc' dir='ltr'>καὶ</span> <span class='ocrx_word' id='word_1_517' title='bbox 521 3372 720 3436; x_wconf 75' lang='grc' dir='ltr'>εὐθέως</span> <span class='ocrx_word' id='word_1_518' title='bbox 783 3389 871 3444; x_wconf 90' lang='grc' dir='ltr'><strong>μοι</strong></span> <span class='ocrx_word' id='word_1_519' title='bbox 926 3372 1231 3441; x_wconf 79' lang='grc' dir='ltr'>προσῆλθεν</span> <span class='ocrx_word' id='word_1_520' title='bbox 1287 3375 1314 3423; x_wconf 88' lang='grc' dir='ltr'><strong>ό</strong></span> <span class='ocrx_word' id='word_1_521' title='bbox 1377 3372 1588 3441; x_wconf 77' lang='grc' dir='ltr'>δαίμων</span> <span class='ocrx_word' id='word_1_522' title='bbox 1648 3373 1971 3439; x_wconf 84' lang='grc' dir='ltr'>Ἀσμοδαῐος</span> 
     </span>
    </p>
   </div>
   <div class='ocr_carea' id='block_1_66' title="bbox 395 3462 1975 3533">
    <p class='ocr_par' dir='ltr' id='par_1_66' title="bbox 395 3462 1975 3533">
     <span class='ocr_line' id='line_1_66' title="bbox 395 3462 1975 3533; baseline 0.003 -18"><span class='ocrx_word' id='word_1_523' title='bbox 395 3463 703 3533; x_wconf 77' lang='grc' dir='ltr'>δεδεμένος,</span> <span class='ocrx_word' id='word_1_524' title='bbox 738 3466 829 3516; x_wconf 67' lang='grc' dir='ltr'><strong>καλ⁵</strong></span> <span class='ocrx_word' id='word_1_525' title='bbox 878 3465 1139 3533; x_wconf 65' lang='grc' dir='ltr'>ἠρώτησα</span> <span class='ocrx_word' id='word_1_526' title='bbox 1172 3464 1355 3529; x_wconf 71' lang='grc' dir='ltr'>αὐτὸν,</span> <span class='ocrx_word' id='word_1_527' title='bbox 1405 3465 1475 3516; x_wconf 69' lang='grc' dir='ltr'>Σὺ</span> <span class='ocrx_word' id='word_1_528' title='bbox 1521 3465 1602 3526; x_wconf 81' lang='grc' dir='ltr'><strong>τίς</strong></span> <span class='ocrx_word' id='word_1_529' title='bbox 1654 3462 1742 3527; x_wconf 73' lang='grc' dir='ltr'>εἷς</span> <span class='ocrx_word' id='word_1_530' title='bbox 1812 3467 1868 3518; x_wconf 82' lang='lat'><strong>&#39;0</strong></span> <span class='ocrx_word' id='word_1_531' title='bbox 1920 3467 1975 3519; x_wconf 83' lang='grc' dir='ltr'>δὲ</span> 
     </span>
    </p>
   </div>
   <div class='ocr_carea' id='block_1_67' title="bbox 401 3551 1976 3623">
    <p class='ocr_par' dir='ltr' id='par_1_67' title="bbox 401 3551 1976 3623">
     <span class='ocr_line' id='line_1_67' title="bbox 401 3551 1976 3623; baseline 0.001 -18"><span class='ocrx_word' id='word_1_532' title='bbox 401 3554 538 3623; x_wconf 83' lang='grc' dir='ltr'>μετὰ</span> <span class='ocrx_word' id='word_1_533' title='bbox 559 3553 733 3621; x_wconf 73' lang='grc' dir='ltr'>θυμοῦ</span> <span class='ocrx_word' id='word_1_534' title='bbox 774 3552 867 3605; x_wconf 75' lang='grc' dir='ltr'>καὶ</span> <span class='ocrx_word' id='word_1_535' title='bbox 901 3553 1070 3622; x_wconf 77' lang='grc' dir='ltr'>ὀργῆς</span> <span class='ocrx_word' id='word_1_536' title='bbox 1100 3551 1377 3621; x_wconf 68' lang='grc' dir='ltr'>ἐμϐλέψας</span> <span class='ocrx_word' id='word_1_537' title='bbox 1411 3570 1477 3620; x_wconf 89' lang='grc' dir='ltr'><strong>με</strong></span> <span class='ocrx_word' id='word_1_538' title='bbox 1513 3553 1612 3620; x_wconf 69' lang='grc' dir='ltr'>ἔφη</span> <span class='ocrx_word' id='word_1_539' title='bbox 1655 3554 1760 3605; x_wconf 79' lang='grc' dir='ltr'><strong>’Σὺ</strong></span> <span class='ocrx_word' id='word_1_540' title='bbox 1797 3555 1854 3605; x_wconf 81' lang='grc' dir='ltr'>δὲ</span> <span class='ocrx_word' id='word_1_541' title='bbox 1893 3555 1976 3616; x_wconf 77' lang='grc' dir='ltr'><strong>τίς</strong></span> 
     </span>
    </p>
   </div>
   <div class='ocr_carea' id='block_1_68' title="bbox 400 3638 1975 3711">
    <p class='ocr_par' dir='ltr' id='par_1_68' title="bbox 400 3638 1975 3711">
     <span class='ocr_line' id='line_1_68' title="bbox 400 3638 1975 3711; baseline 0.003 -18"><span class='ocrx_word' id='word_1_542' title='bbox 400 3638 491 3705; x_wconf 72' lang='grc' dir='ltr'>εἷς</span> <span class='ocrx_word' id='word_1_543' title='bbox 524 3643 631 3694; x_wconf 77' lang='grc' dir='ltr'><strong>Καὶ</strong></span> <span class='ocrx_word' id='word_1_544' title='bbox 662 3639 814 3694; x_wconf 78' lang='grc' dir='ltr'>εἷπον</span> <span class='ocrx_word' id='word_1_545' title='bbox 855 3642 1004 3710; x_wconf 78' lang='grc' dir='ltr'>αὐτῷ</span> <span class='ocrx_word' id='word_1_546' title='bbox 1034 3658 1048 3673; x_wconf 91' lang='grc'><strong>⁸</strong></span> <span class='ocrx_word' id='word_1_547' title='bbox 1112 3639 1298 3703; x_wconf 79' lang='grc' dir='ltr'>Οὕτως</span> <span class='ocrx_word' id='word_1_548' title='bbox 1359 3645 1804 3711; x_wconf 78' lang='grc' dir='ltr'>τετιμωρημένος</span> <span class='ocrx_word' id='word_1_549' title='bbox 1840 3645 1975 3697; x_wconf 76' lang='grc' dir='ltr'><strong>ἀπο-</strong></span> 
     </span>
    </p>
   </div>
   <div class='ocr_carea' id='block_1_69' title="bbox 400 3733 1976 3806">
    <p class='ocr_par' dir='ltr' id='par_1_69' title="bbox 400 3733 1976 3806">
     <span class='ocr_line' id='line_1_69' title="bbox 400 3733 1976 3806; baseline 0.001 -17"><span class='ocrx_word' id='word_1_550' title='bbox 400 3738 562 3806; x_wconf 80' lang='grc' dir='ltr'>κρίνῃ</span> <span class='ocrx_word' id='word_1_551' title='bbox 609 3752 699 3803; x_wconf 89' lang='grc' dir='ltr'><strong>μοι</strong></span> <span class='ocrx_word' id='word_1_552' title='bbox 738 3753 751 3765; x_wconf 94' lang='grc'><strong>⁸</strong></span> <span class='ocrx_word' id='word_1_553' title='bbox 794 3737 821 3786; x_wconf 86' lang='grc' dir='ltr'><strong>ό</strong></span> <span class='ocrx_word' id='word_1_554' title='bbox 855 3734 910 3786; x_wconf 86' lang='grc' dir='ltr'>δὲ</span> <span class='ocrx_word' id='word_1_555' title='bbox 944 3733 1059 3802; x_wconf 83' lang='grc' dir='ltr'>μετ’</span> <span class='ocrx_word' id='word_1_556' title='bbox 1081 3734 1252 3805; x_wconf 85' lang='grc' dir='ltr'>ὀργῆς</span> <span class='ocrx_word' id='word_1_557' title='bbox 1282 3733 1430 3801; x_wconf 87' lang='grc' dir='ltr'>λέγει</span> <span class='ocrx_word' id='word_1_558' title='bbox 1469 3751 1559 3804; x_wconf 85' lang='grc' dir='ltr'><strong>μοι</strong></span> <span class='ocrx_word' id='word_1_559' title='bbox 1594 3753 1606 3765; x_wconf 92' lang='grc'><strong>·</strong></span> <span class='ocrx_word' id='word_1_560' title='bbox 1636 3735 1799 3789; x_wconf 79' lang='grc' dir='ltr'>Ἀλλὰ</span> <span class='ocrx_word' id='word_1_561' title='bbox 1858 3738 1976 3801; x_wconf 76' lang='grc' dir='ltr'>πῶς</span> 
     </span>
    </p>
   </div>
   <div class='ocr_carea' id='block_1_70' title="bbox 404 3820 1976 3894">
    <p class='ocr_par' dir='ltr' id='par_1_70' title="bbox 404 3820 1976 3894">
     <span class='ocr_line' id='line_1_70' title="bbox 404 3820 1976 3894; baseline 0.003 -18"><span class='ocrx_word' id='word_1_562' title='bbox 404 3842 486 3876; x_wconf 77' lang='grc' dir='ltr'><strong>σοι</strong></span> <span class='ocrx_word' id='word_1_563' title='bbox 545 3821 849 3891; x_wconf 80' lang='grc' dir='ltr'>ἁποκριθῶ,</span> <span class='ocrx_word' id='word_1_564' title='bbox 918 3822 982 3873; x_wconf 71' lang='grc' dir='ltr'>σὺ</span> <span class='ocrx_word' id='word_1_565' title='bbox 1032 3824 1141 3891; x_wconf 77' lang='grc' dir='ltr'><strong>γὰρ</strong></span> <span class='ocrx_word' id='word_1_566' title='bbox 1197 3823 1486 3891; x_wconf 81' lang='grc' dir='ltr'>ἀνθρώπου</span> <span class='ocrx_word' id='word_1_567' title='bbox 1526 3823 1637 3886; x_wconf 79' lang='grc' dir='ltr'>υίὸς</span> <span class='ocrx_word' id='word_1_568' title='bbox 1665 3820 1717 3876; x_wconf 76' lang='grc' dir='ltr'>εἴ</span> <span class='ocrx_word' id='word_1_569' title='bbox 1749 3826 1900 3894; x_wconf 76' lang='grc' dir='ltr'><strong>’ἐγὼ</strong></span> <span class='ocrx_word' id='word_1_570' title='bbox 1920 3829 1976 3881; x_wconf 78' lang='grc' dir='ltr'>δὲ</span> 
     </span>
    </p>
   </div>
   <div class='ocr_carea' id='block_1_71' title="bbox 402 3912 1973 3990">
    <p class='ocr_par' dir='ltr' id='par_1_71' title="bbox 402 3912 1973 3990">
     <span class='ocr_line' id='line_1_71' title="bbox 402 3912 1973 3990; baseline 0.004 -24"><span class='ocrx_word' id='word_1_571' title='bbox 402 3914 636 3984; x_wconf 80' lang='grc' dir='ltr'>ἀγγέλου</span> <span class='ocrx_word' id='word_1_572' title='bbox 681 3912 859 3983; x_wconf 78' lang='grc' dir='ltr'>σπορὰ</span> <span class='ocrx_word' id='word_1_573' title='bbox 887 3912 976 3966; x_wconf 74' lang='grc' dir='ltr'><strong>διὰ</strong></span> <span class='ocrx_word' id='word_1_574' title='bbox 1013 3913 1284 3981; x_wconf 73' lang='grc' dir='ltr'>θυγατρὸς</span> <span class='ocrx_word' id='word_1_575' title='bbox 1313 3913 1601 3984; x_wconf 86' lang='grc' dir='ltr'>ἀνθρώπου</span> <span class='ocrx_word' id='word_1_576' title='bbox 1632 3918 1930 3990; x_wconf 76' lang='grc' dir='ltr'>ἐγεννήθην</span> <span class='ocrx_word' id='word_1_577' title='bbox 1959 3936 1973 3950; x_wconf 85' lang='grc'><strong>⁸</strong></span> 
     </span>
    </p>
   </div>
   <div class='ocr_carea' id='block_1_72' title="bbox 403 4004 1979 4081">
    <p class='ocr_par' dir='ltr' id='par_1_72' title="bbox 403 4004 1979 4081">
     <span class='ocr_line' id='line_1_72' title="bbox 403 4004 1979 4081; baseline 0.003 -24"><span class='ocrx_word' id='word_1_578' title='bbox 403 4005 545 4057; x_wconf 81' lang='grc' dir='ltr'>ὥστε</span> <span class='ocrx_word' id='word_1_579' title='bbox 583 4004 736 4057; x_wconf 66' lang='grc' dir='ltr'>οὐδὲν</span> <span class='ocrx_word' id='word_1_580' title='bbox 768 4005 1118 4073; x_wconf 75' lang='grc' dir='ltr'>ὑπερήφανον</span> <span class='ocrx_word' id='word_1_581' title='bbox 1150 4004 1301 4073; x_wconf 75' lang='grc' dir='ltr'>ῥῆμα</span> <span class='ocrx_word' id='word_1_582' title='bbox 1334 4005 1588 4073; x_wconf 80' lang='grc' dir='ltr'>οὐρανίου</span> <span class='ocrx_word' id='word_1_583' title='bbox 1626 4008 1819 4075; x_wconf 83' lang='grc' dir='ltr'>γένους</span> <span class='ocrx_word' id='word_1_584' title='bbox 1844 4010 1979 4081; x_wconf 82' lang='grc' dir='ltr'>πρὸς</span> 
     </span>
    </p>
   </div>
   <div class='ocr_carea' id='block_1_73' title="bbox 403 4097 1973 4169">
    <p class='ocr_par' dir='ltr' id='par_1_73' title="bbox 403 4097 1973 4169">
     <span class='ocr_line' id='line_1_73' title="bbox 403 4097 1973 4169; baseline 0.006 -21"><span class='ocrx_word' id='word_1_585' title='bbox 403 4100 656 4166; x_wconf 82' lang='grc' dir='ltr'>γηγενεῖς</span> <span class='ocrx_word' id='word_1_586' title='bbox 680 4114 693 4127; x_wconf 92' lang='grc'><strong>⁸</strong></span> <span class='ocrx_word' id='word_1_587' title='bbox 726 4097 805 4149; x_wconf 79' lang='grc' dir='ltr'><strong>διδ</strong></span> <span class='ocrx_word' id='word_1_588' title='bbox 837 4098 929 4148; x_wconf 69' lang='grc' dir='ltr'>καὶ</span> <span class='ocrx_word' id='word_1_589' title='bbox 958 4099 1016 4148; x_wconf 81' lang='grc' dir='ltr'>τὸ</span> <span class='ocrx_word' id='word_1_590' title='bbox 1040 4098 1238 4164; x_wconf 84' lang='grc' dir='ltr'>ἄστρον</span> <span class='ocrx_word' id='word_1_591' title='bbox 1261 4113 1361 4166; x_wconf 90' lang='grc' dir='ltr'><strong>μου</strong></span> <span class='ocrx_word' id='word_1_592' title='bbox 1382 4102 1438 4151; x_wconf 81' lang='grc' dir='ltr'>ἐν</span> <span class='ocrx_word' id='word_1_593' title='bbox 1468 4100 1682 4169; x_wconf 82' lang='grc' dir='ltr'>οὐρανῷ</span> <span class='ocrx_word' id='word_1_594' title='bbox 1709 4102 1973 4169; x_wconf 82' lang='grc' dir='ltr'>φωτεύει⁸</span> 
     </span>
    </p>
   </div>
   <div class='ocr_carea' id='block_1_74' title="bbox 403 4188 1976 4264">
    <p class='ocr_par' dir='ltr' id='par_1_74' title="bbox 403 4188 1976 4264">
     <span class='ocr_line' id='line_1_74' title="bbox 403 4188 1976 4264; baseline 0.003 -22"><span class='ocrx_word' id='word_1_595' title='bbox 403 4192 498 4244; x_wconf 72' lang='grc' dir='ltr'>καὶ</span> <span class='ocrx_word' id='word_1_596' title='bbox 533 4189 663 4242; x_wconf 73' lang='grc' dir='ltr'>αὐτὸ</span> <span class='ocrx_word' id='word_1_597' title='bbox 694 4189 969 4258; x_wconf 83' lang='grc' dir='ltr'>ἄνθρωποι</span> <span class='ocrx_word' id='word_1_598' title='bbox 1003 4188 1255 4256; x_wconf 82' lang='grc' dir='ltr'>λέγουσιν</span> <span class='ocrx_word' id='word_1_599' title='bbox 1288 4189 1527 4257; x_wconf 75' lang='grc' dir='ltr'>ἄμαξαν,</span> <span class='ocrx_word' id='word_1_600' title='bbox 1562 4192 1609 4243; x_wconf 92' lang='grc' dir='ltr'>οἱ</span> <span class='ocrx_word' id='word_1_601' title='bbox 1640 4192 1703 4243; x_wconf 79' lang='grc' dir='ltr'>δὲ</span> <span class='ocrx_word' id='word_1_602' title='bbox 1726 4193 1817 4246; x_wconf 61' lang='grc' dir='ltr'><strong>τόν</strong></span> <span class='ocrx_word' id='word_1_603' title='bbox 1843 4195 1976 4264; x_wconf 82' lang='grc' dir='ltr'>δρα·</span> 
     </span>
    </p>
   </div>
   <div class='ocr_carea' id='block_1_75' title="bbox 403 4278 1974 4353">
    <p class='ocr_par' dir='ltr' id='par_1_75' title="bbox 403 4278 1974 4353">
     <span class='ocr_line' id='line_1_75' title="bbox 403 4278 1974 4353; baseline 0.003 -18"><span class='ocrx_word' id='word_1_604' title='bbox 403 4281 727 4335; x_wconf 60' lang='grc' dir='ltr'>κοκιτοπαίδα</span> <span class='ocrx_word' id='word_1_605' title='bbox 763 4280 882 4350; x_wconf 79' lang='lat' dir='ltr'><strong>(sic)</strong></span> <span class='ocrx_word' id='word_1_606' title='bbox 914 4278 1284 4349; x_wconf 75' lang='grc' dir='ltr'>πλησιάζομαι</span> <span class='ocrx_word' id='word_1_607' title='bbox 1318 4282 1415 4334; x_wconf 75' lang='grc' dir='ltr'>σὺν</span> <span class='ocrx_word' id='word_1_608' title='bbox 1442 4281 1519 4351; x_wconf 83' lang='grc' dir='ltr'>τῷ</span> <span class='ocrx_word' id='word_1_609' title='bbox 1547 4282 1732 4353; x_wconf 82' lang='grc' dir='ltr'>ἄστρῳ</span> <span class='ocrx_word' id='word_1_610' title='bbox 1784 4284 1974 4352; x_wconf 83' lang='grc' dir='ltr'><strong>αὐτοῦ,</strong></span> 
     </span>
    </p>
   </div>
   <div class='ocr_carea' id='block_1_76' title="bbox 406 4370 1977 4444">
    <p class='ocr_par' dir='ltr' id='par_1_76' title="bbox 406 4370 1977 4444">
     <span class='ocr_line' id='line_1_76' title="bbox 406 4370 1977 4444; baseline 0.003 -19"><span class='ocrx_word' id='word_1_611' title='bbox 406 4371 697 4425; x_wconf 73' lang='grc' dir='ltr'>καὶπολλὰ</span> <span class='ocrx_word' id='word_1_612' title='bbox 729 4389 819 4440; x_wconf 82' lang='grc' dir='ltr'><strong>μοι</strong></span> <span class='ocrx_word' id='word_1_613' title='bbox 853 4370 927 4440; x_wconf 72' lang='grc' dir='ltr'>μὴ</span> <span class='ocrx_word' id='word_1_614' title='bbox 954 4370 1153 4440; x_wconf 77' lang='grc' dir='ltr'>ἐρώτα,</span> <span class='ocrx_word' id='word_1_615' title='bbox 1179 4372 1262 4425; x_wconf 83' lang='grc' dir='ltr'>ὅτι</span> <span class='ocrx_word' id='word_1_616' title='bbox 1312 4374 1407 4425; x_wconf 67' lang='grc' dir='ltr'>καὶ</span> <span class='ocrx_word' id='word_1_617' title='bbox 1454 4372 1549 4426; x_wconf 78' lang='grc' dir='ltr'><strong>σοῦ</strong></span> <span class='ocrx_word' id='word_1_618' title='bbox 1596 4374 1658 4426; x_wconf 87' lang='grc' dir='ltr'><strong>τδ</strong></span> <span class='ocrx_word' id='word_1_619' title='bbox 1706 4374 1977 4444; x_wconf 88' lang='grc' dir='ltr'>βασίλειον</span> 
     </span>
    </p>
   </div>
   <div class='ocr_carea' id='block_1_77' title="bbox 2077 3271 3646 3341">
    <p class='ocr_par' dir='ltr' id='par_1_77' title="bbox 2077 3271 3646 3341">
     <span class='ocr_line' id='line_1_77' title="bbox 2077 3271 3646 3341; baseline 0.005 -17"><span class='ocrx_word' id='word_1_620' title='bbox 2077 3271 2389 3325; x_wconf 82' lang='lat' dir='ltr'><strong>caunahitn.</strong></span> <span class='ocrx_word' id='word_1_621' title='bbox 2450 3271 2515 3325; x_wconf 71' lang='lat' dir='ltr'><strong>lit</strong></span> <span class='ocrx_word' id='word_1_622' title='bbox 2545 3272 2775 3341; x_wconf 70' lang='lat' dir='ltr'><strong>praecepi</strong></span> <span class='ocrx_word' id='word_1_623' title='bbox 2810 3282 2868 3327; x_wconf 90' lang='lat' dir='ltr'><strong>ut</strong></span> <span class='ocrx_word' id='word_1_624' title='bbox 2907 3272 3276 3329; x_wconf 83' lang='lat' dir='ltr'><strong>adduceretur</strong></span> <span class='ocrx_word' id='word_1_625' title='bbox 3310 3276 3441 3331; x_wconf 89' lang='lat' dir='ltr'><strong>mihi</strong></span> <span class='ocrx_word' id='word_1_626' title='bbox 3498 3278 3646 3332; x_wconf 89' lang='lat' dir='ltr'><strong>aliud</strong></span> 
     </span>
    </p>
   </div>
   <div class='ocr_carea' id='block_1_78' title="bbox 2078 3364 3648 3438">
    <p class='ocr_par' dir='ltr' id='par_1_78' title="bbox 2078 3364 3648 3438">
     <span class='ocr_line' id='line_1_78' title="bbox 2078 3364 3648 3438; baseline 0.004 -20"><span class='ocrx_word' id='word_1_627' title='bbox 2078 3364 2429 3428; x_wconf 63' lang='lat' dir='ltr'><strong>daemonium,</strong></span> <span class='ocrx_word' id='word_1_628' title='bbox 2471 3374 2525 3417; x_wconf 91' lang='lat' dir='ltr'><strong>et</strong></span> <span class='ocrx_word' id='word_1_629' title='bbox 2574 3365 2827 3432; x_wconf 84' lang='lat' dir='ltr'><strong>protinus</strong></span> <span class='ocrx_word' id='word_1_630' title='bbox 2868 3366 2933 3418; x_wconf 87' lang='lat' dir='ltr'><strong>ad</strong></span> <span class='ocrx_word' id='word_1_631' title='bbox 2972 3381 3057 3420; x_wconf 92' lang='lat' dir='ltr'><strong>me</strong></span> <span class='ocrx_word' id='word_1_632' title='bbox 3093 3369 3380 3438; x_wconf 85' lang='lat' dir='ltr'><strong>ingressus</strong></span> <span class='ocrx_word' id='word_1_633' title='bbox 3417 3377 3505 3424; x_wconf 86' lang='lat' dir='ltr'><strong>est</strong></span> <span class='ocrx_word' id='word_1_634' title='bbox 3537 3370 3648 3424; x_wconf 71' lang='lat' dir='ltr'><strong>dte-</strong></span> 
     </span>
    </p>
   </div>
   <div class='ocr_carea' id='block_1_79' title="bbox 2080 3457 3646 3530">
    <p class='ocr_par' dir='ltr' id='par_1_79' title="bbox 2080 3457 3646 3530">
     <span class='ocr_line' id='line_1_79' title="bbox 2080 3457 3646 3530; baseline 0.005 -20"><span class='ocrx_word' id='word_1_635' title='bbox 2080 3471 2204 3510; x_wconf 89' lang='lat' dir='ltr'><strong>mon</strong></span> <span class='ocrx_word' id='word_1_636' title='bbox 2262 3457 2580 3511; x_wconf 77' lang='lat' dir='ltr'><strong>Asmodaeus</strong></span> <span class='ocrx_word' id='word_1_637' title='bbox 2614 3457 2849 3525; x_wconf 87' lang='lat' dir='ltr'><strong>vinctus,</strong></span> <span class='ocrx_word' id='word_1_638' title='bbox 2879 3458 3290 3530; x_wconf 84' lang='lat' dir='ltr'><strong>etinterrogavi</strong></span> <span class='ocrx_word' id='word_1_639' title='bbox 3333 3478 3456 3517; x_wconf 87' lang='lat' dir='ltr'><strong>eum</strong></span> <span class='ocrx_word' id='word_1_640' title='bbox 3497 3481 3509 3516; x_wconf 87' lang='lat'><strong>:</strong></span> <span class='ocrx_word' id='word_1_641' title='bbox 3563 3463 3646 3519; x_wconf 83' lang='lat' dir='ltr'><strong>Tu</strong></span> 
     </span>
    </p>
   </div>
   <div class='ocr_carea' id='block_1_80' title="bbox 2078 3548 3646 3623">
    <p class='ocr_par' dir='ltr' id='par_1_80' title="bbox 2078 3548 3646 3623">
     <span class='ocr_line' id='line_1_80' title="bbox 2078 3548 3646 3623; baseline 0.008 -23"><span class='ocrx_word' id='word_1_642' title='bbox 2078 3549 2203 3617; x_wconf 82' lang='lat' dir='ltr'><strong>quis</strong></span> <span class='ocrx_word' id='word_1_643' title='bbox 2259 3548 2358 3602; x_wconf 87' lang='lat' dir='ltr'><strong>es?</strong></span> <span class='ocrx_word' id='word_1_644' title='bbox 2406 3549 2507 3613; x_wconf 85' lang='lat' dir='ltr'><strong>Qui</strong></span> <span class='ocrx_word' id='word_1_645' title='bbox 2567 3564 2690 3602; x_wconf 92' lang='lat' dir='ltr'><strong>cum</strong></span> <span class='ocrx_word' id='word_1_646' title='bbox 2729 3549 2822 3618; x_wconf 70' lang='lat' dir='ltr'><strong>[ira</strong></span> <span class='ocrx_word' id='word_1_647' title='bbox 2882 3558 2936 3605; x_wconf 89' lang='lat' dir='ltr'><strong>et</strong></span> <span class='ocrx_word' id='word_1_648' title='bbox 2985 3549 3173 3607; x_wconf 88' lang='lat' dir='ltr'><strong>furore</strong></span> <span class='ocrx_word' id='word_1_649' title='bbox 3225 3555 3498 3622; x_wconf 90' lang='lat' dir='ltr'><strong>aspiciens</strong></span> <span class='ocrx_word' id='word_1_650' title='bbox 3535 3574 3646 3623; x_wconf 90' lang='lat' dir='ltr'><strong>me,</strong></span> 
     </span>
    </p>
   </div>
   <div class='ocr_carea' id='block_1_81' title="bbox 2079 3640 3648 3711">
    <p class='ocr_par' dir='ltr' id='par_1_81' title="bbox 2079 3640 3648 3711">
     <span class='ocr_line' id='line_1_81' title="bbox 2079 3640 3648 3711; baseline 0.008 -18"><span class='ocrx_word' id='word_1_651' title='bbox 2079 3641 2258 3694; x_wconf 80' lang='lat' dir='ltr'><strong>dixit:</strong></span> <span class='ocrx_word' id='word_1_652' title='bbox 2296 3642 2360 3693; x_wconf 67' lang='lat' dir='ltr'><strong>lit</strong></span> <span class='ocrx_word' id='word_1_653' title='bbox 2396 3650 2451 3694; x_wconf 83' lang='lat' dir='ltr'><strong>tu</strong></span> <span class='ocrx_word' id='word_1_654' title='bbox 2499 3642 2624 3711; x_wconf 88' lang='lat' dir='ltr'><strong>quis</strong></span> <span class='ocrx_word' id='word_1_655' title='bbox 2682 3642 2781 3696; x_wconf 86' lang='lat' dir='ltr'><strong>es?</strong></span> <span class='ocrx_word' id='word_1_656' title='bbox 2845 3640 2911 3695; x_wconf 88' lang='lat' dir='ltr'><strong>Et</strong></span> <span class='ocrx_word' id='word_1_657' title='bbox 2954 3643 3068 3698; x_wconf 87' lang='lat' dir='ltr'><strong>dixi</strong></span> <span class='ocrx_word' id='word_1_658' title='bbox 3122 3645 3215 3699; x_wconf 89' lang='lat' dir='ltr'><strong>ei:</strong></span> <span class='ocrx_word' id='word_1_659' title='bbox 3271 3646 3362 3701; x_wconf 92' lang='lat' dir='ltr'><strong>Sic</strong></span> <span class='ocrx_word' id='word_1_660' title='bbox 3416 3661 3648 3705; x_wconf 83' lang='lat' dir='ltr'><strong>vexatus</strong></span> 
     </span>
    </p>
   </div>
   <div class='ocr_carea' id='block_1_82' title="bbox 2081 3734 3647 3807">
    <p class='ocr_par' dir='ltr' id='par_1_82' title="bbox 2081 3734 3647 3807">
     <span class='ocr_line' id='line_1_82' title="bbox 2081 3734 3647 3807; baseline 0.007 -19"><span class='ocrx_word' id='word_1_661' title='bbox 2081 3734 2205 3788; x_wconf 85' lang='lat' dir='ltr'><strong>talia</strong></span> <span class='ocrx_word' id='word_1_662' title='bbox 2258 3734 2560 3804; x_wconf 77' lang='lat' dir='ltr'><strong>respondes</strong></span> <span class='ocrx_word' id='word_1_663' title='bbox 2604 3735 2787 3789; x_wconf 87' lang='lat' dir='ltr'><strong>tnihi?</strong></span> <span class='ocrx_word' id='word_1_664' title='bbox 2842 3734 2944 3801; x_wconf 88' lang='lat' dir='ltr'><strong>Qui</strong></span> <span class='ocrx_word' id='word_1_665' title='bbox 2990 3738 3068 3791; x_wconf 90' lang='lat' dir='ltr'><strong>ira</strong></span> <span class='ocrx_word' id='word_1_666' title='bbox 3119 3740 3358 3807; x_wconf 83' lang='lat' dir='ltr'><strong>percitus</strong></span> <span class='ocrx_word' id='word_1_667' title='bbox 3385 3744 3504 3797; x_wconf 89' lang='lat' dir='ltr'><strong>ait:</strong></span> <span class='ocrx_word' id='word_1_668' title='bbox 3543 3743 3647 3799; x_wconf 80' lang='lat' dir='ltr'><strong>Sed</strong></span> 
     </span>
    </p>
   </div>
   <div class='ocr_carea' id='block_1_83' title="bbox 2080 3826 3648 3897">
    <p class='ocr_par' dir='ltr' id='par_1_83' title="bbox 2080 3826 3648 3897">
     <span class='ocr_line' id='line_1_83' title="bbox 2080 3826 3648 3897; baseline 0.007 -19"><span class='ocrx_word' id='word_1_669' title='bbox 2080 3826 2356 3896; x_wconf 86' lang='lat' dir='ltr'><strong>quomodo</strong></span> <span class='ocrx_word' id='word_1_670' title='bbox 2410 3827 2509 3880; x_wconf 85' lang='lat' dir='ltr'><strong>tibi</strong></span> <span class='ocrx_word' id='word_1_671' title='bbox 2554 3828 2957 3897; x_wconf 86' lang='lat' dir='ltr'><strong>respondeam?</strong></span> <span class='ocrx_word' id='word_1_672' title='bbox 3004 3827 3088 3883; x_wconf 87' lang='lat' dir='ltr'><strong>Tu</strong></span> <span class='ocrx_word' id='word_1_673' title='bbox 3127 3832 3269 3885; x_wconf 86' lang='lat' dir='ltr'><strong>enim</strong></span> <span class='ocrx_word' id='word_1_674' title='bbox 3310 3834 3547 3889; x_wconf 82' lang='lat' dir='ltr'><strong>hominis</strong></span> <span class='ocrx_word' id='word_1_675' title='bbox 3586 3837 3648 3889; x_wconf 85' lang='lat' dir='ltr'><strong>fi-</strong></span> 
     </span>
    </p>
   </div>
   <div class='ocr_carea' id='block_1_84' title="bbox 2078 3919 3645 3995">
    <p class='ocr_par' dir='ltr' id='par_1_84' title="bbox 2078 3919 3645 3995">
     <span class='ocr_line' id='line_1_84' title="bbox 2078 3919 3645 3995; baseline 0.006 -22"><span class='ocrx_word' id='word_1_676' title='bbox 2078 3919 2187 3974; x_wconf 86' lang='lat' dir='ltr'><strong>lius</strong></span> <span class='ocrx_word' id='word_1_677' title='bbox 2237 3933 2333 3984; x_wconf 90' lang='lat' dir='ltr'><strong>es;</strong></span> <span class='ocrx_word' id='word_1_678' title='bbox 2396 3934 2495 3989; x_wconf 77' lang='lat' dir='ltr'><strong>ego</strong></span> <span class='ocrx_word' id='word_1_679' title='bbox 2545 3929 2725 3974; x_wconf 88' lang='lat' dir='ltr'><strong>autem</strong></span> <span class='ocrx_word' id='word_1_680' title='bbox 2775 3922 2954 3991; x_wconf 84' lang='lat' dir='ltr'><strong>angeli</strong></span> <span class='ocrx_word' id='word_1_681' title='bbox 2992 3927 3284 3995; x_wconf 86' lang='lat' dir='ltr'><strong>progenies</strong></span> <span class='ocrx_word' id='word_1_682' title='bbox 3337 3942 3433 3995; x_wconf 89' lang='lat' dir='ltr'><strong>per</strong></span> <span class='ocrx_word' id='word_1_683' title='bbox 3480 3928 3645 3983; x_wconf 79' lang='lat' dir='ltr'><strong>tiliam</strong></span> 
     </span>
    </p>
   </div>
   <div class='ocr_carea' id='block_1_85' title="bbox 2082 4008 3651 4076">
    <p class='ocr_par' dir='ltr' id='par_1_85' title="bbox 2082 4008 3651 4076">
     <span class='ocr_line' id='line_1_85' title="bbox 2082 4008 3651 4076; baseline 0.008 -15"><span class='ocrx_word' id='word_1_684' title='bbox 2082 4008 2321 4064; x_wconf 86' lang='lat' dir='ltr'><strong>hominis</strong></span> <span class='ocrx_word' id='word_1_685' title='bbox 2354 4019 2516 4064; x_wconf 86' lang='lat' dir='ltr'><strong>natus</strong></span> <span class='ocrx_word' id='word_1_686' title='bbox 2546 4026 2706 4076; x_wconf 89' lang='lat' dir='ltr'><strong>sum;</strong></span> <span class='ocrx_word' id='word_1_687' title='bbox 2764 4012 2908 4066; x_wconf 89' lang='lat' dir='ltr'><strong>unde</strong></span> <span class='ocrx_word' id='word_1_688' title='bbox 2969 4013 3181 4067; x_wconf 92' lang='lat' dir='ltr'><strong>nullum</strong></span> <span class='ocrx_word' id='word_1_689' title='bbox 3234 4017 3455 4070; x_wconf 86' lang='lat' dir='ltr'><strong>verbum</strong></span> <span class='ocrx_word' id='word_1_690' title='bbox 3498 4033 3651 4073; x_wconf 75' lang='lat' dir='ltr'><strong>arro-</strong></span> 
     </span>
    </p>
   </div>
   <div class='ocr_carea' id='block_1_86' title="bbox 2080 4102 3648 4176">
    <p class='ocr_par' dir='ltr' id='par_1_86' title="bbox 2080 4102 3648 4176">
     <span class='ocr_line' id='line_1_86' title="bbox 2080 4102 3648 4176; baseline 0.009 -23"><span class='ocrx_word' id='word_1_691' title='bbox 2080 4116 2216 4170; x_wconf 90' lang='lat' dir='ltr'><strong>gans</strong></span> <span class='ocrx_word' id='word_1_692' title='bbox 2250 4102 2493 4157; x_wconf 71' lang='lat' dir='ltr'><strong>cmlestis</strong></span> <span class='ocrx_word' id='word_1_693' title='bbox 2526 4103 2743 4172; x_wconf 83' lang='lat' dir='ltr'><strong>generis</strong></span> <span class='ocrx_word' id='word_1_694' title='bbox 2788 4102 2854 4157; x_wconf 89' lang='lat' dir='ltr'><strong>ad</strong></span> <span class='ocrx_word' id='word_1_695' title='bbox 2898 4105 3236 4174; x_wconf 82' lang='lat' dir='ltr'><strong>terrigenas;</strong></span> <span class='ocrx_word' id='word_1_696' title='bbox 3274 4122 3444 4176; x_wconf 82' lang='lat' dir='ltr'><strong>quare</strong></span> <span class='ocrx_word' id='word_1_697' title='bbox 3493 4110 3648 4167; x_wconf 83' lang='lat' dir='ltr'><strong>sidus</strong></span> 
     </span>
    </p>
   </div>
   <div class='ocr_carea' id='block_1_87' title="bbox 2079 4194 3652 4264">
    <p class='ocr_par' dir='ltr' id='par_1_87' title="bbox 2079 4194 3652 4264">
     <span class='ocr_line' id='line_1_87' title="bbox 2079 4194 3652 4264; baseline 0.008 -17"><span class='ocrx_word' id='word_1_698' title='bbox 2079 4208 2260 4248; x_wconf 87' lang='lat' dir='ltr'><strong>meum</strong></span> <span class='ocrx_word' id='word_1_699' title='bbox 2314 4194 2484 4264; x_wconf 78' lang='lat' dir='ltr'><strong>fulget</strong></span> <span class='ocrx_word' id='word_1_700' title='bbox 2532 4196 2585 4249; x_wconf 91' lang='lat' dir='ltr'><strong>in</strong></span> <span class='ocrx_word' id='word_1_701' title='bbox 2647 4196 2809 4263; x_wconf 66' lang='lat' dir='ltr'><strong>coelo,</strong></span> <span class='ocrx_word' id='word_1_702' title='bbox 2866 4204 2919 4251; x_wconf 90' lang='lat' dir='ltr'><strong>et</strong></span> <span class='ocrx_word' id='word_1_703' title='bbox 2976 4196 3108 4252; x_wconf 85' lang='lat' dir='ltr'><strong>illud</strong></span> <span class='ocrx_word' id='word_1_704' title='bbox 3163 4199 3414 4255; x_wconf 86' lang='lat' dir='ltr'><strong>homines</strong></span> <span class='ocrx_word' id='word_1_705' title='bbox 3456 4216 3652 4259; x_wconf 80' lang='lat' dir='ltr'><strong>vocant</strong></span> 
     </span>
    </p>
   </div>
   <div class='ocr_carea' id='block_1_88' title="bbox 2081 4285 3650 4359">
    <p class='ocr_par' dir='ltr' id='par_1_88' title="bbox 2081 4285 3650 4359">
     <span class='ocr_line' id='line_1_88' title="bbox 2081 4285 3650 4359; baseline 0.008 -18"><span class='ocrx_word' id='word_1_706' title='bbox 2081 4285 2354 4354; x_wconf 88' lang='lat' dir='ltr'><strong>Currum;</strong></span> <span class='ocrx_word' id='word_1_707' title='bbox 2390 4288 2481 4344; x_wconf 89' lang='lat' dir='ltr'><strong>alii</strong></span> <span class='ocrx_word' id='word_1_708' title='bbox 2526 4304 2658 4344; x_wconf 89' lang='lat' dir='ltr'><strong>vero</strong></span> <span class='ocrx_word' id='word_1_709' title='bbox 2697 4290 2963 4346; x_wconf 84' lang='lat' dir='ltr'><strong>Draconis</strong></span> <span class='ocrx_word' id='word_1_710' title='bbox 3010 4291 3221 4359; x_wconf 84' lang='lat' dir='ltr'><strong>ﬁlium;</strong></span> <span class='ocrx_word' id='word_1_711' title='bbox 3278 4293 3650 4354; x_wconf 87' lang='lat' dir='ltr'><strong>familiaritate</strong></span> 
     </span>
    </p>
   </div>
   <div class='ocr_carea' id='block_1_89' title="bbox 2080 4381 3652 4451">
    <p class='ocr_par' dir='ltr' id='par_1_89' title="bbox 2080 4381 3652 4451">
     <span class='ocr_line' id='line_1_89' title="bbox 2080 4381 3652 4451; baseline 0.01 -19"><span class='ocrx_word' id='word_1_712' title='bbox 2080 4388 2206 4432; x_wconf 91' lang='lat' dir='ltr'><strong>utor</strong></span> <span class='ocrx_word' id='word_1_713' title='bbox 2257 4394 2381 4432; x_wconf 86' lang='lat' dir='ltr'><strong>cum</strong></span> <span class='ocrx_word' id='word_1_714' title='bbox 2412 4381 2595 4436; x_wconf 83' lang='lat' dir='ltr'><strong>sidere</strong></span> <span class='ocrx_word' id='word_1_715' title='bbox 2625 4382 2784 4451; x_wconf 82' lang='lat' dir='ltr'><strong>ejus;</strong></span> <span class='ocrx_word' id='word_1_716' title='bbox 2855 4393 2907 4438; x_wconf 90' lang='lat' dir='ltr'><strong>et</strong></span> <span class='ocrx_word' id='word_1_717' title='bbox 2943 4385 3111 4438; x_wconf 88' lang='lat' dir='ltr'><strong>multa</strong></span> <span class='ocrx_word' id='word_1_718' title='bbox 3163 4400 3232 4440; x_wconf 91' lang='lat' dir='ltr'><strong>ne</strong></span> <span class='ocrx_word' id='word_1_719' title='bbox 3285 4403 3371 4442; x_wconf 90' lang='lat' dir='ltr'><strong>me</strong></span> <span class='ocrx_word' id='word_1_720' title='bbox 3420 4390 3652 4446; x_wconf 87' lang='lat' dir='ltr'><strong>interro-</strong></span> 
     </span>
    </p>
   </div>
   <div class='ocr_carea' id='block_1_90' title="bbox 407 4464 2154 4567">
    <p class='ocr_par' dir='ltr' id='par_1_90' title="bbox 407 4464 2154 4567">
     <span class='ocr_line' id='line_1_90' title="bbox 407 4464 2154 4567; baseline 0.002 -50"><span class='ocrx_word' id='word_1_721' title='bbox 407 4465 542 4535; x_wconf 78' lang='grc' dir='ltr'>πρὸς</span> <span class='ocrx_word' id='word_1_722' title='bbox 566 4465 789 4534; x_wconf 74' lang='grc' dir='ltr'>χρόνους</span> <span class='ocrx_word' id='word_1_723' title='bbox 821 4467 1051 4533; x_wconf 73' lang='grc' dir='ltr'>μικροὺς</span> <span class='ocrx_word' id='word_1_724' title='bbox 1101 4464 1518 4534; x_wconf 78' lang='grc' dir='ltr'>διαρρήγνυται.</span> <span class='ocrx_word' id='word_1_725' title='bbox 1562 4467 1656 4520; x_wconf 76' lang='grc' dir='ltr'><strong>καὶ</strong></span> <span class='ocrx_word' id='word_1_726' title='bbox 1707 4467 1975 4539; x_wconf 82' lang='grc' dir='ltr'>πρόσκαι-</span> <span class='ocrx_word' id='word_1_727' title='bbox 2010 4510 2052 4567; x_wconf 79' lang='lat' dir='ltr'><strong>D</strong></span> <span class='ocrx_word' id='word_1_728' title='bbox 2082 4482 2154 4540; x_wconf 89' lang='lat' dir='ltr'><strong>ge:</strong></span> 
     </span>
    </p>
   </div>
   <div class='ocr_carea' id='block_1_91' title="bbox 1902 4464 3649 4567">
    <p class='ocr_par' dir='ltr' id='par_1_91' title="bbox 1902 4469 3649 4567">
     <span class='ocr_line' id='line_1_91' title="bbox 1902 4469 3649 4567; baseline 0.006 -43"><span class='ocrx_word' id='word_1_729' title='bbox 1902 4487 1975 4524; x_wconf 84' lang='lat' dir='ltr'><strong>:tt-</strong></span> <span class='ocrx_word' id='word_1_730' title='bbox 2010 4510 2052 4567; x_wconf 67' lang='grc' dir='ltr'><strong>υ</strong></span> <span class='ocrx_word' id='word_1_731' title='bbox 2082 4482 2198 4540; x_wconf 85' lang='lat' dir='ltr'><strong>ges,</strong></span> <span class='ocrx_word' id='word_1_732' title='bbox 2229 4469 2355 4539; x_wconf 92' lang='lat' dir='ltr'><strong>quia</strong></span> <span class='ocrx_word' id='word_1_733' title='bbox 2386 4485 2614 4541; x_wconf 85' lang='lat' dir='ltr'><strong>regnum</strong></span> <span class='ocrx_word' id='word_1_734' title='bbox 2652 4481 2803 4526; x_wconf 88' lang='lat' dir='ltr'><strong>tuum</strong></span> <span class='ocrx_word' id='word_1_735' title='bbox 2860 4480 2984 4542; x_wconf 85' lang='lat' dir='ltr'><strong>post</strong></span> <span class='ocrx_word' id='word_1_736' title='bbox 3037 4483 3248 4544; x_wconf 88' lang='lat' dir='ltr'><strong>tempus</strong></span> <span class='ocrx_word' id='word_1_737' title='bbox 3297 4477 3461 4533; x_wconf 86' lang='lat' dir='ltr'><strong>breve</strong></span> <span class='ocrx_word' id='word_1_738' title='bbox 3516 4496 3649 4535; x_wconf 84' lang='lat' dir='ltr'><strong>con-</strong></span> 
     </span>
    </p>
   </div>
   <div class='ocr_carea' id='block_1_92' title="bbox 408 4554 1972 4632">
    <p class='ocr_par' dir='ltr' id='par_1_92' title="bbox 408 4554 1972 4632">
     <span class='ocr_line' id='line_1_92' title="bbox 408 4554 1972 4632; baseline 0.004 -24"><span class='ocrx_word' id='word_1_739' title='bbox 408 4560 499 4630; x_wconf 84' lang='grc' dir='ltr'><strong>ρός</strong></span> <span class='ocrx_word' id='word_1_740' title='bbox 544 4561 692 4609; x_wconf 76' lang='grc' dir='ltr'>ἐστιν</span> <span class='ocrx_word' id='word_1_741' title='bbox 721 4559 753 4626; x_wconf 83' lang='grc' dir='ltr'>ἠ</span> <span class='ocrx_word' id='word_1_742' title='bbox 793 4554 918 4620; x_wconf 78' lang='grc' dir='ltr'>δόξα</span> <span class='ocrx_word' id='word_1_743' title='bbox 945 4572 1037 4609; x_wconf 89' lang='grc' dir='ltr'><strong>σου</strong></span> <span class='ocrx_word' id='word_1_744' title='bbox 1069 4573 1084 4588; x_wconf 86' lang='grc'><strong>⁸</strong></span> <span class='ocrx_word' id='word_1_745' title='bbox 1110 4558 1203 4609; x_wconf 70' lang='grc' dir='ltr'><strong>καὶ</strong></span> <span class='ocrx_word' id='word_1_746' title='bbox 1235 4557 1393 4625; x_wconf 77' lang='grc' dir='ltr'>ὀλίγα</span> <span class='ocrx_word' id='word_1_747' title='bbox 1416 4560 1564 4630; x_wconf 72' lang='grc' dir='ltr'>ἡμᾶς</span> <span class='ocrx_word' id='word_1_748' title='bbox 1593 4563 1972 4632; x_wconf 69' lang='grc' dir='ltr'>τυραννήσας,</span> 
     </span>
    </p>
   </div>
   <div class='ocr_carea' id='block_1_93' title="bbox 407 4647 1976 4720">
    <p class='ocr_par' dir='ltr' id='par_1_93' title="bbox 407 4647 1976 4720">
     <span class='ocr_line' id='line_1_93' title="bbox 407 4647 1976 4720; baseline 0 -14"><span class='ocrx_word' id='word_1_749' title='bbox 407 4654 498 4706; x_wconf 63' lang='grc' dir='ltr'>καὶ</span> <span class='ocrx_word' id='word_1_750' title='bbox 530 4651 694 4704; x_wconf 74' lang='grc' dir='ltr'>πάλιν</span> <span class='ocrx_word' id='word_1_751' title='bbox 712 4648 882 4720; x_wconf 83' lang='grc' dir='ltr'>νομὴν</span> <span class='ocrx_word' id='word_1_752' title='bbox 914 4647 1110 4719; x_wconf 67' lang='grc' dir='ltr'>ἕξομεν</span> <span class='ocrx_word' id='word_1_753' title='bbox 1133 4649 1212 4709; x_wconf 85' lang='grc' dir='ltr'><strong>είς</strong></span> <span class='ocrx_word' id='word_1_754' title='bbox 1241 4648 1342 4717; x_wconf 82' lang='grc' dir='ltr'>τὴν</span> <span class='ocrx_word' id='word_1_755' title='bbox 1364 4647 1768 4720; x_wconf 82' lang='grc' dir='ltr'>ἀνθρωπότητα</span> <span class='ocrx_word' id='word_1_756' title='bbox 1795 4668 1809 4683; x_wconf 87' lang='grc'><strong>⁸</strong></span> <span class='ocrx_word' id='word_1_757' title='bbox 1835 4651 1976 4705; x_wconf 84' lang='grc' dir='ltr'>ὥστε</span> 
     </span>
    </p>
   </div>
   <div class='ocr_carea' id='block_1_94' title="bbox 411 4738 1979 4811">
    <p class='ocr_par' dir='ltr' id='par_1_94' title="bbox 411 4738 1979 4811">
     <span class='ocr_line' id='line_1_94' title="bbox 411 4738 1979 4811; baseline 0 -15"><span class='ocrx_word' id='word_1_758' title='bbox 411 4741 662 4796; x_wconf 76' lang='grc' dir='ltr'>σέὸεσθαι</span> <span class='ocrx_word' id='word_1_759' title='bbox 706 4743 852 4811; x_wconf 74' lang='grc' dir='ltr'>ἡμᾶς</span> <span class='ocrx_word' id='word_1_760' title='bbox 900 4740 974 4803; x_wconf 85' lang='grc' dir='ltr'><strong>ὡς</strong></span> <span class='ocrx_word' id='word_1_761' title='bbox 1030 4738 1183 4801; x_wconf 79' lang='grc' dir='ltr'>θεοὺς</span> <span class='ocrx_word' id='word_1_762' title='bbox 1220 4738 1410 4804; x_wconf 78' lang='grc' dir='ltr'>ὄντας,</span> <span class='ocrx_word' id='word_1_763' title='bbox 1464 4740 1537 4810; x_wconf 82' lang='grc' dir='ltr'>μὴ</span> <span class='ocrx_word' id='word_1_764' title='bbox 1603 4742 1979 4807; x_wconf 85' lang='grc' dir='ltr'>γινωσκόντων</span> 
     </span>
    </p>
   </div>
   <div class='ocr_carea' id='block_1_95' title="bbox 408 4830 1980 4905">
    <p class='ocr_par' dir='ltr' id='par_1_95' title="bbox 408 4830 1980 4905">
     <span class='ocr_line' id='line_1_95' title="bbox 408 4830 1980 4905; baseline -0.001 -17"><span class='ocrx_word' id='word_1_765' title='bbox 408 4836 515 4888; x_wconf 84' lang='grc' dir='ltr'>τῶν</span> <span class='ocrx_word' id='word_1_766' title='bbox 544 4833 849 4902; x_wconf 80' lang='grc' dir='ltr'>ἀνθρώπων</span> <span class='ocrx_word' id='word_1_767' title='bbox 892 4832 959 4884; x_wconf 70' lang='grc' dir='ltr'>τὰ</span> <span class='ocrx_word' id='word_1_768' title='bbox 985 4830 1223 4901; x_wconf 84' lang='grc' dir='ltr'>ὀνόματα</span> <span class='ocrx_word' id='word_1_769' title='bbox 1255 4831 1362 4884; x_wconf 85' lang='grc' dir='ltr'>τῶν</span> <span class='ocrx_word' id='word_1_770' title='bbox 1390 4832 1512 4887; x_wconf 84' lang='grc' dir='ltr'>καθ’</span> <span class='ocrx_word' id='word_1_771' title='bbox 1540 4833 1687 4905; x_wconf 75' lang='grc' dir='ltr'>ἡμᾶς</span> <span class='ocrx_word' id='word_1_772' title='bbox 1713 4835 1980 4905; x_wconf 85' lang='grc' dir='ltr'>τεταγμέ-</span> 
     </span>
    </p>
   </div>
   <div class='ocr_carea' id='block_1_96' title="bbox 420 4931 1519 4999">
    <p class='ocr_par' dir='ltr' id='par_1_96' title="bbox 420 4931 1519 4999">
     <span class='ocr_line' id='line_1_96' title="bbox 420 4931 1519 4999; baseline -0.004 -11"><span class='ocrx_word' id='word_1_773' title='bbox 420 4951 516 4988; x_wconf 69' lang='grc' dir='ltr'><strong>ρων</strong></span> <span class='ocrx_word' id='word_1_774' title='bbox 542 4931 809 4999; x_wconf 75' lang='grc' dir='ltr'>ἀγγέλων.</span> <span class='ocrx_word' id='word_1_775' title='bbox 1515 4941 1519 4945; x_wconf 82' lang='grc'><em>”</em></span> 
     </span>
    </p>
   </div>
   <div class='ocr_carea' id='block_1_97' title="bbox 484 5018 1983 5092">
    <p class='ocr_par' dir='ltr' id='par_1_97' title="bbox 484 5018 1983 5092">
     <span class='ocr_line' id='line_1_97' title="bbox 484 5018 1983 5092; baseline -0.003 -15"><span class='ocrx_word' id='word_1_776' title='bbox 484 5022 629 5091; x_wconf 85' lang='grc' dir='ltr'><strong>Ἐγὼ</strong></span> <span class='ocrx_word' id='word_1_777' title='bbox 658 5023 714 5075; x_wconf 83' lang='grc' dir='ltr'>δὲ</span> <span class='ocrx_word' id='word_1_778' title='bbox 741 5019 1014 5092; x_wconf 84' lang='grc' dir='ltr'>Σολομῶν,</span> <span class='ocrx_word' id='word_1_779' title='bbox 1040 5018 1209 5072; x_wconf 81' lang='grc' dir='ltr'>ταῦτα</span> <span class='ocrx_word' id='word_1_780' title='bbox 1255 5019 1514 5085; x_wconf 79' lang='grc' dir='ltr'>ἀκούσας,</span> <span class='ocrx_word' id='word_1_781' title='bbox 1560 5021 1983 5092; x_wconf 68' lang='grc' dir='ltr'>ἐπιμελέστερον</span> 
     </span>
    </p>
   </div>
   <div class='ocr_carea' id='block_1_98' title="bbox 412 5112 1979 5185">
    <p class='ocr_par' dir='ltr' id='par_1_98' title="bbox 412 5112 1979 5185">
     <span class='ocr_line' id='line_1_98' title="bbox 412 5112 1979 5185; baseline -0.003 -16"><span class='ocrx_word' id='word_1_782' title='bbox 412 5115 699 5181; x_wconf 73' lang='grc' dir='ltr'>ὃεσμώσας</span> <span class='ocrx_word' id='word_1_783' title='bbox 727 5113 890 5166; x_wconf 79' lang='grc' dir='ltr'>αὑτὸν</span> <span class='ocrx_word' id='word_1_784' title='bbox 914 5112 1175 5165; x_wconf 77' lang='grc' dir='ltr'>ἐκέλευσα</span> <span class='ocrx_word' id='word_1_785' title='bbox 1232 5112 1595 5183; x_wconf 75' lang='grc' dir='ltr'>μαστίξεσθαι</span> <span class='ocrx_word' id='word_1_786' title='bbox 1647 5112 1979 5185; x_wconf 83' lang='grc' dir='ltr'>βουνεύροις,</span> 
     </span>
    </p>
   </div>
   <div class='ocr_carea' id='block_1_99' title="bbox 416 5202 1985 5274">
    <p class='ocr_par' dir='ltr' id='par_1_99' title="bbox 416 5202 1985 5274">
     <span class='ocr_line' id='line_1_99' title="bbox 416 5202 1985 5274; baseline -0.002 -15"><span class='ocrx_word' id='word_1_787' title='bbox 416 5206 511 5260; x_wconf 77' lang='grc' dir='ltr'>καὶ</span> <span class='ocrx_word' id='word_1_788' title='bbox 541 5202 928 5271; x_wconf 84' lang='grc' dir='ltr'>ἀπολογεῖσθαι</span> <span class='ocrx_word' id='word_1_789' title='bbox 965 5203 1051 5266; x_wconf 86' lang='grc' dir='ltr'><strong>τίς</strong></span> <span class='ocrx_word' id='word_1_790' title='bbox 1085 5202 1331 5257; x_wconf 84' lang='grc' dir='ltr'>καλεῖται</span> <span class='ocrx_word' id='word_1_791' title='bbox 1359 5203 1455 5256; x_wconf 73' lang='grc' dir='ltr'>καὶ</span> <span class='ocrx_word' id='word_1_792' title='bbox 1509 5202 1594 5266; x_wconf 86' lang='grc' dir='ltr'><strong>τίς</strong></span> <span class='ocrx_word' id='word_1_793' title='bbox 1647 5204 1680 5273; x_wconf 86' lang='grc' dir='ltr'>ή</span> <span class='ocrx_word' id='word_1_794' title='bbox 1749 5202 1985 5274; x_wconf 73' lang='grc' dir='ltr'>ἐργασία</span> 
     </span>
    </p>
   </div>
   <div class='ocr_carea' id='block_1_100' title="bbox 416 5294 1982 5365">
    <p class='ocr_par' dir='ltr' id='par_1_100' title="bbox 416 5294 1982 5365">
     <span class='ocr_line' id='line_1_100' title="bbox 416 5294 1982 5365; baseline -0.003 -13"><span class='ocrx_word' id='word_1_795' title='bbox 416 5296 606 5353; x_wconf 82' lang='grc' dir='ltr'>αὐτοῦ.</span> <span class='ocrx_word' id='word_1_796' title='bbox 657 5298 718 5347; x_wconf 88' lang='lat'><strong>&#39;0</strong></span> <span class='ocrx_word' id='word_1_797' title='bbox 748 5295 804 5347; x_wconf 79' lang='grc' dir='ltr'>δὲ</span> <span class='ocrx_word' id='word_1_798' title='bbox 836 5294 939 5364; x_wconf 81' lang='grc' dir='ltr'>ἔφη</span> <span class='ocrx_word' id='word_1_799' title='bbox 983 5310 1094 5364; x_wconf 88' lang='grc' dir='ltr'>μοι,</span> <span class='ocrx_word' id='word_1_800' title='bbox 1152 5294 1295 5363; x_wconf 85' lang='grc' dir='ltr'><strong>Ἐγὼ</strong></span> <span class='ocrx_word' id='word_1_801' title='bbox 1335 5294 1653 5363; x_wconf 83' lang='grc' dir='ltr'>Ἀσμοδαῖος</span> <span class='ocrx_word' id='word_1_802' title='bbox 1709 5294 1982 5365; x_wconf 83' lang='grc' dir='ltr'>καλοῦμαι</span> 
     </span>
    </p>
   </div>
   <div class='ocr_carea' id='block_1_101' title="bbox 415 5386 1982 5462">
    <p class='ocr_par' dir='ltr' id='par_1_101' title="bbox 415 5386 1982 5462">
     <span class='ocr_line' id='line_1_101' title="bbox 415 5386 1982 5462; baseline -0.002 -18"><span class='ocrx_word' id='word_1_803' title='bbox 415 5391 570 5462; x_wconf 71' lang='grc' dir='ltr'>παρὰ</span> <span class='ocrx_word' id='word_1_804' title='bbox 610 5389 821 5460; x_wconf 82' lang='grc' dir='ltr'>βροτοῖς</span> <span class='ocrx_word' id='word_1_805' title='bbox 856 5403 871 5419; x_wconf 91' lang='grc'><strong>⁸</strong></span> <span class='ocrx_word' id='word_1_806' title='bbox 928 5386 1089 5457; x_wconf 78' lang='grc' dir='ltr'>καὶὴ</span> <span class='ocrx_word' id='word_1_807' title='bbox 1138 5386 1368 5457; x_wconf 70' lang='grc' dir='ltr'>ἱργασία</span> <span class='ocrx_word' id='word_1_808' title='bbox 1417 5404 1518 5456; x_wconf 87' lang='grc' dir='ltr'><strong>μου</strong></span> <span class='ocrx_word' id='word_1_809' title='bbox 1568 5386 1685 5439; x_wconf 67' lang='grc' dir='ltr'>ἐστὶ</span> <span class='ocrx_word' id='word_1_810' title='bbox 1733 5388 1796 5440; x_wconf 79' lang='grc' dir='ltr'>τὸ</span> <span class='ocrx_word' id='word_1_811' title='bbox 1856 5390 1982 5452; x_wconf 82' lang='grc' dir='ltr'>τοὺς</span> 
     </span>
    </p>
   </div>
   <div class='ocr_carea' id='block_1_102' title="bbox 414 5478 1983 5554">
    <p class='ocr_par' dir='ltr' id='par_1_102' title="bbox 414 5478 1983 5554">
     <span class='ocr_line' id='line_1_102' title="bbox 414 5478 1983 5554; baseline -0.003 -15"><span class='ocrx_word' id='word_1_812' title='bbox 414 5482 751 5554; x_wconf 76' lang='grc' dir='ltr'>νεονύμφους</span> <span class='ocrx_word' id='word_1_813' title='bbox 776 5478 1146 5536; x_wconf 74' lang='grc' dir='ltr'>ὶπισουλεύειν</span> <span class='ocrx_word' id='word_1_814' title='bbox 1172 5479 1248 5551; x_wconf 80' lang='grc' dir='ltr'>μὴ</span> <span class='ocrx_word' id='word_1_815' title='bbox 1282 5479 1644 5551; x_wconf 84' lang='grc' dir='ltr'>συμμιγῆναι,</span> <span class='ocrx_word' id='word_1_816' title='bbox 1699 5481 1789 5532; x_wconf 75' lang='grc' dir='ltr'>καὶ</span> <span class='ocrx_word' id='word_1_817' title='bbox 1849 5497 1983 5535; x_wconf 84' lang='grc' dir='ltr'>παν-</span> 
     </span>
    </p>
   </div>
   <div class='ocr_carea' id='block_1_103' title="bbox 414 5571 1984 5645">
    <p class='ocr_par' dir='ltr' id='par_1_103' title="bbox 414 5571 1984 5645">
     <span class='ocr_line' id='line_1_103' title="bbox 414 5571 1984 5645; baseline -0.004 -15"><span class='ocrx_word' id='word_1_818' title='bbox 414 5575 586 5638; x_wconf 85' lang='grc' dir='ltr'>τελῶς</span> <span class='ocrx_word' id='word_1_819' title='bbox 609 5575 935 5645; x_wconf 73' lang='grc' dir='ltr'>ἀποχωρίζω</span> <span class='ocrx_word' id='word_1_820' title='bbox 964 5573 1053 5627; x_wconf 80' lang='grc' dir='ltr'>διὰ</span> <span class='ocrx_word' id='word_1_821' title='bbox 1084 5573 1294 5627; x_wconf 83' lang='grc' dir='ltr'>πολλῶν</span> <span class='ocrx_word' id='word_1_822' title='bbox 1329 5571 1645 5643; x_wconf 83' lang='grc' dir='ltr'>συμφορῶν,</span> <span class='ocrx_word' id='word_1_823' title='bbox 1676 5572 1770 5625; x_wconf 73' lang='grc' dir='ltr'>καὶ</span> <span class='ocrx_word' id='word_1_824' title='bbox 1792 5588 1984 5637; x_wconf 88' lang='grc' dir='ltr'>γυναι-</span> 
     </span>
    </p>
   </div>
   <div class='ocr_carea' id='block_1_104' title="bbox 416 5661 1982 5736">
    <p class='ocr_par' dir='ltr' id='par_1_104' title="bbox 416 5661 1982 5736">
     <span class='ocr_line' id='line_1_104' title="bbox 416 5661 1982 5736; baseline -0.002 -15"><span class='ocrx_word' id='word_1_825' title='bbox 416 5667 529 5722; x_wconf 80' lang='grc' dir='ltr'><strong>κῶν</strong></span> <span class='ocrx_word' id='word_1_826' title='bbox 552 5664 838 5736; x_wconf 75' lang='grc' dir='ltr'>παρθένων</span> <span class='ocrx_word' id='word_1_827' title='bbox 868 5664 1061 5729; x_wconf 82' lang='grc' dir='ltr'>κάλλος</span> <span class='ocrx_word' id='word_1_828' title='bbox 1094 5664 1361 5734; x_wconf 73' lang='grc' dir='ltr'>ἀφανίζει),</span> <span class='ocrx_word' id='word_1_829' title='bbox 1385 5664 1481 5719; x_wconf 81' lang='grc' dir='ltr'>καὶ</span> <span class='ocrx_word' id='word_1_830' title='bbox 1500 5661 1731 5735; x_wconf 79' lang='grc' dir='ltr'>καρδίας</span> <span class='ocrx_word' id='word_1_831' title='bbox 1762 5662 1982 5718; x_wconf 81' lang='grc' dir='ltr'>ἀλλοιῶ.</span> 
     </span>
    </p>
   </div>
   <div class='ocr_carea' id='block_1_105' title="bbox 422 5756 1985 5831">
    <p class='ocr_par' dir='ltr' id='par_1_105' title="bbox 422 5756 1985 5831">
     <span class='ocr_line' id='line_1_105' title="bbox 422 5756 1985 5831; baseline -0.002 -18"><span class='ocrx_word' id='word_1_832' title='bbox 422 5760 600 5831; x_wconf 80' lang='grc' dir='ltr'>Ἐφην</span> <span class='ocrx_word' id='word_1_833' title='bbox 636 5759 676 5813; x_wconf 78' lang='grc' dir='ltr'>δ’</span> <span class='ocrx_word' id='word_1_834' title='bbox 725 5756 834 5825; x_wconf 80' lang='grc' dir='ltr'><strong>ἐγὼ</strong></span> <span class='ocrx_word' id='word_1_835' title='bbox 892 5757 1038 5828; x_wconf 83' lang='grc' dir='ltr'>αὐτῷ</span> <span class='ocrx_word' id='word_1_836' title='bbox 1068 5774 1081 5790; x_wconf 87' lang='grc'><strong>⁸</strong></span> <span class='ocrx_word' id='word_1_837' title='bbox 1119 5758 1270 5828; x_wconf 88' lang='grc' dir='ltr'>Μόνη</span> <span class='ocrx_word' id='word_1_838' title='bbox 1325 5773 1417 5815; x_wconf 83' lang='grc' dir='ltr'><strong>σου</strong></span> <span class='ocrx_word' id='word_1_839' title='bbox 1461 5760 1492 5827; x_wconf 82' lang='grc' dir='ltr'><strong>ἡ</strong></span> <span class='ocrx_word' id='word_1_840' title='bbox 1551 5756 1781 5829; x_wconf 73' lang='grc' dir='ltr'>ἐργασία</span> <span class='ocrx_word' id='word_1_841' title='bbox 1838 5756 1985 5810; x_wconf 78' lang='grc' dir='ltr'>εστιν</span> 
     </span>
    </p>
   </div>
   <div class='ocr_carea' id='block_1_106' title="bbox 417 5846 1983 5923">
    <p class='ocr_par' dir='ltr' id='par_1_106' title="bbox 417 5846 1983 5923">
     <span class='ocr_line' id='line_1_106' title="bbox 417 5846 1983 5923; baseline -0.01 -19"><span class='ocrx_word' id='word_1_842' title='bbox 417 5851 556 5923; x_wconf 66' lang='grc' dir='ltr'>αὕτη</span> <span class='ocrx_word' id='word_1_843' title='bbox 580 5868 595 5917; x_wconf 86' lang='lat'><strong>;</strong></span> <span class='ocrx_word' id='word_1_844' title='bbox 621 5852 648 5903; x_wconf 82' lang='grc' dir='ltr'><strong>ό</strong></span> <span class='ocrx_word' id='word_1_845' title='bbox 675 5850 729 5904; x_wconf 76' lang='grc' dir='ltr'>δὲ</span> <span class='ocrx_word' id='word_1_846' title='bbox 762 5850 906 5917; x_wconf 74' lang='grc' dir='ltr'>λέγει</span> <span class='ocrx_word' id='word_1_847' title='bbox 943 5865 1053 5920; x_wconf 76' lang='grc' dir='ltr'>μοι’</span> <span class='ocrx_word' id='word_1_848' title='bbox 1089 5848 1379 5920; x_wconf 75' lang='grc' dir='ltr'>Περιφέρω</span> <span class='ocrx_word' id='word_1_849' title='bbox 1401 5848 1721 5920; x_wconf 81' lang='grc' dir='ltr'>ἀνθρώπους</span> <span class='ocrx_word' id='word_1_850' title='bbox 1751 5849 1829 5911; x_wconf 73' lang='grc' dir='ltr'><strong>εις</strong></span> <span class='ocrx_word' id='word_1_851' title='bbox 1857 5846 1983 5902; x_wconf 82' lang='grc' dir='ltr'><strong>λύσ.</strong></span> 
     </span>
    </p>
   </div>
   <div class='ocr_carea' id='block_1_107' title="bbox 736 5946 1462 6009">
    <p class='ocr_par' dir='ltr' id='par_1_107' title="bbox 736 5946 1462 6009">
     <span class='ocr_line' id='line_1_107' title="bbox 736 5946 1462 6009; baseline 0.004 -2"><span class='ocrx_word' id='word_1_852' title='bbox 736 5947 1003 6008; x_wconf 62' lang='lat' dir='ltr'><strong>Parum.</strong></span> <span class='ocrx_word' id='word_1_853' title='bbox 1053 5946 1168 6007; x_wconf 81' lang='lat' dir='ltr'><strong>Gn.</strong></span> <span class='ocrx_word' id='word_1_854' title='bbox 1221 5946 1462 6009; x_wconf 79' lang='lat' dir='ltr'><strong>CXXII.</strong></span> 
     </span>
    </p>
   </div>
   <div class='ocr_carea' id='block_1_108' title="bbox 2085 4562 3649 4633">
    <p class='ocr_par' dir='ltr' id='par_1_108' title="bbox 2085 4562 3649 4633">
     <span class='ocr_line' id='line_1_108' title="bbox 2085 4562 3649 4633; baseline 0.008 -19"><span class='ocrx_word' id='word_1_855' title='bbox 2085 4571 2312 4628; x_wconf 86' lang='lat' dir='ltr'><strong>teretur,</strong></span> <span class='ocrx_word' id='word_1_856' title='bbox 2346 4572 2399 4617; x_wconf 92' lang='lat' dir='ltr'><strong>et</strong></span> <span class='ocrx_word' id='word_1_857' title='bbox 2431 4562 2744 4631; x_wconf 85' lang='lat' dir='ltr'><strong>temporalis</strong></span> <span class='ocrx_word' id='word_1_858' title='bbox 2776 4572 2858 4619; x_wconf 70' lang='grc' dir='ltr'><strong>ρει</strong></span> <span class='ocrx_word' id='word_1_859' title='bbox 2891 4563 3063 4633; x_wconf 84' lang='lat' dir='ltr'><strong>gloria</strong></span> <span class='ocrx_word' id='word_1_860' title='bbox 3088 4575 3217 4631; x_wconf 88' lang='lat' dir='ltr'><strong>tua;</strong></span> <span class='ocrx_word' id='word_1_861' title='bbox 3274 4577 3328 4621; x_wconf 89' lang='lat' dir='ltr'><strong>et</strong></span> <span class='ocrx_word' id='word_1_862' title='bbox 3377 4570 3649 4627; x_wconf 88' lang='lat' dir='ltr'><strong>modicum</strong></span> 
     </span>
    </p>
   </div>
   <div class='ocr_carea' id='block_1_109' title="bbox 2088 4657 3653 4725">
    <p class='ocr_par' dir='ltr' id='par_1_109' title="bbox 2088 4657 3653 4725">
     <span class='ocr_line' id='line_1_109' title="bbox 2088 4657 3653 4725; baseline 0.008 -19"><span class='ocrx_word' id='word_1_863' title='bbox 2088 4665 2189 4707; x_wconf 91' lang='lat' dir='ltr'><strong>nos</strong></span> <span class='ocrx_word' id='word_1_864' title='bbox 2220 4668 2373 4721; x_wconf 89' lang='lat' dir='ltr'><strong>reges</strong></span> <span class='ocrx_word' id='word_1_865' title='bbox 2397 4663 2445 4706; x_wconf 91' lang='lat' dir='ltr'><strong>et</strong></span> <span class='ocrx_word' id='word_1_866' title='bbox 2482 4669 2704 4709; x_wconf 90' lang='lat' dir='ltr'><strong>rursum</strong></span> <span class='ocrx_word' id='word_1_867' title='bbox 2735 4663 3065 4725; x_wconf 85' lang='lat' dir='ltr'><strong>potestatem</strong></span> <span class='ocrx_word' id='word_1_868' title='bbox 3101 4657 3424 4717; x_wconf 88' lang='lat' dir='ltr'><strong>habebimus</strong></span> <span class='ocrx_word' id='word_1_869' title='bbox 3469 4664 3520 4717; x_wconf 92' lang='lat' dir='ltr'><strong>in</strong></span> <span class='ocrx_word' id='word_1_870' title='bbox 3548 4664 3653 4720; x_wconf 72' lang='lat' dir='ltr'><strong>hu-</strong></span> 
     </span>
    </p>
   </div>
   <div class='ocr_carea' id='block_1_110' title="bbox 2088 4746 3649 4825">
    <p class='ocr_par' dir='ltr' id='par_1_110' title="bbox 2088 4746 3649 4825">
     <span class='ocr_line' id='line_1_110' title="bbox 2088 4746 3649 4825; baseline 0.008 -26"><span class='ocrx_word' id='word_1_871' title='bbox 2088 4759 2309 4799; x_wconf 88' lang='lat' dir='ltr'><strong>manum</strong></span> <span class='ocrx_word' id='word_1_872' title='bbox 2338 4760 2533 4815; x_wconf 85' lang='lat' dir='ltr'><strong>genus,</strong></span> <span class='ocrx_word' id='word_1_873' title='bbox 2572 4746 2707 4801; x_wconf 89' lang='lat' dir='ltr'><strong>adeo</strong></span> <span class='ocrx_word' id='word_1_874' title='bbox 2757 4754 2815 4801; x_wconf 89' lang='lat' dir='ltr'><strong>ut</strong></span> <span class='ocrx_word' id='word_1_875' title='bbox 2865 4761 2965 4802; x_wconf 84' lang='lat' dir='ltr'><strong>nos</strong></span> <span class='ocrx_word' id='word_1_876' title='bbox 2999 4758 3347 4806; x_wconf 88' lang='lat' dir='ltr'><strong>venerentur</strong></span> <span class='ocrx_word' id='word_1_877' title='bbox 3400 4765 3456 4808; x_wconf 93' lang='lat' dir='ltr'><strong>ut</strong></span> <span class='ocrx_word' id='word_1_878' title='bbox 3495 4756 3649 4825; x_wconf 90' lang='lat' dir='ltr'><strong>deos,</strong></span> 
     </span>
    </p>
   </div>
   <div class='ocr_carea' id='block_1_111' title="bbox 2087 4839 3650 4911">
    <p class='ocr_par' dir='ltr' id='par_1_111' title="bbox 2087 4839 3650 4911">
     <span class='ocr_line' id='line_1_111' title="bbox 2087 4839 3650 4911; baseline 0.009 -20"><span class='ocrx_word' id='word_1_879' title='bbox 2087 4839 2462 4909; x_wconf 85' lang='lat' dir='ltr'><strong>ignorantibus</strong></span> <span class='ocrx_word' id='word_1_880' title='bbox 2486 4839 2806 4895; x_wconf 81' lang='lat' dir='ltr'><strong>horninibus</strong></span> <span class='ocrx_word' id='word_1_881' title='bbox 2837 4841 3061 4895; x_wconf 89' lang='lat' dir='ltr'><strong>nomina</strong></span> <span class='ocrx_word' id='word_1_882' title='bbox 3091 4844 3513 4911; x_wconf 71' lang='lat' dir='ltr'><strong>praepositorum</strong></span> <span class='ocrx_word' id='word_1_883' title='bbox 3565 4854 3650 4905; x_wconf 84' lang='lat' dir='ltr'><strong>in-</strong></span> 
     </span>
    </p>
   </div>
   <div class='ocr_carea' id='block_1_112' title="bbox 2084 4931 2671 5000">
    <p class='ocr_par' dir='ltr' id='par_1_112' title="bbox 2084 4931 2671 5000">
     <span class='ocr_line' id='line_1_112' title="bbox 2084 4931 2671 5000; baseline 0.002 -16"><span class='ocrx_word' id='word_1_884' title='bbox 2084 4940 2166 4986; x_wconf 90' lang='lat' dir='ltr'><strong>ter</strong></span> <span class='ocrx_word' id='word_1_885' title='bbox 2196 4946 2296 4985; x_wconf 91' lang='lat' dir='ltr'><strong>nos</strong></span> <span class='ocrx_word' id='word_1_886' title='bbox 2332 4931 2671 5000; x_wconf 84' lang='lat' dir='ltr'><strong>angelorum.</strong></span> 
     </span>
    </p>
   </div>
   <div class='ocr_carea' id='block_1_113' title="bbox 2153 5022 3644 5101">
    <p class='ocr_par' dir='ltr' id='par_1_113' title="bbox 2153 5022 3644 5101">
     <span class='ocr_line' id='line_1_113' title="bbox 2153 5022 3644 5101; baseline 0.009 -25"><span class='ocrx_word' id='word_1_887' title='bbox 2153 5022 2263 5089; x_wconf 87' lang='lat' dir='ltr'><strong>Ego</strong></span> <span class='ocrx_word' id='word_1_888' title='bbox 2290 5023 2545 5077; x_wconf 82' lang='lat' dir='ltr'><strong>Salomon</strong></span> <span class='ocrx_word' id='word_1_889' title='bbox 2576 5023 2691 5078; x_wconf 63' lang='lat' dir='ltr'><strong>haec</strong></span> <span class='ocrx_word' id='word_1_890' title='bbox 2714 5024 2966 5089; x_wconf 74' lang='lat' dir='ltr'><strong>andreas,</strong></span> <span class='ocrx_word' id='word_1_891' title='bbox 2995 5030 3304 5083; x_wconf 85' lang='lat' dir='ltr'><strong>accuratius</strong></span> <span class='ocrx_word' id='word_1_892' title='bbox 3333 5031 3479 5086; x_wconf 85' lang='lat' dir='ltr'><strong>vinxi</strong></span> <span class='ocrx_word' id='word_1_893' title='bbox 3498 5049 3644 5101; x_wconf 91' lang='lat' dir='ltr'><strong>eum,</strong></span> 
     </span>
    </p>
   </div>
   <div class='ocr_carea' id='block_1_114' title="bbox 2083 5114 3650 5186">
    <p class='ocr_par' dir='ltr' id='par_1_114' title="bbox 2083 5114 3650 5186">
     <span class='ocr_line' id='line_1_114' title="bbox 2083 5114 3650 5186; baseline 0.008 -17"><span class='ocrx_word' id='word_1_894' title='bbox 2083 5114 2294 5185; x_wconf 89' lang='lat' dir='ltr'><strong>etjussi</strong></span> <span class='ocrx_word' id='word_1_895' title='bbox 2331 5123 2389 5169; x_wconf 91' lang='lat' dir='ltr'><strong>nt</strong></span> <span class='ocrx_word' id='word_1_896' title='bbox 2429 5116 2761 5186; x_wconf 89' lang='lat' dir='ltr'><strong>plecteretur</strong></span> <span class='ocrx_word' id='word_1_897' title='bbox 2801 5118 2987 5173; x_wconf 85' lang='lat' dir='ltr'><strong>nervis</strong></span> <span class='ocrx_word' id='word_1_898' title='bbox 3019 5120 3205 5185; x_wconf 90' lang='lat' dir='ltr'><strong>boum,</strong></span> <span class='ocrx_word' id='word_1_899' title='bbox 3246 5130 3302 5175; x_wconf 89' lang='lat' dir='ltr'><strong>et</strong></span> <span class='ocrx_word' id='word_1_900' title='bbox 3344 5123 3650 5183; x_wconf 83' lang='lat' dir='ltr'><strong>declararet</strong></span> 
     </span>
    </p>
   </div>
   <div class='ocr_carea' id='block_1_115' title="bbox 2084 5208 3649 5285">
    <p class='ocr_par' dir='ltr' id='par_1_115' title="bbox 2084 5208 3649 5285">
     <span class='ocr_line' id='line_1_115' title="bbox 2084 5208 3649 5285; baseline 0.01 -25"><span class='ocrx_word' id='word_1_901' title='bbox 2084 5222 2193 5277; x_wconf 90' lang='lat' dir='ltr'><strong>quo</strong></span> <span class='ocrx_word' id='word_1_902' title='bbox 2216 5208 2436 5263; x_wconf 90' lang='lat' dir='ltr'><strong>nomine</strong></span> <span class='ocrx_word' id='word_1_903' title='bbox 2463 5218 2773 5273; x_wconf 88' lang='lat' dir='ltr'><strong>vocaretur,</strong></span> <span class='ocrx_word' id='word_1_904' title='bbox 2802 5217 2857 5265; x_wconf 91' lang='lat' dir='ltr'><strong>et</strong></span> <span class='ocrx_word' id='word_1_905' title='bbox 2874 5226 2993 5280; x_wconf 80' lang='lat' dir='ltr'><strong>qua:</strong></span> <span class='ocrx_word' id='word_1_906' title='bbox 3015 5222 3159 5268; x_wconf 90' lang='lat' dir='ltr'><strong>esset</strong></span> <span class='ocrx_word' id='word_1_907' title='bbox 3182 5213 3357 5283; x_wconf 85' lang='lat' dir='ltr'><strong>ipsius</strong></span> <span class='ocrx_word' id='word_1_908' title='bbox 3380 5219 3649 5285; x_wconf 87' lang='lat' dir='ltr'><strong>operatio.</strong></span> 
     </span>
    </p>
   </div>
   <div class='ocr_carea' id='block_1_116' title="bbox 2085 5296 3652 5368">
    <p class='ocr_par' dir='ltr' id='par_1_116' title="bbox 2085 5296 3652 5368">
     <span class='ocr_line' id='line_1_116' title="bbox 2085 5296 3652 5368; baseline 0.01 -20"><span class='ocrx_word' id='word_1_909' title='bbox 2085 5296 2187 5361; x_wconf 92' lang='lat' dir='ltr'><strong>Qui</strong></span> <span class='ocrx_word' id='word_1_910' title='bbox 2244 5297 2380 5351; x_wconf 80' lang='lat' dir='ltr'><strong>dixit</strong></span> <span class='ocrx_word' id='word_1_911' title='bbox 2427 5296 2558 5350; x_wconf 90' lang='lat' dir='ltr'><strong>mihi</strong></span> <span class='ocrx_word' id='word_1_912' title='bbox 2602 5313 2617 5352; x_wconf 90' lang='lat'><strong>:</strong></span> <span class='ocrx_word' id='word_1_913' title='bbox 2666 5297 2776 5368; x_wconf 88' lang='lat' dir='ltr'><strong>Ego</strong></span> <span class='ocrx_word' id='word_1_914' title='bbox 2824 5299 3146 5357; x_wconf 73' lang='lat' dir='ltr'><strong>Asmodaaus</strong></span> <span class='ocrx_word' id='word_1_915' title='bbox 3201 5307 3457 5361; x_wconf 87' lang='lat' dir='ltr'><strong>nominor</strong></span> <span class='ocrx_word' id='word_1_916' title='bbox 3508 5309 3652 5363; x_wconf 89' lang='lat' dir='ltr'><strong>inter</strong></span> 
     </span>
    </p>
   </div>
   <div class='ocr_carea' id='block_1_117' title="bbox 2086 5388 3648 5467">
    <p class='ocr_par' dir='ltr' id='par_1_117' title="bbox 2086 5388 3648 5467">
     <span class='ocr_line' id='line_1_117' title="bbox 2086 5388 3648 5467; baseline 0.009 -26"><span class='ocrx_word' id='word_1_917' title='bbox 2086 5389 2367 5453; x_wconf 88' lang='lat' dir='ltr'><strong>mortales,</strong></span> <span class='ocrx_word' id='word_1_918' title='bbox 2399 5397 2453 5443; x_wconf 90' lang='lat' dir='ltr'><strong>et</strong></span> <span class='ocrx_word' id='word_1_919' title='bbox 2486 5388 2642 5443; x_wconf 87' lang='lat' dir='ltr'><strong>labor</strong></span> <span class='ocrx_word' id='word_1_920' title='bbox 2671 5404 2824 5446; x_wconf 89' lang='lat' dir='ltr'><strong>meus</strong></span> <span class='ocrx_word' id='word_1_921' title='bbox 2853 5398 3040 5455; x_wconf 81' lang='lat' dir='ltr'><strong>est,ut</strong></span> <span class='ocrx_word' id='word_1_922' title='bbox 3091 5394 3216 5449; x_wconf 90' lang='lat' dir='ltr'><strong>novi</strong></span> <span class='ocrx_word' id='word_1_923' title='bbox 3265 5400 3419 5467; x_wconf 85' lang='lat' dir='ltr'><strong>nupti</strong></span> <span class='ocrx_word' id='word_1_924' title='bbox 3471 5400 3648 5455; x_wconf 86' lang='lat' dir='ltr'><strong>nolint</strong></span> 
     </span>
    </p>
   </div>
   <div class='ocr_carea' id='block_1_118' title="bbox 2086 5479 3649 5559">
    <p class='ocr_par' dir='ltr' id='par_1_118' title="bbox 2086 5479 3649 5559">
     <span class='ocr_line' id='line_1_118' title="bbox 2086 5479 3649 5559; baseline 0.01 -25"><span class='ocrx_word' id='word_1_925' title='bbox 2086 5479 2463 5544; x_wconf 85' lang='lat' dir='ltr'><strong>commisceri;</strong></span> <span class='ocrx_word' id='word_1_926' title='bbox 2520 5487 2575 5534; x_wconf 89' lang='lat' dir='ltr'><strong>et</strong></span> <span class='ocrx_word' id='word_1_927' title='bbox 2636 5481 2797 5550; x_wconf 88' lang='lat' dir='ltr'><strong>plane</strong></span> <span class='ocrx_word' id='word_1_928' title='bbox 2855 5482 3103 5540; x_wconf 89' lang='lat' dir='ltr'><strong>deterreo</strong></span> <span class='ocrx_word' id='word_1_929' title='bbox 3154 5500 3247 5542; x_wconf 89' lang='lat' dir='ltr'><strong>eos</strong></span> <span class='ocrx_word' id='word_1_930' title='bbox 3293 5502 3390 5559; x_wconf 90' lang='lat' dir='ltr'><strong>per</strong></span> <span class='ocrx_word' id='word_1_931' title='bbox 3448 5490 3649 5550; x_wconf 87' lang='lat' dir='ltr'><strong>multos</strong></span> 
     </span>
    </p>
   </div>
   <div class='ocr_carea' id='block_1_119' title="bbox 2085 5572 3651 5650">
    <p class='ocr_par' dir='ltr' id='par_1_119' title="bbox 2085 5572 3651 5650">
     <span class='ocr_line' id='line_1_119' title="bbox 2085 5572 3651 5650; baseline 0.008 -23"><span class='ocrx_word' id='word_1_932' title='bbox 2085 5586 2269 5634; x_wconf 88' lang='lat' dir='ltr'><strong>casus,</strong></span> <span class='ocrx_word' id='word_1_933' title='bbox 2322 5580 2377 5625; x_wconf 93' lang='lat' dir='ltr'><strong>et</strong></span> <span class='ocrx_word' id='word_1_934' title='bbox 2442 5572 2725 5628; x_wconf 89' lang='lat' dir='ltr'><strong>mulierum</strong></span> <span class='ocrx_word' id='word_1_935' title='bbox 2777 5575 3306 5634; x_wconf 89' lang='lat' dir='ltr'><strong>adolescentularum</strong></span> <span class='ocrx_word' id='word_1_936' title='bbox 3343 5582 3651 5650; x_wconf 88' lang='lat' dir='ltr'><strong>pulchritu-</strong></span> 
     </span>
    </p>
   </div>
   <div class='ocr_carea' id='block_1_120' title="bbox 2084 5661 3648 5731">
    <p class='ocr_par' dir='ltr' id='par_1_120' title="bbox 2084 5661 3648 5731">
     <span class='ocr_line' id='line_1_120' title="bbox 2084 5661 3648 5731; baseline 0.008 -14"><span class='ocrx_word' id='word_1_937' title='bbox 2084 5661 2267 5717; x_wconf 85' lang='lat' dir='ltr'><strong>dinem</strong></span> <span class='ocrx_word' id='word_1_938' title='bbox 2306 5662 2480 5727; x_wconf 89' lang='lat' dir='ltr'><strong>deleo,</strong></span> <span class='ocrx_word' id='word_1_939' title='bbox 2532 5675 2586 5719; x_wconf 91' lang='lat' dir='ltr'><strong>et</strong></span> <span class='ocrx_word' id='word_1_940' title='bbox 2620 5667 2786 5719; x_wconf 85' lang='lat' dir='ltr'><strong>corda</strong></span> <span class='ocrx_word' id='word_1_941' title='bbox 2840 5667 3093 5725; x_wconf 91' lang='lat' dir='ltr'><strong>immuto.</strong></span> <span class='ocrx_word' id='word_1_942' title='bbox 3136 5672 3253 5725; x_wconf 85' lang='lat' dir='ltr'><strong>Dixi</strong></span> <span class='ocrx_word' id='word_1_943' title='bbox 3310 5680 3489 5726; x_wconf 88' lang='lat' dir='ltr'><strong>autem</strong></span> <span class='ocrx_word' id='word_1_944' title='bbox 3542 5678 3593 5731; x_wconf 82' lang='lat' dir='ltr'><strong>el</strong></span> <span class='ocrx_word' id='word_1_945' title='bbox 3632 5692 3648 5731; x_wconf 91' lang='lat'><strong>:</strong></span> 
     </span>
    </p>
   </div>
   <div class='ocr_carea' id='block_1_121' title="bbox 2086 5751 3650 5831">
    <p class='ocr_par' dir='ltr' id='par_1_121' title="bbox 2086 5751 3650 5831">
     <span class='ocr_line' id='line_1_121' title="bbox 2086 5751 3650 5831; baseline 0.008 -24"><span class='ocrx_word' id='word_1_946' title='bbox 2086 5751 2211 5809; x_wconf 69' lang='lat' dir='ltr'><strong>Haec</strong></span> <span class='ocrx_word' id='word_1_947' title='bbox 2245 5754 2360 5810; x_wconf 85' lang='lat' dir='ltr'><strong>sola</strong></span> <span class='ocrx_word' id='word_1_948' title='bbox 2405 5764 2487 5809; x_wconf 89' lang='lat' dir='ltr'><strong>est</strong></span> <span class='ocrx_word' id='word_1_949' title='bbox 2516 5768 2647 5809; x_wconf 89' lang='lat' dir='ltr'><strong>cura</strong></span> <span class='ocrx_word' id='word_1_950' title='bbox 2698 5757 2830 5810; x_wconf 88' lang='lat' dir='ltr'><strong>tua?</strong></span> <span class='ocrx_word' id='word_1_951' title='bbox 2875 5756 2978 5822; x_wconf 86' lang='lat' dir='ltr'><strong>Qui</strong></span> <span class='ocrx_word' id='word_1_952' title='bbox 3025 5761 3353 5831; x_wconf 88' lang='lat' dir='ltr'><strong>respondit:</strong></span> <span class='ocrx_word' id='word_1_953' title='bbox 3388 5762 3650 5823; x_wconf 79' lang='lat' dir='ltr'><strong>Hominel</strong></span> 
     </span>
    </p>
   </div>
   <div class='ocr_carea' id='block_1_122' title="bbox 2086 5845 3649 5923">
    <p class='ocr_par' dir='ltr' id='par_1_122' title="bbox 2086 5845 3649 5923">
     <span class='ocr_line' id='line_1_122' title="bbox 2086 5845 3649 5923; baseline 0.006 -21"><span class='ocrx_word' id='word_1_954' title='bbox 2086 5846 2266 5903; x_wconf 82' lang='lat' dir='ltr'><strong>excito</strong></span> <span class='ocrx_word' id='word_1_955' title='bbox 2317 5845 2385 5901; x_wconf 76' lang='lat' dir='ltr'><strong>ad</strong></span> <span class='ocrx_word' id='word_1_956' title='bbox 2441 5846 2646 5901; x_wconf 70' lang='lat' dir='ltr'><strong>rabiem</strong></span> <span class='ocrx_word' id='word_1_957' title='bbox 2702 5857 2754 5903; x_wconf 88' lang='lat' dir='ltr'><strong>et</strong></span> <span class='ocrx_word' id='word_1_958' title='bbox 2813 5853 3328 5923; x_wconf 77' lang='lat' dir='ltr'><strong>concupiscentiae;</strong></span> <span class='ocrx_word' id='word_1_959' title='bbox 3389 5855 3649 5913; x_wconf 73' lang='lat' dir='ltr'><strong>habentes</strong></span> 
     </span>
    </p>
   </div>
   <div class='ocr_carea' id='block_1_123' title="bbox 3222 5947 3296 6008">
    <p class='ocr_par' dir='ltr' id='par_1_123' title="bbox 3222 5947 3296 6008">
     <span class='ocr_line' id='line_1_123' title="bbox 3222 5947 3296 6008; baseline 0.014 -1"><span class='ocrx_word' id='word_1_960' title='bbox 3222 5947 3296 6008; x_wconf 69' lang='grc'><strong>42</strong></span> 
     </span>
    </p>
   </div>
  </div>
