4424 6462
420 333 557 396 1325

1520 336 1816 395 TESTAM
1832 336 2096 395 EN'I‘UM
2129 335 2579 397 SALOMONIS.

3543 328 3682 393 1326

413 448 575 501 αὐτὸν
631 447 939 517 δεσμεύειν),
1000 448 1096 499 καὶ
1146 446 1304 509 αὐτὸς
1341 448 1403 498 ἐκ
1450 445 1544 497 τοῦ
1585 444 1746 513 βυθοῦ
1797 442 2005 509 ἀναγά-
2039 450 2076 504 Α
2114 458 2160 495 m

1933 442 2005 495 '2':-
2039 450 2076 504 Α
2114 444 2283 499 maris
2324 444 2471 498 [ilius
2510 454 2659 507 tuus,
2711 450 2762 496 et
2793 442 2937 510 quod
2982 455 3180 494 nomen
3216 438 3376 507 ejus?
3421 437 3522 504 Qui
3555 439 3631 491 ait
3666 434 3680 469 ⁵

413 556 498 606 γει
558 538 694 609 πρός
768 555 855 608 με.
913 535 1058 605 Ἐγὼ
1109 537 1165 589 δὲ
1221 536 1365 604 λέγω
1416 536 1552 605 πρὸς
1605 536 1767 588 αὐτόν
1804 549 1817 563 ·
1874 535 1997 598 Πῶς

413 631 563 684 ἔστιν
588 632 616 682 ὁ
649 629 761 692 υίός
792 646 884 681 σου
917 630 975 682 ὲν
996 629 1074 698 τῷ
1101 628 1247 698 βυθῷ
1278 631 1377 699 τῆς
1406 627 1703 697 Θαλάσσης,
1736 628 1829 681 καὶ
1862 620 1913 679 τί
1944 626 2004 679 τὸ

412 722 582 792 ὄνομα
606 720 771 775 αὑτοῦ
799 739 813 787 ;
863 720 919 773 '0
940 720 995 773 δὲ
1019 720 1122 789 ἔφη
1146 736 1157 747 '
1196 721 1287 790 Μή
1330 738 1394 790 με
1428 722 1735 791 ὲπερωτᾷς,
1788 720 1847 773 οὐ
1895 719 2003 789 γάρ

413 813 616 882 δυνήσῃ
650 814 782 881 παρ’
813 812 938 881 ἐμοὶ
968 812 1185 882 μαθεῖν,
1219 813 1381 875 αὐτὸς
1414 813 1522 881 γὰρ
1555 810 2004 882 ἐλεύσεταιπρὸς

415 905 476 959 σὲ
518 904 586 957 δι’
635 904 769 974 ἐμοῦ
821 904 1213 975 κελεύσματος,
1267 905 1360 958 καὶ
1416 902 1563 957 εἴποι
1620 922 1700 957 σοι
1731 904 1999 975 φανερῶς.

412 997 554 1066 Ἐγὼ
589 997 725 1068 πρὸς
749 998 911 1051 αὐτὸν
951 997 1097 1064 λέγω
1128 1014 1141 1026 ·
1187 997 1329 1066 Λέγε
1366 1015 1454 1066 μοι
1496 996 1600 1049 ὑπὸ
1633 998 1783 1050 ποίου
1836 996 2003 1066 ἀγγέ-

412 1090 506 1143 λου
536 1094 789 1161 καταργῇ
821 1109 909 1146 συ.
968 1091 1026 1143 '0
1051 1090 1106 1143 δὲ
1138 1092 1265 1161 ἔφη·
1313 1090 1452 1143 ’Υπδ
1492 1089 1648 1158 ἁγίου
1678 1091 1771 1143 καὶ
1822 1090 2002 1160 τιμίου

413 1182 678 1253 ὀνόματος
748 1181 843 1235 τοῦ
889 1184 1335 1253 παντοκράτορος
1383 1181 1519 1235 Θεοῦ
1564 1182 1641 1252 τῷ
1680 1182 2005 1253 καλουμένῳ

416 1275 536 1343 (sic)
592 1275 723 1343 παρ’
771 1274 1053 1345 Ἑϐραίοις
1094 1292 1193 1326 που
1266 1277 1315 1345 (υ
1341 1274 1383 1344 ?)
1436 1273 1626 1343 στικῷ,
1668 1269 1729 1327 οὗ
1764 1274 2001 1344 ὴψῆφος

415 1366 546 1435 χμδ,
581 1367 732 1436 παρά
763 1366 819 1418 δ’
853 1366 1087 1436 Ἕλλησι
1130 1366 1506 1437 Ἐμμανουὴλ,
1532 1366 1628 1418 καὶ
1662 1365 1757 1419 ὲάν
1786 1384 1869 1429 τις
1897 1367 2005 1419 τῶν

427 1451 716 1519 Ῥωμαίων
744 1452 943 1524 ὁρκίσῃ
975 1469 1040 1522 με
1081 1455 1142 1505 τὸ
1168 1455 1314 1522 μέγα
1346 1454 1523 1521 ὄνομα
1566 1455 1665 1523 τῆς
1722 1455 2006 1521 δυνάμεως

417 1543 631 1612 Ἐλεὴθ,
658 1545 870 1614 ἀφανὴς
904 1545 1149 1614 γίνομαι,
1194 1545 1335 1613 Ἐγὼ
1362 1546 1617 1615 Σολομῶν
1643 1545 1818 1599 ταῦτα
1840 1546 2007 1599 ἀκού-

420 1651 518 1697 σας
552 1635 887 1705 ἐξεπλάγην,
926 1638 1021 1689 καὶ
1055 1636 1325 1690 ἐκέλευσα
1373 1637 1537 1689 αὐτὴν
1592 1638 1809 1708 πρίζειν
1860 1638 2004 1709 μάρ·

420 1743 569 1797 μαρα
593 1726 828 1796 Θηϐάῖα.
878 1729 967 1780 Ἐν
990 1727 1045 1780 δὲ
1076 1728 1153 1798 τῷ
1178 1727 1451 1797 ἄρξασθαι
1486 1728 1650 1781 αὑτὸν
1683 1728 1898 1799 πρίζειν
1938 1732 2005 1785 τὰ

420 1819 712 1888 μάρμαρα,
763 1820 811 1871 οἱ
869 1819 1052 1889 ἕτεροι
1120 1818 1375 1890 δαίμονες
1429 1820 1849 1891 ἀνεκραύγασαν
1896 1840 2005 1890 φω-

2109 533 2186 589 Ne
2242 550 2327 589 me
2392 535 2712 603 interroges,
2769 550 2868 588 nec
2921 534 3064 588 enim
3127 533 3332 601 poteris
3396 545 3425 585 ι
3465 545 3550 585 mc
3604 531 3683 584 di-

2113 640 2304 691 scere;
2342 625 2457 693 ipse
2489 633 2668 677 autem
2703 624 2767 678 ad
2802 633 2852 678 te
2891 624 3072 677 veniet
3125 638 3222 693 per
3273 634 3448 675 meam
3476 620 3683 691 jussio-

2108 732 2255 780 nem,
2305 724 2357 771 et
2420 726 2611 786 aperte
2650 714 2905 785 loquetur
2950 714 3071 768 tibi.
3124 714 3190 767 Et
3234 712 3350 768 dixi
3393 712 3459 767 ad
3505 726 3628 765 eum
3668 728 3682 763 :

2106 807 2289 864 Indica
2324 806 2453 861 mihi
2478 822 2574 877 per
2608 822 2771 877 quem
2798 806 3052 877 angelum
3090 805 3365 873 impotens
3399 802 3681 858 efﬁciaris.

2105 899 2208 967 Qui
2243 899 2320 954 ait
2385 918 2397 952 :
2451 899 2555 954 Per
2610 907 2864 955 sanctum
2932 905 2987 951 et
3048 896 3426 951 venerandum
3485 910 3685 950 nomen

2106 991 2501 1061 omnipotentis
2535 991 2653 1055 Dei,
2700 989 2883 1046 vocati
2921 990 3061 1058 apud
3131 988 3393 1043 Hebraeos
3438 988 3497 1041 in
3528 988 3683 1041 Scri-

2107 1092 2363 1154 ptura,...
2399 1082 2559 1152 cujus
2587 1098 2853 1137 numerus
2872 1081 3005 1147 6H;
3041 1082 3180 1149 apud
3202 1080 3423 1135 Graecos
3466 1079 3686 1132 Emma-

2108 1177 2233 1232 nuel
2278 1196 2292 1233 :
2330 1186 2385 1233 et
2426 1177 2471 1231 si
2507 1176 2632 1247 quis
2680 1176 3054 1230 Romanorum
3087 1176 3428 1244 adjuraverit
3470 1190 3556 1228 me
3588 1188 3687 1241 per

2108 1284 2362 1337 magnum
2390 1283 2591 1323 nomen
2640 1269 2927 1338 potestatis
2960 1267 3173 1331 Eleeth,
3208 1281 3497 1322 evanesco.
3526 1265 3685 1331 Quod

2106 1362 2336 1417 audiens
2368 1378 2470 1432 ego
2496 1360 2779 1427 Salomon,
2826 1360 3123 1430 obstupui;
3168 1368 3221 1415 et
3246 1359 3388 1428 jussi
3435 1369 3494 1413 ut
3530 1373 3689 1413 exsc-

2109 1462 2261 1508 caret
2323 1468 2596 1509 marmora
2652 1453 2905 1508 Tbebma.
2968 1454 3102 1507 Cum
3175 1461 3359 1505 autem
3418 1450 3688 1518 inciperet

2110 1561 2387 1602 marmora
2430 1562 2643 1611 secare,
2690 1554 2888 1599 ca‘tera
2924 1546 3191 1599 dmmonia
3238 1544 3689 1599 exclamaverunt

2108 1654 2243 1694 voce
2272 1656 2488 1708 magna,
2518 1648 2802 1709 gementes
2841 1645 3065 1707 propter
3101 1652 3287 1706 regem
3320 1652 3479 1691 suum
3532 1635 3689 1690 Beel—

2111 1732 2288 1786 zebul.
2322 1732 2432 1802 Ego
2465 1734 2727 1787 Salomon
2774 1730 3109 1800 interrogavi
3146 1745 3272 1784 eum
3324 1729 3517 1805 dicens
3561 1745 3575 1781 :
3627 1728 3686 1781 Si

2108 1822 2192 1876 vis
2245 1824 2490 1891 requiem
2570 1839 2791 1894 capere,
2837 1838 2998 1876 narra
3047 1820 3181 1875 mihi
3225 1820 3294 1874 de
3340 1820 3685 1875 caelestibus.

418 1882 852 1982 νῆν-μεγάλην,
910 1882 1275 1979 ἀλαλάζοντες
1326 1915 1412 1968 διά
1479 1882 1582 1966 τὸν,
1629 1882 1857 1984 βασιλέα
1906 1882 2007 1970 ἀὑ-
2040 1882 2080 1939 Β
2115 1917 2165 1969 Di

1936 1919 2007 1970 ιὺ-
2040 1882 2080 1939 Β
2115 1917 2257 1970 Dixit
2290 1916 2575 1972 Beelzebul
2607 1882 2819 1983 :.:‘Udi,
2848 1933 2965 1981 rex,
2996 1918 3040 1971 si
3089 1915 3399 1970 adoleveris
3445 1923 3683 1979 stacten,

416 2004 523 2057 τῶν
586 2003 971 2068 Βεελζεϐούλ⁴
1052 2006 1163 2073 ἐγὼ
1241 2006 1296 2058 δὲ
1362 2009 1613 2077 Σολομῶν
1677 2008 2009 2077 ἑπηρὼτησα

416 2098 578 2151 αὐτὸν
629 2097 847 2165 λέγων·
906 2099 968 2150 El
1018 2098 1196 2163 θέλεις
1249 2099 1432 2154 λαϐεῖν
1490 2100 1697 2161 ἄνεσιν,
1746 2100 2007 2170 διήγησαί

420 2208 511 2259 μοι
570 2192 699 2261 περὶ
755 2190 866 2243 τῶν
934 2192 1299 2260 ἐπουρανίων.
1350 2192 1597 2260 Λέγειδὲ
1652 2191 2003 2254 Βεελζεϐούλ’

420 2281 709 2347 Ἄκουσον,
750 2279 999 2349 βασιλεῦ,
1031 2281 1124 2334 ὲάν
1162 2281 1434 2351 θυμιάσῃς
1472 2279 1710 2351 στακτὴν
1743 2280 1859 2351 (εἰς)
1913 2279 2008 2332 καὶ

415 2370 653 2434 λίϐανον,
700 2372 794 2425 καὶ
854 2370 1079 2441 βολϐοὺς
1134 2372 1484 2435 θαλασσίους,
1534 2372 1727 2441 νάρδον
1799 2389 1856 2423 τε
1912 2373 2007 2423 καὶ

418 2463 635 2535 κρόκον,
667 2464 759 2515 καὶ
796 2464 1037 2531 λύχνους
1066 2462 1209 2532 ἆψῃς
1256 2464 1393 2515 ἑπτὰ
1436 2481 1493 2515 εν
1550 2463 1782 2533 σεισμῷ,
1827 2463 2006 2515 οἰκίαν

418 2542 651 2626 spetam;
688 2573 698 2585 -
730 2556 826 2608 ἐὰν
858 2556 917 2607 δὲ
947 2556 1188 2623 καθαρὸς
1215 2554 1311 2617 ὢν,
1347 2556 1487 2625 aen;
1514 2555 1719 2626 ερορου
1770 2557 1828 2607 ἐν
1866 2555 2006 2625 ἡλίῳ

418 2647 691 2715 ἡμμένοι),
722 2647 1037 2715 (ἡμετέρου,
1063 2648 1322 2719 ἡμετέρῳ
1347 2647 1393 2714 ?)
1432 2648 1527 2701 καὶ
1567 2648 1689 2716 ϐψει
1724 2647 1843 2699 τότε
1878 2648 2005 2718 δρά-

420 2756 616 2800 κοντας
642 2740 768 2801 τοὺς
805 2738 1097 2808 οὐρανίους
1130 2740 1246 2802 πῶς
1279 2740 1546 2793 είλοῦνται
1582 2740 1702 2810 (sic)
1756 2741 1849 2794 καὶ
1908 2740 2005 2793 σύ-

424 2829 658 2899 ρουσιτὺ
684 2829 838 2899 ἅρμα
863 2830 956 2882 τοῦ
998 2830 1175 2900 ἡλίου.
1211 2832 1354 2900 Ἐγὼ
1404 2832 1459 2884 δὲ
1512 2832 1768 2901 Σολομῶν
1829 2831 2005 2887 ταῦτα

420 2920 660 2982 ἀκούσας
685 2920 997 2989 ἐπετίμησα
1031 2922 1219 2986 αὐτὸν,
1278 2924 1372 2975 καὶ
1417 2919 1613 2975 εἷπονο
1671 2923 1858 2976 Σιώπα
1913 2941 2003 2993 μοι

420 3010 523 3072 ’ἐως
548 3010 758 3075 τούτου,
786 3013 880 3063 καὶ
907 3012 1068 3083 πρίζε
1114 3013 1185 3066 τὰ
1250 3014 1519 3085 μάρμαρα
1561 3015 1637 3077 ὡς
1690 3016 2006 3086 προσέταξά

422 3116 523 3152 σοι.
562 3102 669 3152 Καὶ
703 3102 1008 3170 εὐλογήσας
1061 3104 1153 3157 τὸν
1213 3105 1347 3158 Θεὸν
1395 3105 1505 3173 ἐγὼ
1557 3107 1834 3175 Σολομῶν,
1885 3106 2005 3160 ἐκέ-

2109 2016 2163 2062 et
2198 2008 2348 2070 thus.
2379 2019 2430 2063 et
2459 2010 2667 2064 bulbos
2709 2008 3228 2074 marinos,nardurn
3268 2015 3321 2061 et
3348 2022 3596 2073 crocum,
3634 2016 3689 2061 et

2111 2102 2390 2171 lampades
2446 2103 2764 2157 acccnderis
2815 2110 3046 2170 septem,
3095 2102 3146 2154 in
3208 2108 3367 2154 terrae
3398 2110 3545 2153 motu
3583 2099 3685 2152 do-

2111 2209 2257 2246 mum
2295 2193 2524 2258 fulcies;
2582 2201 2636 2246 et
2692 2195 2737 2247 si
2792 2208 2963 2263 purus
2990 2194 3286 2256 exsistens,
3344 2192 3683 2255 accenderis,

2110 2283 2224 2337 sole
2266 2298 2521 2337 auroram
2569 2282 3207 2348 intlammante,videbis
3239 2293 3370 2338 tunc
3414 2282 3684 2337 dracone!

2110 2376 2364 2431 caelestes
2412 2376 2690 2444 quomodo
2742 2376 3071 2441 volvantur,
3148 2385 3201 2429 et
3265 2376 3399 2431 solis
3458 2388 3680 2427 currum

2110 2469 2348 2522 trahant.
2420 2468 2531 2538 Ego
2585 2468 2847 2523 Salomon
2895 2467 3013 2522 haec
3062 2469 3337 2530 audiens,
3402 2468 3683 2536 increpavi

2108 2577 2233 2615 cum
2268 2570 2321 2615 et
2360 2561 2473 2614 dixi
2506 2578 2516 2614 :
2554 2560 2727 2615 Sileas
2760 2576 2935 2629 usque
2966 2560 3167 2624 adhuc,
3204 2571 3259 2615 et
3295 2560 3485 2616 scinde
3541 2574 3687 2613 mar—

2109 2668 2283 2717 moia,
2332 2662 2391 2707 ut
2442 2654 2672 2722 prmcepi
2716 2654 2835 2707 tibi.
2878 2654 2943 2707 Et
2990 2652 3323 2708 benedicens
3364 2653 3534 2708 Deum
3582 2668 3687 2723 ego

2110 2743 2392 2808 Salomon,
2421 2743 2558 2811 jussi
2592 2751 2647 2796 ut
2691 2743 2909 2799 adesset
2946 2744 3080 2798 mihi
3138 2746 3281 2800 alius
3329 2745 3584 2809 daemon;
3633 2754 3689 2800 et

2108 2835 2255 2890 venit
2294 2835 2348 2887 in
2418 2846 2715 2905 conspectu
2750 2852 2871 2890 meo
2906 2852 3050 2891 unus
3093 2838 3415 2903 quivultum
3460 2838 3688 2907 gerebat

2109 2928 2164 2983 in
2195 2943 2321 2983 aere
2355 2928 2464 2982 alte
2522 2928 2785 2993 levatum,
2824 2938 2878 2983 et
2914 2929 3190 2998 reliquum
3235 2930 3467 3000 spiritus
3497 2930 3687 2985 sinuo-

2112 3032 2230 3072 sum
2265 3017 2439 3072 instar
2463 3018 2741 3084 cochleae;
2776 3026 2829 3071 et
2853 3017 3125 3085 plurimos
3155 3020 3681 3085 contrivit‘milites;

2112 3110 2452 3166 tremendum
2506 3119 2687 3164 autem
2753 3110 3033 3164 excitabat
3075 3109 3142 3164 de
3192 3118 3344 3165 terra
3401 3112 3686 3180 pulverem

420 3194 589 3244 λευσα
616 3196 874 3264 παρεῖναί
915 3212 1006 3265 μοι
1034 3195 1224 3266 ἕτερον
1249 3196 1480 3266 δαίμονα
1507 3213 1520 3227 ·
1568 3199 1664 3251 καὶ
1715 3193 1844 3269 ἦλθε
1899 3198 2005 3269 πρὸ
2031 3234 2075 3297 C
2108 3212 2161 3257 et

1943 3198 2075 3297 pbc
2108 3212 2161 3257 et
2194 3218 2413 3257 sursum
2471 3200 2773 3265 attollebat,
2841 3209 2897 3254 et
2962 3216 3183 3257 rursum
3240 3202 3589 3272 projiciebat,
3627 3211 3687 3257 ut

418 3286 713 3355 προσώπου
748 3288 848 3357 μοῦ
880 3288 1021 3356 (sic),
1050 3288 1109 3351 ὃς
1157 3285 1228 3358 ἦν
1271 3290 1553 3361 ὲπιψέρων
1605 3292 1666 3344 τὸ
1711 3295 2007 3359 πρόσωπον

422 3381 479 3431 ὲν
505 3379 578 3449 τῷ
614 3381 737 3449 ἀέρι
762 3383 873 3435 ἄνω
904 3382 1130 3453 ὑψηλὸν,
1171 3386 1267 3435 καὶ
1306 3384 1365 3436 τὸ
1389 3385 1682 3438 ὑπόλοιπον
1724 3384 1817 3436 τοῦ
1845 3383 2008 3435 πνεύ-

423 3488 591 3540 ματος
618 3474 936 3542 εἱλούμενον
976 3472 1113 3525 ὡσεὶ⁸
1162 3475 1380 3543 κοχλίας
1409 3490 1421 3504 ο
1450 3477 1543 3526 καὶ
1587 3475 1801 3543 ὀλίγους
1856 3475 2003 3545 διέρο

422 3564 584 3631 ρηξεν
615 3565 987 3634 στρατιώτας⁶
1024 3567 1215 3635 ἤγειρε
1240 3567 1296 3617 δὲ
1332 3568 1425 3618 καὶ
1456 3566 1686 3635 φοϐερὸν
1723 3568 2000 3635 κονιορτὸν

421 3657 515 3707 ἐπὶ
551 3658 647 3725 τῆς
684 3658 807 3725 γῆς,
835 3661 926 3709 καὶ
962 3660 1226 3729 ἀνέφερεν
1257 3659 1397 3712 ἄνω·
1454 3660 1549 3712 καὶ
1592 3660 1755 3713 πάλιν
1804 3659 2064 3730 ἕρῤιπτεν
2128 3656 2223 3707 ἐπὶ
2284 3655 2344 3707 τὸ
2394 3654 2543 3724 ἡμᾶς
2595 3654 2875 3723 θαμϐῆσαι
2915 3671 2928 3683 ·

2115 3308 2217 3347 nos
2236 3290 2703 3361 obstupefaceret,
2731 3299 2786 3344 et
2816 3289 3188 3361 interrogabat
3211 3292 3345 3363 quid
3380 3293 3514 3348 mihi
3540 3302 3689 3349 esset

2114 3383 2249 3438 tanti
2293 3382 2557 3435 momenti
2627 3382 2695 3435 ab
2746 3395 2811 3435 eo
2874 3384 3277 3451 qumrendum;
3340 3390 3395 3438 et
3452 3399 3689 3453 surgens

2111 3474 2302 3543 exspui
2339 3474 2391 3526 in
2424 3484 2625 3527 terram
2661 3474 2714 3527 in
2747 3488 2811 3527 eo
2843 3474 2984 3537 loco,
3012 3484 3067 3531 et
3101 3477 3312 3547 signavi
3338 3477 3542 3533 annulo
3569 3477 3688 3543 Dei,

2107 3571 2161 3617 et
2198 3563 2279 3617 sic
2303 3562 2453 3615 stetit
2481 3576 2634 3614 aura.

2986 3656 3081 3707 καὶ
3156 3653 3313 3709 εἶπεν
3395 3658 3517 3711 τίνα
3580 3658 3689 3730 ἔχει

420 3750 695 3819 ἐρωτῆσαι
724 3752 800 3814 ὡς
854 3755 945 3808 ἐπὶ
986 3754 1143 3817 πολὺ,
1187 3756 1282 3807 καὶ
1337 3756 1649 3809 ἀναστάντα
1702 3774 1766 3825 με
1808 3757 2013 3809 πτύσαι
2054 3753 2230 3823 χαμαὶ
2255 3751 2375 3806 κατ’
2402 3751 2615 3805 ἐκείνου
2650 3751 2745 3804 τοῦ
2812 3750 2983 3804 τόπου
3013 3751 3091 3822 (5)
3120 3753 3210 3805 καὶ
3247 3754 3565 3824 ὲσφράγισα
3612 3755 3692 3825 τῷ

420 3849 745 3920 δακτυλιδίῳ
775 3851 867 3903 τοῦ
901 3851 1035 3903 Θεοῦ
1055 3869 1067 3882 ·
1102 3852 1196 3904 καὶ
1232 3850 1407 3915 οὕτως
1434 3852 1597 3922 ἔστην
1628 3854 1844 3923 ήαῦρα.

491 3960 626 4013 Τότε
676 3960 933 4030 ἠρώτησα
973 3963 1134 4014 αὐτὸν
1175 3963 1349 4029 λέγων
1385 3978 1397 3990 ·
1464 3964 1536 4016 Σὺ
1586 3964 1670 4026 τίς
1720 3961 1767 4015 εἷ
1805 3984 1818 4025 ;
1858 3965 2002 4029 Ἀρα

422 4051 646 4122 (αὖραῖ)
679 4054 752 4123 (4)
787 4053 930 4106 οὕτω
956 4054 1118 4107 πάλιν
1162 4056 1445 4125 κονιορτὸν
1482 4056 1702 4121 τινάξας
1732 4058 2002 4126 ἀπεκρίθη

426 4162 535 4213 μοι·
561 4144 625 4197 Τί
658 4147 721 4197 σὺ
751 4146 947 4209 θέλεις,
971 4146 1095 4215 βασ.
1126 4148 1184 4199 Σ.
1210 4148 1536 4217 Ἀπεκρίθην
1556 4149 1725 4217 αὐτῷ·
1754 4148 1888 4201 Εἰπέ
1915 4167 2003 4217 μοι

421 4238 473 4288 τί
493 4236 691 4302 λέγεις.
722 4237 876 4305 κάγὼ
905 4256 960 4290 σε
990 4240 1198 4310 ἐρωτᾷν
1224 4239 1387 4293 θέλω.
1408 4240 1595 4303 Οὕτως
1624 4240 1677 4292 δὲ
1701 4240 2007 4310 εὐχαριστῶ

424 4327 502 4398 τῷ
533 4327 651 4396 Θεῷ
681 4328 758 4397 τῷ
808 4329 1088 4397 σοφίσαντί
1125 4347 1190 4399 με
1248 4331 1385 4398 πρὸς
1450 4332 1544 4393 τὰς
1586 4332 1779 4401 βουλὰς
1828 4331 2004 4385 αὐτῶν

424 4420 839 4491 ἀποκρίνεσθαι.
862 4421 1005 4491 Ἔφη
1034 4422 1090 4473 δέ
1120 4422 1392 4491 μοι-Ἐγώ
1413 4426 1529 4491 εἰμι
1568 4424 1628 4475 τὸ
1660 4424 1877 4494 πνεῦμα
1906 4426 2003 4495 τῆς
2040 4453 2077 4504 υ

422 4510 627 4580 τέφραν)
660 4512 775 4578 (sic)
803 4526 818 4541 '
852 4506 1020 4567 Εἶπον
1049 4513 1105 4564 δὲ
1134 4513 1322 4584 αὑτῷ;
1358 4515 1451 4576 Τίς
1477 4518 1509 4585 ἡ
1548 4516 1745 4585 πρᾶξίς
1781 4534 1870 4568 σου
1890 4535 1903 4548 ·
1935 4518 2001 4571 Ἦ

422 4601 477 4655 δὲ
512 4602 634 4671 ἔφη’
657 4603 1005 4674 Ἀνθρὼπους
1034 4606 1287 4670 σκοτίξων
1321 4607 1412 4659 καὶ
1445 4608 1650 4675 ἀγροὺς
1675 4610 1963 4679 ὲΙιίείτυρίίίυ
1985 4626 1997 4638 ’

424 4694 516 4746 καὶ
547 4695 733 4756 οἴκους
769 4694 1035 4764 καταργῶ
1059 4712 1074 4727 ·
1108 4697 1203 4749 ἐπὶ
1234 4696 1485 4749 πλεῖστον
1513 4698 1569 4751 δὲ
1592 4698 1700 4767 ἔχω
1723 4699 1819 4769 τὴν
1858 4701 2001 4769 πρᾶ-

424 4777 503 4842 ξιν
537 4782 593 4831 ὲν
644 4780 830 4849 θέρει·
871 4784 1000 4835 ὅταν
1039 4783 1093 4834 δὲ
1140 4784 1332 4854 καιρὸν
1366 4784 1535 4856 εὕρω,
1576 4788 1878 4857 ὑποδύομαι
1921 4792 2002 4852 εἰς

422 4869 626 4937 γωνίας
658 4874 875 4941 τειχῶν,
921 4874 1113 4935 νυκτὸς
1147 4873 1241 4926 καὶ
1272 4876 1487 4944 ἡμέρας
1508 4892 1521 4907 ·
1552 4878 1651 4946 ἤδη
1691 4879 1797 4946 γάρ
1843 4879 1999 4945 γόνος

424 4960 541 5027 εἰμὶ
587 4959 678 5012 τοῦ
724 4962 999 5028 Μεγάλου.
1052 4958 1220 5016 Εἴπον
1251 4960 1344 5016 οὖν
1393 4964 1540 5034 αὐτῷ
1567 4984 1580 4996 ·
1619 4968 1764 5035 Ποίῳ
1816 4970 1999 5040 ἄστρῳ

425 5055 602 5104 κεῖσαι
629 5069 643 5117 ;
678 5054 737 5105 Ὀ
767 5055 822 5107 δὲ
853 5055 956 5123 ἔφη
978 5072 993 5086 ⁶
1024 5056 1100 5125 (5)
1120 5057 1207 5109 Ἐν
1240 5056 1388 5125 αὐτῷ
1414 5059 1491 5127 τῷ
1522 5059 1735 5128 ἀκρόνῳ
1758 5061 1870 5129 (sic)
1904 5062 1998 5114 τοῦ

425 5145 657 5213 κέρατος
683 5146 780 5213 τῆς
820 5148 1077 5215 σελήνης,
1120 5146 1196 5215 τῷ
1227 5148 1283 5198 ὲν
1315 5147 1393 5213 τῷ
1428 5149 1565 5217 νότῳ
1594 5150 1997 5220 εὑρισκομένῳ,

426 5238 546 5289 ἐκεῖ
602 5236 690 5305 μοί
740 5238 857 5289 ἐστι
906 5239 967 5289 τὸ
1011 5238 1252 5306 ἀστρονο
1281 5237 1413 5290 διότι
1465 5237 1534 5291 τὰ
1581 5240 1872 5310 σφάλματα
1908 5242 2000 5294 τοῦ

425 5328 774 5398 ὴμιτριταίου
809 5327 1187 5397 προσετάχθην
1213 5328 1513 5397 ἀνιμᾶσθαι
1547 5330 1699 5400 (sic-)-
1726 5332 1813 5384 διὰ
1844 5331 2003 5387 τοῦτο

427 5420 626 5483 ίδοὶντες
658 5418 843 5472 πολλοὶ
870 5424 977 5475 τῶν
1006 5421 1309 5493 ἀνθρώπων
1344 5422 1595 5493 εὔχονται
1630 5427 1708 5484 εἰς
1741 5424 1829 5475 τὸν
1863 5426 1998 5491 nut-

491 5650 566 5719 (⁸5)
594 5646 651 5701 In
686 5662 863 5717 marg.
889 5649 1075 5704 infimo
1096 5658 1181 5703 est
1211 5650 1485 5703 correctio
1510 5651 1562 5703 b.
1596 5669 1610 5704 :
1642 5651 1734 5703 καὶ
1758 5651 1999 5717 ἀναστὰς

423 5721 631 5775 Επτυσα
660 5722 831 5787 χαμαὶ
859 5720 979 5773 κατ’
1016 5719 1226 5772 ὶκείνου
1259 5720 1425 5773 τόπου
1460 5723 1553 5774 καὶ
1576 5724 1621 5773 ὲ.

497 5789 571 5858 tl)
608 5787 846 5859 Scriptio
870 5800 951 5845 est
997 5808 1009 5845 :
1047 5790 1177 5853 ἄρα.

2183 3961 2243 4013 Et
2302 3969 2434 4013 tunc
2484 3960 2817 4030 interrogavi
2871 3978 2997 4016 eum
3043 3979 3055 4015 :
3101 3963 3181 4018 Tu
3220 3966 3346 4034 quis
3378 3968 3482 4021 es?
3530 3967 3688 4025 Tunc

2110 4068 2303 4107 rursus
2348 4053 2626 4122 pulverem
2671 4054 2920 4109 excitans
2969 4057 3255 4125 respondit
3303 4059 3433 4112 mibi
3481 4076 3494 4113 :
3543 4060 3685 4126 Quid

2110 4146 2211 4204 vis.
2250 4162 2338 4199 rex
2376 4144 2679 4198 Salomon?
2706 4143 2770 4198 Et
2804 4148 3062 4214 respondi
3101 4167 3113 4202 :
3152 4148 3340 4204 lndica
3381 4152 3517 4204 mihi
3553 4152 3690 4223 quid

2111 4237 2284 4299 dicas,
2324 4252 2423 4305 ego
2463 4238 2583 4290 volo
2620 4246 2672 4291 te
2709 4237 3070 4309 interrogare.
3112 4239 3313 4311 Sicque
3345 4244 3549 4312 gratias
3585 4260 3689 4316 ago

2114 4326 2224 4381 Deo
2254 4328 2344 4396 qui
2383 4342 2468 4380 me
2516 4329 2818 4397 sapientem
2851 4329 3001 4393 fecit,
3076 4342 3136 4386 ut
3199 4334 3432 4387 consilia
3495 4351 3686 4390 eorum

2112 4419 2494 4474 cxcludautur.
2550 4420 2614 4472 Et
2675 4421 2809 4474 dixit
2874 4422 3007 4475 mihi
3044 4439 3060 4479 :
3097 4421 3209 4493 Ego
3264 4440 3385 4479 sum
3454 4427 3688 4496 spiritus

2109 4511 2331 4565 cineris.
2359 4510 2423 4563 Et
2452 4512 2560 4565 dixi
2587 4513 2635 4566 ei
2666 4529 2678 4566 :
2708 4511 2839 4579 Quae
2870 4523 2955 4568 est
2986 4517 3233 4585 operatio
3258 4526 3344 4571 tua
3375 4519 3396 4571 ?
3434 4518 3537 4584 Qui
3572 4520 3687 4573 ait:

2110 4605 2370 4660 Homines
2405 4608 2643 4661 tenebris
2678 4609 2916 4663 obvolvo
2962 4618 3015 4663 et
3059 4626 3285 4681 campos
3321 4612 3598 4679 incendo;
3634 4624 3690 4670 et

2109 4695 2301 4749 domos
2363 4693 2623 4763 destruo;
2679 4697 2734 4751 in
2797 4708 2932 4753 aestu
2996 4712 3177 4755 autem
3226 4706 3464 4757 maxime
3536 4704 3689 4761 labor

2107 4802 2309 4852 meus;
2374 4788 2593 4857 quando
2670 4804 2795 4843 vero
2885 4793 3347 4860 opportunitatem
3426 4795 3687 4867 invenio],

2108 4881 2322 4947 angulis
2349 4882 2610 4936 mtenium
2642 4885 2835 4949 subeo,
2884 4895 3049 4941 nocte
3081 4899 3132 4941 et
3167 4887 3255 4942 die
3309 4907 3321 4942 :
3371 4888 3488 4957 jam
3539 4892 3684 4945 enim

2112 4970 2291 5039 Magni
2327 4973 2469 5027 ﬁlius
2510 4991 2653 5028 sum.
2706 4975 2825 5031 Dixi
2872 4993 3003 5048 ergo
3042 4980 3090 5033 ei
3139 4996 3153 5033 :
3207 4978 3322 5035 Sub
3345 4998 3455 5050 quo
3504 4983 3686 5037 sidere

2108 5064 2259 5118 stas?
2314 5064 2417 5130 Qui
2480 5066 2594 5121 ait:
2630 5067 2744 5123 Sub
2790 5069 2907 5138 ipsa
2958 5070 3277 5126 summitate
3329 5088 3498 5128 cornu
3541 5074 3682 5128 luna:

2107 5156 2258 5226 quod
2314 5158 2378 5211 ad
2442 5158 2724 5213 meridiem
2812 5162 3091 5216 invenitur
3126 5203 3140 5225 ,
3203 5163 3291 5217 bic
3345 5165 3477 5219 mibi
3530 5166 3684 5219 sidus

2111 5258 2234 5312 est;
2278 5249 2403 5317 quia
2437 5249 2697 5304 sinistros
2728 5265 3027 5307 successus
3065 5252 3233 5307 febris
3295 5255 3558 5310 tertiaria:
3588 5272 3682 5310 or-

2112 5339 2334 5392 dinatus
2395 5355 2514 5393 sum
2580 5349 2638 5393 ut
2701 5343 2922 5409 tollam;
2975 5353 3199 5414 propter
3261 5347 3365 5401 hoc
3431 5348 3683 5403 videntes

2115 5430 2270 5483 multi
2334 5430 2659 5499 hominum,
2740 5435 2791 5487 in
2857 5436 3101 5490 tertiaria
3155 5436 3291 5492 febri
3367 5437 3683 5507 deprecan-

2184 5656 2260 5731 (5)
2289 5654 2467 5731 Dativ.
2501 5666 2773 5731 correctio
2806 5674 2972 5730 supra
3006 5661 3206 5731 posita.
3254 5662 3387 5718 Nam
3439 5666 3492 5720 in
3541 5664 3682 5721 linea

2108 5729 2343 5797 regulari
2376 5742 2492 5785 acc.
2518 5732 2597 5792 είς
2620 5729 2781 5784 αὑτὸν
2810 5729 3056 5802 ἄχρονον.
