4424 6462
455 376 594 446 1329

1541 387 2115 452 TESTAMENTUM
2159 391 2614 453 SALOMONIS.

3573 392 3710 456 1330

462 500 523 552 ὲν
565 499 724 569 ἐμοί⁹
756 499 863 567 ἔχω
894 501 948 556 δὲ
1000 503 1092 557 τὸν
1135 506 1519 577 καταργοῦντά
1559 527 1626 579 με
1659 511 1892 579 ἄγγελον
1925 513 2032 567 Οὖ-
2063 522 2103 580 Α
2137 528 2204 569 cn

1962 513 2032 567 tt’i-
2063 522 2103 580 Α
2137 514 2287 569 enim
2320 520 2542 583 oportet
2591 523 2642 569 te
2678 513 2958 569 faceseere
3002 511 3540 581 concupiscentiam,
3599 513 3709 569 nisi

455 590 599 659 ριήλ.
642 589 875 662 Ὀμοίως
902 594 996 648 καὶ
1027 597 1058 667 ή
1098 597 1298 668 ἑϐδόμη
1335 599 1440 670 ἔφη
1463 616 1478 632 ο
1525 600 1668 670 Ἐγώ
1704 605 1820 671 εἰμι
1847 604 2021 658 Κακία

452 697 553 752 στη
583 698 596 711 ·
626 685 722 736 καὶ
763 685 820 738 σὲ
846 687 1011 741 αὐτὸν
1047 690 1205 742 κακῶ
1233 707 1246 722 ·
1277 691 1358 744 ὅτι
1395 692 1673 747 κελευστῶ
1700 696 1966 766 (κελευσῶ
1982 696 2026 766 ?)

462 773 778 845 Ἀρτέμιδος
801 778 1035 846 δεσμούς
1056 797 1068 810 ⁸
1095 782 1203 849 ἠδὲ
1247 782 1410 853 ἄκρις
1434 801 1500 854 με
1522 784 1674 838 λύσει
1699 803 1714 818 ο
1755 787 1824 840 δι’
1854 787 2028 854 αὐτῆς

2132 606 2424 662 adversum
2486 621 2570 660 me
2623 606 2959 662 desiderium
3018 607 3304 676 sapientia:
3369 606 3600 672 feceris;
3662 609 3708 661 si

2133 696 2257 765 quis
2327 696 2470 750 enim
2538 693 2760 765 sapiens
2818 705 2988 762 esset,
3057 711 3164 751 non
3222 697 3292 751 ad
3351 710 3436 750 me
3473 704 3712 752 verteret

2135 801 2382 856 gressus.

447 867 557 935 γάρ
593 884 651 919 σε
690 868 774 921 δεῖ
797 868 1002 938 πρᾶξαι
1031 871 1130 939 τὴν
1154 872 1474 943 ἐπιθυμίαν.
1504 876 1658 944 (ἐμὴ)
1704 876 1835 948 [ἐμὴ
1867 879 1966 939 sic,
2013 877 2061 929 ei
2091 878 2165 948 μή
2191 877 2236 949 ?]
2273 879 2394 931 κατ’
2425 877 2672 950 ἐμαυτῆς
2702 876 2799 947 τὴν
2835 876 3132 947 ἐπιθυμίαν
3171 877 3270 947 τῆς
3333 877 3525 946 σοφίας
3549 893 3562 908 ·
3605 877 3700 929 ἐὰν

446 959 554 1028 γὰρ
577 953 646 1028 ἦν
684 977 768 1022 τις
793 961 974 1027 σοφὸς,
1005 961 1103 1014 οὐκ
1132 955 1438 1037 ἐπιστρέψῃ
1468 966 1609 1036 ἴχνος
1628 969 1762 1037 πρός
1793 986 1883 1036 με.

532 1048 675 1116 Ἐγὼ
709 1049 766 1102 δὲ
796 1041 1050 1118 Σολομῶν
1073 1053 1310 1116 ἀκούσας
1345 1056 1438 1107 καὶ
1484 1056 1774 1125 θαυμάσας
1811 1057 2023 1127 ἐσφρά-

446 1157 576 1207 γισα
605 1140 774 1202 αὑτὰς
803 1143 862 1193 ἐν
897 1141 976 1206 τῷ
999 1141 1323 1215 δακτυλιδίῳ
1345 1161 1358 1174 ⁸
1397 1146 1490 1198 καὶ
1533 1147 1723 1216 ἐπειδὴ
1757 1147 2020 1200 ταύτοκαι

449 1231 570 1299 (sic)
603 1228 765 1300 ἦσαν,
798 1233 1060 1287 ἐκέλευσα
1094 1237 1262 1299 αὑτὰς
1295 1237 1544 1307 ὀρύσσειν
1577 1240 1702 1302 τοὺς
1734 1240 2022 1307 θεμελίους

450 1323 542 1375 τοῦ
569 1325 698 1376 ναοῦ
729 1325 820 1376 τοῦ
853 1325 990 1379 Θεοῦ
1013 1343 1027 1358 ·
1065 1329 1189 1380 ἐπεὶ
1211 1330 1516 1392 διακοσίους
1541 1333 1878 1402 πεντήκοντα
1911 1333 2020 1402 πή-

447 1434 562 1485 χεις
587 1411 655 1484 ἦν
682 1416 740 1469 τὸ
771 1418 948 1487 μῆκος
976 1435 988 1448 ·
1047 1419 1226 1489 ἓφησα
1255 1420 1310 1472 δὲ
1348 1421 1516 1484 αὑτὰς
1548 1423 1795 1486 εὐτόνους
1828 1419 1968 1477 εἶναι
2005 1439 2020 1453 ·

447 1511 540 1561 καὶ
563 1509 757 1573 κοινῶς
788 1511 1127 1578 γογγύταται
1161 1512 1375 1566 τελέσαι
1405 1517 1471 1567 τὰ
1503 1516 1864 1569 κελευσθέντα
1917 1517 2014 1569 αὐ·

443 1600 568 1661 ταῖς
609 1601 1044 1668 κατηργάζοντο.
1091 1602 1233 1669 Ἐγὼ
1285 1603 1341 1655 δὲ
1374 1605 1626 1674 Σολομῶν
1658 1604 1887 1671 δοξάσας
1927 1609 2017 1660 τὸν

444 1689 670 1760 Κύριον,
726 1692 988 1746 ἐκέλευσα
1038 1694 1294 1760 παρεῖναί
1345 1712 1435 1763 μοι
1482 1695 1670 1766 ἕτερον
1716 1698 2014 1766 δαιμόνιον.

2198 1056 2308 1124 Ego
2340 1054 2598 1108 Salomon
2642 1055 2874 1108 audiens
2907 1060 2960 1108 et
3004 1055 3308 1117 admirans,
3342 1056 3554 1126 signavi
3608 1071 3703 1109 eas

2124 1143 2350 1205 annulo,
2383 1151 2437 1196 et
2464 1141 2661 1195 deinde
2693 1143 2885 1211 quales
2923 1150 3100 1204 erant,
3125 1145 3267 1210 jussi
3307 1153 3365 1199 ut
3399 1145 3707 1199 effoderent

2125 1230 2477 1287 fundamenta
2505 1232 2710 1302 templi,
2733 1237 2988 1302 quoniam
3011 1235 3338 1298 bisfcentum
3362 1247 3412 1289 et
3433 1241 3707 1308 quinqua-

2123 1325 2273 1394 ginta
2319 1325 2628 1380 cuhitorum
2661 1333 2778 1379 erat
2810 1327 3130 1394 longitudo;
3162 1327 3273 1382 dixi
3301 1338 3480 1381 autem
3503 1346 3594 1380 eas
3619 1343 3706 1382 ro-

2123 1415 2463 1481 bustasfesse;
2483 1427 2532 1470 et
2552 1420 2753 1486 pariter
2775 1428 3178 1488 murmurantes
3227 1421 3376 1487 Operi
3401 1421 3701 1484 instabant,

2127 1515 2188 1560 ut
2222 1506 2376 1574 jussa
2429 1509 2773 1577 perlicerent.
2839 1509 2950 1580 Ego
2986 1511 3240 1566 Salomon
3275 1513 3502 1568 laudans
3533 1511 3700 1567 Deum

2127 1597 2356 1666 praecepi
2393 1609 2453 1652 ut
2483 1600 2696 1654 adesset
2733 1601 2864 1652 mihi
2914 1600 3058 1655 alius
3091 1601 3340 1667 daemon;
3372 1611 3424 1656 ιιι
3455 1605 3700 1656 oblatum

2126 1697 2211 1744 est
2259 1691 2389 1744 mihi
2442 1691 2772 1745 daenmnium
2799 1732 2812 1756 ,
2847 1693 3014 1746 homo
3050 1692 3255 1746 habens
3301 1695 3701 1766 omnia_mem-

444 1780 555 1832 Καὶ
616 1782 954 1851 προτενέχθη
1009 1799 1098 1850 μοι
1127 1784 1406 1850 δαιμόνιον
1433 1785 1718 1855 ἄνθρωπος
1759 1788 1898 1856 ἔχων
1952 1788 2018 1840 τὰ
2054 1811 2094 1865 Β
2127 1779 2190 1834 ΙΝ·

1952 1788 2018 1840 τὰ
2054 1811 2094 1865 Β
2127 1779 2246 1848 bra,
2283 1781 2378 1837 sed
2408 1781 2706 1848 acephalus
2735 1800 2748 1844 ',
2779 1793 2832 1836 et
2872 1798 2971 1852 ego
2995 1782 3186 1853 videns
3229 1782 3344 1836 diti
3377 1785 3426 1834 ei
3470 1801 3483 1836 :
3514 1782 3698 1835 indica

443 1872 621 1926 πάντα
659 1873 815 1942 μέλη,
845 1873 1118 1942 ἀκέφαλος
1149 1875 1237 1927 δέ·
1279 1877 1431 1943 κάγὼ
1462 1877 1583 1929 ἰδὼν
1616 1875 1770 1931 εἷπον
1817 1880 1966 1950 αὑτῷ
2005 1898 2017 1911 ο

442 1964 582 2032 Λέγε
613 1983 701 2034 μοι
739 1967 801 2017 σὺ
827 1965 909 2026 τίς
939 1962 1010 2020 εἴ.
1058 1967 1115 2019 Ὀ
1143 1967 1198 2020 δὲ
1231 1963 1406 2022 εἶπεν.
1442 1970 1728 2039 Δαιμόνιον
1763 1974 1898 2040 εἰμι.
1931 1966 2022 2023 lii-

443 2073 544 2110 πον
573 2057 629 2110 δὲ
661 2057 831 2126 αὐτῷ.
870 2058 965 2119 Τίς
991 2075 1003 2123 ;
1047 2058 1104 2111 Ὀ
1135 2059 1189 2112 δὲ
1219 2060 1345 2130 ἔφη.
1397 2060 1540 2128 Ἐγὼ
1584 2062 1854 2131 καλοῦμαι
1884 2064 2011 2116 ιῖιθό·

441 2163 571 2211 νοςο
622 2148 731 2216 ἐγὼ
787 2148 896 2217 γὰρ
949 2150 1193 2217 κεφαλὰς
1252 2153 1424 2221 ἡδέως
1474 2153 1780 2216 κατεσθίω,
1848 2155 2018 2209 θέλων

441 2241 666 2310 ἐμαυτῷ
703 2242 945 2311 κεφαλὴν
976 2245 1465 2315 περιποιήσασθαι,
1503 2247 1598 2298 καὶ
1630 2247 1690 2299 οὐ
1744 2248 2012 2316 xamen...

440 2332 692 2402 ἐπιθυμῶ
723 2335 774 2387 δὲ
807 2336 1051 2406 κεφαλὴν
1095 2339 1350 2407 τοιαύτην
1395 2339 1564 2408 ἔχειν,
1620 2344 1738 2396 οἱάν
1781 2346 1875 2398 καὶ
1927 2345 2014 2400 σύ.

443 2426 630 2479 Ταῦτα
665 2427 906 2491 ἀκούσας
936 2428 1046 2496 ἐγὼ
1074 2430 1328 2499 Σολομῶν
1363 2433 1675 2500 ἐσφράγισα
1722 2436 1874 2501 αὐτὸ,
1927 2439 2018 2490 ἐκ·

438 2519 618 2582 τείνας
649 2521 746 2588 τὴν
781 2524 936 2591 χεῖρά
968 2539 1069 2590 μου
1110 2524 1251 2576 κατὰ
1283 2525 1376 2577 τοῦ
1423 2526 1653 2593 στήθους
1699 2528 1884 2594 αὐτοῦ,
1921 2533 2015 2583 καὶ

440 2611 784 2682 ἀνεπήδησεν
807 2616 835 2666 ὁ
867 2614 1076 2685 δαίμων
1110 2616 1202 2668 καὶ
1240 2616 1465 2688 ἔρριψεν
1497 2618 1708 2680 ἑαυτὸν,
1735 2621 1827 2674 καὶ
1854 2624 2013 2691 ἐγόγ-

438 2718 602 2768 γυσεν
633 2703 823 2761 εἰπὼν,
855 2706 1036 2775 Οίμοι,
1077 2708 1179 2760 ποῦ
1218 2709 1494 2778 πάρειμι;
1531 2704 1576 2763 ὦ
1613 2713 1845 2781 προδότα
1887 2716 2009 2782 Ὀρ-

440 2793 546 2856 νία,
576 2793 637 2846 οὐ
673 2794 878 2863 βλέπω.
911 2797 1090 2866 Ἐφην
1123 2797 1178 2850 δὲ
1212 2798 1361 2867 αὐτῷ
1392 2798 1502 2865 ἐγὼ
1535 2800 1787 2868 Σολομὼν
1818 2818 1830 2829 ·
1871 2804 2010 2871 Λέγε

441 2905 531 2957 μοι
564 2890 674 2959 γὰρ
706 2891 872 2944 πόθεν
907 2893 1147 2961 βλέπεις.
1192 2893 1256 2949 Ὀ
1305 2895 1361 2947 δὲ
1393 2897 1521 2964 ἔφη,
1553 2897 1649 2949 Διᾶ
1683 2897 1790 2950 τῶν
1825 2898 2014 2952 παθῶν

442 2999 565 3049 μου.
608 2982 776 3050 Κάγὼ
807 2984 898 3038 οὖν
924 2985 1179 3055 Σολομῶν
1213 2987 1312 3054 τὴν
1343 2986 1526 3040 ἄνοδον
1561 2988 1658 3058 τῆς
1703 2989 1885 3058 φωνῆς
1912 2991 2013 3043 αῦ-

440 3074 536 3126 τοῦ
573 3075 836 3139 ἀκούσας,
890 3078 984 3130 καὶ
1025 3077 1195 3130 θέλων
1223 3078 1574 3148 εύδηλότερον
1630 3080 1842 3148 μαθεῖν,
1878 3084 2014 3150 ἐπη-

2128 1871 2258 1924 mihi
2312 1871 2433 1939 quis
2478 1873 2578 1925 sis.
2627 1870 2729 1935 Qui
2782 1871 2901 1924 ait:
2943 1869 3282 1924 Daemonium
3344 1872 3574 1925 exsisto.
3634 1869 3698 1922 Et

2121 1962 2231 2016 dixi
2260 1979 2274 2016 :
2304 1962 2440 2027 Quis
2460 1963 2481 2015 ?
2503 1961 2606 2028 Qui
2641 1962 2933 2031 respondit
2966 1963 3115 2031 :Ego
3140 1963 3347 2018 Invidia
3374 1979 3572 2027 vocor;
3607 1979 3701 2016 ca-

2126 2053 2235 2122 pita
2276 2053 2419 2106 enim
2450 2053 2691 2121 jucunde
2722 2053 2974 2116 comedo,
3013 2054 3202 2108 volens
3235 2053 3482 2106 mihimet
3532 2062 3701 2120 caput

2128 2144 2400 2213 praestari,
2432 2155 2484 2200 et
2513 2160 2618 2198 non
2649 2144 2857 2208 satior;
2896 2143 3150 2198 desidero
3187 2152 3367 2197 autem
3399 2144 3504 2196 tale
3535 2151 3702 2213 caput

2125 2235 2346 2300 habere,
2381 2235 2542 2304 quale
2573 2244 2627 2288 et
2655 2245 2732 2289 tu.
2768 2233 2890 2288 llaec
2919 2235 3150 2288 audiens
3192 2249 3293 2303 ego
3327 2232 3588 2288 Salomon
3633 2233 3702 2286 si-

2124 2327 2283 2398 gnavi
2337 2342 2503 2392 eum,
2544 2327 2846 2381 extendens
2904 2340 3127 2380 manum
3183 2341 3358 2380 meam
3415 2325 3469 2379 in
3504 2335 3698 2395 peetus

2123 2420 2274 2487 ejus;
2308 2428 2360 2472 et
2395 2418 2634 2489 prosiliit
2670 2419 2905 2482 daemon,
2944 2429 2998 2472 et
3033 2434 3090 2472 se
3134 2418 3472 2488 praecipitem
3509 2418 3698 2478 dabat.

2121 2519 2175 2564 et
2207 2512 2470 2580 ingemuit
2519 2511 2758 2565 dicens:
2804 2511 2994 2565 Eheu!
3035 2513 3124 2566 ubi
3171 2512 3330 2566 sum!
3369 2526 3402 2565 ο
3449 2511 3700 2583 proditor

2122 2603 2311 2667 Arnia,
2341 2603 2524 2657 lumen
2575 2604 2808 2672 perdidi.
2864 2605 2982 2659 Dixi
3019 2605 3067 2660 ei
3100 2620 3200 2675 ego
3239 2605 3504 2660 Salomon
3550 2622 3565 2660 :
3602 2605 3700 2661 Dic

2116 2697 2261 2750 enirn
2299 2697 2428 2750 mihi
2460 2697 2602 2752 unde
2633 2698 2844 2752 videas?
2864 2699 2960 2763 Qui
2996 2699 3073 2752 ait
3109 2717 3121 2753 :
3160 2698 3262 2752 Per
3293 2715 3492 2755 sensus
3521 2714 3695 2755 meos.

2120 2788 2231 2858 Ego
2261 2789 2426 2857 igitur
2453 2789 2710 2844 Salomon
2740 2791 2940 2844 inviam
3005 2792 3128 2860 ejus
3155 2807 3338 2845 vocem
3367 2793 3622 2858 audiens,
3643 2801 3697 2847 et

2123 2881 2310 2943 volens
2342 2881 2694 2938 manifestius
2732 2885 2965 2948 discere,
2986 2885 3320 2954 interrogavi
3355 2900 3477 2939 eum
3502 2904 3514 2939 :
3541 2884 3698 2941 Unde

2121 2973 2410 3042 loqueris?
2443 2975 2508 3028 Et
2555 2976 2630 3029 ait
2675 2993 2688 3029 :
2723 2976 2872 3046 Ego,
2912 2992 3006 3029 rex
3063 2977 3356 3041 Salomon,
3403 2987 3552 3032 totus
3589 2992 3696 3032 vox

2122 3079 2266 3127 sum,
2300 3064 2598 3116 multorum
2631 3063 2774 3117 enim
2818 3064 3098 3118 hominum
3141 3080 3303 3119 voces
3337 3066 3691 3130 ha-reditavi;

440 3166 664 3236 ρώτησα
709 3168 891 3232 αὑτὸν,
951 3169 1123 3222 Πόθεν
1171 3145 1387 3232 λαλείςς
1427 3145 1529 3240 έιρη
1685 3189 1808 3240 μοι’
1845 3145 2011 3241 Ἐγῶ,
2043 3145 2085 3204 c
2120 3171 2187 3224 ‘l'l

1946 3145 2011 3236 ὦ.
2043 3145 2085 3204 C
2120 3156 2555 3224 quotquotenim
2589 3156 2688 3209 viri
2727 3158 2861 3211 muti
2901 3168 3194 3220 vocantur,
3228 3161 3423 3213 horum
3465 3175 3566 3228 ego
3597 3175 3692 3215 ca~

443 3260 667 3328 βασιλεῦ
710 3260 985 3328 Σολομῶν,
1024 3262 1158 3323 ὅλως
1185 3262 1336 3332 φωνὴ
1374 3265 1515 3333 εἰμὶ,
1550 3264 1764 3317 πολλῶν
1790 3265 1897 3333 γὰρ
1924 3265 2017 3317 ἀν-

439 3353 675 3416 θρώπων
706 3355 890 3420 φωνὰς
925 3354 1455 3423 κατεκληρονόμησα
1487 3374 1500 3386 ·
1538 3356 1652 3408 ὅσοι
1683 3356 1786 3422 γὰρ
1808 3355 2019 3426 ἄνθρω⁸

441 3464 532 3499 ποι
566 3447 860 3500 καλοῦνται
893 3447 1087 3514 κωφοὶ,
1117 3447 1323 3498 τούτων
1356 3447 1464 3513 ἐγὼ
1490 3447 1585 3506 τὰς
1617 3447 1862 3513 κεφαλὰς
1884 3463 2016 3499 κατ-

437 3537 670 3607 έκλησα,
745 3539 834 3590 ὅτε
887 3538 1077 3590 παιδία
1125 3539 1443 3606 γεννῶνται,
1485 3539 1578 3592 καὶ
1606 3539 1834 3608 ἡμερῶν
1871 3539 2016 3591 ὀκτὼ

441 3631 715 3698 φθάσωσι,
749 3630 868 3683 τότε
899 3630 1181 3692 κλαίοντος
1207 3629 1301 3683 τοῦ
1333 3631 1546 3683 παιδίου
1567 3631 1758 3692 νυκτὸς
1794 3634 2014 3700 γίνομαι

439 3721 659 3790 πνεῦμα
693 3740 705 3754 ·
743 3723 838 3775 καὶ
871 3723 959 3775 διὰ
1003 3724 1104 3785 τῆς
1132 3723 1317 3792 φωνῆς
1368 3724 1531 3776 αὑτοῦ
1579 3725 1975 3794 ὲπεισέρχομαι
2000 3741 2012 3754 ⁸

439 3813 676 3883 ἐνορίαις
711 3815 805 3866 καὶ
849 3813 990 3866 πάνυ
1028 3813 1286 3880 διακονῶ,
1321 3815 1417 3867 καὶ
1449 3814 1509 3866 τὸ
1541 3815 1861 3884 συνάντημά
1911 3832 2014 3884 μου

445 3903 710 3972 βλαϐερόν
736 3905 888 3956 ἐστιν
919 3919 932 3933 ·
978 3905 1075 3957 καὶ
1105 3904 1310 3966 εὐθέως
1343 3903 1525 3957 λαϐὼν
1559 3906 1677 3966 ταῖς
1710 3904 1866 3974 χερσί
1912 3921 2014 3972 μου

389 4013 395 4019 ’
439 3997 514 4057 ὡς
537 3997 627 4048 ἐπὶ
661 3995 814 4062 ξίφος
859 3997 958 4066 τὴν
988 3997 1233 4065 κεφαλὴν
1271 3996 1568 4065 ἁποτέμνω
1605 4013 1616 4023 ·
1661 3999 1755 4049 καὶ
1794 4015 2013 4068 προστι..

440 4089 517 4142 θῶ
543 4090 764 4160 ἐμαυτῷ
787 4107 800 4123 ο
829 4090 924 4143 καὶ
962 4091 1134 4154 οὕτως
1163 4092 1266 4144 ὑπὸ
1287 4091 1458 4160 πυρὸς
1489 4091 1582 4144 τοῦ
1613 4092 1764 4155 ὄντος
1796 4095 1852 4144 ὲν
1890 4094 2016 4162 ἐμοὶ

440 4177 529 4230 διὰ
569 4177 663 4232 τοῦ
710 4180 985 4251 τραχήλου
1030 4181 1477 4236 καταδαπανᾶται
1513 4197 1525 4209 ·
1562 4181 1670 4248 ἐγώ
1713 4183 1828 4252 εἰμι
1861 4185 1887 4236 ὁ
1915 4185 2016 4247 τὰς

442 4271 719 4341 πηρώσεις
766 4273 865 4335 τὰς
923 4273 1168 4342 μεγάλας
1209 4275 1304 4327 καὶ
1350 4273 1759 4345 ἁθεραπεύτους
1797 4275 1856 4327 έν
1904 4279 2014 4338 τοῖς

439 4363 600 4417 ποσὶν
635 4363 990 4432 ἐπιπέμπων,
1021 4367 1115 4418 καὶ
1147 4365 1280 4434 ἓλκη
1316 4368 1548 4436 έμποιῶ.
1573 4367 1743 4435 Κάγὼ
1767 4368 2019 4438 Σολομῶν

2121 3249 2230 3318 pita
2265 3249 2514 3302 conclusi
2564 3249 2785 3318 quando
2829 3251 2986 3319 pueri
3040 3264 3362 3315 nascuntur,
3399 3263 3453 3307 et
3495 3254 3693 3310 diebus

2121 3348 2246 3392 octo
2276 3347 2492 3409 tempus
2537 3340 2915 3409 praeveniunt;
2950 3353 3081 3396 tunc
3115 3345 3388 3397 clamante
3436 3346 3691 3414 puerulo,

2122 3431 2191 3482 lio
2243 3431 2494 3498 spiritus,
2539 3439 2595 3486 et
2649 3448 2744 3502 per
2776 3449 2965 3488 vorem
3008 3436 3130 3506 ejus
3163 3437 3445 3502 subintro;
3493 3439 3694 3494 finibus

2119 3533 2308 3578 custos
2338 3523 2587 3594 invigilo,
2619 3534 2675 3578 et
2721 3541 2990 3584 occursus
3026 3543 3182 3584 meus
3225 3530 3461 3593 noxius;
3491 3540 3544 3584 et
3579 3531 3693 3585 cito

2119 3616 2391 3684 arripiens
2441 3620 2719 3682 inanibus,
2767 3622 2915 3675 velut
2965 3637 3098 3678 ense
3141 3633 3311 3693 caput
3363 3635 3606 3693 amputo,
3638 3633 3692 3680 et

2119 3709 2513 3778 superimpono
2540 3714 2711 3779 mihi;
2738 3726 2791 3770 et
2823 3716 2904 3770 sic
2926 3717 2996 3771 ab
3028 3718 3153 3788 igne
3184 3725 3366 3772 stante
3395 3718 3450 3772 in
3486 3733 3572 3774 me
3598 3733 3695 3788 per

2119 3805 2318 3861 collum
2352 3807 2733 3872 consumitur;
2773 3822 2872 3878 ego
2902 3824 3023 3863 sum
3057 3810 3151 3878 qui
3179 3808 3431 3866 laesiones
3463 3823 3693 3880 magnas

2117 3909 2173 3954 et
2203 3899 2540 3955 insanabiles
2590 3900 2822 3968 pedibus
2882 3901 3155 3968 immitto,
3190 3912 3245 3956 et
3290 3903 3478 3957 ulcera
3523 3902 3688 3958 faeie.

2118 3993 2182 4045 Et
2206 4009 2304 4064 ego
2346 3991 2603 4048 Salomon
2637 3995 2889 4058 audiens,
2930 3995 3045 4049 dixi
3074 3994 3124 4049 ei
3156 4012 3170 4049 :
3203 3995 3394 4050 Indica
3432 3996 3564 4050 mihi
3592 3998 3694 4069 igi-

2121 4095 2208 4141 tur
2238 4087 2517 4156 quomodo
2540 4087 2759 4142 emittas
2787 4089 3002 4158 ignem;
3036 4104 3067 4143 a
3096 4088 3300 4158 quibus
3332 4088 3594 4144 amandos
3621 4089 3690 4143 il-

2119 4177 2232 4231 lud.
2268 4177 2425 4232 Etait
2454 4178 2680 4247 spiritus
2709 4195 2722 4232 :
2754 4179 2838 4233 Ab
2869 4181 3090 4234 Oriente
3119 4199 3131 4235 :
3162 4180 3252 4235 hie
3270 4180 3414 4235 enim
3445 4182 3690 4236 nondum

2119 4270 2375 4324 inventus
2401 4278 2482 4326 est
2503 4270 2791 4326 elbourion
2817 4270 3051 4339 (nebulo
3073 4273 3131 4340 ?)
3165 4274 3289 4335 iste,
3316 4275 3472 4342 quasi
3496 4274 3562 4329 de
3586 4274 3693 4330 hoe

2119 4359 2240 4431 ipso
2275 4377 2332 4416 se
2352 4363 2596 4431 jaCtans,
2619 4363 2707 4416 cui
2737 4361 2936 4416 festum
2972 4364 3322 4419 lucernarum
3353 4366 3694 4421 accensionis

435 4454 674 4516 ἀκούσας
704 4455 899 4517 ταῦτα,
927 4450 1080 4508 εἷπον
1113 4457 1279 4526 αὐτῷ·
1316 4459 1456 4527 Λέγε
1490 4476 1580 4527 μοι
1610 4455 1702 4513 οὖν
1733 4460 1850 4524 πῶς
1881 4462 2014 4514 ἔπαο
2047 4487 2090 4542 D
2120 4469 2182 4522 De

1944 4479 2014 4514 ςα.
2047 4487 2090 4542 D
2120 4454 2440 4522 persolvunt
2480 4455 2773 4510 homines:
2811 4455 2971 4523 cujus
3034 4470 3239 4510 nomen
3300 4455 3554 4510 invocant
3609 4471 3691 4510 se-

435 4545 562 4616 φίης
583 4546 643 4599 τὸ
669 4545 803 4614 πῦρ,
845 4546 938 4614 ἀφ’
972 4540 1046 4601 ὧν
1082 4548 1433 4618 ἁποπέμπεις
1477 4550 1537 4614 ἐξ
1571 4551 1750 4604 αὐτῶν
1785 4570 1798 4616 ;
1857 4552 2004 4623 Ἔφη

432 4634 488 4687 δέ
539 4653 627 4705 μοι
675 4635 736 4689 τὸ
786 4635 1026 4705 πνεῦμα,
1085 4637 1217 4690 ’Δπὸ
1260 4637 1357 4707 τῆς
1407 4639 1709 4708 ἀνατολῆς·
1754 4634 1854 4694 ὦδε
1903 4643 2011 4711 γὰρ

432 4726 589 4780 οὔπω
647 4727 849 4798 εὑρέθη
895 4729 1150 4792 κάκεῖνος
1190 4729 1514 4798 Ἐλϐουρίων
1563 4731 1640 4794 ὡς
1669 4732 1917 4804 ἐπεύχων
1951 4733 2012 4786 τὸ

435 4821 567 4873 αὐτὸ
602 4821 696 4873 καὶ
732 4819 1036 4891 λυχναψίαν
1063 4821 1213 4891 αὐτῷ
1244 4824 1292 4873 οἱ
1347 4823 1626 4891 ἄνθρωποι
1654 4825 1966 4879 ἐπιτελοῦσι
1992 4841 2007 4856 ⁶

433 4913 688 4966 κάκείνου
714 4912 774 4966 τὺ
804 4914 994 4983 ὖνωμα
1022 4915 1122 4981 (sic
1153 4929 1170 4966 :
1199 4933 1272 4963 =
1303 4913 1498 4983 δνομα)
1537 4916 1921 4970 ἐπικαλοῦνται
1962 4919 2011 4970 οἱ

433 5003 573 5057 ἑπτὰ
625 5004 879 5071 δαίμονες
934 5004 1164 5058 ἐνώπιόν
1218 5023 1321 5074 μου
1357 5022 1374 5038 ο
1413 5008 1666 5070 κάκεῖνος
1717 5007 2012 5076 θεραπεύει

435 5094 655 5158 αὐτούς.
689 5093 855 5149 Εἶπον
885 5097 941 5150 δὲ
971 5097 1121 5166 αὒτῷ
1149 5113 1162 5126 ·
1221 5098 1354 5151 Είπέ
1388 5116 1478 5162 μοι
1512 5100 1572 5153 τὸ
1600 5100 1771 5170 ὄνομα
1796 5100 1960 5154 αὑτοῦ
1996 5118 2010 5133 ο

449 5187 507 5238 ’0
536 5185 592 5238 δὲ
623 5187 750 5256 ἔφη·
775 5187 851 5242 Οὐ
890 5188 1128 5258 δύναμαί
1159 5207 1240 5243 σοι
1259 5192 1434 5244 εἰπεῖν
1463 5209 1476 5224 ·
1501 5192 1596 5245 ἐὰν
1623 5193 1732 5262 γὰρ
1747 5192 1887 5246 εἴπω
1917 5193 2014 5246 αὑ-

434 5276 529 5327 τοῦ
583 5277 642 5328 τὸ
695 5277 886 5347 ὄνομα,
941 5281 1318 5350 ἀθεράπευτον
1374 5283 1614 5352 ἐμαυτὸν
1657 5283 1835 5337 ποιῶ·
1894 5283 2011 5337 ἀλλ’

434 5366 642 5429 ἐκεῖνος
676 5367 846 5420 ἐλθὼν
874 5369 965 5422 ἐπὶ
993 5371 1123 5423 αὐτὸ
1170 5371 1232 5424 τὸ
1261 5371 1451 5438 ὄνομα.
1483 5372 1595 5425 Καὶ
1633 5373 1811 5427 ταῦτα
1845 5373 2010 5428 ἀκού-

435 5474 534 5520 σας
584 5458 694 5526 ἐγὼ
738 5461 990 5530 Σολομῶν
1041 5457 1196 5515 εἷπον
1223 5462 1373 5533 αὐτῷ
1401 5481 1414 5495 ·
1454 5463 1589 5518 Εἰπέ
1626 5482 1717 5532 μοι
1759 5461 1854 5519 οὖν
1897 5467 2002 5520 ὑπὸ

2121 4556 2263 4617 ptem
2301 4547 2528 4614 spiritus
2557 4562 2742 4601 coram
2776 4563 2882 4613 me,
2911 4556 2963 4601 et
2997 4550 3114 4617 ipse
3146 4547 3398 4603 medetur
3424 4548 3528 4602 eis.
3564 4547 3688 4601 Dixi

2118 4637 2164 4691 ei
2203 4655 2215 4690 :
2253 4639 2436 4692 Indica
2469 4638 2601 4691 mihi
2644 4653 2842 4693 nomen
2906 4638 3047 4706 ejus.
3083 4637 3186 4706 Qui
3238 4640 3315 4693 ait
3351 4657 3364 4694 :
3399 4638 3516 4692 Non
3561 4654 3689 4709 pos-

2117 4747 2236 4785 sum
2265 4731 2529 4798 indicare;
2566 4732 2611 4786 si
2671 4733 2814 4786 enim
2846 4732 3037 4787 dixero
3068 4748 3265 4788 nomen
3286 4734 3433 4802 ejus,
3466 4733 3690 4787 insana-

2116 4823 2276 4877 bilem
2309 4839 2394 4878 me
2431 4822 2594 4888 facio,
2647 4833 2701 4876 at
2726 4828 2830 4878 iste
2864 4824 3013 4878 venit
3040 4825 3106 4879 ad
3138 4824 3317 4892 ipsum
3374 4840 3592 4879 nomen.
3623 4824 3691 4878 Et

2117 4917 2232 4971 haec
2268 4915 2498 4970 audiens
2529 4929 2627 4985 ego
2654 4915 2916 4971 Salomon
2947 4917 3059 4970 dixi
3094 4918 3142 4971 ei
3177 4935 3189 4970 :
3223 4917 3470 4986 Loquere
3499 4919 3688 4987 igitur,

2113 5025 2209 5080 per
2273 5025 2434 5079 quem
2484 5009 2734 5079 angelum
2791 5009 3061 5080 impotens
3122 5009 3377 5066 eﬂiciaris
3463 5019 3540 5067 tu.
3591 5012 3688 5067 Ille

2113 5110 2294 5156 autem
2333 5120 2345 5156 :
2379 5101 2482 5156 Per
2514 5102 2745 5171 ignitum
2777 5102 2980 5170 fulgur,
3006 5103 3102 5158 ait.
3129 5102 3197 5157 Et
3231 5111 3520 5174 postquam
3550 5104 3685 5157 ado-

2113 5191 2228 5245 ravi
2262 5190 2552 5245 Dominum
2597 5189 2763 5244 Deum
2797 5191 2988 5256 Israel,
3017 5189 3161 5259 jussl
3202 5201 3259 5244 ut
3311 5192 3363 5244 in
3425 5191 3686 5245 observa-

2113 5281 2261 5335 tione
2287 5289 2435 5335 esset
2457 5295 2620 5349 super
2647 5279 2952 5345 Beclzebul,
2986 5281 3291 5350 usquedum
3319 5280 3528 5334 clamor
3559 5277 3686 5335 festi

2113 5372 2527 5442 superveniret;
2560 5379 2614 5426 et
2664 5371 2915 5427 mandavi
2965 5383 3022 5426 ut
3065 5372 3283 5428 adesset
3344 5372 3476 5427 mihi
3539 5372 3681 5428 alius

2118 5465 2364 5534 spiritus.

435 5555 590 5607 ποίου
619 5555 853 5621 ἀγγέλου
885 5561 1134 5628 καταργῇ
1166 5559 1270 5624 σῦς
1317 5561 1376 5612 '0
1406 5560 1483 5622 δὲ,
1532 5562 1633 5613 Διά
1688 5561 1786 5630 τῆς
1827 5561 2077 5632 ἐμπύρου
2117 5558 2406 5640 ἀστραπῆς
2460 5557 2587 5628 ἔφη.
2644 5559 2754 5612 Καὶ
2801 5559 3190 5629 προσκυνήσας
3236 5558 3348 5627 ἐγὼ
3384 5558 3575 5630 Κυρίῳ
3603 5557 3681 5626 τῷ

435 5647 556 5716 θεῷ
584 5645 678 5700 τοῦ
738 5648 976 5718 Ἰσραὴλ,
1025 5649 1289 5704 ἐκέλευσα
1321 5652 1486 5705 αὐτὸν
1514 5653 1573 5706 ὲν
1603 5653 1833 5723 τηρήσει
1863 5648 2006 5708 εἶναι
2045 5655 2138 5706 ἐπὶ
2167 5649 2260 5705 τοῦ
2294 5647 2622 5714 Βεελζεὸούλ
2646 5664 2661 5679 ⁸
2695 5649 2886 5721 μέχρις
2917 5652 3038 5704 ὅτου
3107 5649 3193 5716 ίαξ
3237 5651 3359 5720 (sic)
3424 5649 3678 5722 παραγι-

435 5755 614 5806 νηται.
673 5739 782 5792 Καὶ
834 5741 1096 5794 ἐκέλευσα
1141 5742 1401 5812 παρεῖναί
1469 5762 1559 5815 μοι
1619 5744 1806 5814 ἕτερον
1864 5745 2158 5816 δαιμόνιον.

511 5830 613 5882 Καὶ
646 5825 773 5897 ἦλθε
801 5832 903 5899 πρὸ
925 5835 1220 5901 προσώπου
1249 5853 1348 5903 μου
1386 5835 1552 5902 κύων,
1570 5837 1630 5892 τὸ
1656 5837 1840 5905 σχῆμα
1873 5836 2010 5907 ἔχων

2195 5835 2255 5890 Et
2289 5835 2435 5892 venit
2467 5836 2519 5890 in
2565 5845 2861 5906 conspectu
2909 5849 3030 5893 meo
3094 5835 3267 5903 canis,
3321 5834 3501 5906 specie
3554 5851 3678 5892 rna-
