4424 6462
743 392 876 456 1331

1626 394 2011 458 APPENDIX
2038 395 2138 454 AD
2177 390 2631 453 MICHAELEM
2672 395 2958 456 PSELLU
2974 395 3050 454 Μ.

3853 388 3986 454 1332

737 520 902 574 gnus,
966 512 1017 558 et
1041 503 1263 559 loeutus
1293 512 1373 558 est
1399 517 1530 557 voce
1561 518 1752 570 magna
1779 506 1970 562 dicens
1998 526 2011 560 :
2041 507 2174 570 Ave,
2209 504 2309 560 do-
2339 508 2384 565 A
2416 508 2482 574 μέ

2237 505 2309 560 lo-
2339 508 2384 565 Α
2416 508 2583 574 μέγα,
2615 507 2711 559 καὶ
2741 506 2970 576 ἐλάλησε
3002 507 3150 576 φωνῇ
3193 506 3424 578 μεγάλῃ,
3451 505 3546 560 καὶ
3575 499 3752 567 εἶπεν,
3781 503 3984 572 Χαῖρε,

739 596 887 648 mine
920 609 1012 648 rex
1043 595 1324 649 Salomon.
1363 593 1713 663 Stupel‘actus
1744 612 1845 667 ego
1896 597 2156 653 Salomon
2191 596 2305 651 dixi

737 683 786 734 ei
822 700 834 734 :
871 683 1003 747 Quis
1061 700 1140 748 es,
1187 683 1380 738 canis?
1442 685 1543 750 Qui
1590 685 1662 738 ait
1702 705 1715 741 :
1755 686 1920 742 Canis
1982 689 2077 742 tibi
2119 687 2307 743 videor

739 789 891 840 esse;
926 783 1050 828 ante
1079 783 1130 828 te
1166 776 1332 838 enim,
1369 791 1459 829 rex
1487 777 1768 842 Salomon,
1800 794 1900 848 ego
1934 780 2018 834 vir
2048 795 2196 834 eram
2227 781 2306 835 l'a-

739 866 886 919 ciens
916 866 1118 932 injusta
1158 867 1208 918 in
1243 867 1444 919 nmndo
1471 867 1638 919 mudta
1661 887 1674 931 ;
1696 884 1859 936 supra
1886 869 2106 924 modum
2129 871 2308 925 scien-

739 956 844 1005 tias
879 965 1158 1009 scrutatus
1201 973 1346 1016 sum,
1391 968 1442 1010 et
1479 959 1688 1012 viribus
1733 961 1988 1027 praevalui
2046 971 2106 1015 ut
2160 971 2308 1017 astra

741 1047 861 1099 stt-li
906 1047 1278 1115 possiderem;
1320 1057 1371 1102 et
1416 1050 1646 1118 plurima
1682 1050 1910 1104 deorum
1956 1068 2122 1122 opera
2183 1069 2308 1122 per-

753 1141 849 1191 lm-i
877 1157 890 1203 ;
934 1153 1034 1205 ego
1067 1140 1210 1192 enim
1245 1140 1380 1193 la‘do
1427 1142 1675 1196 homines
1727 1152 1918 1198 nostro
1952 1145 2119 1198 sideri
2151 1145 2312 1200 obse-

739 1239 989 1298 quentes,
1024 1240 1075 1284 et
1118 1232 1172 1285 in
1227 1234 1495 1286 insaniam
1541 1244 1735 1300 verto;
1789 1246 1839 1290 et
1878 1235 2170 1294 freneticos
2209 1239 2312 1293 ho-

740 1323 914 1375 mines
946 1331 1168 1390 gutture
1210 1326 1434 1378 obtineo
1469 1334 1520 1379 et
1545 1327 1626 1380 sic
1663 1328 1951 1382 iuterlicio.
1977 1329 2093 1384 Dixi
2125 1341 2307 1386 autem

741 1414 791 1467 ei
814 1426 914 1484 ego
944 1413 1200 1468 Salomon
1241 1436 1251 1469 :
1289 1417 1442 1482 Quod
1472 1429 1554 1474 est
1585 1435 1779 1473 nomen
1816 1429 1964 1473 tuum
1993 1421 2015 1474 ?
2045 1423 2148 1486 Qui
2188 1424 2265 1475 ait
2297 1442 2306 1475 :

741 1505 992 1560 Baculus.
1030 1507 1094 1560 Et
1118 1509 1228 1562 dixi
1261 1511 1307 1561 ei
1336 1527 1349 1563 :
1382 1510 1513 1576 Quae
1543 1522 1624 1565 est
1647 1514 1890 1581 operatio
1911 1517 2047 1567 tua?
2093 1524 2148 1568 et
2179 1515 2310 1585 quid

742 1608 894 1665 potes
919 1599 1043 1654 boni
1075 1599 1293 1656 facere?
1325 1602 1383 1656 Et
1418 1604 1494 1656 ait
1529 1620 1544 1657 :
1580 1605 1652 1657 Da
1691 1606 2010 1660 mihiunum
2044 1624 2110 1661 ex
2138 1609 2314 1663 servis

741 1688 869 1750 tuis,
893 1696 945 1741 et
972 1670 1238 1744 adducam
1259 1707 1378 1745 eum
1409 1693 1459 1746 in
1490 1694 1610 1748 loco
1638 1697 1859 1759 montis,
1880 1706 1934 1752 et
1955 1700 2239 1753 ostendam
2263 1701 2312 1754 ei

741 1780 976 1848 lapidem
1040 1783 1321 1849 prasinum
1361 1784 1738 1852 ﬂuctuantem,
1768 1803 1880 1858 quo
1919 1791 2143 1848 ornabis
2170 1801 2312 1847 tem-

742 1873 886 1938 plum
926 1874 1136 1927 Domini
1172 1875 1287 1929 Dei.
1325 1875 1448 1931 Haec
1481 1878 1708 1933 audiens
1733 1895 1833 1950 ego
1865 1881 2308 1953 Salomon,jussi

744 1973 801 2016 ut
841 1965 1010 2020 abiret
1039 1981 1231 2022 servus
1266 1983 1420 2023 meus
1445 1985 1566 2024 eum
1593 1985 1681 2031 eo.
1710 1972 1916 2028 habens
1948 1977 2210 2029 annulum
2237 1979 2314 2032 si-

743 2056 852 2124 gilli
890 2055 982 2110 Dei
1015 2073 1227 2122 secum,
1272 2069 1327 2116 et
1383 2062 1494 2116 dixi
1522 2063 1571 2116 ei
1601 2082 1613 2117 :
1649 2063 1820 2128 Quem
1869 2068 1966 2120 tibi
2011 2069 2314 2124 ostenderit

743 2149 975 2218 lapidem
1010 2153 1316 2219 prasinum,
1375 2156 1528 2223 signa
1561 2156 1762 2211 annulo
1790 2157 1912 2221 hoe,
1946 2169 1998 2213 et
2029 2161 2315 2230 diligenter

746 2241 926 2294 locum
949 2244 1258 2307 considera,
1287 2257 1338 2300 et
1366 2246 1468 2301 huc
1493 2248 1792 2304 daemonem
1836 2250 2014 2306 adduc
2059 2253 2213 2307 mihi.
2247 2255 2315 2308 Et

745 2334 987 2387 ostendit
1022 2335 1069 2389 ei
1096 2335 1309 2390 dmmon
1359 2339 1596 2408 lapidem
1647 2342 1949 2409 prasinum,
1987 2352 2042 2398 et
2079 2345 2316 2415 signavit

744 2439 891 2487 eum,
923 2433 976 2479 et
1008 2426 1235 2481 adduxit
1275 2429 1407 2482 mihi
1462 2430 1836 2499 damonium;
1895 2443 1948 2489 et
1977 2436 2188 2493 decrevi
2216 2453 2314 2509 ego

745 2516 1025 2581 Salomon,
1054 2519 1494 2592 circumsignans
1545 2524 1735 2579 ambos
1763 2527 2007 2592 dextera,
2054 2538 2110 2582 ut
2140 2533 2316 2599 capite

747 2619 1022 2663 carentem
1073 2612 1324 2666 similiter
1383 2623 1436 2667 et
1468 2615 1614 2669 hunc
1667 2630 1862 2670 canem
1898 2633 2154 2688 magnum
2190 2622 2314 2675 vin-

747 2701 938 2767 cirem,
970 2711 1023 2756 et
1060 2705 1213 2758 canis
1253 2707 1550 2762 custodiret
1575 2709 1830 2777 spiritum
1854 2710 2076 2780 ignitum
2101 2720 2160 2767 ut
2182 2711 2340 2767 iam?

749 2793 1012 2862 padarum
1043 2797 1217 2851 lucem
1249 2797 1335 2851 die
1365 2813 1426 2851 ac
1476 2808 1634 2853 nocte
1683 2816 1777 2870 per
1799 2811 1986 2870 guttur
2019 2813 2300 2869 [πέρσιδι-ει

750 2883 1132 2942 laborantibus
1171 2889 1459 2956 operariis.
1493 2890 1554 2944 Et
1591 2891 1687 2946 tuli
1735 2907 1834 2961 ego
1863 2893 2120 2949 Salomon
2147 2911 2177 2951 e
2199 2911 2319 2952 me-

750 2979 880 3034 tallo
940 2981 1044 3036 hoc
1098 2983 1290 3050 lapidis
1341 2984 1611 3040 ducentos
1651 2988 1814 3042 siclos
1871 2988 1926 3042 in
1973 2991 2316 3060 Superticiem

751 3072 964 3136 altaris,
1017 3076 1270 3130 similiter
1321 3091 1420 3145 pro
1471 3086 1622 3148 parte
1671 3081 1971 3146 anteriori;
2005 3093 2058 3137 et
2089 3099 2190 3153 ego
2220 3085 2319 3139 Sa-

2411 598 2569 669 κύριε
2623 597 2845 668 βασιλεῦ
2878 598 3152 667 Σολομῶν.
3209 597 3610 666 Ἐκτεληκτικδς
3639 597 3698 650 δὲ
3744 593 3984 664 γεγονὼς

2410 693 2520 758 ἐγὼ
2541 691 2811 760 Σολομῶν,
2842 686 2995 743 εἶπον
3032 689 3180 759 αὐτῷ
3213 707 3224 719 ·
3261 691 3357 752 Τίς
3378 685 3448 755 εἴ,
3485 689 3675 755 κύωνς
3718 688 3776 742 ’0
3803 687 3858 739 δέ
3897 703 3986 754 μοι

2410 782 2535 852 ἔφη·
2564 782 2671 836 Καὶ
2708 781 2854 834 κύων
2883 798 2966 833 σοι
2986 781 3128 834 δοκῶ
3157 778 3316 845 εἶναι,
3343 781 3447 850 πρὸ
3475 781 3584 849 γὰρ
3609 779 3728 841 σοῦ,
3763 775 3986 848 βασιλεῦ

2412 874 2688 945 Σολομῶν,
2707 872 2818 941 ἐγὼ
2839 873 3128 944 ἄνθρωπος
3161 875 3330 942 ἥμην,
3361 872 3833 941 κατεργαζόμενος
3865 869 3989 922 ἁθέο

2417 983 2546 1036 μιτα
2576 967 2634 1018 ὲν
2664 965 2740 1034 τῷ
2774 966 2964 1034 κόσμῳ
2992 963 3160 1016 πολλὰ
3193 964 3316 1016 καθ’
3345 961 3651 1032 ὑπερϐολὴν
3693 959 3980 1026 φιλολογή-

2416 1072 2513 1118 σας
2547 1053 2885 1124 ὑπερίσχυσα
2915 1054 3009 1106 καὶ
3036 1054 3214 1122 ἄστρα
3235 1051 3481 1119 οὐρανῶν
3515 1050 3814 1116 κατασχεῖν
3841 1063 3853 1077 ·
3895 1046 3987 1099 καὶ

2416 1147 2639 1199 πλείονα
2670 1143 2810 1198 θεῶν
2837 1143 2974 1215 ἔργα
3005 1143 3408 1196 κατεσκεύασα.
3439 1141 3582 1208 Ἐγὼ
3608 1140 3718 1208 γὰρ
3760 1137 3984 1207 βλάπτει)

2413 1237 2735 1306 ἀνθρώπους
2757 1238 2883 1300 τοὺς
2913 1236 2989 1305 τῷ
3018 1235 3173 1305 ἡμῶν
3196 1235 3380 1304 ἄστρῳ
3409 1227 3984 1303 παρακολουθοῦντας,

2417 1331 2512 1385 καὶ
2543 1333 2620 1394 είς
2648 1330 2873 1400 ὲξηχίαν
2903 1329 3091 1396 τρέπω
3126 1344 3138 1360 ·
3171 1327 3266 1380 καὶ
3305 1326 3432 1388 τοὺς
3459 1323 3864 1394 φρενητιῶντας
3893 1321 3988 1371 ἀν-

2416 1420 2663 1490 θρώπους
2688 1421 2778 1472 διὰ
2812 1419 2906 1472 τοῦ
2936 1419 3214 1488 λάρυγγος
3249 1415 3464 1486 κρατῶ,
3491 1415 3587 1467 καὶ
3626 1414 3799 1474 οὕτως
3833 1413 3990 1463 ἀναι-

2420 1511 2516 1581 ρῶ.
2541 1511 2716 1580 Ἐςρην
2749 1509 2805 1562 δὲ
2834 1509 2982 1578 αὐτῷ
3006 1509 3115 1576 ἐγὼ
3145 1507 3423 1576 Σολομῶν·
3455 1505 3520 1559 Τί
3555 1523 3649 1558 σου
3684 1505 3744 1556 τὸ
3767 1503 3939 1571 ὄνομα
3971 1516 3986 1562 ;

2427 1606 2488 1656 Ὀ
2520 1605 2575 1656 δὲ
2608 1603 2733 1672 ἔφη,
2772 1603 2996 1664 Ῥάὄδος
3028 1617 3040 1631 ·
3063 1603 3174 1656 Καὶ
3201 1598 3373 1653 εἷπονο
3401 1601 3510 1652 Καὶ
3539 1600 3589 1651 τί
3626 1614 3717 1650 σου
3751 1597 3784 1665 ἡ
3829 1596 3991 1663 ἐργα-

2418 1694 2506 1746 σία
2541 1712 2553 1759 ;
2591 1694 2683 1746 καὶ
2719 1693 2771 1744 τί
2817 1693 3041 1745 δύνασαι
3098 1690 3448 1761 κατορθῶσαι
3490 1708 3503 1755 ;
3545 1691 3602 1742 '0
3629 1689 3685 1741 δὲ
3722 1687 3825 1756 ἔψη
3851 1701 3863 1712 ·
3893 1685 3989 1744 Δός

2423 1804 2509 1856 μοι
2561 1787 2851 1856 ἄνθρωπον
2897 1786 3008 1848 σὺν,
3066 1785 3158 1838 καὶ
3211 1785 3490 1851 ἀπαγάγω
3523 1782 3686 1836 αὑτὸν
3731 1782 3789 1833 ὲν
3838 1778 3989 1846 τόπῳ

2417 1879 2599 1947 ὅρους,
2636 1879 2730 1930 καὶ
2770 1877 2928 1940 δείξω
2957 1877 3106 1945 αὐτῷ
3133 1876 3280 1929 λίθον
3313 1877 3597 1944 πράσυνον
3630 1868 3995 1941 μετασαλευό·

2421 1984 2603 2032 μενον,
2639 1971 2696 2018 ἐν
2805 1967 3106 2035 κοσμήσεις
3141 1964 3234 2017 τὸν
3291 1964 3418 2016 ναὸν
3463 1961 3671 2031 Κυρίου
3709 1958 3803 2012 τοῦ
3833 1957 3987 2009 Θεου.

2431 2059 2637 2127 Ἐγὼδὲ
2664 2059 2936 2128 Σολομῶν,
2961 2057 3202 2120 ἀκούσας
3229 2057 3432 2118 ταῦτα,
3456 2053 3698 2116 ὑπέταξα
3725 2048 3965 2119 πορευθῆ

2419 2172 2505 2207 ναι
2535 2153 2622 2206 τὸν
2635 2153 2855 2223 οἰκέτην
2883 2171 2982 2222 μου
3013 2153 3128 2221 ἅμα
3161 2151 3331 2219 αὐτῷ,
3361 2149 3555 2219 ἔχοντα
3585 2144 3866 2200 δακτύλιον
3893 2142 3990 2210 τῆς

2420 2248 2716 2316 σφραγῖδος
2765 2246 2856 2299 τοῦ
2899 2244 3056 2309 Θεοῦ,
3095 2245 3210 2314 μετ’
3249 2241 3439 2305 αὐτοῦ,
3475 2241 3566 2295 καὶ
3601 2236 3752 2290 εἶπον
3800 2235 3948 2303 αὐτῷ
3974 2249 3987 2264 ο

2425 2340 2521 2399 Ὃς
2570 2338 2616 2390 δ’
2671 2338 2735 2391 ἂν
2782 2338 3056 2404 ἀποδείξει
3091 2354 3175 2389 σοι
3209 2336 3302 2388 τὸν
3353 2334 3501 2387 λίθον
3552 2331 3643 2384 τὸν
3694 2330 3990 2400 πρασυνον,

2426 2432 2731 2500 σφράγισον
2766 2430 2930 2484 αὑτὸν
2967 2430 3104 2499 μετὰ
3131 2429 3225 2482 τοῦ
3257 2427 3602 2482 δακτυλιδίου
3651 2424 3869 2482 τούτου,
3902 2421 3995 2472 καὶ

2420 2523 2839 2576 κατασκόπασον
2867 2521 3118 2592 ἀκριϐῶς
3148 2522 3238 2574 τὸν
3269 2523 3432 2573 τόπον
3460 2537 3474 2549 °
3532 2517 3627 2572 καὶ
3665 2514 3841 2582 ἄγαγὲ
3903 2529 3991 2580 μῦι

2419 2615 2508 2667 τὸν
2540 2614 2770 2684 δαίμονα
2828 2614 3034 2668 ἐνθάδε.
3068 2615 3174 2667 Καὶ
3201 2612 3400 2676 ἔδειξεν
3421 2611 3569 2680 αὖτῷ
3592 2612 3618 2663 ὁ
3652 2607 3861 2678 δαίμων
3898 2605 3988 2658 τὸν

2421 2708 2695 2776 πρὰσυνον
2725 2706 2894 2771 λίθον,
2921 2709 3016 2760 καὶ
3042 2706 3374 2777 ἐσφράγισεν
3405 2705 3587 2766 αὑτὸν,
3616 2703 3710 2756 καὶ
3755 2703 3988 2771 ἤνεγκεν

2419 2799 2480 2852 τὸ
2518 2799 2795 2868 δαιμόνιον
2853 2798 2988 2869 πρὸς
3020 2798 3110 2868 μέ.
3171 2800 3282 2851 Καὶ
3342 2797 3529 2864 ἔκρινα
3585 2792 3696 2862 ἐγὼ
3736 2792 3990 2860 Σολομῶν

2421 2891 2863 2960 περισφραγίσας
2903 2890 3028 2951 τοὺς
3090 2889 3182 2941 δύο
3237 2890 3304 2958 τῇ
3355 2887 3504 2956 δεξιᾷ
3555 2885 3645 2937 τὸν
3699 2882 3990 2950 ἀκέφαλον,

2419 2980 2621 3052 ὁμοίως
2661 2979 2872 3034 καὶτὸν
2899 2981 3036 3033 κύνα
3069 2979 3460 3049 προσδεδέσθαι
3513 2980 3718 3030 ἐκεῖνον
3768 2975 3858 3028 τὸν
3899 2972 3995 3041 μὲ-

2421 3089 2548 3143 γανο
2596 3076 2692 3127 καὶ
2724 3075 2815 3129 τὸν
2844 3074 2943 3144 μὲν
2970 3077 3108 3128 κύνα
3141 3075 3329 3143 τηρεῖν
3351 3073 3410 3124 τὸ
3450 3073 3713 3140 διάπυρον
3780 3065 3996 3132 πνεῦμα

753 3167 936 3220 lomon
969 3178 1257 3236 postquam
1300 3169 1514 3224 laudavi
1555 3172 1746 3236 Deum,
1801 3183 1854 3228 et
1882 3177 2130 3230 conclusi
2192 3176 2310 3232 the-
2341 3167 2388 3230 Ε
2418 3166 2495 3229 ὡς

2244 3193 2310 3232 ,e-
2341 3167 2388 3230 Ε
2418 3166 2495 3229 ὡς
2523 3165 2813 3235 λαμπάδας
2833 3166 3024 3230 νυκτὸς
3052 3168 3144 3220 καὶ
3178 3167 3387 3236 ἡμέρας
3410 3166 3496 3218 διὰ
3517 3164 3610 3217 τοῦ
3640 3161 3838 3232 λαιμοῦ
3872 3161 3991 3226 (sic)

754 3275 977 3313 saurum
1027 3260 1222 3328 lapidis
1267 3261 1452 3330 hujus,
1499 3262 1638 3332 jussi
1692 3280 1907 3322 rursum
1941 3273 1998 3320 ut
2051 3266 2323 3324 daemones

755 3363 1030 3406 marmora
1077 3352 1344 3407 caederent
1373 3354 1439 3407 ad
1472 3354 1887 3412 aediﬁcationem
1934 3371 2159 3427 operum
2189 3359 2320 3428 Dei;

755 3451 811 3497 et
853 3458 976 3496 cum
1019 3458 1260 3498 Orassem
1293 3445 1602 3510 Dominum,
1640 3462 1742 3515 ego
1770 3447 2026 3504 Salomon
2092 3451 2325 3507 interro-

757 3534 876 3599 gavi
909 3548 1097 3587 canem
1137 3553 1150 3588 :
1191 3535 1327 3600 Quis
1363 3546 1414 3591 te
1463 3537 1689 3607 angelus
1756 3539 2112 3607 impotentem
2150 3542 2326 3598 facit?

760 3629 826 3681 Et
853 3627 928 3680 ait
953 3627 1162 3682 dremon
1198 3648 1209 3682 :
1246 3627 1471 3699 Magnus
1533 3629 1746 3687 Brieus.
1771 3633 1834 3685 Et
1867 3633 2197 3692 benedicens
2226 3638 2328 3694 Do-

763 3720 969 3772 minum
1006 3719 1175 3774 Deum
1223 3723 1348 3775 coeli
1390 3731 1444 3778 et
1489 3730 1646 3778 terrae
1672 3724 1813 3794 jussi
1839 3735 1894 3781 ut
1922 3739 2131 3785 astaret
2187 3733 2328 3788 alius

760 3811 974 3866 daemon
1017 3830 1031 3867 2
1065 3810 1133 3867 Et
1166 3815 1317 3868 venit
1349 3814 1402 3868 in
1447 3828 1748 3887 conspectu
1781 3835 1899 3874 meo
1927 3821 2104 3878 leonis
2150 3823 2327 3879 forma

757 3905 1000 3973 rugiens,
1029 3915 1082 3960 et
1133 3915 1286 3962 stans
1312 3909 1591 3979 respondit
1627 3911 1758 3966 mihi
1778 3912 1967 3970 dicens
2005 3932 2017 3968 :
2057 3916 2191 3980 Rex,
2224 3917 2328 3972 sub

763 3997 936 4052 turma
973 4005 1078 4052 hac
1120 4015 1284 4068 quam
1319 4000 1516 4067 habeo,
1551 4003 1778 4074 spiritus
1825 4021 1946 4061 sum
1990 4008 2141 4062 nullo
2165 4011 2328 4065 modo

759 4089 944 4145 valens
979 4091 1321 4162 excogitari;
1358 4109 1460 4163 ego
1491 4094 1544 4148 in
1586 4109 1778 4152 omnes
1812 4098 2063 4155 homines
2095 4101 2147 4154 in
2176 4116 2324 4156 mor-

757 4183 842 4238 bis
873 4183 1121 4252 iacentes
1179 4187 1574 4254 superveniens
1634 4189 1855 4254 exsilio,
1901 4199 1954 4246 et
1998 4194 2329 4262 pertinacio-

758 4293 870 4330 rem
906 4278 1048 4332 taeio
1103 4278 1403 4345 hominem,
1461 4281 1536 4335 ita
1594 4289 1654 4335 ut
1711 4282 2070 4354 impossibilis
2130 4286 2225 4341 ﬁat
2281 4289 2328 4342 ei

757 4368 914 4424 dheta
939 4388 952 4435 ;
978 4370 1081 4426 alio
1103 4373 1313 4442 gaudeo
1338 4374 1564 4439 honore,
1586 4389 1618 4430 o
1641 4391 1772 4442 rex;
1804 4379 2103 4434 daemonem
2132 4379 2328 4449 ejicio;

2426 3260 2801 3330 παραπίπτειν
2818 3262 2925 3322 τοῖς
2939 3259 3324 3330 ἐργαζομένοις
3340 3257 3742 3328 τεχνίταις.Κα“ι
3759 3250 3869 3324 ἦρα
3887 3248 3997 3317 ἐγὼ

2427 3351 2681 3420 Σολομῶν
2709 3353 2770 3404 ὲκ
2803 3351 2896 3404 τοῦ
2929 3350 3192 3420 μετάλλου
3249 3351 3458 3404 ἐκείνου
3508 3349 3600 3401 τοῦ
3628 3347 3777 3399 λίθου
3813 3344 3998 3397 διακο-

2431 3444 2582 3505 σίους
2612 3442 2833 3508 σίκλους
2863 3444 2920 3495 ὲν
2948 3445 3057 3504 τοῖς
3087 3442 3428 3512 ἁναφοροῦσι
3455 3440 3548 3492 τοῦ
3582 3435 3995 3504 θυσιαστηρίου,

2427 3539 2488 3591 τὸ
2517 3534 2658 3600 εἶδος
2701 3535 3059 3605 ὁμοιούμενον
3089 3552 3100 3565 ·
3167 3535 3323 3603 κάγὼ
3360 3534 3417 3587 δὲ
3463 3533 3712 3602 Σολομῶν
3771 3530 3999 3594 δοξάσας

2427 3626 2635 3698 Κύριον
2680 3627 2774 3680 τὸν
2836 3626 2990 3690 Θεὸν,
3051 3627 3146 3678 καλ⁵
3194 3624 3546 3696 περικλείσας
3593 3622 3683 3675 τὸν
3725 3617 4000 3690 θησαυρὸν

2428 3720 2522 3772 τοῦ
2549 3718 2702 3772 λίθου
2730 3719 2961 3782 ἐκείνου,
3010 3719 3270 3772 ἐκέλευσα
3301 3719 3356 3771 δὲ
3389 3719 3551 3772 πάλιν
3592 3717 3715 3778 τους
3740 3713 3998 3781 δαίμονας

2434 3814 2886 3882 μαρμαροκοπείν
2925 3812 3002 3873 είς
3053 3810 3151 3872 τὰς
3190 3810 3480 3878 οἰκοδομὰς
3531 3807 3639 3862 τῶν
3697 3808 3871 3875 ἔργων
3907 3803 3999 3855 τοῦ

2430 3905 2588 3970 Θεοῦ,
2628 3905 2725 3957 καὶ
2755 3903 3048 3972 εὐξάμενος
3097 3903 3178 3972 τῷ
3229 3903 3420 3972 Κυρίῳ
3451 3899 3561 3968 ἐγὼ
3591 3897 3838 3967 Σολομῶν
3870 3898 4004 3961 επη-

2433 3996 2654 4067 ρώτησα
2687 3996 2772 4049 τὸν
2804 3997 2962 4060 κύνα,
2989 3997 3133 4064 Ποίῳ
3183 3995 3397 4062 ἀγγέλῳ
3427 3995 3678 4063 καταργῇ
3710 3990 3770 4042 σύ
3797 4006 3810 4054 ;
3857 3989 3913 4040 Ὀ
3947 3987 4004 4038 δὲ

2431 4089 2641 4159 δαίμων
2673 4088 2800 4158 ἔφη·
2829 4089 2918 4159 Τῷ
2951 4089 3169 4159 μεγάλῳ
3200 4089 3397 4158 Βριέῳ.
3431 4087 3541 4140 Καὶ
3565 4087 3862 4153 εὐλογήσας
3892 4085 4004 4134 Κύ-

2437 4199 2550 4252 ριον
2577 4181 2668 4234 τὸν
2693 4183 2828 4235 Θεὸν
2861 4183 2954 4236 τοῦ
2982 4181 3217 4253 οὐρανοῦ
3257 4183 3351 4234 καὶ
3401 4183 3499 4250 τῆς
3554 4180 3681 4248 γῆς,
3741 4179 4004 4232 ἐκέλευσα

2433 4276 2687 4351 παρεῖναί
2731 4294 2820 4346 μοι
2844 4275 3028 4346 ἕτερον
3059 4274 3307 4344 δαίμοναο
3342 4275 3436 4328 καὶ
3461 4269 3590 4343 ἦλθε
3617 4275 3724 4344 πρό
3790 4270 4005 4343 προσώ-

2435 4391 2538 4426 που
2583 4388 2685 4442 μου
2735 4370 2951 4433 λέοντος
3013 4371 3198 4439 σχῆμα
3235 4369 3587 4438 βρυχόμενοςο
3643 4368 3738 4420 καὶ
3789 4365 4008 4428 σταθεὶς

762 4461 938 4516 habeo
983 4473 1163 4518 autem
1212 4465 1463 4522 subditas
1496 4467 1628 4520 mihi
1664 4468 1943 4538 legiones;
1985 4471 2170 4526 omnia
2206 4471 2326 4526 loca
2366 4508 2408 4565 ι)
2436 4465 2509 4518 ἀπ

2256 4486 2326 4526 .ca
2366 4508 2408 4565 Β
2435 4463 2709 4565 απεκρίθη
2746 4479 2834 4565 μοι
2868 4461 3060 4565 λέγων·
3103 4461 3358 4565 Βασιλεῦ,
3387 4460 3474 4565 .τδ
3494 4461 3598 4565 μὲν
3628 4459 4003 4565 σχῆμαλτοῦτο

760 4569 845 4609 me
885 4570 1080 4623 capere
1116 4568 1366 4625 possunt,
1399 4566 1454 4613 et
1511 4560 1674 4614 simul
1711 4563 1957 4617 omnium
1992 4564 2326 4620 daemonium

763 4645 1025 4715 legionem
1053 4662 1175 4716 quae
1209 4649 1341 4702 mihi
1372 4649 1582 4705 subest.
1607 4648 1730 4706 Haec
1767 4654 1995 4708 audiens
2041 4671 2142 4724 ego
2173 4656 2331 4712 Salo-

760 4752 912 4804 mon,
939 4738 1268 4806 iuterrogavi
1295 4756 1419 4795 eum
1448 4758 1462 4795 :
1484 4742 1636 4807 Quod
1669 4759 1862 4798 nomen
1887 4747 2075 4800 tuum?
2093 4746 2195 4813 Qui
2221 4748 2329 4802 ait:

761 4828 1039 4894 Leonil'er,
1095 4833 1215 4885 rath
1246 4832 1473 4902 (nmltus
1496 4835 1550 4905 ?)
1593 4851 1813 4905 genere.
1868 4837 1986 4892 Dixi
2021 4847 2201 4894 autem
2235 4841 2282 4894 ei
2316 4860 2328 4892 :

762 4918 1049 4984 Quomodo
1085 4921 1362 4990 impotens
1395 4926 1492 4980 tias
1542 4933 1600 4980 tu
1661 4942 1784 4980 cum
1839 4927 2052 4994 legione
2103 4940 2217 4994 tua,
2252 4931 2332 4985 vel

762 5015 887 5082 quis
916 5023 968 5069 te
995 5016 1225 5087 angelus
1259 5017 1616 5087 impotentem
1677 5018 1853 5074 facit?
1890 5020 1956 5073 Et
1986 5021 2124 5076 dixit
2151 5022 2282 5076 mihi
2318 5039 2330 5072 :

764 5107 818 5161 Si
880 5123 1080 5163 nomen
1146 5109 1356 5172 dixero,
1400 5126 1511 5164 non
1583 5113 1848 5181 meipsum
1890 5113 2070 5167 vincio
2131 5115 2332 5179 solum,

765 5200 858 5256 sed
894 5212 945 5254 et
971 5200 1246 5256 subditam
1285 5202 1416 5256 mihi
1460 5203 1725 5272 legionem
1753 5205 2178 5260 dannoniorum.
2213 5207 2332 5259 Dixi

764 5298 946 5345 autem
972 5292 1018 5346 ei
1057 5310 1070 5346 :
1107 5292 1316 5362 Adjuro
1355 5302 1407 5348 te
1432 5311 1530 5362 per
1571 5310 1771 5350 nomen
1805 5296 2018 5354 Domini
2070 5298 2334 5362 Sabaoth,

766 5393 826 5437 ut
860 5384 1014 5440 dicas
1045 5400 1154 5455 quo
1185 5387 1406 5442 nomine
1438 5388 1714 5458 impotens
1749 5388 1848 5445 tias
1892 5398 1950 5444 tu
2007 5405 2129 5445 cum
2181 5403 2337 5461 pote-

769 5485 910 5530 state
938 5487 1048 5531 tua.
1082 5477 1146 5531 Et
1197 5479 1338 5532 dixit
1365 5481 1496 5533 mihi
1538 5497 1550 5532 :
1583 5479 1819 5551 Spiritus
1851 5483 1942 5552 qui
1975 5498 2072 5552 pro
2124 5485 2336 5553 magnis

769 5568 905 5625 viris
944 5571 1112 5624 multa
1145 5586 1408 5640 passurus
1435 5581 1518 5627 est
1547 5576 1614 5628 ab
1663 5575 1998 5641 hominibus,
2053 5577 2210 5646 cujus
2243 5592 2342 5632 no-

2432 4557 2460 4609 ὂ
2492 4557 2601 4625 ἔχω
2650 4556 2868 4624 πνεῦμα
2923 4553 3042 4625 εἰμὶ
3109 4553 3352 4623 μηδόλως
3383 4552 3679 4622 δυνάμενον
3720 4550 4004 4619 νοηθῆναι.

2441 4647 2582 4716 Ἐγὼ
2609 4648 2666 4699 ὲν
2699 4648 2862 4700 πᾶσιν
2918 4645 3228 4715 ἀνθρώποις
3267 4646 3380 4709 τοῖς
3432 4647 3490 4696 ἐν
3521 4644 3792 4714 νοσήμασι
3829 4660 4004 4696 κατα-

2432 4742 2707 4811 κειμένοις
2754 4739 3084 4810 ὲφορμῶμαι
3136 4739 3654 4810 παρεισερχόμενον,
3705 4740 3800 4792 καὶ
3857 4739 4011 4791 avsu—

2431 4835 2647 4904 δότερον
2681 4832 2819 4885 ποιῶ
2850 4831 2942 4884 τὸν
2966 4831 3275 4900 ἄνθρωπον,
3313 4831 3384 4895 ὡς
3412 4832 3486 4900 μὴ
3507 4830 3804 4901 δυνηθῆναι
3861 4829 4009 4898 αὖτῷ

2438 4928 2538 4997 τὴν
2566 4927 2797 4981 δίαιταν.
2829 4926 2975 4996 Ἐχω
2993 4925 3048 4979 δὲ
3077 4925 3170 4979 καὶ
3208 4925 3402 4996 ἑτέραν
3427 4925 3583 4990 δόξαν
3610 4923 3740 4992 ἐγὼ,
3768 4923 4011 4993 βασιλεῦ·

2444 5020 2704 5089 δαίμονας
2770 5018 3034 5074 ἐκϐάλλω·
3089 5018 3197 5088 ἔχω
3249 5017 3306 5070 δὲ
3372 5019 3496 5080 τοὺς
3543 5016 4013 5084 ὑποτεταγμένους

2450 5134 2540 5185 μοι
2571 5115 2841 5184 λεγεῶνας
2885 5131 2898 5144 ·
2951 5113 3200 5167 δεκτικὸν
3235 5111 3308 5178 (9)
3363 5112 3482 5183 (sic)
3513 5113 3627 5182 εἰμὶ
3654 5114 3762 5173 τοῖς
3799 5111 4014 5170 τίποις·

2448 5209 2480 5262 ἆ
2491 5227 2566 5278 μα
2592 5209 2649 5261 δὲ
2671 5212 2782 5271 τοῖς
2813 5210 2944 5264 πᾶσι
2970 5207 3188 5277 δαίμοσι
3219 5209 3330 5268 τοῖς
3351 5207 3459 5259 τῶν
3476 5206 3566 5258 ὑπ’
3591 5205 3689 5274 ἐμὲ
3713 5201 4013 5271 λεγεὼνων.

2460 5301 2603 5367 Ἐγὼ
2625 5301 2680 5354 δὲ
2704 5300 3229 5370 Σολομῶν,ἀκούσας
3255 5299 3448 5364 ταῦτα,
3478 5298 3800 5368 ἑπερώτησα
3825 5294 4010 5349 αὐτόν.

2450 5393 2514 5445 Τί
2541 5410 2634 5445 σου
2658 5394 2718 5446 τὺ
2738 5392 2929 5462 ὄνομα·
2951 5394 2978 5444 ὁ
3004 5393 3060 5446 δὲ
3088 5392 3192 5462 Eg;
3212 5391 3598 5460 Λεοντοφόρον·
3623 5389 3722 5460 {sie
3739 5388 3821 5456 τῷ
3849 5389 4016 5454 γένει·

2450 5481 2618 5538 Εἶπον
2634 5485 2690 5538 δὲ
2715 5485 2862 5556 αὐτῷ
2888 5503 2903 5516 ο
2933 5486 3057 5548 Πῶς
3084 5489 3334 5556 καταργῇ
3364 5486 3428 5538 σὺ
3456 5483 3590 5553 μετὰ
3623 5485 3719 5550 τῆς
3751 5479 4013 5547 λεγεῶνες

2451 5577 2623 5648 σου,ἦ
2666 5583 2816 5631 ποῖον
2878 5578 3110 5646 ἄγγελον
3178 5578 3298 5648 (sic)
3354 5577 3444 5630 τὸν
3503 5571 3882 5644 καταργοῦντά
3933 5587 4007 5622 σε.

839 5772 1126 5852 (_9_)_Evet.
1160 5773 1294 5852 Cod.
1339 5775 1442 5828 hoc
1475 5776 1637 5831 etiam
1703 5778 2076 5852 apographum
2112 5792 2254 5842 esse,
2291 5783 2605 5838 testimonio
2660 5790 2764 5846 est,
2835 5781 2980 5852 quod
3024 5781 3084 5851 (ί)
3163 5792 3284 5836 cum
3343 5777 3563 5850 punctis
3613 5775 3912 5833 diacriticis
3956 5775 4013 5840 (i;

768 5843 935 5902 scribi
967 5845 1124 5910 solet,
1154 5845 1374 5915 ubique.
