4424 6462
439 407 572 471 1333

1525 416 1932 480 TESTAMEN
1941 419 2108 480 TUM
2144 421 2606 487 SALOMONIS.

3568 430 3704 499 I334

435 523 580 590 Ἔφη
623 521 681 576 δέ
732 540 860 594 μοι’
900 525 1030 582 Ἐὰν
1058 525 1257 581 εἴπωσι
1290 527 1350 582 τὸ
1377 529 1570 600 ύνομα,
1627 534 1728 586 οἰκ
1789 536 2026 606 ἐμαυτὸν
2055 548 2097 607 Α
2131 556 2180 595 m

1954 537 2026 592 τὸν
2055 548 2097 607 Α
2131 556 2256 596 men
2289 543 2536 601 calculus
2563 543 2688 610 6“,
2719 545 2864 616 quod
2894 554 2974 603 est
3014 547 3360 617 Emmanuel,
3384 550 3476 622 qui
3508 550 3701 623 alliga-

433 612 686 681 δεσμεύω
723 615 905 685 μόνον,
963 616 1101 670 ἀλλὰ
1140 618 1234 672 καὶ
1266 620 1356 672 τὸν
1393 620 1479 675 ἐπ’
1511 622 1613 692 ἐμὲ
1644 623 1884 692 λεγεῶνα
1909 627 2016 682 τῶν

432 702 728 772 δαιμόνων.
764 709 940 778 Ἔφην
968 710 1022 764 δὲ
1047 711 1198 782 αύτῷ
1223 730 1235 743 ·
1256 713 1398 783 Ἐγὼ
1421 716 1627 787 ὁρκίζω
1655 735 1713 771 σε
1751 719 1811 773 τὸ
1841 720 2013 790 ὄνομα

431 793 525 847 τοῦ
555 796 689 852 Θεοῦ
717 801 970 866 Σαϐαὼθ,
1005 803 1100 856 τοῦ
1133 806 1311 859 εἰπεῖν
1346 825 1405 861 σε
1431 809 1570 880 ποίῳ
1605 809 1829 878 ὀνόματι
1874 831 2010 867 κατ-

2124 635 2198 689 νίι
2224 649 2358 695 nos;
2390 636 2485 705 qui
2511 646 2566 691 et
2591 645 2721 692 tunc
2753 649 3019 696 venturus
3052 648 3136 698 est
3169 657 3270 712 per
3303 657 3501 712 aquam
3541 644 3701 700 deor-

2120 741 2239 781 sum
2273 729 2614 797 praecipitare
2637 745 2759 790 nos.
2791 731 2845 786 in
2879 733 3054 790 tribus
3079 741 3264 790 autem
3291 733 3702 793 characteribus

2116 817 2355 886 dejicere
2377 819 2522 888 (nos)
2545 834 2669 874 cum
2707 823 2966 892 strepitu.

431 891 574 987 αργῇ
609 891 672 944 σὺ
705 893 842 961 μετὰ
871 895 967 962 τῆς
1023 897 1306 968 δυνάμεώς
1359 918 1476 958 σου.
1507 900 1638 955 Εἷπε
1667 904 1723 958 δέ
1778 923 1894 974 μοι·
1928 906 2001 961 Τὸ
2043 909 2309 980 πνεῦμαό
2346 911 2604 979 μεγάλοις
2633 913 2947 984 ἀνθρώποις
3007 916 3146 986 ἔχων
3176 917 3297 987 (sic)
3359 918 3532 971 πολλὰ
3603 935 3681 970 πα

431 985 544 1085 θεῖν
581 990 718 1085 -ύπὸ
755 993 1092 1085 ανθρώπων,
1146 993 1208 1052 οὗ
1250 1000 1310 1052 τὸ
1354 999 1527 1071 ὄνομα
1586 1002 1766 1071 ψῆφος
1833 1005 1977 1075 χμδ’.
2048 1007 2076 1058 ὃ
2115 1010 2263 1061 ἐστὶν
2299 1011 2674 1082 Ἐμμανουήλ,
2709 1012 2768 1075 ὃς
2799 1012 2896 1066 καὶ
2927 985 3256 1083 ὲδέσμευσεν
3281 985 3466 1085 γήμᾶς,
3491 1016 3548 1081 ὃς
3607 1026 3701 1079 καὶ

427 1078 550 1130 τότε
578 1081 933 1156 ὲλευσὸμενος
983 1093 1126 1144 κατὰ
1155 1092 1250 1145 τοῦ
1279 1092 1492 1160 ὕδατος,
1544 1098 1993 1168 κρημνοὸαπτίσε
2037 1101 2202 1171 ἡμᾶς·
2238 1106 2297 1157 ὲν
2323 1105 2378 1157 δὲ
2403 1108 2515 1168 τοῖς
2578 1106 2725 1174 τριτὶ
2758 1110 3104 1178 χαρακτῆρσι
3140 1111 3480 1178 κατάγουσαι
3551 1127 3712 1183 περι-

437 1176 760 1247 ηχούμενον.

498 1270 672 1338 Κάγὼ
725 1274 1001 1344 Σολομῶν,
1035 1278 1277 1344 ἀκούσας
1334 1283 1507 1336 ταῦτα
1533 1285 1626 1338 καὶ
1653 1285 1886 1352 δοξάσας
1919 1289 2014 1341 τὸν

429 1362 584 1426 Θεὸν,
642 1370 942 1437 κατέκρινα
971 1370 1138 1424 αὐτοῦ
1166 1371 1257 1426 τὸν
1275 1373 1520 1442 λεγεῶνα
1563 1376 1875 1448 ξυλοφορεῖν
1903 1381 2014 1432 ἀπὸ

429 1452 660 1521 δρυμοῦ,
695 1457 858 1511 αὑτὸν
891 1460 950 1513 δὲ
974 1461 1066 1514 τὸν
1094 1462 1495 1536 λεοντόμορφον
1514 1469 1814 1541 κατέκρινα
1839 1487 2014 1522 κατα-

429 1544 646 1612 πρίζειν
676 1547 849 1602 λεπτὰ
874 1553 988 1615 τοῖς
1017 1551 1232 1607 ὀδοῦσιν
1261 1592 1276 1618 ,
1314 1557 1396 1620 είς
1429 1557 1737 1612 ὑπόκαυσιν
1756 1561 1860 1628 τῆς
1911 1577 2010 1614 κα-

433 1635 588 1702 μίνου
607 1637 708 1704 τῆς
724 1639 993 1694 ἀσϐέστου
1024 1645 1104 1707 εἰς
1123 1643 1213 1697 τὸν
1233 1647 1361 1700 ναὸν
1393 1648 1602 1717 Κυρίου
1619 1650 1715 1701 τοῦ
1737 1649 1899 1714 Θεοῦ,
1915 1651 2012 1704 καὶ

429 1732 820 1801 προσκυνήσας
848 1734 1054 1805 Κύριον
1081 1737 1170 1791 τὸν
1206 1739 1337 1792 Θεὸν
1354 1740 1449 1792 τοῦ
1480 1741 1717 1812 Ἰσραὴλ,
1745 1743 2006 1797 ἐκέλευσα

429 1823 687 1890 παρεῖναί
707 1841 797 1890 μοι
819 1825 1008 1896 ἕτερον
1025 1828 1276 1898 δαίμονα.
1303 1831 1411 1884 Καὶ
1429 1827 1558 1901 ἦλθε
1580 1833 1686 1900 πρὸ
1706 1833 2003 1904 προσώπου

2189 1290 2255 1345 Et
2279 1305 2377 1360 ego
2399 1288 2658 1344 Salomon
2683 1289 2796 1343 hinc
2820 1290 3072 1356 audiens,
3099 1299 3152 1346 et
3170 1291 3483 1362 glorificans
3503 1294 3677 1348 Deum

2117 1383 2478 1439 condcmnavi
2517 1383 2783 1451 legionem
2808 1385 2927 1449 ejus
2953 1390 3012 1436 ut
3054 1384 3199 1454 ligna
3254 1395 3624 1455 comportaret
3675 1403 3706 1441 a

2116 1477 2294 1539 saltu;
2328 1476 2504 1545 ipsum
2530 1482 2710 1528 autem
2745 1474 3174 1540 Leoniformem,
3202 1485 3262 1532 ut
3289 1476 3461 1532 frusta
3494 1486 3708 1532 secaret

2118 1568 2378 1622 dentibus
2400 1565 2465 1620 ad
2505 1566 2850 1620 exustionem
2881 1567 3080 1621 camini
3105 1582 3320 1638 semper
3355 1568 3602 1625 ardentis
3651 1571 3704 1624 in

2117 1659 2380 1726 templum
2416 1655 2633 1710 Domini
2666 1655 2757 1709 Dei
2787 1673 2802 1719 ;
2836 1665 2887 1708 et
2919 1664 3211 1724 postquam
3243 1657 3465 1711 adoravi
3531 1657 3709 1712 Domi-

2121 1763 2250 1801 num
2292 1749 2458 1802 Deum
2495 1747 2683 1810 Israel,
2711 1747 2852 1815 jussi
2881 1758 2937 1801 ut
2965 1748 3186 1803 adesset
3228 1747 3358 1801 mihi
3409 1749 3550 1803 alius
3595 1748 3704 1801 dar-

2116 1856 2266 1895 mon.
2308 1841 2375 1896 Et
2427 1841 2581 1894 venit
2611 1840 2664 1892 in
2700 1851 2996 1908 conspectu
3028 1855 3150 1894 meo
3210 1839 3380 1895 draco
3437 1840 3705 1908 tricepha-

422 1911 642 1981 δρίικων
695 1917 1024 1987 τρικέφαλος
1078 1920 1465 1992 φοϐερόχροος·
1525 1924 1620 1976 καὶ
1676 1926 2008 1997 ὲπερώτησα.
2043 1952 2084 2010 Β
2115 1931 2166 1984 lu

1956 1943 2008 1980 ra
2043 1952 2084 2010 Β
2115 1931 2200 1985 lus
2231 1930 2503 1986 tremendi
2533 1931 2754 1993 coloris,
2789 1938 2842 1983 et
2874 1930 3205 1997 interrogavi
3227 1945 3350 1984 eum
3388 1946 3401 1984 :
3439 1930 3518 1982 Tn
3575 1930 3703 1998 quis

423 2005 619 2059 αὐτόν·
657 2008 728 2060 Σὺ
757 2010 840 2071 τίς
875 2007 957 2077 εἷ;
991 2014 1030 2065 0
1058 2013 1113 2067 δέ
1146 2032 1236 2083 μοι
1263 2015 1369 2084 ἔφη
1393 2033 1406 2047 ·
1441 2017 1668 2085 Πνεῦμα
1700 2019 2008 2087 τριϐόλαιόν

424 2097 561 2166 εἰμὶ,
599 2099 656 2151 ὲν
687 2102 836 2171 τρισὶ
872 2105 1103 2172 πράξεσι
1158 2108 1659 2178 κατεργαζόμενον.
1699 2111 1838 2178 Ἐγὼ
1864 2111 1920 2164 δὲ
1951 2113 2008 2164 ὲν

423 2191 604 2262 κοιλία
633 2195 912 2260 γυναικῶν
943 2198 1130 2264 τυφλῶ
1154 2201 1220 2253 τὰ
1243 2201 1453 2254 παιδίαο
1487 2202 1582 2255 καὶ
1613 2196 1728 2256 ὦτα
1759 2203 2004 2256 ἐπιδινῶ·

423 2282 516 2335 καὶ
550 2285 689 2337 ποιῶ
720 2285 871 2355 βωϐὰ
899 2290 993 2342 καὶ
1019 2291 1196 2358 κωφόι·
1229 2294 1324 2346 καὶ
1347 2295 1470 2363 ἐμοὶ
1500 2297 1609 2367 γὰρ
1633 2296 1800 2349 πάλιν
1857 2299 1916 2349 ὲν
1940 2300 2004 2369 τῇ

420 2372 582 2446 τρίτῃ
607 2393 701 2444 μοι
755 2379 964 2450 κεφαλῇ
1019 2381 1255 2438 ύπόδυνα
1303 2385 1448 2454 (sic)°
1498 2387 1591 2440 καὶ
1636 2387 1829 2440 τύπτω
1879 2391 2006 2454 τοὺς

420 2464 744 2536 ἀνθρώπους
771 2471 912 2524 κατὰ
938 2473 1000 2526 τὸ
1033 2474 1242 2538 ἀκωδὸς
1274 2477 1387 2547 (10)
1418 2478 1539 2548 (sic)
1575 2480 1670 2533 τοῦ
1699 2480 1954 2551 σώματος
1986 2499 1999 2514 ⁸

422 2559 516 2610 καὶ
550 2560 692 2613 ποιῶ
715 2565 1084 2620 καταπίπτειν
1111 2567 1201 2621 καὶ
1224 2569 1479 2639 ἀφρίζειν
1512 2575 1604 2625 καὶ
1633 2573 1838 2644 τρίζειν
1876 2575 2004 2640 τοὺς

418 2649 640 2715 ὀδόντας
661 2669 675 2684 ο
735 2655 846 2726 ἔχω
875 2657 932 2710 δὲ
961 2659 1166 2728 τρόπον
1201 2661 1258 2713 ὲν
1279 2654 1322 2728 ᾧ
1352 2664 1760 2735 καταργοῦμαι’
1788 2667 1998 2736 ὑποση-

423 2740 752 2810 μειουμένης
802 2746 906 2815 τῆς
975 2747 1358 2821 Ἰερουσαλὴμ,
1418 2754 1497 2817 εἰς
1549 2755 1641 2808 τὸν
1698 2756 1999 2825 λεγόμενον

420 2831 585 2886 τόπον
619 2835 951 2902 Κεφάλαιον.
994 2838 1144 2893 Ἑκεῖ
1188 2843 1300 2912 γὰρ
1348 2845 1660 2914 προώριστο
1685 2850 1712 2899 ὸ
1737 2849 2001 2915 Ἀγγελος

420 2920 518 2990 τῆς
559 2924 806 2995 μεγάλης
829 2926 1047 2998 βουλῆςο
1076 2931 1171 2983 καὶ
1205 2932 1302 2985 νῦν
1335 2936 1588 3003 φανερῶς
1615 2937 1663 2988 τ’
1715 2939 1809 2990 ἐπὶ
1837 2938 1997 3003 ξύλου

419 3013 634 3082 οἰκήσει
683 3019 892 3082 ἐκεῖνός
922 3039 987 3089 με
1047 3028 1314 3093 καταργεῖ
1345 3029 1403 3079 ἐν
1507 3030 1913 3100 ὑποτέταγμαιο
1941 3035 1998 3086 ὲν

419 3103 477 3157 δὲ
498 3107 575 3176 τῷ
612 3109 764 3180 τόπῳ
794 3113 852 3164 ἐν
888 3106 930 3181 ᾧ
958 3115 1184 3190 καθὲζῃ,
1225 3118 1446 3187 βασιλεῦ
1494 3123 1768 3192 Σολομῶν,
1806 3127 1998 3197 στήκει

421 3194 557 3248 κίων
605 3201 700 3254 ἐπὶ
745 3202 840 3255 τοῦ
874 3205 1060 3276 ἀέρος’
1091 3211 1638 3280 πορφυροδανόμενος
1676 3216 1703 3268 ὁ
1738 3194 1996 3285 δαίμωνό

2112 2021 2306 2077 es?Et
2337 2022 2414 2076 ait
2451 2023 2584 2075 mihi
2612 2039 2626 2077 ;
2661 2023 2902 2090 Spiritus
2935 2022 3132 2090 triplex
3167 2037 3311 2086 sum,
3362 2023 3540 2076 trihns
3571 2021 3703 2076 acti-

2113 2117 2217 2170 bus
2247 2125 2554 2182 occupatus
2591 2133 2605 2169 :
2649 2129 2750 2184 ego
2784 2112 2928 2167 enim
2969 2115 3022 2167 in
3077 2113 3203 2168 sinu
3259 2113 3550 2168 mulierum
3605 2130 3701 2169 ex-

2111 2221 2257 2261 caco
2281 2206 2562 2274 parvulos,
2604 2213 2657 2260 et
2689 2220 2852 2259 aures
2881 2214 3135 2274 torqueo,
3161 2214 3214 2259 et
3249 2204 3390 2260 facio
3418 2207 3700 2274 vagientes

2109 2303 2162 2350 et
2193 2295 2413 2357 surdos,
2446 2309 2570 2348 nam
2623 2295 2677 2348 in
2730 2295 2892 2348 tertio
2947 2294 3127 2364 capite
3175 2309 3296 2349 meo
3333 2309 3529 2350 rursus
3580 2296 3701 2350 illa-

2107 2388 2318 2443 buntur
2344 2407 2358 2450 ;
2395 2388 2647 2443 homines
2675 2387 2926 2456 percutio
2949 2386 3003 2440 in
3033 2387 3282 2441 inferiori
3313 2395 3469 2456 parte
3499 2401 3699 2456 corpo-

2107 2482 2206 2546 ris,
2237 2489 2293 2536 et
2321 2481 2463 2536 facio
2497 2489 2556 2534 ut
2589 2479 2814 2544 cadant,
2843 2488 2898 2534 et
2935 2493 3164 2549 spumas
3189 2477 3354 2533 edant
3382 2518 3397 2543 ,
3429 2486 3484 2533 et
3515 2478 3697 2533 denti-

2105 2574 2208 2630 bus
2243 2575 2512 2637 fremant;
2545 2582 2629 2627 est
2661 2572 2790 2625 mihi
2811 2571 3008 2626 modus
3029 2587 3138 2640 quo
3165 2571 3399 2626 imbellis
3424 2571 3492 2624 fio
3519 2588 3533 2624 :
3559 2587 3697 2636 prte-

2104 2665 2412 2734 signiﬁcata
2428 2662 2754 2725 Jerusalem,
2772 2663 2964 2733 inlloco
2983 2663 3075 2732 qui
3091 2663 3294 2741 dicitur
3305 2664 3650 2732 Cephalazum
3675 2680 3691 2717 :

2105 2757 2180 2811 ibi
2215 2755 2358 2810 enim
2377 2755 2810 2825 prmdestinatus
2844 2763 2928 2810 est
2956 2755 3200 2825 Angelus
3237 2755 3419 2822 magni
3454 2754 3693 2814 consilii.

2103 2855 2156 2901 et
2196 2849 2325 2901 olim
2361 2856 2548 2914 aperte
2603 2861 2769 2916 super
2823 2847 3032 2918 lignum
3085 2847 3370 2913 manebit;
3437 2847 3556 2914 ipse
3611 2860 3697 2901 me

2096 2940 2312 3010 jussum
2342 2955 2502 3011 agere
2531 2955 2641 2995 non
2672 2941 2803 2995 sinit
2833 2957 2848 3008 ;
2881 2948 2934 2993 et
2965 2941 3019 2994 in
3054 2940 3186 3006 .loco
3237 2940 3326 2995 ubi
3373 2940 3553 3003 sedes,
3598 2953 3690 2993 rex

2101 3032 2386 3096 Salomon,
2415 3034 2582 3088 stabit
2617 3034 2874 3087 columna
2909 3034 2962 3087 in
3013 3047 3160 3096 aere,
3219 3049 3249 3087 e
3301 3033 3444 3085 mari
3503 3029 3695 3085 Rubro

2099 3126 2297 3178 educta
2332 3139 2362 3177 a
2397 3124 2730 3195 porphyrino
2761 3123 3010 3179 daemone
3042 3126 3136 3194 qui
3166 3125 3374 3178 dicitur
3425 3123 3690 3194 Ephipas,

2099 3216 2192 3284 qui
2223 3217 2292 3270 ab
2323 3216 2571 3270 interiori
2603 3215 2801 3269 Arabia
2837 3215 2892 3268 in
2933 3229 3076 3271 nave
3105 3217 3358 3271 inclusus
3389 3216 3695 3270 adducetur

422 3287 715 3356 λεγόμενος
744 3295 977 3362 Ἐφιπᾶς
1013 3299 1122 3352 ἀπὸ
1145 3302 1242 3368 τῆς
1269 3303 1538 3374 Ἐρυθρᾶς
1561 3305 1838 3376 Θαλάσσης
1865 3311 1994 3364 ἀνα·
2023 3304 2064 3362 C
2099 3321 2166 3360 an

1939 3328 1994 3364 α-
2023 3304 2064 3362 C
2099 3315 2228 3361 ante
2266 3315 2338 3360 te.
2377 3306 2445 3359 Et
2467 3307 2522 3360 in
2554 3306 2735 3375 capite
2770 3306 2959 3375 templi
2987 3306 3134 3376 quod
3158 3308 3372 3379 coepisti
3397 3307 3686 3364 aedificare.

419 3382 607 3448 γαγὼν
635 3385 742 3437 ἀπὸ
772 3389 872 3456 τῆς
913 3388 1024 3443 ἔσω
1078 3392 1344 3460 Ἀραϐίας
1370 3411 1384 3423 ·
1426 3396 1576 3460 ὅστις
1599 3399 1694 3451 καὶ⁵
1716 3399 1797 3463 είς
1829 3401 1998 3456 ἀσκὸν

419 3473 836 3539 κατακλεισθεὶς
898 3480 1295 3550 κομισθήσεται
1355 3485 1668 3556 ἔμπροσθέν
1700 3507 1795 3542 σου
1825 3508 1837 3520 °
1863 3495 1920 3544 ὲν
1943 3494 1998 3544 δὲ

417 3566 485 3632 τῇ
517 3566 660 3635 ἀρχῇ
717 3569 811 3622 τοῦ
859 3570 991 3623 ναοῦ
1042 3574 1214 3644 ὅνπερ
1264 3577 1416 3645 ἤρξω
1476 3579 1706 3645 κτίζειν,
1775 3582 1996 3653 βασιλεῦ

420 3657 695 3726 Σολομῶν,
752 3663 1043 3718 ἀπόκειται
1098 3667 1322 3735 χρυσίον
1367 3671 1536 3732 πολὺ,
1592 3673 1730 3743 ὅπερ
1796 3674 1999 3745 ὀρύξας

419 3745 554 3822 ἆρον
583 3770 598 3784 ·
652 3755 824 3823 Κάγὼ
852 3758 1130 3826 Σολομῶν,
1167 3762 1496 3826 ἀποστείλας
1529 3766 1621 3818 τὸν
1673 3769 1835 3822 παῖδοὶ
1871 3787 1995 3839 μου,

419 3839 579 3916 εὗρον
608 3848 788 3912 καθὼς
817 3847 939 3903 εἷπὲ
976 3870 1069 3920 μοι
1101 3853 1161 3905 τὸ
1209 3855 1492 3924 δαιμόνιον
1520 3875 1531 3887 ·
1570 3860 1663 3911 καὶ
1688 3863 1998 3929 σφραγίσας

417 3938 495 4007 τῷ
515 3941 840 4013 δακτυλιδίῳ
904 3945 1076 4014 ᾔνεσα
1142 3948 1352 4017 Κύριον
1385 3951 1474 4003 τὸν
1523 3951 1686 4005 Θεόν·
1725 3951 1880 4009 εἷπον
1905 3952 1998 4010 οῦν

417 4032 566 4101 αύτῷ
587 4049 600 4064 ·
628 4034 694 4086 Τί
727 4034 791 4087 σὺ
841 4032 1053 4104 λέγεις;
1082 4041 1108 4090 ὁ
1139 4041 1349 4111 δαίμων
1411 4041 1516 4114 ἔφη
1537 4059 1552 4074 ο
1589 4046 1817 4116 Κορυφὴ
1867 4049 1999 4118 δρα-

419 4126 628 4178 κόντων
667 4130 787 4197 εἰμί
812 4147 825 4161 ο
862 4131 958 4182 καὶ
996 4132 1265 4185 ἐκέλευσα
1326 4135 1490 4187 αὑτὸν
1527 4136 1911 4207 πλινθουργεῖν
1937 4143 1996 4194 ὲν

416 4217 495 4285 τῷ
526 4220 657 4287 ναῷ·
707 4215 854 4291 εἶχεν
881 4225 1072 4292 χεῖρας
1111 4224 1447 4294 ἀνθρώπων·
1477 4229 1569 4280 καὶ
1603 4233 1995 4302 προσκυνήσας

418 4309 625 4380 Κύριον
685 4312 776 4365 τὸν
838 4313 974 4366 Θεὸν
1014 4315 1108 4367 τοῦ
1157 4317 1399 4387 Ἰσραὴλ,
1425 4320 1689 4373 ἐκέλευσα
1737 4326 1994 4392 παρεῖναί

420 4418 510 4469 μοι
545 4402 732 4473 ἕτερον
756 4403 1014 4473 δαίμονα.
1051 4407 1160 4460 Καὶ
1192 4403 1358 4478 ἦλθεν
1392 4410 1500 4480 πρὸ
1561 4413 1861 4478 προσώπου
1892 4433 1992 4484 μου

418 4493 636 4560 πνεῦμα
696 4497 1067 4562 γυναικοειδὲς
1094 4497 1194 4569 τὴν
1251 4502 1496 4571 κορυφὴν
1558 4505 1863 4575 κατέχουσα
1888 4509 1996 4562 ἀπὸ

2104 3415 2197 3453 rex
2218 3397 2504 3460 Salomon.
2532 3399 2659 3452 latet
2680 3413 2873 3453 aurum
2897 3399 3151 3463 multum,
3170 3399 3316 3469 quod
3339 3408 3394 3454 tu
3425 3399 3688 3454 effossum

2102 3490 2251 3546 tolle.
2283 3490 2344 3543 Et
2377 3505 2478 3558 ego
2515 3488 2796 3555 Salomon,
2834 3492 3057 3550 mittens
3087 3507 3318 3561 puerum
3367 3507 3568 3557 meum,
3601 3492 3690 3547 in-

2103 3581 2223 3635 veni
2271 3580 2416 3634 sicut
2459 3581 2596 3634 dixit
2650 3581 2783 3634 mihi
2824 3583 3076 3647 dwmon;
3127 3593 3181 3638 et
3229 3593 3521 3653 postquam
3562 3598 3687 3638 eum

2103 3674 2308 3727 annulo
2369 3673 2619 3742 signavi.
2679 3675 2894 3728 laudavi
2956 3675 3242 3730 Dominum
3310 3675 3500 3730 Deum.
3567 3675 3688 3730 Dixi

2102 3782 2233 3834 ergo
2277 3767 2326 3820 ei
2380 3784 2390 3817 :
2445 3766 2543 3836 (De
2599 3772 2674 3836 tc)
2707 3768 2836 3836 quid
2869 3768 3011 3822 dicis
3063 3769 3178 3839 (seu
3237 3769 3366 3838 quis
3418 3769 3690 3839 diceris)?

2103 3860 2402 3929 Respondit
2433 3861 2644 3914 daztnon
2681 3875 2693 3911 :
2725 3861 2897 3930 Caput
2941 3876 3062 3916 sum
3113 3861 3416 3915 draconﬂm
3445 3878 3460 3921 :
3495 3871 3548 3916 et
3579 3862 3688 3916 im-

2102 3955 2285 4024 peravi
2325 3967 2382 4009 ut
2408 3956 2610 4010 lateres
2647 3964 3003 4023 componeret
3031 3957 3084 4008 in
3117 3956 3417 4024 templum;
3450 3954 3686 4010 habebat

2102 4062 2299 4103 manus
2349 4046 2611 4101 hominis.
2657 4048 2722 4101 Et
2766 4048 2992 4102 adorato
3054 4046 3286 4103 Domino
3333 4047 3442 4102 Deo
3482 4049 3682 4114 Israel,

2094 4140 2236 4206 jussi
2271 4151 2330 4193 ut
2382 4139 2600 4195 adesset
2656 4140 2785 4193 mihi
2843 4140 2983 4194 alius
3039 4140 3275 4194 damon.
3325 4140 3390 4194 Et
3430 4142 3579 4195 venit
3630 4141 3686 4196 in

2100 4242 2394 4300 conspectu
2464 4247 2586 4287 meo
2642 4233 2873 4302 spiritus
2929 4233 3148 4288 feminae
3197 4233 3414 4300 similis,
3463 4235 3550 4288 cui
3608 4243 3689 4288 tot

2099 4327 2277 4395 capita
2325 4336 2458 4394 quot
2497 4327 2762 4390 membra,
2811 4335 2866 4380 et
2910 4327 3158 4382 crinibus
3210 4328 3432 4393 soluta;
3465 4335 3520 4382 et
3567 4327 3683 4381 dixi

2101 4418 2166 4472 ad
2201 4434 2322 4472 eam
2355 4435 2368 4472 :
2405 4418 2590 4474 Indica
2625 4419 2752 4472 mihi
2787 4436 2908 4489 qua:
2938 4421 3036 4477 sis.
3070 4419 3204 4487 Quae
3237 4424 3334 4475 ait.
3372 4421 3437 4474 Et
3465 4430 3520 4474 tu
3559 4421 3686 4490 quis

2099 4527 2158 4567 cs
2185 4513 2208 4565 ?
2235 4512 2328 4566 Vel
2364 4514 2493 4582 quid
2525 4529 2664 4583 opus
2691 4515 2860 4569 habes
2894 4516 3086 4570 audire
3138 4531 3261 4585 quae
3311 4514 3380 4569 ad
3427 4529 3516 4568 me
3554 4514 3684 4569 atti-

418 4582 619 4644 παντὸς
671 4585 892 4653 μέλουςο
927 4587 1020 4638 καὶ
1041 4587 1141 4650 τὰς
1171 4588 1493 4662 λυσίτριχας
1541 4595 1662 4654 ταῖς
1700 4595 1866 4664 θριξίο
1899 4599 1993 4651 καὶ
2019 4637 2072 4698 D
2100 4619 2165 4658 nc

418 4673 552 4698 ιαμ..
609 4673 742 4698 --ὶ-
778 4676 977 4698 ...ον-λη-
1028 4677 1150 4698 ιι-.-
1392 4682 1404 4698 ι
1489 4683 1501 4698 ο
1610 4679 1632 4698 Ir
1709 4684 1769 4698 η-
1810 4687 1850 4698 --
1888 4687 1909 4698 .-

1932 4599 1993 4651 ιαὶ
2019 4637 2072 4698 D
2100 4605 2273 4658 nent?
2298 4604 2366 4658 At
2413 4605 2458 4659 si
2491 4606 2575 4661 vis
2615 4606 2861 4672 discere,
2897 4616 2983 4662 sto
3032 4609 3176 4662 enim
3233 4611 3413 4664 vincta
3445 4607 3499 4661 in
3545 4623 3679 4662 con-

416 4673 552 4742 ἔφην
606 4673 742 4746 πρὸς
774 4676 978 4746 αὑτήν·
1015 4677 1155 4747 Λέγε
1207 4696 1320 4746 μοι,
1355 4682 1418 4735 σὺ
1449 4683 1534 4745 τίς
1582 4679 1665 4750 εἶ;
1709 4684 1769 4738 ῚΙ
1805 4687 1862 4740 δὲ
1885 4687 1990 4759 ἔφη

417 4764 529 4816 Καὶ
555 4763 640 4827 τίς
673 4764 738 4816 σὺ
775 4762 847 4831 εἴ,
869 4767 901 4836 ἢ
923 4767 1044 4821 τίνα
1085 4770 1279 4838 χρείαν
1311 4770 1458 4840 ἔχεις
1485 4773 1714 4826 ἀκοῦσαι
1755 4775 1823 4829 τὰ
1873 4779 1991 4831 κατ’

415 4854 551 4923 ἐμοῦ
583 4872 597 4922 ;
653 4856 794 4909 Ἀλλ’
828 4859 876 4910 εἰ
909 4857 1082 4922 θέλεις
1116 4859 1308 4929 μαθεῖν
1330 4879 1344 4892 ·
1377 4866 1564 4931 στήκω
1594 4867 1702 4935 γὰρ
1733 4867 1990 4938 δεδεμένη

415 4943 522 5017 πρὸ
546 4948 843 5020 προσώπου
894 4968 1012 5012 σου,
1048 4953 1349 5022 πορεύθητι
1379 4956 1473 5008 οῦν
1497 4957 1554 5009 ἐν
1584 4961 1698 5020 τοῖς
1744 4962 1994 5028 ταμείοις

2101 4700 2293 4763 speetu
2352 4702 2482 4760 tuo,
2553 4694 2692 4750 vade
2773 4697 2828 4750 in
2903 4699 3068 4753 cellas
3138 4708 3264 4754 tuas
3332 4699 3549 4768 regias,
3624 4707 3681 4753 et

2100 4793 2390 4853 postquam
2431 4801 2624 4842 manus
2655 4788 2931 4852 ablueris,
2961 4789 3090 4844 scale
3139 4790 3334 4844 iterum
3398 4799 3526 4844 ante
3582 4791 3685 4845 tri-

2100 4875 2263 4928 bunal
2302 4887 2453 4930 tuum
2483 4893 2496 4940 ;
2543 4886 2596 4931 et
2631 4887 2762 4935 tunc
2795 4881 3160 4951 interrogabis
3194 4897 3278 4936 me
3305 4926 3320 4948 ,
3371 4890 3424 4937 et
3476 4881 3679 4945 disces,

2101 4981 2218 5029 rex,
2261 4983 2382 5036 qua:
2415 4969 2516 5022 sim
2554 4986 2674 5040 ego.
2781 4978 2785 4982 ’

417 5056 513 5094 σου
539 5044 652 5142 toi;
690 5041 1016 5142 βασιλικοίς,
1049 5047 1157 5142 καὶ.
1174 5048 1472 5142 νιιξιάμενος
1495 5049 1592 5112 τὰς
1621 5053 1833 5121 χεῖρας,
1909 5055 2071 5111 πάλιν
2114 5059 2362 5126 καθήσας
2417 5063 2525 5133 πρὸ
2587 5063 2682 5116 τοῦ
2737 5064 2981 5137 βήματός
3007 5085 3122 5132 σου,
3191 5067 3312 5123 τότε
3380 5071 3681 5142 ἐρωτήσεις

419 5148 507 5201 με,
538 5134 632 5187 καὶ
663 5135 904 5206 μαθήσῃ,
937 5135 1188 5205 βασιλεῦ,
1211 5139 1294 5201 τίς
1323 5141 1436 5209 είμι
1461 5143 1592 5211 ἐγώ.

483 5227 596 5278 Καὶ
624 5226 783 5280 τοῦτο
815 5229 1050 5299 ποιήσας
1075 5231 1186 5299 ἐγώ
1204 5233 1481 5299 Σολομῶν,
1510 5238 1695 5299 καθὼς
1725 5241 1990 5306 συνέταξε

419 5334 528 5386 μοι,
587 5321 899 5390 ἠνεσχόμην
925 5322 1012 5375 διὰ
1053 5324 1151 5395 τὴν
1210 5326 1437 5380 ἐνοῦσαν
1494 5348 1586 5399 μοι
1660 5334 1990 5400 σοφίαν,ἱ’να

416 5409 630 5478 δυνηθῶ
685 5411 916 5465 ἀκοῦσαι
987 5413 1086 5476 τὰς
1129 5416 1357 5484 πράξεις
1413 5419 1604 5486 αὐτῆς,
1648 5422 1740 5474 καὶ
1772 5422 1988 5490 ἐλέγξαι

415 5500 611 5566 αὑτὰς,σ
631 5504 725 5554 καὶ
752 5505 1071 5576 φανερῶσαι
1103 5511 1216 5571 τοῖς
1256 5510 1586 5580 ἀνθρώποις,
1619 5515 1712 5567 καὶ
1741 5515 1988 5586 καθήσεις

417 5591 594 5660 [φησει
633 5595 767 5664 πρὸς
797 5598 889 5650 τὸν
926 5598 1182 5669 δαίμονα,
1225 5600 1320 5666 Τίς
1350 5598 1439 5656 εἷο
1474 5605 1585 5657 Kai
1609 5599 1798 5658 εἶπενο
1846 5607 1990 5676 Ἐγὼ

492 5859 604 5930 (10)
651 5861 875 5928 είκώδος
903 5894 970 5904 —
997 5864 1242 5932 είκώδες.

2174 5239 2391 5295 Etcum
2428 5241 2541 5296 Inee
2569 5241 2818 5297 fecissem
2848 5259 2948 5316 ego
2980 5245 3262 5314 Salomon,
3299 5251 3442 5304 sicut
3473 5265 3678 5319 pra-ee-

2101 5343 2255 5403 perat
2294 5335 2445 5399 mihi,
2479 5337 2870 5392 contendebam
2908 5355 3004 5409 per
3031 5340 3247 5395 insitam
3281 5341 3413 5394 mihi
3454 5343 3675 5410 sapien-

2100 5427 2269 5491 tiam,
2331 5435 2389 5480 ut
2460 5441 2676 5496 possem
2733 5431 2926 5487 audire
2998 5434 3344 5502 operationcs
3396 5434 3557 5506 ejus,
3619 5445 3674 5490 et

2099 5530 2256 5575 notas
2307 5521 2523 5589 aperire
2571 5522 2922 5593 hominibus;
2984 5537 3038 5581 et
3077 5527 3274 5583 sedens
3314 5527 3421 5582 dixi
3456 5527 3522 5582 ad
3557 5527 3643 5583 da:

2101 5625 2363 5668 monem:
2407 5612 2539 5678 Qua:
2590 5630 2650 5671 es
2696 5617 2803 5670 tu?
2859 5617 2926 5672 Et
2974 5617 3051 5671 ait
3094 5637 3107 5673 :
3164 5617 3278 5687 Ego
3322 5618 3478 5674 dicor
3526 5618 3672 5688 apud
