4424 6462
441 418 581 484 1337

1536 427 1838 489 TESTAM
1858 428 2128 492 ENTUM
2168 432 2622 500 SALOMONIS.

3571 442 3709 508 I338

438 552 605 603 ματος
637 536 802 590 αὐτοῦ
836 535 1088 604 ἐξελθὼν,
1151 539 1420 612 ἐνέπρησε
1474 546 1564 595 τὸν
1618 545 1878 617 δρυμῶνα
1942 546 2036 599 τοῦ
2082 550 2348 617 Λιϐάνου,
2401 552 2498 608 καὶ
2560 554 2853 627 ἐνεπύρισε
2895 555 3070 612 πάντα
3133 556 3202 613 τὰ
3243 557 3399 625 ξύλα,
3432 560 3574 630 ’άπερ
3627 566 3708 627 εἰς

432 631 525 690 τὸν
550 631 677 684 ναὸν
706 632 799 684 τοῦ
827 633 959 686 Θεοῦ
991 634 1225 705 ἐθέμην.

502 720 611 772 Καὶ
648 715 785 771 εἶδον
837 720 947 788 ἐγὼ
1008 723 1261 793 Σολομῶν
1288 725 1314 777 ὃ
1354 727 1625 798 πεποίηκε
1654 729 1715 781 τὸ
1768 730 2006 799 πνεῦμα,
2041 738 2081 793 Α
2188 735 2249 789 ΕΙ

1959 749 2006 793 α,
2041 738 2081 793 Α
2188 735 2255 789 Ει
2284 736 2392 790 vidi
2432 752 2532 806 ego
2563 735 2822 792 Salomon
2854 755 2975 809 quae
3035 740 3165 795 fecit
3206 743 3437 811 spiritus
3473 784 3487 809 ,
3519 752 3573 799 et
3614 746 3706 800 ad-

432 809 527 862 καὶ
553 811 842 878 ἐθαύμασα
867 830 878 841 ·
917 814 1011 865 καὶ
1064 814 1294 879 δοξάσας
1331 818 1423 870 τὸν
1468 819 1600 871 Θεὸν
1626 820 1894 892 ἠρώτησα
1917 822 2013 874 τὸν

427 900 657 963 δαίμονα
726 902 818 954 τὸν
868 904 1251 974 δρακοντοειδῆ
1302 907 1499 975 λέγων,
1555 909 1687 962 Εἱπὲ
1724 931 1835 980 μοι,
1868 915 2010 984 ποίῳ

427 992 644 1058 ἀγγέλῳ
702 999 953 1065 καταργῇ
987 996 1082 1061 σύ;
1126 996 1185 1049 '0
1222 999 1276 1051 δέ
1323 1017 1412 1068 μοι
1468 1001 1593 1072 ἔφη,
1656 1003 1746 1073 Τῷ
1786 1005 2009 1076 μεγάλῳ

427 1084 644 1154 ἀγγέλῳ
670 1086 747 1154 τῷ
773 1089 833 1139 ὲν
864 1088 942 1159 τῷ
975 1089 1212 1160 δευτέρῳ
1263 1092 1322 1143 οὐ
1336 1094 1479 1163 ρανῷ
1509 1095 1881 1166 καθεζομένῳ,
1935 1099 2012 1170 τῷ

426 1175 747 1247 καλουμένῳ
774 1178 1024 1248 ἑϐραϊστὶ
1048 1181 1319 1244 Βαζαζάθ.
1344 1184 1512 1250 Κάγὼ
1536 1186 1811 1255 Σολομῶν,
1844 1190 2009 1243 ἁκού-

427 1283 527 1330 σας
565 1269 735 1320 ταῦτα
768 1271 861 1322 καὶ
893 1271 1363 1340 ἐπικαλεσάμενος
1386 1276 1477 1326 τον
1527 1276 1758 1343 ἄγγελον
1817 1279 2006 1344 αὑτοῦ,

427 1360 721 1429 κατέκρινα
764 1363 1033 1432 μάρμαρα
1072 1364 1287 1432 πρίζειν
1330 1368 1409 1427 εἰς
1440 1368 1729 1438 οἰκοδομὴν
1752 1370 1842 1422 τοῦ
1875 1371 2004 1423 ναοῦ

422 1447 516 1501 τοῦ
548 1449 704 1510 Θεοῦ,
744 1454 834 1504 καὶ
858 1452 1160 1521 εὐλογήσας
1207 1456 1296 1506 τὸν
1345 1456 1477 1507 Θεὸν
1529 1458 1791 1513 ἐκέλευσα
1855 1478 1999 1530 1:19-

423 1541 560 1593 εἶναι
598 1560 686 1609 μοι
717 1544 903 1612 ἕτερον
929 1545 1183 1613 δαίμονα.
1220 1548 1331 1599 Καὶ
1365 1544 1493 1618 ἦλθε
1535 1552 1639 1619 πρὸ
1696 1551 1992 1622 προσώπου

426 1651 528 1701 μου
559 1635 746 1704 ἕτερον
782 1637 1023 1706 πνεῦμα,
1056 1638 1129 1701 ὡς
1178 1640 1315 1709 γυνὴ
1352 1640 1450 1709 μὲν
1478 1642 1537 1693 τὸ
1584 1638 1723 1706 εἶδος
1781 1643 2002 1713 ἔχουσαο

420 1725 500 1785 εἰς
527 1724 583 1776 δὲ
615 1727 741 1787 τοὺς
774 1725 956 1795 ὤμους
992 1729 1185 1798 ἐτέρας
1239 1730 1335 1783 δύο
1372 1732 1619 1800 κεφαλάς
1654 1735 1754 1786 σὺν
1822 1735 2001 1804 χερσί·

419 1816 529 1867 Καὶ
559 1816 822 1885 ἠρώτησα
857 1821 1030 1889 αὑτήν
1057 1839 1069 1852 '
1124 1823 1266 1889 Λέγε
1312 1842 1423 1893 μοι,
1483 1828 1544 1878 σὺ
1580 1826 1663 1889 τές
1689 1823 1770 1893 si;
1810 1828 1912 1897 ἔφη
1944 1831 2001 1883 δέ

421 1920 510 1972 μοι
531 1922 542 1933 ·
583 1905 722 1973 Ἐγώ
751 1910 867 1977 εἰμι
914 1910 1224 1979 ἐνὴ-ξιγος,
1248 1914 1370 1982 ἥτις
1400 1918 1492 1969 καὶ
1522 1917 1873 1988 μυριώνυμος
1900 1937 1998 1974 κα-

417 1996 612 2065 λοῦμαι
634 2016 646 2028 ο
678 2002 772 2053 καὶ
818 1998 972 2055 εἷπον
998 2006 1169 2074 αὐτῷ’
1210 2007 1298 2059 Ἐν
1332 2009 1469 2077 ποίῳ
1504 2011 1721 2082 ἀγγέλῳ
1744 2017 1994 2085 καταργῇ

2126 827 2353 883 miratus
2396 845 2538 893 sum,
2569 838 2622 885 et
2650 831 2878 885 laudans
2905 831 3096 896 Deum,
3135 832 3464 903 interrogavi
3500 836 3705 891 daemo-

2123 936 2246 974 nem
2280 920 2739 976 draconiformem
2784 922 2974 977 dicens
3013 941 3027 977 :
3062 923 3158 979 Dic
3212 925 3340 979 mihi
3373 941 3400 977 a
3450 944 3560 996 quo
3600 944 3702 981 an-

2122 1013 2241 1082 gelo
2270 1012 2543 1083 impotens
2570 1015 2825 1070 eﬂiciaris
2855 1026 2933 1068 tn.
2967 1017 3031 1069 Et
3062 1020 3135 1070 ait
3167 1034 3177 1069 :
3204 1019 3245 1071 A
3280 1033 3478 1087 magno
3506 1022 3698 1086 angelo

2121 1104 2212 1171 qui
2244 1103 2396 1157 sedet
2420 1104 2472 1157 in
2522 1104 2767 1158 secundo
2796 1106 2935 1160 coelo
2963 1145 2978 1169 ,
3027 1108 3117 1174 qui
3172 1119 3400 1163 vocatur
3432 1108 3697 1165 Hebraice

2121 1194 2413 1249 Bazazath.
2451 1195 2516 1249 Et
2547 1211 2647 1267 ego
2680 1197 2937 1251 Salomon
2974 1198 3089 1253 haec
3124 1200 3350 1254 audiens
3384 1242 3399 1264 ,
3432 1204 3695 1256 advocavi

2119 1289 2369 1356 angi-lum
2409 1290 2528 1358 ejus
2552 1331 2565 1353 ,
2595 1299 2649 1344 et
2674 1291 3035 1347 condcmnavi
3075 1304 3124 1346 ut
3160 1308 3427 1346 marmora
3482 1306 3696 1348 secaret

2119 1381 2171 1433 in
2202 1380 2617 1435 :edilirationem
2646 1383 2831 1452 templi
2871 1383 3001 1439 Dei:
3056 1394 3109 1438 et
3147 1385 3474 1440 benedicens
3523 1388 3691 1440 Deum

2112 1470 2249 1540 jussi
2285 1479 2345 1523 ut
2402 1480 2602 1524 astarct
2657 1473 2787 1526 mihi
2839 1474 2977 1528 alius
3025 1476 3259 1530 daamon.
3320 1477 3381 1529 Et
3434 1480 3573 1530 venit
3638 1481 3691 1533 in

2115 1571 2412 1628 conspectu
2442 1578 2563 1617 meo
2595 1564 2734 1616 alius
2765 1567 2992 1633 spiritus
3026 1568 3182 1635 quasi
3230 1568 3446 1623 femina:
3497 1570 3691 1624 faciem

2114 1652 2320 1706 habens
2352 1694 2366 1717 ,
2398 1652 2451 1705 in
2501 1653 2745 1709 humeris
2777 1667 2957 1709 autem
3007 1657 3110 1709 alia
3172 1656 3282 1710 duo
3335 1662 3509 1724 capita
3563 1676 3689 1713 cum

2113 1744 2404 1800 manibus:
2437 1754 2490 1798 et
2525 1746 2857 1814 interrogavi
2895 1763 3016 1801 eam
3048 1768 3060 1802 :
3121 1748 3216 1802 Dic
3245 1750 3376 1802 mihi
3406 1753 3530 1817 quis
3589 1754 3689 1806 sis.

2110 1835 2176 1889 Et
2208 1839 2281 1890 ait
2319 1855 2334 1890 :
2374 1838 2487 1906 Ego
2522 1855 2641 1892 smn
2669 1838 3001 1908 Enepsigos,
3032 1854 3152 1908 quae
3188 1850 3239 1894 et
3294 1843 3480 1896 multis
3510 1844 3691 1896 nomi-

2109 1928 2271 1983 nibus
2293 1944 2477 1983 vocor.
2517 1929 2580 1983 Et
2606 1930 2713 1983 dixi
2749 1931 2795 1983 ei
2841 1947 2854 1982 :
2910 1929 3043 1995 Quis
3082 1940 3132 1985 te
3191 1933 3418 2001 angelus
3477 1934 3689 1988 viribus

2109 2018 2519 2090 frangatiQua:
2550 2022 2624 2075 ait
2658 2037 2671 2073 :
2701 2021 2843 2087 Quid
2894 2024 3111 2091 qua'ris,
3157 2024 3288 2090 quid
3337 2025 3531 2093 cupis?
3576 2024 3688 2094 Ego

420 2086 517 2149 0‘5;
631 2089 686 2140 δέ
715 2107 805 2157 μοι
837 2091 962 2162 ἔφην
996 2093 1059 2146 Τί
1096 2095 1300 2165 ζητεῖς.
1355 2098 1405 2150 τε
1434 2102 1682 2169 χρήζειςι
1736 2102 1848 2168 ἐγὼ
1897 2105 1997 2174 μὲν
2030 2093 2071 2149 Β
2102 2127 2167 2166 nu

1941 2105 1997 2158 ὲν
2030 2093 2071 2149 Β
2102 2120 2300 2177 mutor,
2336 2122 2395 2167 ut
2440 2116 2538 2169 dea
2575 2123 2763 2169 vocata
2791 2133 2805 2179 ;
2836 2125 2887 2170 et
2921 2125 3101 2171 mutor
3134 2117 3328 2171 iterum
3363 2155 3378 2181 ,
3430 2124 3484 2171 et
3519 2117 3684 2170 aliam

421 2180 831 2251 μεταϐάλλομαι
866 2185 943 2247 ὡς
975 2186 1071 2238 θεά
1120 2189 1413 2258 λεγομένη,
1444 2193 1537 2244 καὶ
1589 2195 1997 2267 μεταϐάλλομαι

414 2269 598 2331 πάλιν,
668 2276 760 2326 καὶ
810 2277 1033 2345 γίνομαι
1094 2279 1281 2350 ἕτερον
1328 2277 1467 2346 εἶδος
1525 2285 1748 2354 ἔχουσα·
1787 2293 1881 2343 καὶ
1919 2292 1995 2362 μὴ

414 2360 646 2435 θελήσῃς
698 2367 840 2419 κατὰ
895 2370 1053 2422 τοῦτο
1103 2374 1309 2440 γνῶναι
1365 2378 1545 2431 πάντα
1578 2380 1645 2433 τά
1679 2384 1801 2435 κατ’
1836 2384 1939 2453 ἐμὲ
1977 2360 1990 2414 λ

410 2457 526 2509 ἀλλ’
553 2458 737 2527 ἐπειδὴ
802 2466 962 2531 πάρει
1012 2481 1125 2532 μοι,
1154 2467 1235 2527 εἰς
1269 2467 1428 2521 τοῦτο
1461 2471 1716 2538 ἄκουσον,
1746 2475 1856 2542 ἐγὼ
1882 2495 1994 2531 τισι⁹

414 2549 787 2618 ρακαθὲζομαι
820 2556 883 2621 τῇ
921 2556 1142 2626 σελήνῃ,
1185 2560 1277 2611 καὶ
1305 2560 1391 2612 διὰ
1416 2562 1573 2617 τοῦτο
1588 2569 1738 2632 τρεῖς
1770 2570 1988 2637 μορφὰς

409 2640 650 2709 κατέχω’
686 2643 774 2694 ὅτε
806 2645 902 2712 μὲν
938 2649 1285 2720 μαγευομένη
1331 2652 1435 2704 ὑπὸ
1463 2654 1570 2705 τῶν
1607 2657 1808 2725 σοφῶν,
1845 2660 1990 2727 γίνο-

411 2749 508 2799 μαι
530 2734 607 2795 ὡς
628 2732 867 2804 ’Κρόνοςο
902 2738 989 2790 ὅτε
1021 2739 1076 2791 δὲ
1103 2741 1266 2793 πάλιν
1326 2745 1455 2812 περὶ
1484 2745 1595 2799 τῶν
1630 2753 1987 2816 καταγόντων

409 2839 499 2892 με,
534 2826 875 2895 κατέρχομαι
919 2832 1015 2883 καὶ
1072 2832 1337 2900 φαίνομαι
1379 2834 1512 2903 ἄλλη
1567 2841 1769 2909 μορφήθ
1795 2840 1854 2891 τὸ
1888 2841 1985 2908 μὲν

405 2914 501 2966 τοῦ
533 2919 800 2986 στοιχείου
845 2920 1060 2991 μέτρον.
1111 2924 1399 2994 ἁνίττητον
1435 2928 1529 2980 καὶ
1568 2930 1842 2999 ἀόριστον,
1890 2935 1986 2987 καὶ

404 3003 788 3075 ἀκατάργητόν
828 3011 977 3063 ἐστιν
1003 3028 1017 3042 ο
1065 3013 1204 3079 Ἐγὼ
1235 3016 1367 3082 γοῦν
1404 3018 1485 3079 εἰς
1513 3019 1613 3081 τὰς
1660 3024 1813 3090 τρεῖς
1850 3039 1985 3093 μορ-

404 3096 509 3163 φὰς
571 3101 1063 3173 μεταὸαλλομένη,
1135 3108 1522 3178 κατέρχομαι,
1593 3113 1686 3164 καὶ
1758 3114 1980 3184 γίνομαι

396 3194 621 3265 τοιαύτη
652 3198 826 3267 ἥνπερ
879 3198 1119 3267 βλέπεις,
1158 3204 1625 3273 καταργοῦμαιὸὲ
1664 3208 1768 3261 ὑπὸ
1807 3211 1979 3277 ἀγγέ-

402 3283 494 3336 λου
538 3286 847 3359 Ῥαθαναήλ
876 3331 891 3355 ,
927 3291 1019 3343 τοῦ
1084 3294 1454 3365 καθεζομένου
1487 3300 1567 3360 εἰς
1605 3301 1788 3370 τρίτον
1811 3303 1976 3373 ούρα-

2102 2203 2336 2271 speeiem
2372 2203 2545 2257 habeo
2579 2224 2593 2269 ;
2627 2212 2681 2255 et
2734 2218 2802 2257 ne
2850 2203 2988 2257 velis
3046 2205 3261 2257 existis
3312 2203 3455 2259 scire
3500 2203 3688 2256 omnia

2100 2308 2222 2364 qua:
2247 2302 2379 2348 sunt
2410 2293 2476 2346 de
2504 2308 2618 2357 me;
2657 2291 2750 2346 sed
2779 2290 3039 2361 quoniam
3082 2291 3215 2345 ades
3250 2291 3378 2343 mihi
3413 2330 3425 2354 ,
3459 2298 3687 2358 propter

2100 2388 2203 2440 hoc
2232 2385 2357 2439 audi
2390 2401 2404 2438 :
2441 2384 2551 2450 Ego
2583 2383 2806 2438 assideo
2833 2383 2974 2436 lunae
2998 2423 3013 2447 ,
3042 2392 3097 2437 et
3142 2384 3265 2436 ideo
3311 2392 3424 2437 tres
3474 2381 3682 2436 formas

2096 2478 2272 2533 habeo
2299 2497 2311 2532 :
2341 2477 2673 2547 quandoque
2700 2476 2918 2544 quidem
2943 2476 3170 2543 magicis
3196 2475 3405 2528 artibus
3434 2476 3686 2543 subjecta

2094 2588 2123 2627 a
2154 2572 2517 2641 sapientibus,
2554 2572 2622 2622 lio
2645 2569 2801 2638 quasi
2831 2568 3106 2637 Tempus;
3147 2569 3475 2637 quandoque
3499 2578 3677 2621 autem

2093 2664 2301 2718 circum
2367 2663 2699 2719 deducentes
2761 2676 2845 2716 me
2900 2662 3143 2726 ambulo,
3189 2661 3462 2716 etvideor
3507 2662 3676 2713 altera

2090 2756 2265 2811 forma
2287 2797 2301 2822 ,
2331 2757 2583 2812 elementi
2616 2771 2874 2811 mensura
2907 2754 3198 2818 inscibilis,
3229 2752 3675 2815 indeterminata,

2091 2849 2474 2913 indomabilis;
2507 2863 2606 2917 ego
2663 2849 2831 2916 igitur
2866 2848 2918 2901 in
2956 2856 3066 2900 tres
3102 2845 3307 2899 formas
3340 2846 3625 2899 immutata
3654 2883 3673 2909 ,

2086 2941 2225 2995 vado
2249 2950 2302 2995 et
2330 2941 2453 2995 talis
2488 2941 2556 2994 lio
2606 2941 2823 3008 qualem
2856 2939 3039 3000 vides;
3087 2937 3296 2991 viribus
3349 2936 3568 3005 frangor
3603 2936 3674 2989 ab

2087 3033 2280 3102 angelo
2319 3032 2621 3085 Rathanael
2660 3032 2752 3100 qui
2794 3031 2946 3085 sedet
2974 3031 3026 3084 in
3056 3029 3216 3083 tertio
3240 3029 3410 3093 caelo;
3447 3035 3675 3097 propter

2085 3123 2189 3177 hoc
2220 3124 2386 3192 igitur
2419 3123 2543 3175 dico
2576 3122 2696 3187 tibi,
2730 3138 2836 3174 non
2870 3130 3049 3191 potest
3076 3135 3160 3173 me
3182 3134 3377 3187 capere
3404 3119 3670 3185 templum

2084 3215 2251 3272 istud.
2302 3214 2413 3285 Ego
2468 3215 2635 3285 igitur
2697 3214 2954 3268 Salomon
3002 3229 3192 3282 preces
3240 3211 3473 3265 fundens
3517 3210 3669 3275 Deo,

2085 3309 2348 3364 advocavi
2377 3309 2625 3377 angelum
2659 3322 2820 3377 quem
2859 3307 2995 3360 dixit
3026 3306 3154 3357 mihi
3195 3304 3491 3357 Rathanael
3517 3342 3531 3362 ,
3564 3302 3670 3357 feci

401 3377 489 3429 νον
526 3409 596 3419 -
618 3381 706 3434 διὰ
737 3384 896 3436 τοῦτο
922 3380 1019 3439 οὖν
1046 3403 1129 3438 σοι
1160 3387 1305 3455 λέγω
1328 3407 1342 3422 ·
1379 3390 1457 3444 Ού
1491 3393 1716 3447 δύναταί
1772 3414 1839 3466 με
1866 3416 1973 3467 χω·
2002 3424 2047 3484 (ε
2081 3418 2147 3457 an

1920 3416 1973 3450 ι)-
2002 3424 2048 3484 c
2081 3404 2368 3466 annulum,
2388 3402 2599 3473 signavi
2626 3416 2744 3455 eam
2766 3409 2960 3453 catena
2981 3398 3203 3466 triplici,
3222 3405 3273 3450 et
3298 3396 3667 3455 inlra.vincu-

403 3471 553 3535 ρὶσαι
595 3476 622 3527 ὁ
656 3477 783 3539 ναὸς
843 3472 1022 3542 οὗτος
1078 3481 1233 3547 κάγὼ
1259 3478 1351 3536 οὖν
1402 3486 1652 3554 Σολομῶν
1676 3488 1973 3558 εὐξάμενος

397 3562 473 3630 τῷ
501 3566 617 3634 Θεῷ
648 3586 772 3635 μου,
825 3572 919 3622 καὶ
961 3572 1439 3645 ἐπικαλεσάμενος
1491 3578 1586 3631 τὸν
1639 3581 1871 3648 ἄγγελον
1914 3584 1975 3636 ὃν

396 3649 515 3705 εἷπέ
567 3674 659 3723 μοι
716 3658 1047 3732 Ῥαθαναὴλ,
1111 3665 1344 3735 ἐποίησα
1381 3670 1480 3739 τὴν
1544 3674 1842 3740 σφραγῖδα,
1877 3676 1974 3728 καὶ

396 3751 814 3818 κατεσφράγισα
845 3753 1018 3823 αὐτὴν
1048 3756 1237 3809 ἁλύσει
1271 3762 1483 3830 τριττῇ,
1544 3764 1636 3813 καὶ
1673 3764 1822 3817 κάτω
1856 3765 1976 3819 δετ-

398 3838 497 3902 μὸν
532 3840 629 3907 τῆς
671 3842 938 3907 ἁλύσεως·
993 3848 1221 3918 ἐποίησα
1242 3850 1340 3918 τὴν
1367 3854 1639 3921 σφραγῖδα
1702 3855 1793 3907 τοῦ
1836 3856 1973 3910 Θεοῦ

396 3928 487 3979 καὶ
520 3932 899 4000 προεφήτευσέ
948 3953 1040 4005 μοι
1074 3936 1133 3988 τὸ
1165 3940 1381 4006 πνεῦμα
1422 3940 1578 4007 λέγον
1602 3958 1615 3972 ’
1650 3944 1833 3997 Ταῦτα
1874 3947 1975 4015 μὲν

396 4021 483 4082 σ“·,
519 4021 738 4088 βασιλεῦ
774 4025 1047 4095 Σολομῶν,
1106 4032 1279 4092 ποιεῖς
1311 4032 1443 4101 ἡμῖν
1466 4048 1479 4062 ·
1527 4034 1666 4103 μετὰ
1690 4036 1746 4088 δὲ
1776 4038 1973 4106 χρόνον

401 4112 532 4173 τινὰ,
592 4116 893 4185 ραγὴσεταί
956 4122 1374 4190 σοιήβασιλεία
1428 4140 1521 4177 σου
1579 4126 1671 4178 καὶ⁹
1718 4129 1884 4183 πάλιν
1911 4132 1969 4183 ἐν

394 4206 568 4274 καιρῷ
608 4208 1046 4280 διαρραγήσεται
1070 4214 1097 4264 ὁ
1131 4215 1254 4276 ναὸς
1278 4210 1435 4278 οὗτος
1481 4218 1577 4268 καὶ
1612 4218 1972 4291 συνλουθήσε-

392 4319 477 4389 ται
516 4302 581 4370 (Ῡ)
646 4306 797 4358 πᾶσα
843 4307 1225 4380 Ἰερουσαλὴμ,
1283 4312 1392 4364 ἀπὸ
1452 4314 1718 4381 βασιλέως
1743 4320 1971 4390 Περσῶν

393 4396 484 4445 καὶ
508 4397 704 4465 Μήδων
730 4402 823 4451 καὶ
845 4398 1123 4455 Χαλδαίων
1148 4419 1161 4431 ·
1191 4405 1285 4457 καὶ
1332 4404 1402 4457 τά
1430 4408 1604 4476 σκεύη
1651 4409 1845 4463 τούτου
1875 4411 1971 4465 τοῦ

392 4487 539 4548 ναοῦ,
572 4489 629 4541 ὃν
684 4492 747 4543 σὺ
781 4496 974 4555 ποιεῖς,
1041 4495 1371 4550 δουλώσουσι
1432 4498 1595 4565 θεοῖς,
1647 4503 1771 4570 μεθ’
1797 4496 1874 4557 ὧν
1904 4505 1971 4559 ἂν

391 4584 484 4631 καὶ
511 4582 685 4634 πάντα
710 4583 775 4635 τὰ
810 4586 917 4653 άγγ
938 4588 1023 4638 εἶα
1049 4588 1105 4639 ἐν
1139 4583 1218 4651 οἷς
1247 4590 1394 4659 ἡμᾶς
1448 4594 1779 4657 κατακλύεις
1838 4596 1970 4651 κλα-

392 4671 679 4740 σθήσονται
728 4675 837 4727 ὑπὸ
874 4678 1073 4745 χειρῶν
1125 4679 1459 4750 ἀνθρώπων,
1506 4686 1603 4737 καὶ
1648 4686 1770 4740 τότε
1802 4689 1968 4757 ἡμεῖς

389 4762 783 4833 ὲξελευσόμεθα
815 4768 872 4819 ὲν
900 4769 1069 4839 πολλῇ
1124 4771 1355 4842 δυνάμει
1419 4773 1573 4828 ἔνθεν
1627 4780 1722 4830 καὶ
1783 4778 1958 4845 ἔνθεν,

388 4858 481 4909 καὶ
510 4859 588 4920 εἰς
617 4858 707 4911 τὸν
751 4861 955 4930 κόσμον
1006 4868 1557 4935 κατασπαρησόμεθα
1587 4883 1600 4898 ’
1626 4870 1725 4921 καὶ
1754 4871 1963 4944 πλανή-

388 4965 550 5009 σομεν
578 4952 759 5004 πᾶσαν
785 4954 882 5005 τὶν
914 4955 1239 5026 οἰκουμένην
1295 4958 1454 5029 μέχρι
1496 4960 1692 5014 πολλοῦ
1741 4967 1959 5036 καιροῦ,

383 5038 487 5101 ἓως
517 5038 610 5091 τοῦ
679 5040 813 5093 Θεοῦ
845 5045 872 5094 ὁ
895 5043 1023 5107 Υἱὸς
1055 5047 1294 5116 τανυσθῇ
1360 5051 1451 5101 ἐπὶ
1481 5050 1663 5116 ξύλου’
1693 5053 1790 5107 καὶ
1831 5056 1959 5109 οὑκ-

2079 3493 2189 3548 lum
2222 3501 2430 3547 eatena:
2454 3532 2468 3556 ,
2512 3492 2615 3545 feci
2638 3492 2854 3559 signum
2916 3490 3005 3543 Dei
3036 3506 3049 3553 ;
3080 3498 3132 3541 et
3156 3488 3503 3558 prOphctavit
3532 3484 3666 3538 mihi

2080 3588 2311 3655 spiritus
2345 3586 2533 3639 dicens
2559 3604 2572 3639 :
2600 3584 2726 3638 Haec
2757 3593 2837 3647 tu,
2869 3600 2964 3637 rex
3000 3582 3279 3645 Salomon,
3308 3580 3444 3634 facis
3470 3580 3660 3644 nobis;

2079 3680 2173 3735 sed
2201 3686 2325 3747 post
2362 3689 2577 3745 tempus
2597 3676 2871 3744 quoddam
2899 3674 3185 3743 frangetur
3212 3688 3438 3741 regnum
3483 3683 3663 3736 tuum,

2077 3781 2131 3828 et
2152 3788 2342 3827 rursus
2366 3773 2418 3825 in
2443 3780 2686 3837 tempore
2712 3778 2985 3823 evertetur
3003 3768 3263 3835 templum
3280 3765 3509 3822 istud.et
3530 3763 3664 3817 sub-

2075 3871 2318 3918 vertetur
2338 3863 2511 3915 omnis
2527 3860 2825 3915 Jerusalem
2846 3878 2873 3911 υ
2893 3873 3017 3928 rege
3054 3859 3369 3919 Persarum,
3385 3854 3659 3908 Medorum

2078 3953 2566 4017 etChaldaeorum;
2599 3953 2853 4007 etomnia
2884 3967 3012 4005 vasa
3030 3952 3213 4019 templi
3242 3950 3400 4014 hujus
3437 3948 3579 4018 quod
3606 3959 3660 4002 tu

2078 4046 2242 4109 facis,
2271 4046 2627 4099 servientdiis
2655 4062 2668 4107 ;
2703 4045 2977 4112 simulque
3007 4042 3190 4096 omnia
3225 4042 3442 4096 vascula
3468 4041 3519 4094 in
3539 4040 3654 4108 qui-

2081 4139 2182 4192 bus
2212 4153 2309 4191 nos
2342 4138 2575 4191 includis
2603 4137 3021 4203 confringentur
3055 4135 3310 4189 manibus
3341 4134 3657 4199 hominum;

2077 4237 2130 4286 ct
2160 4238 2289 4283 tunc
2315 4230 2587 4282 exibimus
2630 4229 2682 4281 in
2710 4242 2906 4297 magna
2936 4234 3222 4296 potestate,
3258 4225 3385 4280 hinc
3407 4235 3461 4279 et
3505 4227 3657 4291 hinc,

2076 4329 2129 4376 et
2156 4322 2209 4374 in
2240 4321 2428 4373 orbem
2480 4320 2889 4388 dispergemur;
2934 4325 2987 4371 et
3027 4317 3388 4372 lustrabimus
3435 4330 3657 4369 omnem

2075 4420 2278 4467 terram
2310 4412 2481 4465 multo
2514 4420 2781 4479 tempore,
2803 4412 2978 4465 donec
3009 4409 3100 4463 Dei
3130 4408 3301 4464 Filius
3331 4407 3654 4462 extendatur

2077 4507 2132 4560 in
2164 4506 2346 4574 ligno;
2390 4519 2489 4559 nos
2519 4504 2666 4557 enim
2697 4503 2803 4557 erit
2853 4502 2979 4556 talis
3022 4517 3115 4556 rex
3164 4501 3363 4555 similis
3415 4500 3528 4565 illi,
3558 4500 3654 4569 qui

2075 4613 2268 4652 omnes
2330 4612 2430 4650 nos
2488 4597 2713 4661 domat,
2784 4596 2946 4664 cujus
3020 4604 3195 4649 mater
3271 4594 3477 4647 homini
3542 4608 3649 4647 non

2073 4689 2547 4752 commiscebitur;
2579 4696 2634 4742 et
2664 4689 2786 4758 quis
2828 4688 3061 4756 accipiat
3110 4688 3270 4742 talem
3322 4694 3651 4756 potestatem

2072 4781 2127 4835 in
2158 4781 2438 4851 spiritum,
2474 4781 2579 4835 nisi
2618 4781 2704 4835 hic
2734 4796 2893 4850 quem
2945 4782 3201 4849 princeps
3245 4780 3496 4834 diabolus
3533 4788 3647 4833 tcnv

2072 4879 2186 4926 tare
2219 4880 2444 4940 quaeret,
2474 4881 2529 4926 et
2557 4888 2663 4926 non
2696 4873 3015 4941 praevalebit
3036 4875 3300 4927 adversus
3318 4888 3463 4935 eum,
3488 4871 3657 4938 cujus

2071 4962 2308 5018 nominis
2336 4964 2581 5018 calculus
2606 4962 2729 5024 6M,
2765 4963 2858 5032 qui
2895 4974 2979 5016 est
3012 4962 3376 5016 Emmanuel?
3410 4961 3645 5030 Propter

2068 5055 2194 5119 hoc,
2236 5071 2328 5110 rex
2343 5056 2625 5117 Salomon,
2657 5062 2872 5125 tempus
2898 5066 3048 5108 tuum
3068 5056 3294 5120 malum,
3329 5065 3382 5109 et
3411 5055 3542 5108 anni
3564 5054 3643 5109 tui

384 5130 464 5182 ἐτι
506 5132 613 5201 γάρ
642 5132 848 5199 γίνεται
878 5136 1117 5199 τοιοῦτος
1167 5138 1420 5207 βασιλεὺς
1482 5142 1669 5211 ὅμοιος
1715 5144 1885 5217 αὐτῷ,
1922 5149 1951 5200 δ
1983 5141 2030 5200 D
2058 5166 2124 5220 pa

1873 5186 1885 5211 ,
1922 5149 1951 5200 ὁ
1983 5141 2030 5200 D
2058 5151 2216 5220 pauci
2251 5162 2307 5206 et
2334 5151 2482 5213 mali,
2506 5158 2558 5204 et
2589 5164 2748 5205 servo
2776 5162 2870 5204 tuo
2913 5151 3161 5204 tradetur
3202 5165 3429 5220 regnum
3466 5159 3620 5204 tuum

383 5222 589 5285 πάντας
619 5225 765 5292 ἡμᾶς
794 5228 1105 5296 καταργῶν,
1142 5222 1203 5283 οὗ
1254 5233 1288 5300 ὴ
1332 5234 1515 5303 μήτηρ
1554 5234 1790 5306 ἀνδρὶού
1849 5240 2171 5310 μιγήσεται,
2214 5243 2309 5296 καὶ
2366 5243 2449 5307 τίς
2508 5242 2648 5315 λάϐῃ
2683 5242 2941 5313 τοιαύτην
2981 5242 3233 5308 ἐξουσίαν
3280 5242 3424 5296 κατὰ
3481 5260 3640 5298 πνευ-

383 5319 591 5413 μάτιυν,
617 5320 663 5371 εἰ
696 5317 770 5389 μὴ
792 5322 1019 5385 ἐκεῖνος,
1048 5322 1108 5375 ὃν
1136 5326 1162 5377 ὁ
1186 5325 1401 5395 πρῶτος
1423 5329 1671 5392 διάϐολος
1693 5336 1954 5406 πειρᾶσαι
2015 5336 2244 5411 ζητήσει
2297 5341 2393 5394 καὶ
2443 5341 2544 5394 οὐκ
2579 5340 2787 5411 ἰσχύσει
2839 5340 2978 5410 πρὸς
3018 5342 3213 5395 αὐτόν·
3261 5335 3323 5394 οὗ
3379 5343 3412 5412 ή
3460 5342 3637 5413 ψῆφος

379 5410 474 5465 τοῦ
504 5411 770 5482 ὀνόματος
819 5414 960 5483 χμδν,
1002 5415 1030 5467 ὅ
1059 5416 1209 5469 ἐστιν
1247 5418 1624 5494 Ἐμμανουήλ.
1657 5426 1756 5479 Διὰ
1795 5428 1984 5496 τοῦτο,
2018 5410 2241 5501 βασιλεῦ
2270 5432 2548 5503 Σολομῶν,
2578 5434 2606 5485 ὁ
2633 5410 2822 5504 καιρός
2851 5451 2947 5488 σου
2983 5435 3240 5507 πονηρὸς,
3290 5410 3483 5489 καὶ
3524 5410 3649 5507 ‘Ern,

382 5523 472 5559 σου
502 5508 675 5577 μικρὰ
700 5509 796 5562 καὶ
818 5511 1051 5583 πονηρά·
1077 5513 1172 5566 καὶ
1199 5512 1276 5583 τῷ
1314 5514 1488 5586 δούλῳ
1546 5534 1639 5570 σου
1707 5519 1993 5591 δοθήσετα,
2038 5526 2065 5595 ἡ
2101 5525 2349 5594 βασιλεία
2390 5545 2505 5582 σου.

449 5601 621 5668 Κάγὼ
650 5601 927 5673 Σολομῶν,
948 5604 1188 5669 ἀκούσας
1208 5606 1402 5674 ταῦτα,
1422 5606 1657 5673 ἐδόξασα
1704 5612 1797 5666 τὸν
1818 5613 1951 5666 Θεὸν

380 5693 473 5746 καὶ
504 5692 793 5763 θαυμάσας
818 5697 925 5749 τῶν
960 5697 1233 5769 δαιμόνων
1260 5699 1358 5764 τὰς
1387 5702 1685 5771 ἀπολογίας
1708 5704 1815 5769 ἓως
1840 5707 1950 5761 τῶν

377 5786 718 5851 άποϐάσεων,
746 5790 1011 5859 ἠπίστουν
1034 5793 1242 5857 αὐτοῖς’
1278 5795 1371 5849 καὶ
1400 5797 1501 5849 οὐκ
1527 5796 1812 5855 ἐπίστευον
1838 5803 1950 5865 τοῖς

378 5879 691 5948 λεγομένοις
730 5884 820 5936 ὑπ’
848 5884 1026 5939 αὐτῶν
1055 5902 1065 5917 ·
1098 5888 1183 5942 ὅτε
1220 5888 1277 5941 δὲ
1329 5890 1598 5958 ἐγένοντο,
1658 5892 1778 5947 τότε
1814 5912 1942 5949 ουν-

2134 5620 2244 5688 Ego
2273 5618 2551 5689 Salomon,
2581 5621 2693 5678 haec
2716 5622 2964 5690 audiens,
2993 5623 3208 5679 laudavi
3238 5624 3548 5690 Dominum,
3576 5635 3633 5679 et

2060 5709 2357 5765 admiratus
2382 5712 2779 5768 daemoniorum
2807 5714 3179 5779 defensiones,
3216 5729 3389 5784 usque
3411 5713 3482 5767 ad
3512 5716 3629 5769 exi-

2057 5810 2172 5856 tum
2207 5817 2314 5856 non
2358 5802 2645 5858 credebam
2681 5804 2760 5861 eis
2788 5846 2802 5871 ,
2860 5821 2959 5861 nec
3003 5805 3340 5860 confidebam
3388 5806 3452 5858 iis
3503 5818 3629 5873 qua:

2057 5895 2376 5954 dicebantur
2406 5899 2474 5954 ab
2515 5898 2658 5966 illis;
2704 5916 2826 5955 cum
2867 5908 3043 5955 autem
3086 5912 3380 5956 evenerunt
3414 5943 3424 5963 ,
3490 5910 3622 5953 tum:
