4424 6462
713 401 850 466 1339

1596 396 1987 461 APPENDIX
2025 396 2125 457 AD
2170 397 2639 455 MlCllAELMt
2687 394 3056 453 PSELLUM.

3862 400 3999 461 1340

711 517 979 583 intellexi,
1012 523 1059 571 el
1081 516 1138 571 in
1178 522 1353 571 morte
1384 528 1501 570 mea
1532 515 1729 585 scripsi
1759 523 2149 570 testamentum
2184 514 2291 567 hoc
2322 518 2364 573 Α
2395 510 2458 579 ἦν

2253 529 2291 567 με
2322 518 2364 573 Α
2395 510 2538 579 ἦκα,
2573 506 2666 558 καὶ
2706 507 2762 556 ἐν
2793 504 2871 575 τῷ
2923 506 3143 576 θανάτῳ
3177 525 3281 576 μου
3338 508 3559 582 ἔγραψα
3591 514 3691 582 τὴν
3733 514 4000 590 διαθήκην

709 628 813 683 pro
844 610 1174 675 ﬁliislsrael,
1212 617 1264 663 et
1294 609 1415 664 dedi
1443 610 1541 673 eis,
1572 618 1627 661 nt
1654 609 1833 662 sciant
1864 614 2162 677 potestates
2184 605 2295 660 dae-

711 719 961 766 monum,
1026 712 1078 758 et
1124 702 1329 757 formas
1382 715 1602 764 eorum,
1673 707 1728 753 et
1777 700 2005 754 nomina
2070 697 2291 765 angelo-

712 811 835 850 rum
895 812 924 851 a
968 797 1166 865 quibus
1222 794 1517 850 domantur
1576 793 1886 858 daemones;
1957 800 2011 845 et
2066 790 2294 845 laudans

713 885 1003 939 Dominum
1034 885 1201 940 Deum
1240 886 1405 939 Israel
1441 884 1617 953 ,jnssi
1650 895 1706 937 ut
1751 884 2051 935 vinciretur
2080 885 2291 935 dremon

712 975 951 1030 vinculis
986 976 1393 1030 insolubilibus.
1432 974 1499 1028 Et
1547 975 1880 1030 benedicens
1911 975 2076 1027 Deum
2108 1016 2122 1038 ,
2153 974 2292 1039 jnssi

715 1076 772 1120 ut
798 1069 1017 1121 adesset
1054 1068 1183 1120 mihi
1216 1069 1360 1122 alius
1389 1068 1632 1136 spiritus.
1658 1067 1721 1119 Et
1754 1067 1971 1121 venitin
1995 1078 2291 1135 conspectu

712 1174 835 1212 meo
873 1160 1013 1213 alius
1046 1159 1256 1213 daemon
1297 1161 1504 1214 habens
1554 1162 1790 1229 speciem
1829 1161 2100 1228 posterius
2144 1160 2296 1228 equi,

714 1253 963 1308 anterius
1003 1264 1183 1307 autem
1220 1256 1408 1324 piscis,
1446 1263 1497 1309 et
1524 1271 1623 1309 vox
1649 1264 1767 1307 erat
1797 1255 1845 1306 oi
1879 1268 2094 1322 magna,
2126 1260 2178 1307 et
2210 1254 2298 1307 di-

712 1345 795 1399 xit
831 1346 962 1398 mihi
1007 1362 1020 1397 :
1056 1348 1171 1401 Rex
1198 1346 1480 1409 Salomon,
1511 1364 1610 1417 ego
1638 1348 1863 1415 spiritus
1898 1347 2144 1400 marinus
2172 1362 2293 1401 sunt

716 1440 1076 1509 perniciosus,
1108 1451 1159 1493 et
1194 1442 1437 1495 delector
1494 1442 1545 1493 in
1598 1455 1732 1492 auro
1778 1446 1831 1491 et
1878 1449 2145 1507 argento;
2198 1454 2299 1508 ego

714 1533 858 1588 enim
895 1535 1016 1587 talis
1058 1549 1177 1586 sum
1206 1535 1431 1601 spiritus
1461 1548 1783 1601 exsurgens,
1813 1543 1865 1587 et
1898 1534 2103 1589 vadens
2135 1550 2300 1603 super

715 1639 841 1678 arva
870 1627 1109 1696 aequorei
1148 1628 1313 1680 maris
1344 1667 1357 1690 ,
1391 1636 1443 1679 et
1487 1627 1721 1695 expedio
1758 1627 2078 1695 navigantes
2128 1628 2181 1680 in
2232 1642 2296 1681 ea

713 1717 908 1779 viros;
953 1720 1137 1771 excito
1186 1718 1329 1770 enim
1394 1720 1665 1787 meipsum
1700 1719 1752 1771 in
1788 1718 1988 1773 ﬂuctus
2013 1729 2065 1773 et
2111 1726 2295 1772 trans-

720 1819 935 1872 mntor;
977 1808 1157 1861 insilio
1187 1815 1241 1859 et
1278 1806 1557 1876 ingredior
1584 1808 1636 1860 in
1684 1807 1919 1861 navibus
1946 1824 1961 1869 ;
1990 1817 2044 1860 et
2077 1806 2180 1859 hoc
2212 1813 2299 1859 est

718 1911 857 1965 Opus
890 1913 1069 1951 meum
1103 1897 1390 1966 colligendi
1421 1898 1641 1951 divitias
1673 1908 1725 1950 et
1764 1897 2055 1962 homines;
2086 1897 2296 1965 accipio
2329 1875 2371 1928 Β

717 1988 885 2053 enim,
917 1998 968 2043 et
994 1990 1172 2043 excito
1198 2032 1212 2055 ,
1243 1999 1295 2043 et
1326 1988 1553 2058 projicio
1600 1990 1849 2043 homines
1901 2004 1931 2043 e
1981 1988 2118 2041 mari
2146 2005 2160 2051 ;
2219 1988 2300 2042 sic

718 2078 974 2134 desidero
1004 2096 1258 2150 corpora,
1297 2082 1390 2135 sed
1423 2080 1652 2149 projicio
1678 2094 1739 2134 ea
1763 2089 1919 2135 extra
1950 2094 2100 2134 mare
2125 2095 2300 2149 usque

717 2187 887 2226 nunc.
927 2172 1196 2238 Quendam
1226 2173 1514 2227 Beelzebul
1543 2174 1821 2243 imperans
1869 2175 2036 2230 aeriis
2088 2174 2300 2244 Spiriti-

716 2265 822 2320 bus
856 2276 910 2320 et
948 2268 1139 2322 inferis
1177 2308 1190 2330 ,
1220 2276 1273 2321 et
1308 2278 1652 2323 terrenorum
1682 2269 1940 2325 dominus
1968 2310 1982 2335 ,
2026 2279 2080 2325 et
2113 2279 2302 2339 regnat

715 2359 772 2412 in
802 2375 990 2414 otnnes
1048 2361 1485 2430 uniuscujusque
1529 2371 1777 2417 nostrum
1828 2366 2117 2430 actiones;
2169 2381 2301 2434 pro-

714 2462 835 2522 pter
865 2454 967 2507 hoc
993 2455 1135 2509 exivi
1158 2469 1185 2507 a
1209 2457 1398 2524 pelago
1425 2464 1481 2509 nt
1507 2458 1799 2511 consilium
1827 2460 2091 2528 accipiam
2115 2459 2297 2528 abeo;

716 2544 892 2599 habeo
928 2557 1107 2601 autem
1137 2548 1295 2602 aliam
1338 2549 1565 2618 gloriam
1600 2554 2044 2619 etoperationem
2078 2571 2090 2618 ;
2119 2565 2301 2609 trans-

716 2650 902 2693 mutor
934 2641 984 2693 in
1020 2652 1207 2705 :csms,
1243 2651 1295 2695 et
1322 2658 1459 2696 exeo
1492 2659 1520 2697 e
1546 2646 1704 2709 mari,
1735 2656 1785 2699 et
1817 2646 2048 2700 ostendo
2083 2662 2167 2699 me
2202 2648 2302 2702 ho-

714 2731 979 2797 minibus,
1004 2743 1061 2785 nt
1086 2741 1245 2787 terrae
1269 2735 1461 2789 incolae
1492 2745 1690 2790 vocent
1719 2752 1803 2789 me
1826 2737 1990 2790 Canis
2010 2739 2298 2808 templum,

718 2824 845 2893 quia
897 2825 1157 2881 imntutor
1204 2828 1257 2881 in
1310 2828 1587 2883 hominem
1634 2846 1645 2881 :
1704 2846 1893 2885 verum
1960 2840 2043 2887 est
2103 2848 2300 2887 nomen

719 2933 900 2972 meum
930 2936 942 2983 ;
976 2935 1238 2974 nauseam
1267 2922 1501 2991 inunitto
1531 2940 1625 2993 per
1676 2938 1965 2979 ascensum
2012 2942 2195 2980 meum
2248 2930 2300 2979 in

717 3010 1008 3076 homines;
1046 3015 1166 3066 veni
1200 3013 1371 3084 igitur
1422 3016 1475 3068 in
1510 3018 1808 3070 consilium
1848 3018 2113 3087 principis
2149 3018 2303 3072 Beel-

719 3102 899 3165 zebul,
935 3114 989 3158 et
1017 3106 1259 3174 alligavit
1311 3123 1436 3171 me,
1480 3115 1533 3162 et
1581 3108 1807 3162 tradidit
1862 3126 1947 3163 me
2003 3111 2055 3164 in
2106 3127 2302 3166 manus

718 3200 864 3259 tuas,
892 3204 944 3249 et
970 3211 1068 3264 ego
1105 3198 1297 3252 adsum
1330 3213 1515 3253 coram
1555 3208 1609 3253 te
1643 3216 1739 3270 per
1768 3202 2008 3272 sigillum
2045 3202 2216 3268 istud,
2246 3211 2300 3257 et
2328 3230 2372 3291 ρ

721 3295 778 3339 ιιι
816 3303 900 3339 me
932 3290 1237 3359 interrogas
1265 3308 1278 3356 ;
1313 3306 1441 3346 ecce
1476 3306 1625 3345 nunc
1657 3294 1765 3347 duo
1792 3304 1846 3349 et
1879 3302 1990 3351 tres
2022 3296 2160 3361 dies,
2200 3296 2299 3351 de-

719 3379 853 3433 siuit
883 3389 1077 3435 ventus
1119 3382 1291 3451 loqui,
1327 3398 1390 3437 eo
1421 3385 1564 3453 quod
1604 3399 1710 3437 non
1745 3386 1945 3441 habeat
1996 3402 2084 3441 me
2136 3403 2298 3456 aqua.

721 3471 788 3526 Et
826 3473 939 3527 dixi
976 3490 1075 3545 ego
1107 3476 1156 3529 ei
1186 3494 1197 3528 :
1226 3478 1265 3529 A
1301 3492 1411 3545 quo
1448 3478 1641 3542 angelo
1690 3479 2012 3548 impotentia
2047 3480 2303 3547 plecteris

720 3567 822 3620 tu?
854 3568 919 3621 Et
951 3570 1025 3621 ait
1056 3586 1071 3627 :
1106 3570 1207 3624 l’er
1231 3571 1465 3625 Jameth.
1524 3572 1586 3624 Et
1634 3586 1735 3640 ego
1793 3571 2027 3627 laudans
2077 3572 2245 3627 Deum
2284 3612 2298 3637 ,

716 3655 854 3725 jussi
887 3664 946 3710 ut
985 3657 1270 3725 injicerent
1300 3658 1604 3713 dannonem
1643 3660 1695 3713 in
1729 3662 1965 3729 phialam
1993 3702 2008 3726 ,
2042 3672 2097 3715 et
2144 3662 2303 3715 unda:

718 3751 890 3802 maris
916 3764 1202 3804 mensuras
1257 3750 1446 3804 decem
1485 3763 1832 3808 mensuratas
1862 3754 1945 3809 bis
1970 3796 1983 3819 ,
2026 3762 2081 3808 et
2128 3754 2300 3824 sepivi

719 3858 937 3895 sursum
970 3859 1265 3908 marmore,
1303 3844 1568 3899 bitumine
1601 3853 1655 3901 et
1688 3846 1810 3915 pice
1849 3848 1903 3901 in
1941 3863 1998 3904 as
2027 3849 2227 3919 angeli,
2250 3857 2303 3904 et

721 3949 847 3988 cum
882 3935 1184 4003 signassem
1220 3938 1449 4008 annulo,
1478 3938 1618 4007 jussi
1650 3946 1710 3991 ut
1743 3951 2044 4008 poneretur
2074 3942 2125 3994 in
2164 3949 2303 3996 tem-

721 4026 813 4095 plo
854 4024 981 4089 Dei;
1012 4035 1065 4079 et
1100 4028 1355 4082 mandavi
1387 4036 1445 4083 ut
1479 4028 1697 4083 adesset
1729 4030 1857 4083 mihi
1886 4031 2027 4085 alius
2055 4033 2300 4101 spiritus.

723 4116 789 4170 Et
819 4118 966 4172 venit
1007 4119 1060 4171 in
1099 4130 1399 4189 conspectu
1436 4134 1559 4173 meo
1595 4121 1647 4173 in
1680 4122 1997 4176 servitutem
2044 4133 2303 4179 reuactus

723 4210 866 4263 afius
897 4211 1139 4279 spiritus,
1175 4211 1415 4266 hominis
1444 4210 1651 4267 habens
1701 4214 1895 4267 faciem
1931 4214 2299 4281 tenebrosam,

722 4302 914 4355 oculos
950 4301 1217 4365 lucentes,
1247 4309 1301 4356 et
1332 4301 1385 4355 in
1418 4317 1579 4356 manu
1616 4302 1793 4358 ferens
1828 4304 2103 4373 gladium;
2131 4315 2184 4360 et
2213 4307 2299 4360 in-

723 4393 992 4458 terrogavi
1025 4408 1149 4447 eum
1187 4410 1200 4446 :
1236 4392 1316 4445 'l'u
1366 4394 1489 4462 quis
1515 4394 1620 4448 es?
1675 4394 1779 4459 Qui
1836 4397 1913 4448 ait
1946 4412 1961 4448 :
2001 4397 2116 4466 Ego
2178 4411 2300 4450 sum

722 4485 952 4554 spiritus
982 4492 1178 4553 potens
1215 4485 1455 4539 hominis
1486 4486 1720 4555 gigantis
1769 4487 1823 4540 in
1857 4490 2001 4542 crede
2034 4486 2300 4551 defuncti,

2398 601 2616 664 ταύτην
2646 597 2782 664 πρδς
2810 599 2936 661 tab;
2974 600 3125 661 υἱοὺς
3168 600 3411 672 Ἰσραὴλ.
3448 605 3541 657 καὶ
3572 606 3752 660 ἔδωκα
3790 610 3997 674 αὐτοῖς,

2397 692 2537 745 ὥστε
2600 688 2800 740 εἰδέναι
2867 688 2965 752 τὰς
3019 690 3281 759 δυνάμεις
3309 695 3420 747 τῶν
3469 695 3743 767 δαιμόνων
3774 702 3867 753 καὶ
3903 703 4001 766 τὰς

2402 778 2625 855 μορφὰς
2652 781 2853 841 αὐτῶν.
2881 782 2977 835 καὶ
3014 783 3079 836 τὰ
3106 785 3349 854 ὀνόματα
3372 789 3556 841 αὐτῶν
3586 791 3696 842 τῶν
3749 793 3999 860 ἀγγέλων

2398 880 2455 931 ὲν
2486 875 2568 941 οἷς
2606 874 3019 943 καταργοῦνται
3045 878 3093 929 οἱ
3128 877 3410 948 δαίμονες·
3452 882 3551 934 καὶ⁵
3601 882 3838 949 δοξάσας
3888 887 4001 939 Κύ-

2400 970 2633 1040 ριοντον
2690 967 2824 1021 Θεὸν
2880 969 3123 1039 Ἰσραὴλ,
3181 972 3450 1027 ἐκέλευσα
3510 977 3867 1046 περιδεθῆναι
3935 982 3995 1032 τὸ

2400 1063 2617 1132 πνεῦμα
2663 1059 2893 1130 δεσμοῖς
2940 1062 3181 1127 ἀλύτοις.
3231 1066 3342 1118 Καὶ
3387 1068 3690 1139 εὐλόγησας
3725 1072 3991 1134 mea»,

2400 1156 2662 1208 ἐκέλευσα
2731 1158 2988 1224 παρεῖναι
3054 1156 3242 1227 ἕτερον
3294 1161 3539 1230 πνεῦμα·
3584 1165 3680 1217 καὶ
3712 1160 3842 1235 ἦ).οε
3891 1167 3997 1228 πρὸ

2401 1248 2697 1317 προσώπου
2756 1265 2865 1319 μου
2927 1250 3113 1319 ἕτερον
3179 1251 3461 1322 δαιμόνιον
3493 1255 3615 1325 ἔχον
3655 1257 3997 1327 τὴνμορφὴν

2401 1341 2715 1411 ἔμπροσθεν
2767 1342 2970 1407 ἵππου,
3029 1344 3255 1399 ὄπισθεν
3285 1345 3341 1399 δὲ
3368 1347 3575 1417 ἰχθύος,
3619 1352 3714 1403 καὶ
3756 1353 3907 1419 φωνὴ
3927 1347 3995 1423 ἦν

2402 1432 2548 1500 αὑτῷ
2582 1434 2825 1504 μεγάλη,
2850 1437 2945 1487 καὶ
2968 1435 3126 1504 ἔλεγε
3163 1438 3304 1508 προς
3339 1455 3429 1506 με·
3453 1440 3686 1493 Βασιλεῠ
3714 1441 3993 1510 Σολομῶν,

2401 1523 2513 1593 ἐγὼ
2551 1525 2769 1593 πνεῦμα
2797 1526 3102 1581 θαλάσσιον
3132 1529 3249 1597 εἰμὶ
3275 1530 3539 1601 χαλεπὸν,
3576 1532 3673 1585 καὶ
3727 1534 3993 1599 ἀποδέχου

2405 1633 2502 1685 μαι
2531 1618 2587 1669 ὲν
2617 1618 2802 1687 χρυσῷ
2822 1619 2920 1672 καὶ
2941 1619 3169 1689 ἀργύρῳ
3197 1637 3209 1650 ·
3248 1620 3359 1689 ἐγὼ
3397 1622 3647 1675 τοιοῦτον
3676 1626 3795 1693 εἰμὶ
3838 1627 3996 1680 πνεῦ-

2405 1724 2482 1776 μα
2514 1708 2928 1779 διεγειρόμενον
2992 1712 3086 1763 καὶ
3136 1712 3438 1782 ἐρχόμενον
3460 1714 3554 1766 ἐπὶ
3586 1715 3652 1767 τὰ
3684 1716 3995 1787 ἁπλώματα

2402 1800 2494 1850 τοῦ
2521 1798 2710 1863 ὕδατος
2746 1804 2847 1869 τῆς
2903 1800 3208 1872 θαλάσσης,
3283 1806 3379 1855 καὶ
3434 1805 3706 1870 ἐκποδίζω
3748 1809 3873 1869 τοὺς
3905 1804 3992 1861 ’ἒν

2400 1892 2537 1961 αὐτῇ
2579 1893 2842 1957 πλέοντας
2889 1894 3251 1963 ἀνθρώπους·
3319 1898 3563 1967 διεγύρω
3607 1901 3716 1969 γὰρ
3749 1901 3993 1967 ὲμαυτὶν

2402 1988 2482 2048 εἰς
2503 1986 2655 2056 κῦμα
2685 1988 2780 2040 καὶ
2812 1990 3307 2059 μεταμορφοῦμαι,
3349 1992 3624 2060 ἐπιρίπτω
3673 1993 3768 2044 καὶ
3812 1996 3995 2044 ἐπιεισο

2403 2077 2633 2147 έρχομαι
2657 2081 2769 2141 τοῖς
2798 2080 3030 2143 πλοίοις.
3064 2081 3175 2132 Καὶ
3202 2080 3340 2150 αὕτη
3370 2099 3473 2148 μου
3519 2083 3669 2134 ἐστὶν
3697 2084 3728 2152 ἡ
3759 2084 3991 2152 ἐργασία

2401 2170 2494 2223 τοῦ
2523 2171 2881 2241 ὑποδέχεσθαι
2910 2175 2975 2225 τὰ
3000 2174 3263 2243 χρήματα
3292 2174 3386 2226 καὶ
3436 2174 3564 2234 τοὺς
3621 2176 3945 2246 ἀνθρώπους
3975 2193 3989 2207 ·

2402 2260 2666 2332 λαμϐάνω
2706 2266 2812 2334 γὰρ
2838 2267 2931 2317 καὶ
2956 2265 3327 2335 διεγείρομαι,
3383 2273 3478 2324 καὶ
3531 2273 3839 2343 διαῤῥίπτω
3866 2273 3992 2335 τοὺς

2403 2355 2723 2425 ἀνθρώπους
2775 2358 2881 2409 ἀπὸ
2936 2360 3035 2427 τῆς
3099 2360 3402 2431 θαλάσσης·
3440 2362 3620 2425 οὕτως
3648 2365 3765 2433 εἰμὶ
3800 2366 3992 2416 ἐπιθυ-

2408 2447 2525 2516 μῶν
2571 2450 2860 2519 σωμάτων·
2895 2451 3008 2503 ἀλλ’
3048 2452 3297 2521 ἐκρίπτω
3329 2455 3471 2509 αὐτὰ
3504 2457 3608 2521 ἔξω
3632 2459 3733 2526 τῆς
3791 2456 3992 2509 θαλασ-

2405 2557 2505 2610 σης
2554 2541 2658 2602 ’ἐως
2708 2543 2801 2594 τοῦ
2856 2543 3039 2613 δεῦρο.
3079 2544 3300 2615 Ἐπειδὴ
3349 2546 3405 2598 δὲ
3435 2547 3772 2612 Βεε).ζε6οὺλ
3804 2549 3989 2617 ἄρχων

2403 2632 2511 2684 τῶν
2543 2634 2743 2703 ἀερίων
2776 2638 3107 2705 πνευμάτων
3141 2639 3239 2691 καὶ
3266 2638 3663 2710 καταχθονίων,
3715 2640 3813 2694 καὶ
3870 2643 3993 2693 ἐπι-

2403 2723 2567 2791 γείων
2605 2725 2864 2788 δεσπότα,
2898 2729 2991 2781 καὶ
3015 2729 3407 2799 συμϐασιλεύει
3440 2735 3521 2796 είς
3565 2734 3666 2796 τὰς
3707 2735 3825 2795 ἐνὸς
3854 2735 3987 2787 ἐκα-

2406 2834 2531 2870 στου
2579 2818 2735 2886 ἡμῶν
2792 2820 3022 2890 πράξεις
3057 2839 3071 2852 ·
3118 2824 3207 2876 διὰ
3236 2823 3399 2878 τοῦτο
3443 2825 3601 2892 κάγὼ
3642 2827 3843 2896 ἀνέϐην
3884 2828 3991 2879 ἀπὸ

2403 2909 2503 2978 τῆς
2548 2909 2824 2980 θαλάσσης
2847 2929 2859 2941 ·
2901 2914 3096 2984 σκέψιν
3119 2917 3243 2969 τινα
3274 2916 3462 2970 λαϐεῖν
3488 2920 3618 2988 παρ’
3647 2920 3798 2988 αὖτῷ
3832 2936 3845 2949 ·
3880 2919 3987 2987 ἔχω

2404 3001 2458 3054 δὲ
2482 3004 2575 3055 καὶ
2636 3003 2828 3073 ἑτέραν
2885 3006 3045 3073 δόξαν
3103 3010 3197 3063 καὶ
3244 3011 3484 3082 πρᾶξιν·
3525 3012 3992 3083 μεταμορφοῦμαι

2406 3095 2484 3157 εἰς
2516 3094 2798 3164 καύματα,
2832 3098 2928 3150 καὶ
2962 3099 3269 3171 ἀνέρχομαι
3294 3102 3403 3154 ἀπὸ
3429 3105 3528 3173 τῆς
3555 3103 3852 3171 θαλάσσης,
3896 3106 3993 3159 καὶ

2405 3184 2637 3238 δεικνύω
2702 3189 2939 3257 ἐμαυτὸν
3000 3192 3113 3253 τοῖς
3164 3190 3497 3260 ἀνθρώποις,
3533 3194 3609 3258 ὡς
3652 3198 3698 3248 οἱ
3755 3197 3991 3264 ἐπίγειοι

2408 3276 2634 3329 καλοῦσί
2674 3296 2765 3347 με,
2802 3281 3144 3336 κυνόπαστον
3177 3284 3273 3353 (sic
3293 3284 3360 3355 ?).
3398 3287 3481 3338 ὅτι
3525 3289 3992 3358 μεταμορφοῦμαι

2408 3372 2488 3433 εἰς
2549 3371 2838 3440 ἄνθρωπον
2865 3390 2877 3404 ·
2945 3376 3059 3427 ἔστι
3101 3394 3191 3445 μοι
3222 3379 3281 3430 τὸ
3313 3378 3486 3448 ὄνομα
3509 3380 3731 3449 ἀληθές·
3765 3384 3990 3435 ναυτίαν

2407 3464 2463 3516 δὲ
2512 3466 2831 3519 ἀποστέλλω
2883 3466 3008 3520 τινὰ
3055 3467 3144 3521 διὰ
3206 3469 3308 3537 τῆς
3368 3472 3557 3523 ἀνόδου
3593 3490 3694 3540 μου
3749 3475 3827 3536 εἰς
3867 3475 3992 3536 τοὺς

2408 3555 2754 3627 ἀνθρώπους·
2788 3554 2951 3631 ἦλθον
2984 3555 3078 3613 οὖν
3105 3561 3184 3623 εἰς
3207 3561 3305 3630 τὴν
3338 3563 3650 3632 συμϐουλὴν
3674 3564 3767 3617 τοῦ
3795 3565 3990 3634 ἄρχον-

2408 3665 2497 3712 τος
2554 3650 2886 3716 Βεελζεόούλ
2921 3668 2935 3683 ·
2966 3654 3062 3709 καὶ
3122 3655 3400 3725 ἒδέσμωσὲ
3442 3674 3507 3724 με
3570 3658 3663 3711 καὶ
3710 3659 3991 3728 παρέῖωκέ

2411 3757 2478 3811 με
2515 3744 2593 3806 εἰς
2627 3743 2726 3807 τὰς
2754 3746 2944 3814 χεῖρας
2978 3763 3071 3801 σου
3104 3763 3119 3778 ·
3183 3747 3339 3816 κάγὼ
3379 3750 3645 3820 παρέστιν
3677 3751 3798 3820 (sic)
3861 3751 3993 3803 ἐνώ-

2410 3834 2537 3887 πιόν
2564 3852 2656 3887 σου
2698 3834 2786 3889 διὰ
2819 3836 2921 3905 τῆς
2948 3839 3242 3907 σξραγῖόος
3270 3838 3505 3908 ταύτηςο
3536 3842 3630 3891 καὶ
3668 3842 3729 3893 σὺ
3768 3840 3861 3893 νῦν
3894 3842 3990 3909 βα-

2410 3926 2652 3989 σανίζεις
2684 3942 2770 3996 με·
2805 3928 2912 3981 ἰδοὺ
2948 3929 3043 3981 νῦν
3071 3930 3162 3982 δύο
3192 3934 3287 3983 καὶ
3347 3932 3515 4001 τριῶν
3564 3932 3791 4003 ἡμερῶν
3819 3932 3996 3984 ἐκλεί-

2410 4035 2503 4071 πει
2540 4018 2601 4071 τὸ
2635 4017 2858 4089 πνεῦμα
2891 4020 2951 4072 τὸ
2978 4020 3175 4074 λαλοῦν
3214 4021 3304 4074 διὰ
3329 4022 3389 4074 τὸ
3416 4023 3488 4094 μὴ
3516 4023 3661 4094 ἔχειν
3704 4040 3770 4092 με
3825 4022 3991 4092 ὕδωρ.

2409 4111 2581 4178 Κάγὼ
2613 4108 2765 4163 εἷπον
2806 4112 2956 4181 αὐτῷ
2983 4129 2996 4143 ·
3025 4114 3157 4181 Δέγε
3193 4132 3282 4183 μοι
3316 4115 3452 4183 ποίῳ
3485 4116 3704 4187 ἀγγέλῳ
3739 4119 3990 4185 καταργῇ

2412 4202 2499 4255 σύ·
2524 4203 2551 4254 ὁ
2577 4204 2632 4255 δὲ
2662 4204 2767 4276 ἔφη
2792 4223 2805 4236 ·
2844 4204 2944 4259 Διὰ
2996 4206 3092 4259 τοῦ
3148 4207 3332 4276 Ίςὶμεθ
3371 4226 3383 4237 ·
3420 4208 3595 4276 Κάγὼ
3642 4209 3872 4274 δοξασας
3903 4211 3993 4263 τον

2409 4297 2563 4358 Θεὸν,
2600 4296 2860 4349 ἐκέλευσα
2891 4298 2970 4360 είς
3002 4297 3203 4368 φιάλην
3228 4299 3494 4370 βληθῆναι
3531 4301 3588 4353 τὸ
3622 4300 3861 4369 πνεῦμα,
3898 4300 3994 4352 καὶ

2412 4390 2603 4452 ὕδατος
2646 4389 2939 4443 θαλασσίου
2971 4390 3132 4461 δοχὰς
3166 4392 3297 4445 δέκα
3354 4394 3749 4465 ἀναμετρητῶν
3784 4395 3848 4464 β’,
3901 4396 3995 4445 καὶ

2411 4482 2755 4553 περιέφραξα
2802 4483 2986 4536 ἐπάνω
3049 4485 3357 4554 μαρμάρων
3418 4487 3514 4539 καὶ
3558 4488 3848 4554 inii-nov
3897 4486 3995 4541 καὶ

724 4589 967 4647 tempore
1004 4578 1324 4648 gigantiunt.
1364 4578 1480 4633 Dixi
1516 4580 1564 4634 ei
1594 4579 1819 4633 :lndica
1850 4581 1978 4633 mihi
2010 4580 2142 4647 quid
2171 4596 2300 4651 agas
2331 4570 2383 4628 D
2417 4575 2471 4627 πὶ

2246 4596 2300 4635 as
2331 4570 2383 4628 D
2417 4575 2617 4644 πίσσης
2661 4575 2740 4636 εἰς
2767 4573 2829 4626 τὸ
2870 4574 3043 4644 στόμα
3098 4578 3192 4628 τοῦ
3232 4577 3488 4644 ἀγγέλου,
3545 4581 3639 4631 καὶ
3684 4580 3993 4648 σ’ςραγίσας

726 4672 778 4722 in
814 4679 982 4733 terra,
1020 4679 1074 4723 et
1100 4685 1206 4740 quo
1234 4670 1416 4725 sedent
1443 4671 1665 4725 habeas.
1703 4671 1806 4736 Qui
1835 4674 1909 4725 ait
1941 4690 1953 4725 :
1986 4672 2155 4726 Sedes
2179 4687 2299 4726 mea

721 4759 774 4814 in
818 4762 1079 4815 uberibus
1116 4762 1247 4815 locis
1280 4777 1294 4826 ;
1327 4762 1571 4830 operatio
1620 4769 1799 4815 autem
1851 4777 1969 4817 mea
2013 4762 2168 4817 haec:
2210 4777 2301 4817 se.

723 4852 827 4907 deo
866 4852 1022 4921 juxta
1080 4852 1449 4923 ingredientes
1499 4854 1751 4909 homines
1802 4855 1855 4907 in
1910 4864 2301 4918 monumenta,

725 4954 777 5000 et
818 4946 872 4999 in
919 4946 1158 5000 tenebris
1193 4945 1558 5000 transformor
1589 4946 1641 5000 in
1671 4950 1779 5001 vita
1848 4946 2064 5003 functos
2097 4988 2111 5013 ,
2143 4956 2196 5003 et
2254 4949 2300 5003 si

726 5037 1141 5105 apprehendere
1172 5038 1435 5107 aliquem,
1472 5055 1592 5092 mox
1627 5054 1760 5094 ense
1796 5042 2093 5111 transfigo;
2126 5042 2171 5097 si
2202 5057 2301 5097 au-

729 5138 838 5184 tem
871 5143 978 5183 non
1015 5138 1243 5199 potuero
1268 5130 1676 5197 apprehendere
1705 5171 1719 5191 .
1759 5132 1902 5186 facio
1938 5140 1997 5186 ut
2028 5133 2304 5198 insaniat,

728 5231 781 5277 et
806 5236 999 5277 carnes
1028 5236 1159 5278 suas
1190 5222 1455 5287 comedat,
1485 5232 1539 5275 et
1575 5233 1753 5279 vestes
1786 5225 1979 5280 lacera:
2010 5241 2037 5279 a
2066 5227 2306 5282 maxillis

729 5314 848 5382 ejus
878 5315 1139 5369 defluant.
1196 5313 1315 5368 Dixi
1350 5314 1398 5369 ei
1432 5332 1445 5365 :
1477 5314 1633 5369 Time
1666 5315 1833 5371 Deum
1870 5318 1991 5371 mali
2021 5326 2075 5371 et
2106 5326 2265 5372 terrm
2290 5356 2306 5382 ,

730 5415 783 5458 et
818 5404 996 5458 indica
1040 5406 1171 5458 mihi
1221 5405 1343 5474 quis
1398 5415 1449 5460 te
1511 5408 1740 5475 angelus
1796 5407 2067 5463 imbellem
2124 5409 2307 5467 faciat.

734 5494 836 5561 Qui
880 5496 956 5548 ait
989 5514 1001 5547 :
1034 5493 1113 5547 Me
1138 5493 1326 5564 dejicit
1353 5495 1604 5549 Salvator
1625 5496 1718 5564 qui
1748 5495 1972 5552 futurus
2016 5508 2095 5551 est
2122 5498 2307 5564 homo,

736 5590 895 5657 cujus
927 5588 1141 5657 signum
1197 5589 1251 5641 in
1284 5586 1459 5643 fronte
1501 5590 1545 5643 si
1592 5590 1716 5658 quis
1748 5590 2072 5659 scripserit,
2130 5592 2313 5648 vincet

737 5694 846 5743 me,
878 5691 930 5733 et
960 5680 1185 5735 territus
1220 5681 1275 5734 in
1310 5679 1490 5749 fugam
1525 5694 1704 5736 verr-ar
1736 5683 1945 5747 citius;
1980 5692 2033 5739 et
2081 5683 2185 5739 hoc
2233 5684 2313 5740 si-

740 5786 907 5842 gnum
939 5773 983 5826 si
1019 5773 1143 5843 quis
1171 5772 1477 5841 scripserit,
1532 5774 1798 5830 terrebor.
1857 5774 1921 5828 Et
1947 5775 2061 5829 haec
2084 5776 2314 5831 audiens

742 5876 841 5931 ego
868 5864 1146 5930 Salomon,
1181 5873 1234 5921 et
1258 5866 1486 5923 laudans
1515 5866 1702 5934 Deum,
1740 5868 1983 5926 conclusi
2008 5868 2314 5925 daemonem

2402 4665 2477 4735 τῷ
2516 4666 2840 4737 δακτυλιδίῳ
2903 4668 3169 4721 ἐκέλευσα
3229 4671 3677 4739 ἀποτεθῆναιείς
3733 4674 3823 4725 τὸν
3865 4672 3994 4724 ναὸν

2403 4761 2497 4811 τοῦ
2524 4758 2679 4812 Θεοῦ·
2713 4759 2807 4812 καὶ
2837 4762 3103 4815 ἐκέλευσα
3136 4764 3393 4832 παρεῖναί
3418 4781 3507 4833 μοι
3538 4765 3726 4835 ἕτερον
3752 4766 3991 4835 πνεῦμα.

2405 4851 2516 4903 Καὶ
2541 4846 2671 4920 ἦλθε
2705 4851 2813 4920 πρὸ
2845 4854 3143 4923 προσώπου
3172 4872 3272 4921 μου
3317 4856 3787 4924 καταδωλισμένον
3807 4859 3996 4929 ἕτερον

2407 4943 2628 5013 πνεῦμα
2666 4943 2960 5013 ἀνθρώπου
2996 4946 3212 5017 μορφὴν
3254 4946 3378 5016 ἔχον
3416 4949 3709 5012 σκοτεινὸν,
3746 4952 3869 5012 τοὺς
3896 4953 3996 5018 6;;-

2408 5036 2652 5107 θαλμοὺς
2680 5035 2804 5107 ἔχον
2822 5037 3164 5107 λάμποντας,
3190 5040 3285 5091 καὶ
3314 5040 3371 5090 ὲν
3406 5042 3471 5109 τῇ
3500 5043 3640 5108 χειρὶ
3667 5042 3829 5109 ςέρον
3862 5044 3998 5094 σπέ-

2409 5125 2963 5197 θην,κα“ιὲπερώτησα
2981 5128 3210 5193 αὐτὸ,Συ
3234 5127 3312 5190 τίς
3337 5123 3404 5194 si;
3424 5127 3480 5180 Ὀ
3503 5128 3858 5198 δὲὲφη·ηἙγώ
3880 5131 3996 5197 εἰμι

2409 5220 2592 5290 ὀχικὸν
2616 5219 2854 5289 πνεῦμα,
2871 5218 3161 5289 ἀνθρώπου
3181 5220 3435 5287 γίγαντος
3456 5224 3511 5271 ὲν
3536 5225 3718 5290 σφαγῇ
3743 5222 3995 5274 τετελευο

2410 5313 2639 5383 τηκότος
2679 5314 2737 5364 ὲν
2776 5312 2852 5380 τῷ
2901 5312 3080 5383 καιρῷ
3113 5314 3221 5365 τῶν
3253 5313 3548 5380 γιγάντων.
3613 5310 3781 5367 Εἶπον
3822 5314 3993 5381 αὐτῷ,

2412 5403 2551 5471 Λέγε
2588 5420 2680 5472 μοι
2712 5403 2765 5455 τί
2790 5403 3144 5473 διαπράττεις
3178 5404 3269 5456 ἐπι
3292 5403 3393 5473 τῆς
3420 5405 3543 5473 γῆς·

2412 5496 2749 5568 οἰκητήριον.
2794 5496 2868 5548 Τὸ
2914 5496 2969 5549 δὲ
3029 5495 3135 5565 ἔφη
3162 5512 3176 5525 ·
3220 5498 3283 5549 "ﬂ
3351 5497 3450 5565 μὲν
3498 5497 3750 5551 κατοικία
3804 5515 3904 5566 μου
3939 5499 3997 5549 ἐν

2415 5590 2527 5651 τοῖς
2582 5588 2964 5658 κατακὰρποις
3025 5589 3232 5652 τόποις·
3276 5589 3655 5660 ἡδὲὲργασία
3692 5608 3794 5659 μον
3832 5589 3994 5658 αὕτη,

2419 5679 2782 5751 παρακαθίζω
2822 5680 3056 5750 ἐμαυτὸν
3084 5683 3193 5742 τοῖς
3228 5682 3659 5751 παρερχομένοις
3687 5680 3995 5749 ἀνθρώποις

2418 5776 2476 5829 ὲν
2507 5777 2618 5840 τοῖς
2637 5773 2949 5845 μνημείοις,
2976 5772 3072 5826 καῖ
3105 5774 3163 5825 ἐν
3213 5772 3393 5842 ἁωρία
3450 5772 3802 5844 παραμορφῶ
3827 5776 3997 5840 ἐμαυ-

2419 5866 2511 5921 τὸν
2575 5867 2689 5930 τοῖς
2754 5864 3069 5933 τελευτῶσι,
3133 5865 3303 5919 καὶεί
3358 5865 3743 5936 λήᾲομαιτινα
3795 5864 3996 5929 ε’ὶθέως

3585 5406 3678 5456 καὶ
3714 5403 3815 5457 ποῦ
3850 5405 3998 5471 ἔχεις
