4424 6462
393 430 525 498 1341

1502 425 2079 489 TESTAMENTUM
2111 427 2565 490 SALOMONIS.

3527 431 3664 496 1342

387 543 569 614 ἀνερῶ
600 542 763 597 αὐτὸν
819 540 967 611 ξίφει
991 558 1002 571 ·
1041 542 1075 611 ἡ
1105 542 1161 595 δὲ
1201 540 1270 611 (εἰ
1298 541 1373 609 δὲ)
1410 542 1468 594 ού
1498 541 1713 612 δυνηθῶ
1746 542 1974 613 ἀναιρῆ-
2003 553 2045 609 Α
2076 543 2134 600 sit

1915 543 1974 613 ῆ-
2003 553 2045 609 Α
2076 543 2221 600 sicut
2246 554 2301 600 et
2327 553 2556 601 caeteros
2581 544 2833 614 spiritus.
2869 542 2935 597 Et
2967 543 3107 614 jussi
3140 548 3324 599 astare
3353 544 3485 599 mihi
3517 545 3662 602 aliud

389 652 501 702 σαι,
544 636 683 690 ποιῶ
706 635 868 690 αὑτὸν
894 634 1323 705 δαιμονίζεσθαιο
1354 634 1447 688 καὶ
1476 634 1575 697 τὰς
1615 635 1825 704 σάρκας
1863 634 1966 686 αύ-

386 729 481 782 τοῦ
512 728 723 799 (αὑτοῦ)
779 729 1090 782 κατεσθὶειν
1132 728 1224 780 καὶ
1278 728 1404 791 τοὺς
1444 727 1668 791 στέλους
1713 727 1831 796 (sic)
1861 726 1970 780 ἀπὸ

387 824 495 876 τῶν
543 825 770 890 γενείων
802 824 1121 893 καταρρεῖν.
1161 821 1340 890 Ἕφην
1369 820 1424 873 δὲ
1466 820 1616 890 αὐτῷ
1652 836 1668 851 ο
1698 813 1969 891 Φοϐήθητι

388 916 481 969 οῦν
537 918 626 969 τὸν
683 917 816 971 Θεὸν
869 915 963 969 τοῦ
1013 913 1245 984 ούρανοῦ
1281 914 1376 967 καὶ
1429 914 1530 982 τῆς
1568 912 1693 982 γῆς,
1729 913 1823 965 καὶ
1850 912 1973 965 εἰπέ

2075 637 2404 692 daemonium
2432 656 2445 692 :
2479 646 2535 692 et
2574 648 2842 693 venerunt
2872 639 2926 692 in
2961 645 3260 707 conspectu
3291 652 3413 692 meo
3440 636 3661 705 triginta

2077 743 2169 782 sex
2203 728 2453 798 spiritus,
2492 743 2726 798 quorum
2760 727 2936 796 capita
2968 736 3026 780 ut
3068 742 3237 781 canes
3288 726 3577 789 informes,
3611 733 3665 779 et

2077 819 2131 874 in
2165 820 2297 889 ipsis
2332 829 2491 875 crant
2541 819 2958 875 hominiformes
2986 858 3001 883 ,
3074 821 3354 874 asinorum
3403 819 3665 874 habentes

2080 909 2300 975 faciem,
2345 912 2511 966 boum
2542 920 2595 967 et
2622 914 2954 981 volatilium.

392 1027 480 1079 μοι
508 1009 647 1079 ποίῳ
709 1008 931 1077 ἀγγέλῳ
972 1010 1223 1077 καταργῇ
1263 1005 1348 1058 σύ·
1384 1005 1531 1059 τὸδὲ
1563 1005 1686 1075 ἔφη·
1734 1004 1861 1073 Ἐμὲ
1920 1004 2189 1073 καταργεῖ
2243 1005 2270 1055 ὁ
2308 1002 2520 1072 μέλλων
2569 1004 2760 1074 Σωτὴρ
2811 1004 3068 1073 γενέσθαι
3124 1004 3429 1075 ἄνθρωπος,
3488 1004 3547 1056 οὐ
3586 998 3657 1068 ’τὸ

387 1103 649 1170 στοιχεῖον
690 1103 746 1153 ἐν
773 1101 849 1171 τῷ
875 1100 1110 1169 μετώπῳ
1135 1101 1291 1162 εἴτις
1336 1098 1657 1167 ἐπιγράφει,
1694 1097 1919 1167 ἡττήσει
1951 1112 2039 1165 με,
2072 1097 2168 1149 καὶ
2199 1095 2459 1166 φοϐηθεὶς
2491 1097 2993 1166 ἀποστραφὴσομαι
3037 1098 3268 1168 ταχέως
3294 1097 3386 1149 καὶ
3412 1095 3569 1148 τοῦτο
3595 1090 3652 1147 δὲ

386 1197 447 1247 ’τὸ
482 1197 707 1263 σημεῖον
761 1194 853 1247 ἐάν
889 1210 975 1255 τις
1011 1192 1317 1265 ἐπιγράψῃ,
1378 1190 1785 1261 φοϐηθήσομαι.
1852 1189 1962 1243 Καὶ
2015 1187 2174 1241 τοῦτο
2207 1190 2451 1253 ἀκούσας
2486 1186 2597 1257 ἐγὼ
2666 1189 2940 1257 Σολομῶν,
3001 1191 3095 1243 καὶ
3149 1191 3384 1254 δοξάσας
3453 1189 3659 1250 Κύριον

386 1288 476 1341 τὸν
512 1288 666 1355 Θεὸν,
727 1287 1029 1341 ἀπέκλεισα
1078 1286 1139 1340 τὸ
1185 1286 1460 1355 δαιμόνιον
1522 1285 1710 1353 ὥσπερ
1772 1283 1866 1336 καὶ
1921 1282 2089 1337 τᾶλλα
2131 1283 2438 1352 πνεύματα.
2507 1284 2616 1337 Καὶ
2643 1284 2907 1336 ἐκέλευσα
2983 1284 3241 1352 παρεῖναί
3322 1302 3412 1352 μοι
3474 1284 3663 1350 ἕτερον

387 1382 637 1453 δαίμονα]
693 1386 786 1437 καὶ
834 1381 996 1457 ἦλθον
1034 1388 1140 1455 πρδ
1170 1386 1466 1455 προσώπου
1530 1397 1631 1449 μου
1667 1377 1963 1447 τριάκοντα
2002 1375 2059 1441 ἒξ
2086 1377 2397 1445 πνεύματα,
2432 1379 2487 1431 αἱ
2515 1382 2755 1448 κορυφαὶ
2778 1380 3055 1444 αύτῶνὼς
3092 1379 3253 1442 κύνες
3308 1378 3569 1450 ἄμορφοι,
3604 1385 3662 1437 ἐν

387 1478 571 1540 αὐτοῖς
616 1478 671 1531 δὲ
726 1474 867 1549 ἦσαν
947 1479 1403 1551 ἀνθρωπόμορφοι
1446 1494 1458 1505 ·
1500 1476 1898 1542 ὀνοπρόσωποι,
1954 1469 2392 1540 βουοπρὸσωποι,
2419 1474 2511 1526 καὶ
2546 1475 3032 1544 πτηνοπρόσωποι.

462 1572 632 1639 Κάγὼ
650 1572 902 1641 Σολομῶν
943 1573 1184 1633 ἀκούσας
1209 1574 1304 1624 καὶ
1333 1571 1456 1624 ξδὼν
1492 1568 1631 1622 αὐτὰ
1651 1568 1966 1635 ἐθαύμασα,

388 1661 482 1714 καὶ
508 1662 830 1732 ἐπερώτησα
871 1665 1009 1717 αύτά
1043 1664 1217 1731 λέγων
1239 1679 1256 1696 ο
1294 1664 1451 1731 ὑμεῖς
1477 1662 1621 1722 τίνες
1649 1660 1802 1723 sat-5';
1834 1660 1882 1711 οἱ
1910 1658 1965 1709 δὲ

387 1754 727 1823 ὁμοθυμαδὸν
789 1757 887 1826 μιᾷ
939 1758 1088 1824 φωνῇ
1147 1754 1356 1822 ἔφασαν
1391 1770 1404 1783 ·

397 1846 691 1915 τριάκοντα
746 1848 803 1913 ἓξ
840 1851 1100 1917 στοιχεῖα,
1141 1849 1189 1901 οἱ
1226 1848 1671 1917 κοσμοκράτορες
1712 1843 1808 1897 τοῦ
1849 1844 1972 1897 σκόο

388 1959 513 2002 τους
542 1942 754 2007 τούτου,
792 1944 904 1995 ἀλλ’
938 1944 996 1996 ού
1027 1944 1249 2015 δυνήσῃ,
1284 1943 1503 2013 βασιλεῦ
1521 1942 1794 2011 Σολομῶν,
1824 1943 1971 2011 ἡμᾶς

389 2034 667 2103 ἀδικῆσαι,
721 2037 841 2089 ούδέ
900 2038 1279 2100 κατακλεῖσαι,
1335 2038 1457 2090 οὐδὲ
1525 2036 1966 2106 κελεῦσαιήμῖν,

390 2125 506 2177 ἀλλ’
533 2127 719 2196 ἐπειδὴ
772 2128 976 2198 Κύριος
1010 2130 1035 2180 ὁ
1061 2129 1191 2190 Θεὸς
1250 2129 1419 2183 ἔδωκέ
1452 2147 1533 2183 σοι
1563 2131 1661 2198 τὴν
1716 2129 1968 2193 ἐξουσίαν

389 2219 481 2270 ἐπὶ
504 2219 704 2282 παντὸς
737 2222 1072 2290 πνεύματος,
1141 2222 1327 2293 ἀερίου
1365 2240 1424 2276 τε
1457 2225 1549 2276 καὶ
1586 2222 1831 2290 ἐπιγείου
1869 2222 1969 2275 καὶ

391 2313 786 2383 καταχθονίου,
852 2314 939 2367 διὰ
1000 2314 1159 2368 τοῦτο
1215 2315 1308 2368 καὶ
1366 2317 1528 2385 ἡμεῖς
1583 2314 1969 2382 παριστάμεθα

389 2405 621 2458 ἐνώπιόν
654 2423 745 2459 σου
780 2408 852 2470 ὡς
906 2408 973 2461 τὰ
1017 2408 1179 2461 λοιπά
1208 2408 1514 2477 πνεύματαο
1541 2405 1646 2460 ἀπὸ
1682 2404 1850 2476 Κριοῦ
1876 2405 1969 2459 καὶ

396 2498 634 2569 Ταύρου,
669 2500 902 2569 Διδύμου
936 2518 993 2554 τε
1014 2502 1108 2554 κα)⁸
1137 2502 1418 2572 καρήγγου
1476 2500 1792 2569 (καρήννου)
1848 2498 1967 2567 (sic)

396 2593 647 2656 Λέοντος,
684 2594 777 2646 καὶ
812 2594 1112 2665 Παρθένου,
1143 2594 1318 2661 Ζυγοῦ
1338 2611 1396 2647 τε
1431 2596 1522 2647 καὶ
1544 2593 1835 2663 Σκορπίου,
1864 2594 1967 2648 Το-

394 2684 570 2749 ξότου,
615 2686 1030 2758 Ἀἰγοκέρωτος,
1084 2688 1395 2757 ’Υδροχόου,
1434 2687 1530 2740 καὶ
1563 2687 1790 2759 Ἰχθύος.
1834 2687 1968 2740 Τότε

394 2774 505 2841 ἐγὼ
558 2776 809 2847 Σολομῶν
893 2778 1361 2848 ἐπικαλεσάμενος
1413 2781 1473 2832 τὸ
1515 2781 1686 2845 ὄνομα
1760 2780 1969 2849 Κυρίου

397 2864 647 2929 Σαϐαὼθ,
683 2867 1015 2939 ἐπηρώτησα
1061 2870 1196 2923 αύτά
1254 2870 1377 2922 καθ’
1423 2870 1517 2923 ἕνα
1553 2873 1735 2933 ὁποῖος
1767 2872 1969 2943 τρόπος

392 2961 573 3015 αὐτῶν
602 2962 899 3032 τυγχάνει*
954 2965 1047 3017 καὶ
1103 2957 1363 3017 ἐκέλευσα
1398 2966 1560 3026 αὐτὸς
1615 2966 1708 3018 ἕνα
1738 2967 1969 3019 ἕκαστον

391 3053 471 3115 εἰς
498 3054 557 3107 τὸ
605 3054 769 3122 μέσον
826 3055 1047 3107 ἐλθόντα
1092 3056 1269 3109 εἰπεῖν
1329 3057 1427 3127 τὴν
1490 3056 1687 3109 ἐαυτοῦ
1742 3057 1965 3126 πρᾶξιν.

2149 1565 2213 1619 Ει
2244 1581 2344 1635 ego
2370 1566 2652 1627 Salomon,
2686 1568 2917 1622 audiens
2932 1578 2983 1620 et
3003 1568 3192 1622 videns
3214 1582 3331 1627 eos.
3359 1569 3619 1639 obstupui
3643 1612 3656 1636 ,

2076 1666 2128 1711 ct
2156 1658 2484 1727 interrogavi
2519 1672 2615 1712 eos
2645 1658 2833 1712 dicens
2871 1675 2884 1711 :
2919 1656 3153 1723 Quinam
3183 1658 3361 1712 estis?
3395 1659 3497 1725 Qui
3523 1675 3659 1710 una-

1459 1753 1653 1822 Ἡμεῖς
1692 1751 1862 1820 ὲσμὲν
1900 1750 1968 1803 τὰ
2001 1778 2043 1833 Β
2074 1752 2298 1808 nituiter
2326 1767 2432 1805 una
2471 1768 2603 1807 voce
2627 1753 2886 1807 dixerunt
2918 1767 2930 1803 :
2957 1751 3066 1807 Nos
3094 1767 3206 1806 sum

1907 1750 1968 1803 τὰ
2001 1778 2043 1833 Β
2074 1752 2298 1808 nituiter
2326 1767 2432 1805 una
2471 1768 2603 1807 voce
2627 1753 2886 1807 dixerunt
2918 1767 2930 1803 :
2957 1751 3066 1807 Nos
3094 1767 3285 1806 sumus
3314 1753 3536 1820 triginta
3562 1767 3654 1805 sex

2072 1844 2341 1896 elementa
2378 1843 2609 1897 rectoris
2657 1842 3008 1896 tenebrarum
3091 1844 3329 1908 harum;
3407 1843 3500 1897 sed
3551 1858 3660 1897 non

2073 1935 2301 2006 poteris,
2325 1950 2417 1989 rex
2450 1933 2730 2000 Salomon,
2754 1933 2910 1987 nobis
2931 1948 3150 1998 nocere,
3178 1949 3278 1988 nec
3300 1934 3656 1998 concludere,

2072 2040 2175 2079 nec
2206 2025 2474 2095 imperare
2506 2024 2662 2079 nobis
2692 2042 2704 2078 :
2739 2025 2832 2078 sed
2866 2023 3126 2093 quoniam
3189 2022 3453 2078 Dominus
3513 2021 3659 2077 Deus

2074 2119 2223 2175 dedit
2257 2122 2351 2174 tibi
2394 2126 2718 2188 potestatem
2753 2119 2939 2172 omnis
2985 2117 3212 2187 spiritus
3266 2117 3399 2170 aerii
3429 2158 3443 2182 ,
3479 2126 3653 2170 terre-

2075 2214 2205 2268 stris
2234 2222 2285 2267 et
2313 2212 2697 2275 subterranei,
2748 2220 2966 2279 propter
3020 2210 3123 2263 hoc
3172 2218 3226 2264 ct
3287 2224 3387 2263 nos
3447 2218 3658 2262 stamus

2072 2315 2198 2361 ante
2221 2314 2293 2371 te,
2318 2313 2375 2359 ut.
2404 2304 2596 2372 reliqui
2632 2303 2879 2372 spiritus,
2904 2302 3094 2371 procul
3121 2304 3188 2355 ab
3214 2300 3424 2365 Ariete,
3451 2299 3654 2362 Tauro,

2073 2401 2355 2465 Gemellis,
2388 2400 2589 2456 crinito
2617 2399 2798 2454 Leone
2818 2442 2831 2463 ,
2868 2397 3091 2470 Virgine
3120 2437 3135 2463 ,
3178 2396 3407 2452 Trutina
3433 2436 3449 2462 ,
3491 2395 3657 2451 Scor-

2072 2497 2252 2566 pione,
2293 2495 2618 2564 Sagittario,
2658 2492 2997 2563 Capricorno
3021 2534 3037 2559 ,
3074 2492 3317 2562 Aquario
3349 2499 3403 2546 et
3476 2489 3656 2544 Pisce.

2074 2589 2204 2643 Tum
2244 2603 2342 2659 ego
2378 2587 2661 2651 Salomon,
2699 2587 2952 2640 invocato
3007 2585 3232 2641 nomine
3285 2582 3503 2637 Domini
3557 2581 3658 2636 Sa-

2072 2681 2264 2745 baoth,
2300 2678 2630 2747 interrogavi
2662 2692 2757 2731 eos
2790 2676 3069 2746 sigillatim
3104 2714 3118 2738 ,
3165 2689 3416 2745 quamam
3463 2687 3651 2747 eorum

2073 2768 2283 2824 indoles
2317 2775 2498 2833 esset;
2547 2776 2599 2821 et
2624 2765 2763 2833 jussi
2795 2780 2894 2835 ego
2930 2774 2987 2819 ιιι
3023 2765 3400 2835 unusquisque
3425 2764 3477 2817 in
3534 2777 3651 2817 me—

2075 2861 2163 2917 dio
2204 2861 2450 2925 veniens,
2485 2875 2639 2915 suam
2687 2860 2895 2912 diceret
2946 2857 3340 2927 operationem.
3376 2855 3533 2909 Tunc
3565 2870 3659 2910 ve-

2072 2960 2233 3013 niens
2264 2958 2471 3027 primus
2506 2957 2581 3010 ait
2617 2976 2628 3010 :
2667 2957 2777 3025 Ego
2817 2972 2936 3011 sum
2970 2955 3181 3025 primus
3225 2954 3482 3008 minister
3512 2950 3654 3023 cycli

2074 3051 2283 3105 zodiaci
2326 3050 2418 3119 qui
2456 3063 2623 3104 vocor
2652 3050 2811 3103 Aries
2839 3090 2854 3113 ,
2885 3054 2939 3102 et
2970 3061 3184 3101 mecum
3236 3046 3347 3100 duo
3398 3045 3513 3099 isti.
3567 3043 3656 3097 In-

391 3142 523 3195 Τότε
548 3118 863 3213 προσελθὼν
907 3148 935 3199 ὁ
959 3147 1173 3215 πρῶτος
1210 3118 1396 3200 εἶπενί
1430 3146 1573 3215 Ἐγώ
1604 3150 1721 3216 εἰμι
1753 3118 1968 3221 δ’ττρῶ-
1997 3118 2039 3178 c
2075 3154 2138 3199 tet

1905 3150 1968 3201 ἶ)-
1997 3118 2039 3178 c
2075 3144 2344 3214 terrogavi
2381 3143 2543 3212 igitur
2568 3158 2661 3196 eos
2694 3158 2707 3195 :
2743 3142 2975 3208 Quinam
3020 3138 3328 3195 vocamini?
3362 3139 3516 3194 Unus
3538 3137 3652 3192 ait:

387 3254 477 3297 τος
516 3237 825 3308 (διάκονοςῖ)
882 3240 1103 3303 δεκανὸς
1142 3240 1236 3293 τοῦ
1285 3242 1553 3305 ζωδιακοῦ
1620 3242 1846 3308 κύκλου,
1910 3243 1970 3306 ὃς

390 3330 665 3400 καλοῦμαι
701 3330 888 3402 Κριὶς,
917 3334 1011 3386 καὶ
1059 3333 1174 3401 μετ’
1209 3334 1344 3403 ἐμοῦ
1370 3336 1418 3387 οἱ
1472 3335 1565 3387 δύο
1595 3331 1745 3388 οὗτοι
1769 3352 1781 3364 ·
1827 3336 1968 3404 ἐπη-

389 3421 612 3491 ρώτησα
638 3423 728 3475 οῦν
756 3424 953 3485 αὐτοὺς
977 3441 989 3454 ’
1018 3425 1176 3485 Τίνες
1198 3426 1485 3492 καλεῖσοε;
1538 3427 1594 3479 '0
1619 3429 1719 3497 μέν
1756 3426 1804 3482 α’
1838 3430 1965 3499 ἔφη,

401 3512 565 3580 Ἐγὼ,
599 3514 796 3583 Κύριε,
845 3512 1009 3581 Ῥύαξ
1052 3515 1348 3584 καλοῦμαι,
1390 3503 1635 3585 κεφαλὰς
1659 3519 1967 3587 ἀνθρώπων

388 3604 527 3656 ποιῶ
581 3605 793 3676 ἀργεῖν,
854 3607 949 3660 καὶ
1006 3608 1316 3676 κροτάφους
1370 3608 1636 3674 σκυλεύω,
1698 3611 1773 3673 ὡς
1807 3612 1967 3681 μόνον

389 3696 896 3768 ἀκοῦσαι,Μιχαὴλ·
930 3697 1155 3750 ἐκλυσον
1195 3699 1361 3766 Ῥύαξ
1393 3700 1556 3763 εὐθὺς
1584 3701 1879 3773 ἀναχωρῶ.
1908 3702 1967 3756 '0

385 3788 440 3842 δὲ
473 3788 517 3859 β’
549 3790 677 3861 ἔφη·
714 3789 857 3858 Ἐγὼ
906 3792 1243 3863 Βαρσαφαὴλ
1280 3793 1575 3863 καλοῦμαι,
1606 3797 1639 3865 ἡ
1672 3797 1969 3866 μικράνοες

391 3883 527 3936 ποιῶ
579 3884 766 3951 ἀλγεῖν
828 3886 952 3947 τοὺς
990 3889 1046 3939 ἐν
1092 3889 1158 3956 τῇ
1191 3886 1310 3957 ὥρα
1368 3905 1471 3957 μου
1523 3889 1839 3957 κειμένους·
1872 3892 1969 3946 ἐὰν

390 3976 551 4045 μόνον
576 3978 819 4043 ἀκούσω,
850 3979 1108 4048 Γαϐριὴλ,
1140 3979 1405 4047 ἐγκλησον
1427 3982 1783 4052 Βαρσαφαὴλ,
1806 3985 1969 4047 εὐθὺς

384 4072 675 4141 ἀναχωρῶ.
715 4072 775 4125 '0
800 4075 979 4141 τρῖτος
1011 4073 1112 4143 ἔφη
1138 4089 1152 4105 ο
1199 4073 1342 4140 Ἐγὼ
1382 4074 1722 4145 Ἀρατοσαήλ
1771 4076 1966 4129 καλοῦ-

391 4182 507 4233 μαι,
529 4165 843 4234 ὀφθαλμοὺς
872 4167 1061 4219 ἀδικῶ
1098 4166 1195 4219 καὶ
1229 4166 1433 4239 σφόδρα
1471 4167 1715 4238 βλάπτω,
1749 4170 1824 4233 ὡς
1869 4171 1966 4241 μό-

398 4273 478 4307 νον
533 4256 785 4319 ἀκοῦσαι,
820 4258 1045 4327 Ούριὴλ,
1086 4258 1353 4330 ἐγκλησον
1413 4260 1773 4332 Ἀρατοσαὴλ,
1803 4261 1968 4326 εὐθὺς

390 4351 656 4422 ἀναχωρῶ
710 4353 844 4420 (Η).
888 4354 946 4405 '0
977 4359 1017 4405 ε’
1049 4353 1171 4423 ἔφη·
1234 4353 1375 4423 Ἐγὼ
1433 4355 1639 4408 Ἰουδάλ
1668 4355 1965 4427 καλοῦμαι,

2072 3238 2185 3309 Ego
2210 3279 2223 3302 ,
2248 3238 2468 3293 domine
2496 3275 2511 3300 ,
2546 3237 2700 3291 Ruax
2732 3251 2933 3299 vocor;
2972 3235 3151 3304 capita
3184 3234 3464 3289 hominum
3509 3231 3654 3287 facio

2072 3339 2131 3385 ut
2158 3331 2225 3385 ab
2259 3344 2423 3399 opere
2462 3337 2700 3394 cessent,
2726 3339 2777 3382 et
2808 3339 3049 3396 tempora
3077 3324 3332 3390 denudo;
3383 3324 3427 3379 si
3478 3324 3654 3379 solum

2072 3424 2288 3479 audiam
2344 3440 2357 3477 :
2400 3422 2659 3487 Michael,
2696 3421 2834 3489 cjice
2860 3420 3015 3474 Ruax
3041 3459 3055 3483 ,
3094 3420 3258 3473 citius
3289 3418 3534 3473 discedo.
3567 3415 3659 3469 Al-

2070 3525 2155 3572 ter
2185 3517 2260 3569 ait
2295 3533 2307 3567 :
2340 3516 2449 3584 Ego
2478 3512 2801 3584 Barsaphael
2830 3527 3025 3579 vocor;
3059 3513 3149 3583 qui
3175 3521 3233 3566 ut
3256 3510 3655 3580 aliquantulum

2071 3610 2290 3667 doleant
2319 3610 2420 3664 sub
2451 3617 2695 3678 tempore
2726 3622 2849 3662 meo
2879 3606 3126 3677 iacentes
3158 3606 3368 3671 efﬁcio;
3405 3604 3448 3657 si
3479 3603 3654 3658 solum

2073 3704 2293 3759 audiam
2335 3719 2348 3757 :
2384 3701 2632 3764 Gabriel,
2672 3702 2891 3768 increpa
2923 3698 3291 3768 Barsaphacl,
3333 3697 3515 3751 statim
3566 3709 3663 3749 re-

2072 3805 2279 3853 vertor.
2312 3793 2530 3848 Tertius
2575 3792 2651 3845 ait
2683 3809 2696 3846 :
2739 3792 2850 3860 Ego
2881 3788 3165 3845 Aratosael
3196 3788 3483 3851 nominor;
3520 3799 3653 3839 ocu-

2072 3888 2156 3945 los
2184 3886 2342 3949 laedo,
2379 3894 2433 3940 et
2491 3898 2689 3954 magno
2738 3882 2914 3936 allicio
2962 3880 3326 3944 detrimento;
3383 3878 3429 3933 si
3476 3875 3652 3932 solum

2074 3979 2292 4034 audiam
2320 3995 2333 4031 :
2379 3976 2551 4040 Uriel,
2578 3976 2798 4044 increpa
2832 3972 3121 4027 Aratosael
3151 4011 3164 4035 ,
3207 3970 3394 4024 statim
3423 3968 3642 4025 recedo.

2072 4072 2309 4140 Quintus
2336 4070 2411 4126 ait
2447 4087 2459 4125 :
2503 4070 2611 4139 Ego
2660 4066 2854 4121 Jondal
2899 4080 3110 4128 vocor;
3165 4063 3383 4116 aurium
3428 4060 3655 4115 obstruo

2073 4168 2313 4224 ctionem
2340 4165 2473 4219 tollo
2506 4205 2517 4225 ,
2550 4172 2604 4217 et
2657 4176 2876 4216 rursum
2934 4158 3215 4221 immitto;
3276 4155 3322 4211 si
3377 4152 3650 4208 audiero:

2074 4260 2264 4324 Uruel,
2301 4257 2493 4314 Joudal
2534 4253 2843 4325 (increpa),
2883 4252 3172 4307 confestim
3209 4250 3422 4304 recedo.
3456 4248 3661 4302 Sextus

2074 4354 2150 4409 ait
2181 4368 2196 4408 :
2230 4352 2345 4423 Ego
2382 4348 2764 4420 Sphendonael
2796 4345 3050 4401 nominor
3079 4384 3093 4410 ,
3138 4343 3231 4415 qui
3278 4340 3552 4411 parotidas
3600 4347 3660 4395 et

391 4443 652 4514 ἕκφραξιν
683 4446 881 4509 ὠτίων,
914 4450 1010 4498 καὶ
1038 4447 1313 4518 σφήνωσιν
1343 4447 1523 4499 ἀκοῶν
1554 4448 1790 4501 ἐπιτελῶ
1821 4466 1833 4480 ·
1869 4450 1967 4504 ἐὰν
1998 4473 2043 4530 ι)
2074 4449 2138 4504 fat

1904 4450 1967 4503 ἀν
1998 4473 2043 4530 ι)
2074 4448 2310 4504 faucium
2344 4444 2631 4516 glandulas
2657 4482 2671 4506 ,
2710 4448 2764 4495 et
2795 4453 3085 4495 nervorum
3133 4451 3381 4491 aversam
3439 4434 3651 4489 tensio-

387 4539 624 4604 ἀκούσω,
662 4539 904 4608 Οὖρουὴλ
921 4538 1237 4612 [ἔγκλησον]
1278 4539 1481 4593 Ἰουδᾶλ
1494 4541 1657 4603 εὐθὺς
1675 4543 1963 4613 ἀναχωρῶ.

398 4635 457 4687 '0
477 4633 527 4697 ς’
545 4633 671 4701 ἔφη’
691 4633 833 4700 Ἐγὼ
849 4634 1185 4704 Σφενδοναὴλ
1197 4634 1363 4687 καλοῦ
1372 4636 1812 4705 μαι,παρωτὶδας
1827 4635 1967 4690 ποιῶ

390 4728 484 4780 καὶ
502 4726 828 4797 παρίσθμια,
846 4726 942 4779 καὶ
955 4727 1300 4793 ὀπισθότονα,
1320 4728 1415 4779 ἐάν
1430 4728 1668 4791 ἀκούσω,
1689 4727 1965 4799 Σαὸραὴλ,

391 4820 658 4888 ἐγκλησον
707 4820 1081 4889 Σφενδοναὴλ,
1112 4821 1275 4884 εὐθὺς
1316 4824 1606 4892 ἀναχωρῶ.
1645 4823 1704 4877 '0
1745 4824 1789 4888 ζ’
1821 4824 1923 4893 ἐφη
1949 4841 1963 4856 ο

401 4911 542 4980 Ἐγὼ
576 4913 840 4983 Σφανδῲρ
881 4914 1152 4976 καλοῦμαι
1185 4913 1351 4984 ὥρων
1376 4915 1608 4986 δύναμιν
1637 4917 1844 4970 ἐλαττῶ
1871 4918 1967 4972 καὶ

392 5003 623 5066 σαλεύω,
659 5006 752 5057 καὶ
781 5004 980 5073 χειρῶν
1012 5005 1181 5076 νεῦρα
1213 5007 1387 5077 παρα)
1403 5007 1498 5061 ύω·
1529 5011 1624 5062 καὶ
1658 5008 1804 5062 ὀστᾶ
1851 5027 1972 5063 ποι-

390 5098 581 5169 χαμῶν
623 5097 688 5167 (⁸2)
739 5099 1035 5168 συντρῐόω,
1098 5102 1193 5152 καὶ
1237 5101 1470 5171 μυελοῦς
1522 5103 1833 5169 ἐκπιπύζω,
1874 5104 1969 5158 ἐάν

391 5191 632 5256 ἀκούσω,
677 5191 902 5261 Ἀραὶ-ιλ,
964 5192 1233 5262 ἐγκλησον
1283 5194 1563 5265 Σφανδὼρ.
1614 5196 1774 5258 εὐθὺς
1835 5198 1968 5249 ἀνα-

390 5284 575 5355 χωρῶ.
618 5284 676 5336 '0
704 5282 754 5354 η’
790 5283 894 5354 ἔφη
922 5301 935 5314 ο
978 5284 1121 5351 Ἐγὼ
1174 5285 1370 5338 Βελϐὲλ
1408 5286 1702 5358 καλοῦμαι,
1731 5289 1964 5360 καρδίας

387 5376 691 5448 ἀνθρώπων
746 5376 842 5430 καὶ
912 5379 1117 5449 φρένας
1174 5380 1526 5450 διαστρέφω³
1587 5381 1683 5434 ἐὰν
1747 5382 1967 5435 ἀκούσω

402 5471 602 5542 Ἀραὴλ
629 5471 898 5540 ἔγκλησον
924 5474 1143 5538 Βελόἐλ,
1175 5473 1337 5538 εὐθὺς
1363 5476 1649 5545 ἀναχωρῶ.
1671 5477 1728 5529 '0
1756 5476 1801 5528 θ’
1835 5476 1962 5543 ἔφη’

404 5567 542 5634 Ἐγὼ
597 5567 887 5637 Κουρταὴλ
957 5567 1226 5637 καλοῦμαι
1277 5585 1288 5597 ·
1349 5569 1618 5637 στρόφους
1677 5569 1733 5621 ἐν
1783 5568 1964 5638 κοιλίᾳ

2073 4557 2197 4597 nem
2230 4539 2414 4601 facio;
2445 4538 2489 4592 si
2525 4534 2748 4590 audiero
2780 4550 2792 4586 :
2827 4531 3074 4595 Sabrael,
3121 4530 3337 4597 increpa
3362 4525 3651 4597 Sphcndo-

2072 4636 2216 4700 nae],
2247 4634 2428 4689 statim
2459 4628 2675 4686 recedo.
2720 4628 2997 4697 Septimus
3027 4626 3103 4679 ait
3135 4641 3150 4679 :
3209 4624 3321 4695 Ego
3364 4621 3654 4690 Sphandor

2068 4744 2235 4785 vocor
2261 4746 2276 4795 ;
2317 4727 2669 4781 humerorum
2699 4723 2867 4777 robur
2904 4719 3173 4775 imminuo
3201 4727 3253 4771 et
3285 4728 3607 4772 commoveo
3634 4751 3668 4778 ,.

2069 4833 2123 4880 ct
2155 4836 2415 4879 manuum
2443 4831 2638 4874 nervos
2671 4816 2905 4879 resolvo,
2933 4822 2984 4868 et
3014 4826 3136 4867 ossa
3172 4809 3368 4879 pedum
3410 4806 3645 4871 resolvo,

2070 4928 2124 4975 ct
2174 4915 2467 4972 medullam
2525 4912 2578 4966 in
2635 4909 2842 4965 saniem
2896 4914 3207 4969 converto;
3267 4901 3312 4957 si
3373 4899 3651 4954 audiero:

2066 5012 2225 5067 Arael
2251 5050 2266 5074 ,
2301 5010 2523 5077 increpa
2552 5004 2864 5075 Sphandor,
2897 5002 3081 5056 statim
3143 4996 3360 5052 recedo.
3414 4994 3658 5048 Octavus

2064 5105 2139 5159 ait
2200 5122 2212 5157 :
2277 5101 2389 5172 Ego
2436 5100 2617 5155 Belbel
2676 5099 2969 5159 nominor;
3026 5093 3304 5148 hominum
3378 5088 3545 5144 corda
3600 5095 3653 5141 et

2062 5205 2271 5249 mentes
2306 5198 2567 5248 converto
2597 5190 2647 5243 in
2702 5187 2906 5242 malum
2936 5200 2951 5251 ;
2999 5185 3044 5238 si
3102 5181 3330 5236 audiero
3367 5198 3379 5233 :
3445 5177 3602 5232 Arael
3631 5217 3647 5241 ,

2063 5286 2287 5354 increpa
2318 5283 2523 5345 Belbel,
2555 5279 2741 5335 statim
2785 5278 2953 5349 fugio.
2989 5274 3179 5330 Nonus
3225 5274 3300 5327 ait
3329 5288 3341 5324 :
3378 5271 3493 5340 Ego
3519 5268 3651 5323 Cur-

2076 5382 2180 5436 tael
2214 5394 2418 5443 vocor;
2455 5387 2727 5431 tormenta
2771 5372 3048 5428 intestinis
3102 5369 3337 5424 immitto
3368 5408 3382 5431 ,
3436 5365 3656 5420 labores

2077 5476 2319 5539 induco;
2352 5473 2396 5529 si
2428 5471 2653 5527 audiero
2691 5490 2702 5525 :
2731 5468 2916 5532 Jaoth,
2950 5468 3173 5534 increpa
3225 5460 3441 5518 Curtael
3471 5499 3484 5523 ,
3517 5474 3651 5514 con-

2073 5566 2252 5622 festim
2280 5564 2496 5622 recedo.
2551 5563 2804 5620 Decimus
2846 5560 2923 5614 ait
2961 5574 2975 5611 :
3025 5554 3155 5611 Mihi
3209 5551 3505 5608 Metathiax
3550 5564 3646 5605 no~

462 5832 574 5905 (tl)
627 5834 724 5891 Hic
764 5837 922 5892 omisi
981 5853 1100 5907 qua:
1160 5854 1211 5892 γ.
1280 5838 1333 5893 in
1397 5836 1658 5894 additam.
1724 5834 1826 5892 sub
1874 5834 2083 5905 signo‘)‘
