4424 6462
757 398 775 459 1
788 394 890 459 347

1630 386 2019 449 APPENDIX
2064 383 2636 445 ADMICilAElEM
2679 382 3050 444 PSE[.LU.\I.

3884 388 4020 451 1348

757 511 932 574 Ardu,
964 506 1203 570 Anaotb,
1238 507 1387 560 hunc
1416 506 1594 559 locum
1646 503 1819 573 fugio.
1854 502 1920 555 Et
1955 502 2071 554 haec
2103 496 2332 550 audiens
2364 499 2408 552 Λ
2436 492 2500 543 ἐκ

2275 510 2332 549 ns
2364 499 2408 552 Α
2436 492 2675 546 ἐκείνου.
2729 494 2839 546 Καὶ
2874 492 3051 546 ταῦτα
3084 493 3325 556 ἀκούσας
3364 492 3473 560 ἐγὼ
3500 495 3773 564 Σολομῶν,
3800 495 4022 561 ἐδόξασα

753 618 853 672 ego
885 599 1174 662 Salomon,
1212 596 1429 650 laudavi
1484 596 1654 651 Deum
1700 596 1826 649 coeli
1864 601 1917 646 et
1949 600 2149 647 terrae:
2187 588 2332 657 jussi

762 700 947 747 autem
976 705 1073 745 eos
1106 696 1329 757 portare
1355 702 1554 756 aquam
1588 687 1641 739 in
1676 686 1881 752 templo
1911 684 2026 747 Dei,
2057 689 2109 736 et
2133 681 2334 735 iterum

756 782 1083 851 deprecatus
1114 794 1232 833 sum
1269 776 1561 831 Dominum
1589 775 1781 845 Deum,
1814 781 1875 827 ut
1903 772 2211 828 exteriores
2236 770 2337 824 da:-

756 886 971 935 mones,
1008 883 1077 923 ac
1112 868 1565 937 supplautatores
1603 866 1918 929 hominum,
1962 863 2132 919 simul
2163 860 2337 916 vinci-

753 972 968 1026 rentur,
1007 969 1061 1014 et
1095 962 1350 1014 venirent
1390 960 1442 1013 in
1494 958 1755 1021 templum
1795 956 1915 1012 Dei.
1980 956 2095 1025 Ego
2150 960 2337 1009 autem

754 1055 896 1108 alios
923 1054 1123 1107 acriter
1159 1052 1437 1106 daemones
1463 1050 1825 1104 condcmnavi
1856 1056 1915 1103 ut
1973 1054 2339 1117 operarentur

754 1148 1013 1218 gravibus
1045 1145 1326 1199 laboribus
1361 1143 1758 1197 esstructiouis
1788 1139 1974 1208 templi
2008 1140 2123 1193 Dei.
2185 1139 2337 1193 Alios

756 1238 1073 1293 carceribus
1125 1236 1362 1301 inclusi,
1416 1235 1537 1289 aliis
1570 1232 1822 1287 mandavi
1880 1240 1940 1285 ut
1969 1231 2092 1301 igne
2144 1230 2338 1285 doma-

756 1337 881 1382 rent
933 1342 1128 1381 aurum
1175 1334 1229 1379 et
1278 1335 1592 1394 argentum,
1649 1332 1700 1377 et
1751 1323 1979 1391 plumbo
2032 1331 2087 1375 et
2142 1321 2339 1392 phiala}

755 1420 1100 1473 conﬂatoria:
1128 1416 1479 1477 assiderent,
1518 1423 1571 1469 et
1603 1414 1819 1469 creteris
1851 1412 2197 1467 daemonibus
2236 1426 2339 1465 no-

758 1512 863 1566 dos
906 1520 1301 1580 praepararent,
1342 1510 1543 1579 quibus
1583 1509 1780 1562 debent
1813 1506 2037 1561 includi.
2076 1503 2141 1557 Et
2172 1504 2341 1559 habui

757 1618 1014 1673 magnam
1075 1602 1537 1671 tranquillitatem
1604 1614 1706 1667 ego
1764 1597 2027 1651 Salomon
2078 1597 2132 1650 in
2189 1597 2338 1649 omni

756 1704 929 1757 terra,
962 1704 1014 1748 et
1064 1696 1117 1747 in
1166 1708 1299 1762 pace
1334 1693 1505 1745 multa
1538 1692 1703 1744 vitam
1756 1690 1900 1759 degi,
1956 1690 2259 1744 honoratus
2309 1705 2337 1742 a

758 1788 975 1843 eunetis
1007 1786 1330 1840 hominibus
1361 1789 1455 1855 qui
1517 1785 1623 1839 sub
1658 1784 1799 1838 caelo
1834 1795 2000 1848 sunt,
2057 1795 2114 1839 et
2164 1784 2338 1839 {editi-

756 1880 877 1933 eavi
911 1894 1075 1933 omne
1102 1879 1367 1947 templum
1404 1878 1621 1931 Domini
1649 1877 1776 1943 Dei,
1812 1887 1869 1931 et
1895 1894 2121 1946 regnum
2158 1892 2339 1931 meum

757 1981 907 2025 recte
949 1971 1403 2041 gubernabatur;
1456 1979 1510 2024 et
1560 1970 1839 2024 exercitus
1890 1984 2044 2024 meus
2074 1978 2191 2024 erat
2227 1985 2342 2022 me-

758 2078 914 2128 cum;
952 2068 1213 2116 carterum
1244 2062 1666 2155 requievigurbs
1686 2059 1985 2116 Jerusalem
2020 2061 2261 2130 gaudens
2290 2068 2344 2115 et

760 2154 1108 2217 ltetabunda,
1141 2161 1195 2207 et
1226 2168 1419 2207 omnes
1453 2153 1607 2223 reges
1644 2161 1805 2207 terra:
1840 2154 2134 2207 veniebant
2166 2153 2231 2204 ad
2258 2166 2342 2204 me

762 2261 791 2299 τι
827 2245 1031 2300 ﬁnibus
1086 2255 1263 2309 terrae,
1303 2254 1361 2298 ut
1396 2245 1649 2298 viderent
1684 2244 1945 2315 templum
1981 2246 2126 2313 quod
2179 2242 2338 2295 atdil't-

760 2340 953 2394 cabam
988 2340 1226 2394 Domino
1262 2337 1401 2402 Deo,
1432 2346 1483 2390 ct
1516 2337 1805 2391 audientes
1840 2339 2021 2389 datam
2069 2335 2203 2388 mihi
2255 2349 2344 2389 sa-

761 2433 1051 2503 pientiam,
1082 2432 1493 2485 venerabantur
1541 2444 1625 2482 me
1660 2429 1836 2495 gratia
1892 2428 2102 2495 templi,
2144 2441 2339 2480 aurum

758 2534 815 2579 et
849 2531 1163 2594 argentum,
1201 2530 1255 2577 et
1287 2522 1497 2592 lapides
1548 2522 1822 2591 pretiosos
1859 2523 2079 2581 multos,
2134 2522 2339 2585 varios,

758 2625 815 2671 et
844 2632 941 2683 αῖς,
1005 2624 1060 2670 et
1103 2615 1332 2680 ferrum,
1367 2622 1421 2668 et
1464 2614 1773 2683 plumbum,
1806 2625 1858 2667 et
1890 2616 2035 2683 ligna
2096 2614 2341 2677 C(‘dl'ilm,

758 2719 813 2764 et
848 2709 994 2777 ligna
1034 2707 1495 2775 imputrescibilia
1546 2706 1851 2760 offerebant
1886 2706 2041 2770 mihi,
2094 2705 2148 2757 in
2179 2705 2344 2759 sedili-

759 2800 1040 2857 cationem
1074 2800 1262 2867 templi
1299 2798 1391 2853 Dei
1419 2815 1433 2862 ;
1470 2799 1525 2852 in
1556 2798 1643 2851 his
1671 2806 1726 2851 et
1752 2799 1939 2867 regina
1968 2806 2129 2851 terrae
2156 2800 2343 2851 Au5tri

760 2908 960 2963 magna
993 2892 1206 2960 pollens
1256 2892 1573 2962 prudentia,
1610 2892 1757 2944 venit
1792 2900 1845 2944 et
1882 2891 2119 2960 procidit
2156 2905 2342 2944 coram

761 3000 850 3039 me
900 3000 1067 3054 super
1103 2993 1341 3047 terram,
1377 2991 1434 3037 et
1485 2983 1717 3037 audiens
1750 2984 2078 3051 sapientiam
2140 2998 2339 3043 meam,

762 3076 1011 3131 laudavit
1063 3075 1232 3132 Deum
1281 3075 1475 3139 Israel,
1516 3083 1570 3128 et
1601 3075 1931 3144 probatione
1976 3074 2228 3143 probavit
2260 3089 2348 3127 sa—

2434 584 2527 634 τὺν
2586 582 2719 635 Θεὸν
2772 582 2865 636 τοῦ
2918 583 3152 652 οὐρανοῦ
3185 586 3278 636 καὶ
3333 585 3431 655 τῆς
3481 586 3607 651 γῆς,
3661 587 3925 640 ἐκέλευσα
3966 589 4025 643 δὲ

2436 677 2633 738 αὐτοὺς
2660 675 2806 746 ὕδωρ
2838 676 3093 745 κομίζειν
3120 678 3177 729 ὲν
3202 677 3281 746 τῷ
3305 677 3417 747 ναῷ
3446 677 3539 729 τοῦ
3581 677 3719 729 Θεοῦ
3742 695 3753 709 ·
3790 680 3887 731 καὶ
3944 682 4025 732 ἔτι

2436 767 2834 839 προσηυξάμην
2865 768 3003 838 πρὸς
3038 769 3245 840 Κύριον
3268 769 3359 820 τὸν
3390 768 3522 821 Θεόν
3549 784 3562 797 ⁸
3611 770 3749 822 ὥστε
3774 771 3897 833 τοὺς
3926 772 4030 835 ἔξω

2435 861 2697 929 δαίμονας
2722 861 2816 914 καὶ
2839 858 3228 923 ἑκποδίξοντας
3248 862 3349 929 τὴν
3371 859 3771 931 ἀνθρωπὸτητα
3806 880 4027 931 συμπο-

2436 952 2787 1015 δίζεσθαικαὶ
2814 935 3213 1021 προσέρχεσθαι
3232 953 3311 1014 είς
3344 952 3435 1004 τὸν
3461 953 3587 1004 ναὸν
3616 952 3710 1004 τοῦ
3735 952 3890 1005 Θεοῦ·
3920 954 4030 1021 ἐγὼ

2436 1045 2492 1098 δὲ
2524 1046 2651 1109 τοὺς
2687 1045 2785 1115 μὲν
2810 1045 2918 1097 τῶν
2937 1046 3233 1113 δαιμόνων,
3267 1045 3567 1113 κατέκρινα
3596 1044 3927 1113 ἐργάζεσθαι
3964 1044 4032 1097 τὰ

2441 1138 2611 1209 βαρέα
2642 1138 2779 1209 ἔργα
2806 1137 2906 1204 τῆς
2940 1138 3229 1206 οἰκοδομῆς
3254 1139 3345 1190 τοῦ
3369 1136 3497 1189 ναοῦ
3516 1135 3608 1189 τοῦ
3625 1136 3783 1189 Θεοῦ.
3814 1137 3951 1199 Τοὺς
3973 1137 4030 1189 δὲ

2440 1235 2709 1304 φρουραῖς
2741 1232 3091 1284 κατέκλεισα·
3146 1232 3727 1301 ὲτέρουςπυρομαχεῖν
3758 1230 4029 1283 ἐκέλευσα

2438 1326 2652 1395 χρυσίῳ
2675 1326 2769 1379 καὶ
2814 1325 3089 1395 ἀργυρίῳ,
3127 1326 3220 1379 καὶ
3249 1323 3484 1394 μολίϐδῳ
3509 1326 3604 1377 καὶ
3635 1324 3813 1393 φιάλῳ
3844 1340 4027 1393 παρα-

2440 1416 2789 1482 καθέζεσθαι·
2812 1420 3033 1480 καὶτοῖς
3053 1418 3259 1481 λοιποῖς
3279 1417 3517 1485 δαίμοσι,
3535 1418 3771 1485 τρόπους
3792 1417 4029 1486 ἡτοιμά-

2442 1511 2585 1575 σθαι,
2645 1513 2729 1579 ἐφ’
2783 1506 2865 1573 οἷς
2920 1509 3198 1577 ὀφείλουσι
3244 1509 3729 1578 κατακλεισθῆναι.
3793 1510 3907 1562 Καὶ
3945 1505 4026 1561 εί-

2444 1622 2539 1674 χον
2582 1604 2782 1674 πολλὴν
2830 1603 3059 1673 ἡσυχίαν
3093 1600 3203 1668 ἐγὼ
3240 1600 3495 1669 Σολομῶν
3528 1603 3587 1653 ὲν
3613 1603 3761 1671 πάσῃ
3790 1602 3854 1671 τῇ
3913 1603 3983 1672 γῇ
4010 1618 4025 1631 ⁶

2445 1700 2539 1750 καὶ
2564 1701 2621 1750 ὲν
2655 1699 2848 1768 εἰρήνῃ
2898 1697 3085 1766 διῆγον
3100 1695 3293 1764 πολλῇ,
3322 1693 3634 1764 τιμώμενος
3671 1695 3776 1747 ὑπὸ
3806 1696 4029 1749 πάντων

2444 1791 2766 1861 ἀνθρώπων,
2784 1791 2877 1841 καὶ
2894 1790 3002 1842 τῶν
3024 1789 3126 1840 ὑπὸ
3150 1790 3255 1840 τῶν
3292 1788 3556 1856 οὐρανῶν.
3588 1788 3696 1839 Καὶ
3720 1787 4032 1857 ᾠκοδόμουν

2443 1883 2534 1933 τὸν
2572 1882 2698 1933 ναὸν
2735 1880 2854 1933 ὅλον
2896 1880 3101 1948 Κυρίου
3137 1878 3230 1931 τοῦ
3260 1878 3416 1930 Θεοῦ·
3450 1880 3543 1930 καὶ
3582 1880 3613 1945 ἡ
3650 1877 3899 1947 βασιλεία
3927 1898 4030 1947 μου

2441 1968 2508 2041 ἦν
2537 1972 2857 2025 εύθυνοῦσα·
2889 1972 2985 2025 καὶ
3006 1974 3033 2023 ὁ
3065 1973 3298 2040 στρατός
3327 1988 3426 2041 μου
3462 1968 3529 2042 ἦν
3574 1973 3691 2040 μετ’
3738 1972 3896 2039 ἐμοῦ,
3938 1972 4033 2024 καὶ

2442 2064 2628 2117 λοιπὸν
2682 2064 3033 2118 ἀνεπαύσατο
3082 2065 3115 2133 ἡ
3149 2064 3304 2125 πόλις
3360 2063 3725 2133 Ἰερουσαλὴμ
3759 2064 4030 2133 χαίρουσα

2442 2158 2537 2209 καὶ
2561 2156 2967 2226 ἁγαλλιωμένηο
3026 2155 3124 2208 καὶ
3178 2156 3417 2218 ἅπαντες
3442 2157 3491 2208 οί
3524 2156 3765 2225 βασιλεῖς
3789 2156 3886 2225 τῆς
3926 2155 4035 2223 γῆς

2443 2252 2675 2319 ἤρχοντο
2703 2249 2841 2319 πρός
2859 2265 2925 2317 με
2954 2247 3062 2300 ἀπὸ
3096 2247 3204 2299 τῶν
3229 2249 3484 2317 περάτων
3509 2248 3610 2317 τῆς
3634 2251 3733 2317 γῆς
3753 2248 4031 2318 θεωρῆσαι

2443 2343 2535 2393 τὸν
2575 2340 2702 2392 ναὸν
2733 2339 2793 2392 ὃν
2833 2340 3148 2410 ᾠκοδόμουν
3189 2339 3381 2408 Κυρίῳ
3420 2338 3496 2409 τῷ
3557 2338 3696 2408 Θεῷ.
3734 2340 3839 2392 Καὶ
3872 2342 4036 2392 ἀκού-

2448 2449 2641 2492 σαντες
2692 2432 2792 2503 τὴν
2831 2431 3023 2499 σοφίαν
3060 2431 3158 2500 τὴν
3199 2431 3446 2484 δοθεῖσάν
3522 2449 3611 2500 μοι
3662 2430 4033 2500 προσεκύκοιν

2450 2524 2922 2595 μοιείςτὸνναον,
2978 2524 3205 2594 χρυσίον
3252 2524 3347 2575 καὶ
3397 2522 3660 2593 ἀργύριον
3720 2525 3811 2573 καὶ
3852 2521 4034 2583 λίθους

2447 2620 2665 2687 τιμίους
2706 2618 2939 2677 πολλοὺς
2970 2615 3290 2685 διαφόρους,
3316 2618 3411 2670 καὶ
3454 2616 3653 2685 χαλκόν
3674 2615 3767 2667 καὶ
3792 2615 4032 2684 σίδηρον,

2447 2713 2543 2763 καὶ
2588 2710 2863 2780 μόλιϐδον,
2912 2712 3008 2763 καὶ
3068 2710 3200 2775 ξύλα
3234 2710 3478 2781 κέδρινα,
3520 2708 3615 2762 καὶ
3655 2708 3788 2773 ξύλα
3816 2709 4036 2775 ἄσηπτα

2449 2803 2793 2872 προσέφερον
2838 2820 2927 2872 μοι
2980 2805 3061 2865 είς
3106 2803 3205 2871 τὴν
3258 2802 3607 2871 κατασκευὴν
3644 2801 3737 2853 τοῦ
3770 2800 3899 2854 ναοῦ
3938 2800 4033 2852 τοῦ

2449 2896 2609 2947 Θεοῦ·
2649 2898 2704 2948 ὲν
2735 2891 2814 2956 οἷς
2844 2897 2936 2947 καὶ
2997 2896 3285 2965 βασίλισσα
3348 2895 3521 2946 Νότου
3572 2895 3736 2961 γονης
3774 2892 3891 2963 (sic)
3927 2893 4036 2945 ὑπ·-

2450 2988 2694 3057 ἀρχουσα
2725 2990 2781 3039 ὲν
2808 2987 2978 3058 πολλῇ
3019 2988 3280 3058 φρόνησει
3315 2983 3479 3056 ἦλθεν
3507 2987 3599 3038 καλ⁵
3623 2986 4036 3054 προσεκύνησεν

2450 3081 2683 3133 ἐνώπιόν
2715 3099 2817 3150 μου
2858 3082 2951 3134 ἐπὶ
2973 3083 3072 3151 τὴν
3120 3082 3244 3150 γῆν·
3281 3082 3375 3133 καὶ
3404 3080 3689 3132 ἀκούσασα
3714 3080 3811 3149 τὴν
3843 3082 4036 3149 σοφίαν

762 3170 1021 3239 pientiam
1058 3184 1232 3223 meam
1300 3170 1353 3222 in
1414 3168 1602 3223 multis
1637 3182 1757 3237 quae
1804 3168 1963 3221 docui
2000 3182 2145 3231 eam,
2190 3167 2343 3236 juxta
2373 3174 2419 3237 ρ
2459 3190 2509 3243 μ(

2292 3176 2343 3221 la
2373 3174 2419 3237 ρ
2459 3189 2561 3243 μου
2596 3172 2814 3236 ἐδόξασε
2847 3172 2936 3223 τὸν
2972 3172 3105 3225 Θεὸν
3145 3171 3236 3224 τοῦ
3279 3171 3514 3241 Ἰσραὴλ,
3550 3173 3606 3223 έν
3636 3167 3717 3235 οἷς
3740 3172 3832 3224 καὶ
3860 3172 4034 3224 ἐδοκί-

761 3262 945 3315 datam
979 3261 1111 3315 mihi
1162 3261 1491 3331 sapientiam
1518 3298 1533 3325 ,
1574 3267 1628 3314 et
1657 3274 1850 3314 omnes
1883 3258 1978 3313 ﬁlii
2013 3258 2180 3314 Israel
2230 3259 2349 3312 lau-

767 3352 1042 3408 daverunt
1078 3352 1395 3407 Dominum.

839 3559 903 3613 Et
936 3573 1070 3613 ecce
1120 3558 1172 3609 in
1221 3556 1307 3609 bis
1345 3554 1539 3608 diebus
1573 3568 1719 3607 unus
1769 3551 2144 3619 operariorum
2183 3567 2346 3605 senex

766 3659 928 3705 aetate
958 3649 1194 3720 procidit
1229 3656 1357 3701 ante
1390 3662 1473 3700 me
1499 3646 1729 3699 dicens:
1782 3642 2043 3698 Miserere
2089 3644 2217 3708 mei,
2254 3659 2347 3697 rex

767 3743 1049 3806 Salomon,
1087 3741 1215 3809 quia
1248 3754 1415 3793 senex
1447 3738 1676 3791 exsisto.
1708 3734 1913 3789 Jubens
1944 3736 2111 3804 igitur
2158 3746 2217 3789 ut
2248 3745 2353 3789 sta-

767 3843 873 3901 ret,
900 3834 1035 3887 dixit
1066 3832 1185 3899 (sic)
1214 3850 1225 3884 :
1266 3830 1533 3899 Loquere.
1565 3845 1753 3893 senex,
1780 3830 1911 3899 quid
1942 3830 2025 3885 vis
2050 3829 2073 3883 ?
2098 3828 2200 3893 Qui
2234 3830 2350 3883 ait:

766 3929 1006 3983 Obsecro
1031 3938 1104 3990 te,
1133 3942 1248 3991 rex,
1272 3927 1439 3979 lilium
1462 3925 1638 3978 habeo
1666 3924 2001 3993 unigenitum
2048 3933 2101 3976 et
2151 3932 2350 3976 contu-

766 4020 946 4075 meliis
973 4020 1134 4073 afﬁcit
1157 4035 1240 4072 me
1271 4017 1554 4087 gravibus,
1587 4025 1639 4068 et
1668 4018 1919 4070 verberat
1949 4031 2033 4068 me
2060 4016 2110 4067 in
2133 4014 2348 4078 faciem,

770 4124 824 4169 et
859 4125 1020 4186 caput
1050 4117 1182 4170 inibi
1214 4118 1457 4181 vellicat,
1485 4125 1538 4168 et
1571 4120 1802 4167 mortem
1837 4110 2036 4163 malam
2062 4109 2350 4163 denuntiat

768 4206 941 4271 mihi;
974 4206 1093 4259 ideo
1124 4215 1241 4260 asto
1264 4220 1448 4259 coram
1482 4214 1553 4267 te,
1586 4202 1801 4256 vindica
1828 4216 1935 4255 me.
1962 4198 2087 4254 Haec
2123 4200 2350 4253 audiens

766 4318 873 4373 ego
903 4302 1185 4363 Salomon,
1234 4299 1423 4352 dolore
1474 4297 1756 4368 pungebar
1794 4295 2067 4364 aspiciens
2099 4293 2150 4346 in
2196 4306 2348 4347 sene-

770 4403 973 4451 Ctutem
1015 4394 1158 4460 ejus,
1210 4401 1264 4444 et
1308 4390 1443 4458 jussi
1500 4398 1557 4441 ut
1618 4387 1984 4441 adduceretur
2026 4387 2169 4439 [ilius
2206 4385 2348 4453 ejus.

766 4488 943 4554 Quem
978 4484 1308 4538 accersitum
1363 4481 1737 4548 interrogavi,
1794 4480 1839 4533 si
1896 4482 2007 4533 lucc
2043 4479 2116 4531 ita
2164 4495 2223 4533 se
2257 4482 2351 4534 lia-

768 4580 919 4634 bent.
972 4578 1065 4631 Ait
1129 4586 1309 4629 autem
1362 4574 1582 4643 juvenis
1643 4590 1655 4625 :
1702 4572 1823 4624 Non
1884 4571 1958 4625 ita
2035 4587 2134 4642 ego
2168 4572 2352 4627 furore

771 4672 985 4741 plenus,
1022 4680 1080 4722 ut
1114 4679 1321 4736 patrem
1359 4668 1450 4734 qui
1485 4664 1670 4734 genuit
1703 4680 1785 4715 me
1810 4677 1976 4715 manu
2013 4662 2303 4716 ceciderim
2334 4665 2347 4716 ί

767 4762 1051 4831 PrOpitius
1110 4759 1181 4813 sit
1214 4758 1342 4810 milii
1379 4772 1501 4816 rex,
1537 4770 1644 4808 non
1679 4754 1824 4808 enim
1859 4752 2064 4822 injuSta
2096 4754 2222 4807 talia
2258 4771 2353 4805 att-

774 4870 874 4909 sus
910 4867 1031 4906 sum
1066 4850 1261 4902 infelix
1316 4863 1436 4917 ego.
1492 4847 1617 4900 llzaec
1654 4861 1679 4897 a
1713 4843 1913 4915 juvene
1969 4845 2200 4899 audiens
2253 4859 2352 4914 ego

774 4946 1057 5005 Salomon,
1091 4940 1352 4994 hortabar
1416 4942 1693 4993 seniorem
1749 4946 1805 4989 ut
1836 4936 1901 4989 ad
1934 4953 2152 4990 sensum
2203 4942 2352 4990 veni-

774 5045 880 5101 ret,
913 5043 967 5089 et
1020 5034 1113 5086 tilii
1171 5039 1482 5098 acceptaret
1535 5029 1971 5084 excusationem.
2027 5028 2115 5081 lllc
2170 5038 2350 5081 autem

774 5129 1021 5189 nolebat,
1058 5127 1151 5179 sed
1184 5125 1365 5193 potius
1395 5132 1455 5175 ut
1488 5129 1664 5174 morte
1694 5121 1920 5188 periret.
1982 5118 2117 5172 Cum
2171 5130 2349 5171 autem

775 5234 888 5272 non
919 5215 1299 5285 acquiesceret
1345 5226 1536 5275 senex,
1595 5211 1878 5279 piaculum
1913 5210 2099 5278 juveni
2125 5209 2350 5279 jamjam

774 5308 1137 5379 impositurus
1165 5320 1311 5361 eram
1337 5345 1352 5370 ,
1378 5314 1431 5359 et
1471 5304 1663 5358 videns
1690 5302 1917 5358 Orniam
1948 5302 2248 5356 daemonem
2281 5304 2353 5355 ri-

776 5399 1017 5462 dentem,
1059 5398 1229 5450 iratus
1264 5412 1386 5453 sum
1426 5396 1578 5450 valde
1612 5412 1678 5451 eo
1702 5397 1848 5466 quod
1902 5394 2107 5449 rideret
2139 5394 2347 5450 daemon

775 5488 832 5543 in
867 5496 1167 5558 conspectu
1225 5502 1365 5542 meo.
1400 5486 1469 5541 Et
1502 5487 1609 5541 illis
1635 5487 1777 5556 jussi
1817 5495 1874 5539 ut
1926 5486 2261 5545 recederent.
2299 5494 2351 5539 ct

777 5580 1145 5635 adduceretur
1173 5577 1371 5634 Ornias
1401 5581 1455 5632 in
1488 5578 1668 5633 medio
1721 5577 2017 5631 tribunalis
2042 5618 2057 5644 ,
2110 5594 2219 5647 quo
2254 5576 2351 5631 ad-

776 5675 967 5741 ducto,
1006 5675 1115 5729 dixi
1144 5674 1190 5729 ei
1217 5692 1228 5727 :
1260 5673 1564 5737 Maledicte,
1594 5673 1722 5742 quid
1752 5672 2352 5741 miliiapprOpinquans

776 5766 997 5821 risisti?
1043 5768 1133 5820 Ait
1163 5776 1347 5821 autem
1395 5766 1649 5819 daemon:
1704 5764 1902 5827 Quaeso
1955 5772 2027 5827 te,
2076 5777 2190 5825 rex,
2240 5776 2348 5815 non

776 5866 1000 5928 propter
1029 5868 1079 5912 te
1108 5858 1227 5924 risi,
1274 5858 1365 5913 sed
1424 5867 1647 5927 propter
1700 5856 1972 5911 infelicem
2026 5854 2325 5918 seniorem,

2464 3282 2603 3333 μασε
2693 3266 3024 3332 δοκιμασίαν
3059 3266 3126 3317 τα
3155 3264 3255 3332 τῆς
3323 3264 3514 3331 σοφίας
3572 3281 3673 3332 μου
3710 3265 3907 3327 πάντα,
3938 3265 4039 3317 ὅσα

2460 3360 2801 3425 ὲσοφισάμην
2846 3356 3017 3425 αὐτὴν
3076 3356 3218 3408 κατὰ
3270 3355 3367 3424 τὴν
3399 3355 3648 3407 δοθεῖσαν
3678 3372 3767 3424 μοι
3804 3356 3993 3423 σοφίαν
4019 3370 4032 3384 ·

2460 3453 2552 3503 καὶ
2586 3452 2785 3512 πάντες
2834 3450 2939 3501 υἱοὶ
2966 3448 3182 3519 Ἰσραὴλ
3217 3448 3476 3513 ἐδόξασαν
3508 3448 3596 3500 τὸν
3632 3448 3785 3500 Θεόν.

2536 3546 2642 3597 Καὶ
2676 3546 2781 3596 ἰδοὺ
2812 3546 2867 3595 ὲν
2901 3548 3021 3606 ταῖς
3070 3544 3305 3613 ἡμέραις
3352 3542 3591 3603 ἐκείναις
3620 3539 3699 3604 εἷς
3731 3543 3837 3594 τῶν
3867 3559 4046 3612 τεχνι-

2459 3636 2566 3687 τῶν
2591 3634 2818 3705 γηραιὸς
2844 3632 2942 3702 τὴν
2966 3633 3206 3703 ἡλικίαν,
3233 3632 3454 3701 ἔρριψεν
3483 3631 3642 3683 αὐτὸν
3668 3632 3789 3701 (sic)
3810 3630 4042 3683 ἐνώπιόν

2464 3747 2562 3798 μου
2592 3728 2811 3795 λέγων’
2877 3725 3110 3778 Βασιλεῦ
3175 3723 3450 3793 Σολομῶν,
3520 3723 3743 3790 ἐλεησόν
3809 3740 3909 3791 με,
3957 3724 4042 3774 ὅτι

2460 3821 2692 3890 γηραιὸς
2730 3819 2981 3888 ὑπάρχω.
3011 3818 3289 3879 Κελεύσας
3314 3813 3405 3869 οῦν
3431 3816 3593 3869 αὐτὸν
3622 3817 3921 3884 ἀναστῆναι
3944 3819 4040 3869 καὶ

2462 3917 2628 3981 φησὶν
2668 3911 2786 3979 (sic,
2821 3910 2877 3962 5'
2908 3908 3079 3978 pers.)
3106 3908 3224 3960 είπὲ
3246 3906 3425 3975 γέρων
3464 3905 3491 3957 ὃ
3522 3905 3699 3969 θέλεις
3733 3921 3746 3935 ⁶
3778 3908 3803 3958 ὁ
3827 3906 3881 3958 δὲ
3907 3906 4033 3976 ἔφη,

2460 4002 2665 4069 Δέομαί
2696 4018 2811 4064 σου,
2841 3999 3090 4069 βασιλεῦ,
3122 3999 3234 4050 υἱον
3270 3998 3379 4066 ἔχω
3413 3997 3701 4067 μονογενῆ,
3739 4000 3829 4050 καί
3864 3998 4037 4063 οὕτως

2461 4090 2648 4160 ’ύὸρεις
2672 4092 2851 4161 ἐπάγη
2883 4092 2975 4161 (ει)
3012 4108 3099 4159 μοι
3131 4090 3394 4160 χαλεπὰς,
3439 4091 3534 4141 καὶ
3590 4089 3766 4157 τύῷας
3798 4108 3862 4157 με
3896 4094 4037 4144 κατὰ

2460 4184 2755 4255 πρόσωπον
2791 4184 2885 4235 καὶ
2918 4183 3016 4253 τὴν
3048 4182 3293 4251 κεφαλήν
3334 4199 3432 4250 μου
3486 4180 3768 4245 διέτιλλεν,
3805 4186 3897 4236 καὶ
3943 4185 4040 4238 θέο

2461 4294 2621 4330 νατον
2650 4276 2883 4347 πονηρὸν
2914 4275 3312 4343 ὲπαγγέλλεταί
3349 4292 3438 4343 μοι
3474 4275 3665 4327 τούτου
3717 4276 3877 4343 χάριν
3907 4296 4038 4346 προ-

2460 4369 2646 4439 είημοι
2689 4367 2809 4437 (sic,
2852 4366 3225 4437 προσίημαιῖ)
3282 4368 3431 4435 ὑμῖν,
3460 4366 3746 4434 ἐκδίκησον
3777 4385 3863 4436 με.
3895 4370 4039 4435 Ἐγὼ

2460 4461 2513 4512 δὲ
2550 4461 2801 4528 Σολομῶν
2844 4460 3017 4512 ταῦτα
3052 4459 3297 4521 ἀκούσας
3349 4458 3683 4528 κατενύγη-κ,
3722 4461 4036 4527 ἀποὶλὲξας

2457 4556 2535 4617 εἰς
2565 4554 2622 4605 τὸ
2668 4553 2878 4605 ἐκείνου
2940 4553 3139 4621 γῆρας,
3196 4553 3291 4603 καὶ
3342 4554 3603 4607 ἐκέλευσα
3652 4555 3881 4624 ἀχθῆναι
3945 4554 4035 4606 τόν

2461 4648 2574 4699 υἱὸν
2607 4646 2800 4701 αὑτοῦ.
2836 4645 2943 4699 Τοῦ
3000 4646 3057 4699 δὲ
3093 4646 3350 4715 ἀχθέντος
3390 4648 3708 4718 ἑπηρώτουν
3744 4649 3925 4713 αὐτόν,
3987 4649 4035 4700 εί

2455 4740 2628 4803 οὕτως
2654 4741 2803 4810 ἔχει’
2837 4742 2863 4792 ὀ
2895 4739 2951 4792 δὲ
2984 4740 3104 4801 νέος
3131 4740 3234 4809 ἔφη
3263 4755 3275 4767 ·
3316 4740 3428 4809 Οὐχ
3460 4740 3632 4803 οὕτως
3668 4741 3896 4811 ἁπονοῖα
3926 4740 4035 4806 ἐγὼ

2455 4832 2918 4901 ἐμπεπλησμένος
2970 4830 3110 4883 ὥστε
3160 4830 3249 4883 τόν
3317 4832 3621 4901 γεννήτορά
3686 4848 3787 4901 μου
3823 4832 4035 4899 πατέρα

2455 4926 2682 4995 παλάμῃ
2707 4925 2893 4993 τύψαι,
2912 4925 3100 4986 Ἴλεως
3115 4923 3273 4991 γενοῦ
3309 4923 3676 4993 μοι,βασιλεῦ·
3702 4925 3763 4975 οὐ
3792 4925 4037 4993 73195165-

2459 5034 2588 5085 μιτα
2620 5017 2843 5069 τοιαῦτα
2866 5016 3174 5083 τετόλμηκα
3216 5018 3243 5067 ό
3261 5016 3603 5082 ταλαίπωρος
3625 5016 3753 5081 ἐγώ.
3775 5015 3913 5079 Ἐγὼ
3933 5014 3983 5065 εξ
4010 5016 4035 5065 ἑ

2455 5110 2707 5180 Σολομῶν
2738 5108 2909 5161 ταῦτα
2936 5108 3176 5170 ἀκούσας
3206 5108 3359 5177 παρὰ
3385 5106 3478 5159 τοῦ
3511 5107 3654 5171 νέου,
3688 5106 4033 5175 παρεκάλουν

2454 5205 2545 5257 τὸν
2578 5200 2949 5272 πρεσϐύτερον
3006 5200 3085 5262 εἰς
3145 5198 3355 5250 ἔννοιαν
3408 5197 3606 5260 ἐλθεῖν,
3643 5198 3738 5249 καὶ
3781 5197 4034 5266 δέχεσθαι

2455 5294 2548 5350 τοῦ
2600 5293 2717 5346 υίοῦ
2768 5293 2864 5363 τὴν
2916 5290 3233 5355 ἀπολογίαν.
3285 5288 3345 5341 Ὀ
3402 5290 3458 5341 δὲ
3512 5290 3611 5341 οὐκ
3661 5289 3850 5358 ἤθελεν
3897 5289 4031 5340 σύλα

2458 5386 2659 5455 μᾶλλον
2697 5382 3068 5451 θανατωθήτω
3103 5382 3221 5449 (sic)
3251 5397 3263 5410 ·
3318 5382 3374 5432 ἐν
3402 5379 3456 5431 δὲ
3485 5380 3559 5449 τῷ
3617 5380 3691 5449 μὴ
3747 5379 4031 5431 πείθεσθαι

2454 5480 2545 5531 τὸν
2576 5475 2973 5547 πρεσὸύτερον,
3008 5474 3233 5543 ἔμελλον
3258 5473 3332 5543 τῷ
3368 5474 3473 5542 νέῳ
3504 5475 3775 5542 τιμωρίαν
3820 5473 4032 5541 ἀποσή-

2454 5570 2648 5624 νασθαι
2677 5586 2689 5600 ·
2718 5569 2810 5621 καὶ
2836 5568 3121 5637 θεωρήσας
3153 5566 3367 5634 Ὀρνίαν
3391 5569 3481 5617 τίν
3505 5564 3734 5633 δαίμονα
3760 5563 4024 5631 γελῶντα·

2454 5663 2743 5733 ὲθυμώθην
2777 5661 3027 5730 μεγάλως
3054 5660 3141 5711 διὰ
3168 5659 3227 5711 τὸ
3258 5659 3483 5725 γελάσαι
3521 5659 3609 5709 τὸν
3637 5656 3866 5725 δαίμονα
3897 5657 4028 5707 ἐκώ-

2456 5757 2577 5810 πιόν
2612 5771 2735 5826 μου’
2774 5755 2867 5808 καὶ
2890 5752 3111 5814 τούτους
3149 5752 3483 5821 μεταστῆσαι
3512 5750 3770 5801 ἐκέλευσα
3814 5746 4029 5813 Ὀρνῗαν

2462 5854 2539 5913 εἰς
2602 5851 2764 5918 μέσον
2811 5847 3042 5917 ἀχθῆναι
3099 5843 3191 5897 τοῦ
3222 5842 3484 5913 βήματα.
3540 5840 3644 5892 Τοῦ
3776 5840 4030 5909 ἀχθέντος
