4424 6462
416 386 552 450 1349

1509 382 1553 440 Τ
1566 380 2088 440 ΕΞΤᾹΜΕΝΤΗΜ
2136 379 2593 445 SALOMONIS.

3556 386 3694 455 1350

410 502 549 570 ἔφην
582 498 747 568 αὖτῴ
770 497 1204 566 Ἐπικατὰρατε,
1239 496 1290 547 τί
1326 512 1392 564 με
1420 493 1677 565 προσχῶν
1706 495 2007 562 ἐγέλασας;
2042 499 2083 553 Α
2117 502 2157 546 el

1948 511 2007 559 ;;
2042 499 2083 553 Α
2117 500 2173 546 et
2207 494 2471 549 miserum
2505 495 2763 564 juvenem
2791 495 2955 565 hujus
2980 495 3183 562 filium,
3214 498 3340 568 quia
3373 509 3483 557 tres
3511 502 3692 558 adhuc

425 592 484 645 '0
513 590 569 645 δὲ
592 591 801 658 δαίμων
836 588 961 658 ἔφη·
989 587 1227 657 Δαίομαι
1259 588 1378 656 (sic)
1414 586 1531 650 σοῦ,
1559 586 1798 655 βασιλεῦ’
1823 587 1884 638 οὐ
1916 585 2004 637 διὰ

413 686 472 736 σὲ
498 684 755 753 ἐγέλασα,
784 681 921 734 ἀλλά
946 680 1035 731 διὰ
1093 680 1284 732 τοῦτον
1313 678 1405 730 τὸν
1448 676 1709 748 δύστυχον
1744 679 1998 748 γέροντα,

412 779 509 831 καὶ
535 777 625 831 τὸν
655 774 840 829 ἄθλιον
866 773 1008 839 νέον,
1038 773 1127 825 τὸν
1157 771 1350 825 τούτου
1388 770 1522 833 υἱὸν,
1553 772 1634 823 ὅτι
1665 772 1814 839 τρεῖς
1862 766 2001 837 ἡμέ-

415 884 513 937 ρας
549 866 641 918 καὶ
672 867 728 917 ὲν
762 863 940 933 ἀωρὶᾳ
966 879 1022 915 τε
1056 862 1381 931 τελευτήσει
1412 864 1439 915 6
1470 861 1583 925 υἱὸς
1643 860 1808 914 αὐτοῦ
1848 875 1861 890 ⁸
1905 859 2000 911 καὶ

416 960 525 1012 ἰδοὺ
556 959 582 1010 6
603 958 780 1027 γέρων
812 955 1061 1025 βούλεται
1100 955 1287 1018 κακῶς
1352 955 1597 1024 ἀναιρεῖν
1650 954 1833 1007 αὐτόν.
1858 953 2001 1021 Ἐγὼ

411 1050 469 1103 δὲ
502 1049 755 1121 Σολομῶν
814 1049 1057 1110 ἀκούσας
1095 1048 1291 1109 ταῦτα,
1318 1048 1457 1118 ἔφην
1509 1049 1646 1117 πρὸς
1680 1046 1960 1117 δαιμόνιον
1981 1062 1996 1077 ο

428 1142 627 1211 ’Δληθῆ
677 1141 816 1193 εἰσιν
846 1142 881 1194 ὃ.
911 1142 1110 1208 λέγεις.
1157 1140 1214 1194 Ὀ
1251 1141 1306 1193 δὲ
1354 1140 1525 1207 λέγει,
1565 1138 1765 1206 Ἀληθῆ
1802 1136 1992 1204 ταῦτα,

414 1230 655 1301 βασιλεῦ.
722 1231 834 1284 Καὶ
890 1230 1131 1293 ἀκούσας
1193 1228 1303 1296 ἐγὼ
1361 1227 1624 1279 ἐκέλευσα
1659 1226 1996 1295 μεταστῆναι

409 1324 500 1375 τὸν
526 1324 775 1393 δαίμονα,
808 1324 903 1375 καὶ
928 1323 1101 1375 ἐλθεῖν
1138 1323 1303 1375 πάλιν
1333 1321 1424 1372 τὸν
1466 1319 1699 1388 γηραιὸν
1730 1318 1871 1388 μετὰ
1902 1317 1997 1370 καὶ

408 1414 503 1468 τοῦ
537 1418 653 1468 υἱοῦ
686 1415 876 1468 αὐτοῦ·
914 1413 1181 1468 ἐκέλευσα
1210 1414 1404 1476 αὐτοὺς
1467 1412 1622 1482 φιλία
1654 1412 1931 1480 τραπῆναι
1974 1416 1988 1440 ί

411 1510 503 1561 καὶ
530 1509 595 1558 τὰ
612 1508 690 1567 εἰς
710 1508 915 1577 τροφὴν
939 1509 1128 1568 αὐτοῖς
1150 1505 1589 1577 παρασχόμενος,
1623 1502 1774 1556 εἷπον
1799 1499 1894 1554 οὖν
1916 1503 1996 1570 τῲ

409 1596 712 1668 πρεσϐύτῃ,
745 1598 881 1649 Μεθ’
904 1599 1119 1667 ἡμέρας
1141 1600 1290 1667 τρεῖς
1312 1598 1486 1663 ἄγαγέ
1522 1614 1611 1666 μοι
1638 1590 1738 1649 ὧδε
1766 1596 1856 1648 τὸν
1882 1595 1996 1646 υἱόν

413 1707 529 1752 σου,
573 1692 669 1743 καὶ
716 1688 1045 1759 ὲπινοοῦμαι
1102 1689 1293 1742 αὐτοῦ.
1329 1689 1392 1741 Οἱ
1431 1688 1487 1740 δὲ
1512 1688 1993 1758 προσκυνήσαντες

409 1785 788 1852 ἀνεχώρησαν.
845 1782 1066 1835 Τούτων
1101 1782 1159 1833 δὲ
1212 1780 1565 1834 ἀπελθόντων
1595 1782 1862 1833 ἐκέλευσα
1914 1781 1993 1842 εἰς

410 1877 571 1946 μέσον
618 1876 852 1944 ἀχθῆναι
881 1875 970 1929 τὸν
1020 1873 1261 1945 Ὀρνεαν,
1300 1876 1394 1927 καὶ
1423 1871 1580 1926 εἷπον
1627 1875 1774 1944 αὐτῷ
1799 1890 1812 1902 ·
1848 1874 1992 1940 Λέγε

409 1982 524 2034 μοι,
552 1965 714 2018 πόθεν
751 1970 814 2019 σὺ
870 1966 1045 2018 ταῦτα
1106 1960 1272 2029 οἶδας,
1303 1965 1331 2017 ὃ
1363 1964 1419 2016 δὲ
1456 1961 1607 2018 εἶπεν
1644 1980 1656 1994 ·
1724 1965 1917 2033 Ἡμεῖς
1941 1965 1991 2016 οἱ

406 2056 661 2123 δαίμονες
684 2055 1031 2126 ἁνερχόμεθα
1058 2056 1201 2110 κατά
1231 2058 1292 2109 τὸ
1324 2057 1614 2125 στερέωμα
1639 2056 1733 2108 τοῦ
1757 2054 1989 2125 οὐρανοῦ

408 2147 502 2198 καὶ
544 2148 710 2213 μέσον
735 2146 846 2198 τῶν
870 2146 1115 2216 ἀστέρων
1155 2146 1562 2215 ἰπτάμεθα(15)
1600 2160 1614 2175 ⁸
1669 2147 1763 2198 καὶ
1794 2146 1991 2199 ἀκούο-

409 2256 507 2305 μεν
539 2241 637 2303 τάς
662 2241 1005 2309 ἀποφράσεις
1039 2239 1139 2301 τὰς
1170 2241 1538 2310 ἐξερχομένας
1571 2241 1662 2293 ἐπὶ
1690 2242 1785 2303 τὰς
1809 2240 1987 2310 ψυχὰς

402 2332 511 2384 τῶν
550 2332 878 2399 ἀνθρώπων,
932 2330 1030 2383 καὶ
1088 2331 1273 2384 λοιπὸν
1328 2332 1627 2401 ἐρχόμεθα,
1668 2332 1891 2385 καὶεῖτε
1922 2335 1980 2385 ἐν

2106 582 2249 649 dies,
2287 593 2344 640 et
2391 585 2445 639 in
2477 593 2639 641 nocte
2668 588 2942 643 morietur
2970 588 3116 645 ﬁlius
3147 590 3298 660 ejus,
3332 602 3385 647 et
3415 608 3542 649 ecce
3574 596 3693 649 vult

2106 689 2277 730 senex
2305 677 2450 732 male
2478 678 2712 748 perdere
2743 696 2890 735 eum.
2944 680 3073 737 Haec
3102 683 3336 738 audiens
3389 699 3490 755 ego
3536 683 3692 739 Salo-

2105 783 2257 832 mon,
2291 769 2403 823 dixi
2442 772 2507 824 ad
2541 772 2873 826 daemonium
2904 793 2918 830 :
2977 773 3121 829 Vera
3175 785 3462 846 suntquae
3506 777 3690 833 dicis?

2104 857 2207 925 Qui
2240 861 2316 913 ait
2343 878 2355 915 :
2386 860 2526 917 Vera
2555 864 2693 929 haec,
2726 879 2845 919 rex.
2883 866 2949 920 Et
2977 868 3229 934 audiens,
3259 869 3400 936 jussi
3426 872 3691 925 recedere

2103 950 2432 1016 daemonem,
2467 964 2521 1008 et
2555 971 2778 1011 rursum
2806 958 2989 1012 venire
3018 974 3205 1013 senem
3240 974 3365 1013 cum
3400 961 3510 1014 lilio
3530 963 3688 1030 ejus,

2098 1041 2241 1113 jussi
2278 1060 2375 1099 eos
2408 1046 2584 1101 amice
2616 1048 2900 1103 discedere
2921 1088 2936 1113 ,
2989 1061 3041 1103 et
3071 1050 3141 1104 ad
3174 1052 3382 1105 victum
3435 1067 3692 1107 necessa-

2103 1140 2183 1191 ria
2215 1140 2470 1209 praabens
2504 1142 2607 1204 cis,
2640 1142 2751 1196 dixi
2780 1143 2850 1197 ad
2880 1143 3199 1200 seniorem:
3236 1145 3367 1201 Post
3400 1154 3513 1201 tres
3547 1147 3689 1212 dies,

2104 1230 2285 1284 adduc
2322 1233 2454 1285 mihi
2507 1234 2675 1287 tilium
2725 1244 2927 1302 tecum,
2966 1246 3020 1291 et
3049 1237 3117 1290 de
3148 1252 3213 1291 eo
3245 1247 3430 1292 mente
3462 1240 3685 1309 cogito;

2101 1324 2194 1391 qui
2228 1324 2467 1377 venerati
2512 1336 2643 1379 sunt
2679 1343 2785 1393 me,
2813 1337 2868 1382 et
2902 1329 3190 1382 abierunt.
3233 1330 3349 1383 Illis
3384 1345 3565 1385 autem
3604 1347 3690 1385 re—

2102 1414 2444 1479 cedentibus,
2488 1416 2633 1484 jussi
2682 1421 2737 1472 in
2786 1421 3024 1474 medium
3080 1423 3278 1476 adduci
3329 1422 3578 1485 Orniam,
3634 1433 3690 1477 et

2101 1507 2212 1561 dixi
2241 1509 2287 1561 ei
2320 1527 2332 1560 :
2380 1508 2568 1561 Indica
2607 1510 2738 1563 mihi
2766 1514 2911 1565 unde
2951 1514 3064 1566 haec
3094 1516 3261 1570 scias.
3317 1513 3380 1569 Et
3411 1516 3486 1569 ait
3513 1531 3528 1544 ·
3578 1512 3689 1569 blos

2099 1598 2378 1653 daemones
2432 1600 2711 1667 pergimus
2764 1602 2816 1655 in
2874 1602 3281 1656 ﬁrmamentum
3332 1608 3482 1671 cceli,
3530 1614 3585 1658 et
3632 1607 3687 1658 in

2099 1690 2279 1744 ιιιοάἱο
2312 1690 2555 1744 siderum
2591 1693 2906 1754 volitamus,
2957 1701 3011 1746 et
3037 1693 3295 1747 audimus
3332 1696 3563 1765 consilia
3593 1710 3686 1750 ve-

2101 1782 2304 1835 nientia
2334 1798 2503 1851 super
2528 1784 2743 1838 auinias
2778 1786 3083 1851 hominum,
3119 1797 3171 1840 et
3196 1788 3415 1840 tandem
3438 1788 3682 1854 abimus,

2100 1883 2153 1925 et
2182 1873 2297 1926 sive
2336 1874 2389 1925 in
2428 1883 2722 1942 potestate,
2753 1875 2870 1929 sive
2910 1876 2963 1928 in
3007 1876 3152 1945 igne,
3198 1879 3316 1932 sive
3365 1880 3421 1931 in
3477 1881 3681 1948 gladio,

2100 1964 2215 2018 sive
2246 1967 2301 2016 in
2338 1979 2471 2019 casu
2506 1964 2755 2030 fortuito,
2790 1968 2977 2037 specie
3017 1976 3224 2021 mutata
3280 1969 3680 2034 interficimus,

2099 2066 2155 2111 et
2182 2058 2227 2110 si
2271 2073 2379 2111 non
2412 2060 2465 2110 in
2501 2069 2664 2112 nocte
2694 2060 2842 2128 quis,
2876 2059 2953 2113 vel
2990 2075 3084 2127 per
3136 2062 3243 2114 vim
3278 2062 3518 2129 aliquam
3554 2078 3684 2131 per-

2097 2161 2211 2217 eat,
2244 2153 2708 2207 transformamur
2738 2168 2840 2207 nos
2879 2154 3183 2219 daemones,
3216 2155 3289 2207 ita
3329 2162 3385 2207 ut
3420 2170 3684 2223 apparea-

2097 2259 2218 2297 mus
2250 2245 2591 2309 hominibus,
2617 2252 2671 2300 et
2702 2254 3037 2299 venerentur
3065 2262 3166 2301 nos
3191 2262 3356 2315 super
3383 2246 3681 2301 humanam

2093 2344 2374 2387 naturam.

401 2427 709 2496 δυναστείᾳ,
759 2426 866 2478 εἴτε
899 2428 956 2478 ὲν
992 2425 1146 2495 πυρὶ,
1176 2426 1283 2478 εἴτε
1327 2428 1384 2478 ὲν
1425 2428 1694 2497 ῥομφαία,
1746 2430 1857 2480 εἴτε
1915 2431 1972 2479 ἐν
2053 2429 2422 2500 συμπτώματι
2486 2432 3099 2502 μετασχηματιζόμενοι
3155 2432 3513 2505 ἀναιροῦμεν,
3586 2430 3683 2489 καὶ

402 2521 498 2573 ὲάν
564 2524 638 2592 μὴ
670 2526 727 2574 ὲν
768 2522 948 2593 ἀωρίᾳ
987 2539 1091 2584 τις,

1171 2524 1201 2591 ἥ
1256 2521 1349 2594 βίᾳ
1412 2525 1524 2575 τινὶ
1588 2523 1859 2596 ἀποθάνῃ,
1922 2525 2427 2596 μεταμορφούμεθα
2476 2529 2640 2596 ἡμεῖς
2715 2529 2765 2580 οἱ
2823 2528 3097 2596 δαίμονες,

3154 2528 3295 2582 ὥστε
3355 2530 3681 2600 φραίνεσθαι

406 2622 517 2680 τοῖς
547 2619 879 2686 ἀνθρωποις,
909 2617 1003 2671 καὶ
1036 2617 1293 2671 σέϐεσθαι
1322 2620 1468 2690 ἡμᾶς
1506 2621 1599 2671 ἐπὶ
1636 2622 1735 2688 τῆς
1762 2621 2112 2693 ἀνθρωπίνης
2153 2623 2393 2689 φύσεως.

491 2708 632 2777 Ἐγὼ
685 2711 815 2777 γοῦν
871 2711 1044 2765 ταῦτα
1076 2711 1336 2775 ἀκούσας,
1368 2712 1597 2776 ἐδόξασα
1631 2713 1836 2780 Κύριον
1888 2714 1979 2766 τὸν

406 2803 559 2867 Θεὸν,
592 2804 686 2855 καὶ
713 2800 1044 2872 ἐπερώτησα
1077 2802 1240 2856 πάλιν
1277 2803 1370 2856 τὸν
1404 2804 1655 2872 δαίμονα·
1688 2805 1830 2872 Λέγε
1860 2822 1976 2874 μοι,

406 2895 524 2957 πῶς
559 2893 789 2947 δύνασθε
816 2896 897 2955 εἰς
926 2894 1018 2947 τὸν
1040 2895 1270 2965 οὐρανὸν
1302 2895 1568 2964 ἀναὸἧναι
1610 2896 1865 2965 δαίμονες
1902 2896 1985 2948 δν·-

403 3005 515 3053 τες,
545 2988 640 3040 καὶ
670 2987 833 3056 μέσον
865 2986 972 3039 τῶν
1005 2988 1254 3056 ἀστέρων
1280 2988 1493 3041 καὶτῶν
1525 2987 1695 3055 ἁγίων
1732 2988 1981 3055 ἀγγέλων

411 3079 643 3148 μιγῆναι
667 3095 681 3109 ·
709 3080 738 3131 ὁ
764 3078 820 3130 δὲ
845 3077 972 3146 ἔφη·
1000 3079 1101 3131 ὅσα
1129 3079 1187 3130 ἐν
1215 3077 1292 3147 τῷ
1324 3078 1542 3148 οὐρανῷ
1578 3077 1981 3145 ἐπιτελοῦνται,

2145 2714 2259 2786 Ego
2288 2716 2455 2784 igitur
2481 2715 2595 2770 haec
2624 2715 2877 2783 audiens,
2905 2715 3125 2770 laudavi
3151 2716 3440 2772 Dominum
3469 2718 3676 2783 Deum,

2076 2816 2132 2861 et
2168 2808 2500 2875 interrogavi
2554 2823 2749 2862 rursus
2783 2808 3138 2862 daemonem:
3199 2807 3299 2862 Dic
3354 2810 3486 2863 mihi
3537 2826 3679 2879 quo-

2080 2898 2240 2952 modo
2281 2900 2510 2966 potestis
2541 2898 2596 2951 in
2629 2900 2830 2952 cmlum
2866 2899 3165 2953 ascendere
3211 2898 3488 2955 daemones
3541 2916 3668 2956 cum

2079 2987 2221 3052 sitis,
2257 3000 2311 3041 et
2343 2988 2397 3041 in
2430 2989 2627 3041 medio
2649 2988 2893 3042 siderum
2928 3000 3098 3053 stare,
3139 2999 3193 3043 et
3229 2991 3436 3044 sanctis
3466 2992 3675 3060 angelis

2078 3079 2473 3133 commisceri?
2509 3078 2611 3144 Qui
2647 3080 2723 3132 ait
2757 3096 2770 3133 :
2807 3079 2938 3144 Quae
2975 3080 3028 3132 in
3058 3081 3200 3133 caelo
3260 3080 3665 3149 perficiuntur,

402 3172 574 3235 οὕτως
602 3174 696 3225 καὶ
727 3173 822 3224 ἐπὶ
885 3172 986 3241 τῆς
1023 3174 1126 3240 γῆς
1154 3175 1203 3224 οἱ
1241 3171 1403 3225 τύποι
1453 3172 1634 3225 αὐτῶν
1655 3189 1668 3201 ·
1696 3173 1837 3226 εἰσὶν
1871 3174 1980 3243 γὰρ
2008 3205 2051 3263 C
2084 3178 2139 3226 et

1921 3174 1980 3243 ὶρ
2008 3205 2051 3263 C
2084 3178 2139 3226 et
2169 3172 2222 3224 in
2250 3178 2401 3223 terra
2430 3169 2661 3224 formam
2697 3171 2899 3223 habent
2927 3186 2941 3235 ;
2986 3180 3119 3223 sunt
3140 3170 3282 3223 enim
3307 3172 3668 3239 principatus,

402 3266 589 3335 ἀρχαὶ,
619 3263 885 3328 ἐξουσίαι,
914 3265 1381 3336 κοσμοκράτορες,
1400 3268 1493 3319 καὶ
1518 3266 1793 3334 ἱπτάμεθα
1820 3268 1980 3337 ἡμεῖς

402 3358 455 3408 οἱ
484 3356 741 3424 δαίμονες
770 3357 828 3407 ἐν
865 3354 943 3423 τῷ
976 3356 1123 3423 ἀέρι·
1155 3358 1252 3409 καὶ
1280 3356 1556 3426 ἀκούομεν
1608 3358 1717 3410 τῶν
1746 3359 1982 3427 ἐπουρα-

402 3448 532 3501 νίων
566 3447 663 3510 τὰς
700 3448 904 3514 φωνάς·
941 3446 1036 3499 καὶ
1065 3448 1245 3511 πάσας
1284 3449 1380 3511 τὰς
1416 3449 1684 3519 δυνάμεις
1747 3452 1981 3505 ἐπιθεω-

402 3541 637 3609 ροῦμεν·
667 3539 762 3591 καὶ
794 3539 869 3602 ὼς
899 3538 976 3609 μὴ
1006 3537 1222 3607 ἔχοντες
1251 3540 1408 3609 βάσιν
1440 3542 1822 3607 ἀναπαύσεως,
1858 3548 1981 3598 ἀτο-

402 3629 600 3697 νοῦμεν
657 3629 753 3681 καὶ
810 3630 1156 3700 ὲκπίπτομεν
1217 3630 1407 3701 ὥσπερ
1467 3634 1645 3699 φύλλα
1709 3637 1815 3688 ἀπὸ
1870 3639 1979 3692 τῶν

399 3720 654 3789 δένδρων*
686 3723 781 3773 καὶ
807 3720 1139 3791 θεωροῦντες
1168 3723 1316 3792 ⁴ἡμᾶς
1349 3724 1398 3775 οἱ
1428 3723 1706 3794 ἄνθρωποι
1730 3729 1977 3783 δοκοῦσιν

399 3813 482 3865 ὅτι
503 3813 551 3862 οἱ
583 3812 812 3882 ἀστέρες
845 3812 1138 3866 πίπτουσεν
1172 3814 1281 3865 ἀπὸ
1313 3812 1407 3866 τοῦ
1438 3816 1670 3886 ούρανοῦ
1690 3834 1703 3847 ’
1734 3820 1849 3873 ἀλλ’
1878 3823 1976 3893 οὐχ

398 3905 570 3967 οὕτως
621 3906 786 3967 ἐστὶν,
824 3897 869 3956 ὦ
901 3902 1147 3968 βασιλεῦ,
1225 3904 1367 3957 ἀλλά
1428 3905 1702 3976 πίπτομ.εν
1736 3909 1827 3961 διὰ
1877 3912 1976 3981 τὴν

395 3997 686 4049 ἀσθένειαν
720 3994 877 4062 ἡμῶν
913 3994 1008 4045 καὶ
1040 3994 1099 4044 ὲν
1119 3993 1195 4062 τῷ
1229 3995 1547 4063 μηδαμόθεν
1578 3998 1727 4068 ἔχειν
1759 4001 1977 4072 ἀντίλη-

396 4088 521 4157 ψιν,
579 4086 1015 4154 καταπίπτωμεν
1062 4084 1182 4156 (sic)
1239 4084 1314 4148 ὡς
1366 4088 1651 4158 ἀστραπαὶ
1682 4092 1741 4144 ἐν
1795 4094 1974 4165 ἀωρὶᾳ

402 4181 594 4251 πολλῇ,
632 4182 727 4233 καὶ
758 4178 1022 4243 ὲξάπινα’
1055 4177 1150 4230 καὶ
1181 4177 1367 4242 πόλεις
1398 4183 1815 4252 καταφλέγομεν
1834 4202 1848 4216 ⁸
1879 4185 1972 4240 καὶ

400 4274 603 4343 ἀγροὺς
633 4272 1029 4341 ὲμπυρὶζομεν.
1066 4270 1129 4324 υἱ
1173 4271 1282 4341 γὰρ
1308 4276 1537 4342 ἀστέρες
1566 4275 1973 4348 τεθεμελιωμέ-

399 4383 477 4418 νοι
516 4367 653 4417 εἰσὶν
684 4366 741 4416 ὲν
770 4364 850 4434 τῷ
879 4365 1115 4436 οὐρανῷ,
1181 4367 1371 4440 ὥσπερ
1431 4370 1523 4421 καὶ
1551 4370 1579 4421 6
1618 4369 1770 4440 ἥλιος
1809 4370 1907 4424 καὶ
1939 4372 1971 4443 ἡ

399 4458 618 4526 σελήνη.
653 4458 761 4510 Καὶ
787 4457 959 4510 ταῦτα
992 4459 1230 4523 ἀκούσας
1261 4459 1372 4528 ἐγὼ
1400 4462 1657 4529 Σολομῶν
1707 4465 1969 4518 ἐκέλευσα

2089 3271 2413 3333 potestates,
2463 3263 2654 3316 mundi
2682 3272 2945 3327 rectores,
2987 3271 3037 3316 et
3069 3263 3365 3317 volitamus
3406 3279 3507 3318 nos
3554 3265 3668 3319 dae-

2088 3370 2283 3410 mones
2330 3354 2386 3409 in
2418 3370 2579 3421 aere,
2628 3363 2683 3409 et
2735 3356 2988 3409 audimus
3029 3354 3331 3409 coelesﬁum
3381 3370 3544 3411 voces
3570 3397 3584 3417 ,
3617 3364 3669 3410 et

2088 3454 2358 3514 potentias
2389 3461 2579 3501 omnes
2620 3448 3191 3515 contemplanius;.et
3230 3449 3388 3517 quasi
3423 3464 3530 3502 non
3572 3449 3670 3503 ha—

2088 3539 2276 3593 bentes
2313 3537 2495 3592 sedem
2548 3538 2777 3607 quietis,
2818 3538 3127 3602 deficimus,
3155 3549 3209 3594 et
3233 3540 3483 3595 cadimus
3508 3543 3669 3611 quasi

2086 3627 2213 3683 folia
2242 3644 2305 3684 ex
2341 3630 2637 3685 arboribus
2665 3670 2680 3696 ,
2723 3639 2777 3685 et
2807 3631 3056 3686 videntes
3088 3647 3189 3688 nos
3224 3632 3478 3688 homines
3506 3673 3521 3699 ,
3549 3635 3667 3687 exi-

2084 3723 2308 3777 stimant
2339 3724 2466 3792 quia
2503 3724 2674 3779 stellae
2702 3724 2903 3777 cadant
2938 3741 2967 3777 e
2997 3726 3178 3789 ccelo;
3214 3726 3308 3779 sed
3349 3742 3455 3781 non
3502 3729 3577 3780 ita
3608 3742 3668 3782 se

2084 3814 2265 3879 habet,
2298 3831 2330 3869 ο
2367 3831 2457 3871 rex
2491 3856 2505 3880 ,
2553 3824 2607 3868 at
2660 3816 2972 3871 decidimus
3021 3828 3245 3886 propter
3293 3818 3663 3875 infirmitatem

2083 3916 2346 3972 nostram,
2378 3914 2432 3961 et
2466 3908 2591 3975 quia
2631 3907 2840 3961 nullam
2878 3908 3107 3963 omnino
3151 3909 3419 3964 habemus
3463 3924 3660 3979 opem,

2087 3998 2340 4052 cadimus
2380 4007 2435 4053 et
2468 3997 2677 4067 fulgura
2714 3998 2770 4051 in
2807 4000 3048 4053 tenebris
3082 3999 3273 4053 multis
3296 4008 3353 4053 et
3380 4002 3581 4067 subito,
3609 4011 3663 4054 et

2081 4091 2333 4144 Civitates
2383 4091 2776 4155 incendimus,
2830 4100 2884 4145 ct
2942 4106 3105 4161 agros
3155 4093 3281 4162 igne
3329 4103 3660 4161 vastamus,

2079 4182 2248 4236 stellae
2287 4182 2429 4235 enim
2458 4182 2700 4235 fundata:
2729 4194 2857 4235 sunt
2892 4184 2945 4235 in
2983 4186 3147 4248 caelo,
3177 4185 3322 4238 sicut
3372 4196 3422 4239 et
3466 4187 3548 4239 sol
3605 4196 3661 4242 et

2078 4274 2229 4329 luna.
2262 4276 2698 4333 Ethazcaudiens
2727 4293 2831 4348 ego
2855 4279 3138 4345 Salomon,
3157 4280 3297 4349 jussi
3326 4284 3658 4338 utcustoilia:

2079 4371 2483 4440 manciparetur
2510 4372 2718 4426 daemon
2755 4388 2930 4442 usque
2962 4372 3029 4426 ad
3081 4374 3201 4429 dies
3229 4376 3473 4444 quinque
3500 4392 3513 4440 ;
3536 4384 3658 4445 post

2077 4460 2195 4515 dies
2230 4463 2491 4531 quinque,
2523 4461 2852 4515 advocatum
2902 4462 3174 4516 seniorem
3234 4476 3382 4515 eram
3423 4461 3655 4516 interro-

398 4549 751 4621 φρουρεῖσθαι
812 4549 903 4602 τὸν
932 4551 1184 4621 δαίμονα·
1220 4552 1350 4623 ἄχρι
1378 4552 1603 4623 ἡμερῶν
1636 4561 1698 4607 ε”
1740 4556 1878 4624 μετά
1913 4556 1968 4609 δὲ
2002 4560 2045 4615 D
2071 4564 2145 4621 g-‘Il

1913 4556 1968 4609 δὲ
2002 4560 2045 4615 D
2071 4561 2297 4621 gaturus
2326 4571 2340 4619 ;
2379 4556 2603 4607 veniens
2638 4563 2817 4607 autem
2854 4555 3041 4608 senior
3071 4569 3098 4605 a
3138 4568 3224 4607 me
3257 4554 3311 4607 in
3373 4555 3524 4606 luctu
3553 4596 3566 4618 ,
3598 4563 3652 4608 et

395 4642 492 4702 τὰς
522 4648 562 4693 ε’
596 4643 807 4710 ἡμέρας
836 4645 1345 4714 μετακαλεσάμενος
1369 4646 1461 4699 τὸν
1489 4646 1717 4716 γηραιὸν
1734 4648 1968 4718 ἤμελλον

394 4732 624 4803 ἐρωτᾷν.
699 4730 899 4785 Ἐλθὼν
921 4733 1232 4803 δὲὸγέρων
1284 4736 1422 4807 πρός
1461 4753 1529 4806 με
1575 4740 1716 4792 κατά
1770 4739 1966 4803 πένθος

396 4825 492 4877 καὶ
529 4824 745 4893 μελάνῳ
800 4824 879 4893 τῷ
907 4824 1184 4894 προσώπῳ
1216 4825 1334 4896 (sic)
1370 4824 1525 4881 εἶπον
1579 4828 1764 4897 αὐτῷ’
1807 4830 1964 4897 Εἰπὲ,

397 4913 701 4981 πρεσϐύτα,
732 4914 836 4967 ποῦ
887 4915 1222 4977 ὲστινόυῑός
1275 4933 1398 4981 σου;
1458 4920 1551 4971 καὶ
1583 4920 1717 4971 τιτδ
1779 4924 1965 4991 σχῆμα

392 5005 589 5071 scito;
630 5006 686 5057 '0
724 5007 780 5058 δὲ
809 5006 936 5077 ἔφη’
1006 5006 1136 5060 Ἰδοὺ
1158 5007 1326 5071 ἄπαις
1362 5010 1648 5079 ἐγενόμην,
1680 5011 1773 5064 καὶ
1804 5013 1964 5065 ἀνέλ-

393 5113 561 5150 πιστα
590 5097 747 5167 τάφῳ
796 5098 913 5150 υἱοῦ
946 5102 1493 5171 παρακαθεζόμενος.
1518 5100 1657 5171 Ἤδη
1688 5104 1797 5174 γὰρ
1825 5105 1964 5173 ήμέυ

395 5205 485 5258 ραι
513 5187 604 5240 δύο
632 5188 827 5259 νεκροῦ
845 5193 1148 5258 γεγονότος.
1172 5194 1319 5261 Ἐγὼ
1352 5196 1409 5248 δὲ
1444 5197 1699 5266 Σολομῶν
1727 5199 1966 5263 ἀκούσας

392 5279 584 5342 ταῦτα,
643 5282 737 5333 καὶ
796 5283 955 5348 γνοὺς
989 5284 1071 5337 ὅτι
1103 5284 1279 5355 ἀληθῆ
1326 5303 1418 5355 μοι
1444 5287 1647 5357 ἔφησεν
1677 5292 1705 5342 6
1757 5290 1967 5358 δαίμων

405 5371 642 5439 ’(ὶρνίας,
675 5372 905 5438 ἐδόξασα
937 5376 1027 5429 τὸν
1051 5377 1184 5431 Θεὸν
1220 5378 1576 5450 τοῦ·’Ῑσραήλ⁶
1601 5383 1693 5449 καὶ
1727 5382 1906 5435 ἰδοῦσα
1932 5384 1965 5453 ἡ

396 5463 682 5532 βασίλισσα
708 5467 880 5522 Νότου
910 5469 1083 5524 ταῦτα
1108 5471 1306 5538 πάντα,
1332 5471 1642 5541 ἐθαύμασεν
1662 5471 1960 5538 δοξάζουσιν.

401 5554 492 5606 τὸν
525 5556 654 5608 Θεὸν
703 5559 943 5630 Ἰσραὴλ,
978 5563 1075 5617 κοιλ⁵
1110 5564 1184 5616 [δε
1214 5565 1306 5616 τὸν
1353 5564 1478 5617 ναὸν
1518 5564 1722 5633 Κυρίου
1754 5566 1958 5619 οἰκοδο.

2076 4646 2228 4713 nigra
2260 4643 2416 4705 facie.
2448 4644 2558 4698 dixi
2589 4646 2638 4699 ei
2681 4663 2694 4699 :
2724 4645 2845 4707 Dic,
2874 4659 3067 4706 senex,
3102 4644 3194 4698 ubi
3214 4652 3295 4699 est
3321 4645 3465 4699 filius
3486 4644 3655 4699 tuus?

2077 4736 2139 4791 Et
2166 4737 2290 4806 quis
2324 4736 2545 4791 habitus
2572 4736 2705 4791 hic?
2734 4734 2836 4801 Qui
2871 4738 2946 4789 ait
2983 4751 2996 4787 :
3026 4735 3168 4790 Ecce
3212 4736 3416 4804 absque
3464 4737 3651 4792 liberis

2076 4827 2251 4882 factus
2279 4842 2422 4889 sum,
2452 4836 2508 4881 et
2547 4829 2668 4881 sine
2703 4842 2801 4896 spe
2831 4825 3086 4895 sepulcro
3106 4825 3203 4879 filii
3234 4826 3510 4891 assidens,
3531 4826 3645 4895 jam

2077 4933 2105 4971 a
2136 4919 2328 4973 diebus
2363 4918 2576 4971 duobus
2608 4915 2875 4970 defuncti.
2909 4915 3035 4970 Haec
3073 4915 3304 4969 audiens
3338 4930 3438 4985 ego
3489 4915 3647 4969 Salo-

2073 5024 2234 5073 mon,
2275 5018 2328 5064 et
2360 5011 2539 5063 sciens
2587 5009 2715 5078 quia
2766 5023 2893 5062 vera
2944 5007 3083 5061 dixit
3137 5006 3351 5061 daemon
3403 5005 3641 5070 Ornias,

2064 5101 2279 5156 laudavi
2314 5101 2599 5155 Dominum
2631 5100 2802 5157 Deum
2855 5100 3042 5155 Israel.
3100 5100 3166 5152 Et
3222 5099 3411 5154 videns
3458 5098 3642 5168 regina

2066 5194 2253 5249 Austri
2289 5194 2401 5247 hate
2424 5192 2611 5247 omnia
2669 5194 2933 5246 admirata
2965 5198 3048 5244 est
3100 5190 3413 5259 glorificans
3470 5190 3639 5244 Deum

2063 5288 2253 5353 Israel,
2293 5297 2347 5342 et
2381 5289 2515 5341 vidit
2548 5288 2808 5356 templum
2854 5287 2944 5341 Dei
2981 5284 3308 5341 aedificatum
3336 5325 3357 5349 ,
3382 5293 3435 5337 et
3489 5283 3640 5339 dedit

2066 5381 2257 5436 siclum
2293 5380 2433 5444 auri,
2465 5390 2519 5435 et
2555 5380 2761 5450 argenti
2790 5380 3060 5449 myriades
3088 5387 3306 5432 centum
3342 5416 3358 5441 ,
3408 5385 3461 5430 et
3512 5377 3638 5430 aeris

2070 5474 2222 5528 electi
2256 5489 2269 5537 ;
2306 5483 2356 5529 et
2394 5475 2615 5529 intravit
2643 5475 2694 5527 iu
2724 5472 2988 5542 templum
3018 5487 3032 5535 ;
3069 5480 3121 5524 et
3150 5470 3321 5523 altare
3345 5507 3359 5532 ,
3400 5475 3450 5521 et
3480 5466 3638 5522 fulci-

2070 5574 2249 5620 menta
2282 5583 2420 5622 mea
2450 5566 2660 5630 altaris,
2685 5577 2738 5620 et
2780 5564 2985 5635 lapides
3019 5565 3387 5633 lampadarum
3423 5558 3639 5626 fulgen-

462 5739 571 5807 (15)
611 5738 809 5795 Eadem
866 5743 1136 5799 sententia
1195 5741 1341 5799 Pauli
1377 5744 1428 5799 in
1466 5761 1552 5815 ep.
1614 5744 1677 5798 ad
1745 5742 1942 5814 Eplies.
1992 5762 2053 5811 ιι,
2094 5746 2147 5814 2,
2174 5748 2237 5801 de
2271 5748 2575 5802 daemonum
2614 5743 2890 5799 domicilio
2921 5743 2975 5797 in
3012 5756 3155 5795 aere.
