4424 6462
793 418 931 483 1351

1659 418 2044 479 APPENDIX
2086 417 2185 476 AD
2226 414 2682 476 MlCllAELEM
2712 414 3086 475 PSELLUM.

3916 419 4053 482 135.12

784 542 864 587 tes
896 548 959 587 ex
989 532 1226 587 diversis
1249 532 1550 597 co‘toribus,
1585 542 1640 587 et
1666 532 2007 587 carbunculo
2057 532 2234 602 lapide
2262 571 2275 595 ,
2313 540 2368 586 et
2394 540 2443 599 Α
2474 545 2531 597 με

2313 540 2368 586 et
2394 540 2443 599 Α
2474 525 2746 597 μούμενον
2765 540 2778 555 ⁸
2821 528 2914 579 καὶ
2944 526 3144 579 ἔδωκεν
3174 524 3359 579 σίκλον
3395 524 3621 595 χρυσίου
3648 525 3743 578 καὶ
3782 527 4052 599 ἀργυρίου

786 623 1110 693 hyacintho,
1158 634 1210 679 et
1243 624 1557 691 smaragdo,
1596 632 1650 678 et
1674 624 1906 691 saltiro;
1960 634 2013 679 et
2057 624 2191 678 vidit
2236 638 2364 678 vasa

724 699 733 705 ’
782 732 972 783 aurea,
1015 729 1067 772 et
1105 726 1385 785 argentea,
1417 725 1471 771 et
1501 731 1662 781 aerea,
1693 726 1745 772 et
1779 718 1989 787 lignea,
2044 725 2098 772 et
2129 718 2358 785 pellicea

788 817 1093 877 stramenta
1133 822 1375 876 purpura
1412 808 1581 862 tincta
1614 826 1632 874 ;
1662 818 1714 863 et
1764 809 1900 862 vidit
1959 808 2118 864 bases
2158 809 2367 864 colum-

787 914 979 951 narum
1014 899 1197 965 templi
1236 899 1326 951 Dei
1354 937 1369 960 ,
1401 912 1596 953 omnes
1648 916 1715 954 ex
1759 913 1897 954 auro
1964 914 2117 967 uno;
2171 909 2367 969 praeter

785 990 1062 1044 dmuumes
1105 1005 1243 1059 quos
1274 990 1339 1043 ad
1370 989 1729 1045 laborandum
1786 992 2081 1058 damnavi;
2138 1003 2191 1048 et
2250 1000 2369 1049 eral.

784 1095 889 1149 pax
926 1081 977 1133 itt
1012 1082 1243 1134 circuitu
1288 1084 1439 1150 regni
1479 1083 1583 1135 mei
1614 1094 1668 1137 et
1699 1099 1865 1153 super
1893 1084 2204 1138 universam
2255 1093 2365 1139 ter-

782 1188 917 1225 ram.
960 1172 1025 1224 Et
1059 1174 1261 1225 factum
1302 1184 1387 1227 est
1418 1184 1595 1229 stante
1628 1191 1712 1230 me
1740 1178 1795 1230 iu
1840 1191 2005 1246 regno
2040 1191 2183 1239 meo,
2217 1176 2367 1229 misit

783 1268 849 1320 ad
885 1283 968 1321 me
1021 1269 1305 1337 epistolam
1362 1285 1450 1321 rex
1509 1270 1751 1323 Arabum
1782 1271 1929 1323 Adar
1960 1312 1973 1333 ,
2025 1282 2078 1325 et
2124 1270 2368 1341 cpistola

781 1360 1050 1426 scriptura
1104 1361 1228 1413 talis
1267 1372 1381 1413 erat
1416 1360 1585 1430 :llegi
1620 1363 1895 1416 Salomoni
1932 1364 2160 1416 Salutem
2191 1364 2366 1419 :Eccc

782 1453 1112 1513 audivunus,
1150 1463 1201 1504 et
1229 1452 1474 1504 auditum
1528 1453 1727 1506 factum
1769 1464 1853 1509 est
1899 1457 1951 1508 in
1990 1470 2183 1511 omnes
2230 1458 2365 1514 lines

782 1547 977 1604 terrae,
1008 1541 1189 1594 datam
1224 1543 1320 1596 tibi
1358 1544 1705 1611 sapientiam,
1742 1554 1794 1599 et
1840 1545 1966 1615 quia
2022 1549 2105 1600 vir
2148 1549 2367 1603 miseri-

780 1648 903 1687 cors
934 1648 963 1685 a
1010 1636 1116 1687 Deo
1151 1646 1208 1688 tu
1245 1652 1303 1690 es
1334 1654 1348 1696 ;
1378 1646 1428 1690 et
1464 1648 1705 1705 potestas
1748 1639 1871 1691 data
1928 1649 2013 1693 est
2062 1642 2157 1692 tibi
2204 1658 2366 1707 super

779 1742 972 1781 omnes
1000 1728 1227 1795 spiritus
1256 1730 1435 1780 aerios
1469 1736 1521 1779 (ιι
1555 1735 1846 1782 terrestres
1870 1739 1921 1782 ct
1950 1731 2362 1785 subterraneos.

780 1815 1051 1882 Quoniam
1086 1818 1313 1882 spiritus
1349 1820 1565 1872 exsistit
1599 1820 1654 1873 in
1691 1821 1912 1889 regione
1941 1822 2155 1876 Arabia?
2190 1823 2313 1877 talis
2350 1841 2360 1874 :

2475 620 2746 691 μυριάδας
2768 620 2989 686 ἑκατὸν,
3025 621 3118 673 καὶ
3157 618 3364 688 χαλκοῦ
3396 619 3682 683 ὲκλεκτοῦ,
3743 622 3839 673 καὶ
3866 624 4051 694 είσῆλ-

2472 714 2563 766 θεν
2613 714 2695 776 είς
2749 712 2843 765 τὸν
2912 713 3040 764 ναόν
3069 726 3081 739 ⁵
3140 711 3235 764 καὶ⁵
3259 711 3320 762 τὸ
3358 710 3770 779 θυσιαστήριον,
3805 714 3898 764 καὶ
3927 715 4056 777 τοὺς

2471 805 2778 874 ἀναφάρους
2804 803 2932 863 τοὺς
2991 803 3225 873 χαλκοῦς
3263 800 3358 855 τοῦ
3391 801 3785 871 θυσιαστηρίου
3813 804 3906 854 καὶ
3926 808 4054 865 τοὶς

2470 896 2650 959 λίθους
2699 897 2809 949 τῶν
2862 894 3073 967 λύχνων
3115 895 3591 964 ὲξαστράπτοντας
3651 895 3715 946 ὲκ
3778 894 4051 963 διαφόρων

2468 990 2797 1060 χρωμάτων,
2829 988 2924 1043 καὶ
2956 988 3175 1057 λυχνίου
3200 988 3293 1041 τοῦ
3332 988 3506 1051 λίθου,
3542 988 3638 1040 καὶ
3705 988 4049 1057 σμαράγδου,

2469 1092 2565 1135 καὶ
2619 1082 2899 1148 ὑακίνθου,
2942 1083 3035 1136 καὶ
3072 1082 3402 1150 σαπφείρου,
3455 1080 3551 1131 καὶ
3596 1076 3737 1132 εἶδεν
3776 1080 3844 1131 τὰ
3880 1080 4048 1150 σκεύη

2469 1177 2537 1229 τὰ
2560 1176 2739 1246 χρυσᾶ
2764 1178 2856 1228 καὶ
2887 1175 3126 1246 ἀργυρᾶ,
3152 1177 3247 1226 καὶ
3282 1174 3482 1243 χαλκᾶ,
3511 1174 3605 1224 καὶ
3629 1172 3839 1236 ξύλινα,
3866 1172 3962 1224 καὶ
3984 1175 4051 1225 ὲκ

2468 1269 2756 1339 δερμάτων
2810 1268 3117 1337 ἀπλώματα
3149 1266 3651 1337 ὴρυθροδανόμενα’
3685 1264 3779 1315 καί
3812 1265 3889 1316 [δε
3950 1265 4051 1327 τὰς

2472 1361 2657 1429 βάσεις
2701 1361 2809 1411 τῶν
2840 1360 3036 1413 κιόνων
3069 1358 3161 1411 τοῦ
3192 1357 3321 1409 ναοῦ
3356 1359 3587 1425 Κυρίου·
3615 1356 3663 1407 οἱ
3692 1356 3889 1418 πάντες
3917 1374 4052 1427 χρυ-

2472 1449 2584 1501 σίου
2611 1450 2728 1511 ἑνός
2758 1464 2770 1476 ⁸
2803 1450 2974 1517 χωρὶς
3006 1450 3115 1500 τῶν
3143 1448 3417 1517 δαιμόνων
3446 1440 3521 1499 ὧν
3561 1446 3857 1514 κατέκρινα
3886 1447 4053 1518 ἔργά·

2470 1541 2676 1605 ζεσθαιο
2708 1541 2801 1593 καὶ
2850 1537 2917 1611 ἦν
2939 1541 3135 1611 είρήνη
3191 1540 3375 1609 κύκλῳ
3432 1538 3533 1607 τῆς
3578 1536 3855 1606 βασιλείας
3921 1556 4047 1607 μου,

2470 1637 2561 1686 καὶ
2598 1636 2689 1685 ἐπὶ
2720 1634 2897 1700 πάσης
2938 1634 3038 1702 τῆς
3078 1633 3204 1701 γῆς.
3239 1634 3350 1685 Καὶ
3369 1632 3586 1699 ἐγένετο
3612 1630 3669 1680 ὲν
3710 1632 3788 1698 τῷ
3815 1628 3951 1683 εἷναί
3978 1650 4046 1701 με

2467 1726 2526 1775 ἐν
2553 1729 2617 1795 τῇ
2646 1727 2891 1795 βασιλείᾳ
2921 1742 3045 1794 μου,
3076 1725 3365 1779 ἀπέστειλέ
3402 1742 3491 1794 μοι
3530 1722 3816 1791 ἐπιστολὴν
3841 1727 3867 1775 6
3892 1724 4047 1792 βασι-

2466 1816 2589 1879 λεῦς
2645 1818 2895 1887 Ἀράϐων
2938 1818 3187 1887 Ἀδάρης,
3214 1816 3326 1883 ήδὲ
3364 1819 3552 1887 γραφή
3600 1820 3696 1887 τῆς
3758 1817 4047 1884 ἐπιστολῆς

778 1909 833 1962 in
870 1912 1138 1962 matutino
1175 1912 1349 1978 surgit
1375 1911 1540 1964 ﬂatus
1566 1913 1712 1965 venti
1744 1928 1917 1981 usque
1952 1915 2015 1967 ad
2046 1916 2207 1969 horas
2231 1926 2361 1979 tres,
2399 1921 2441 1977 Β
2468 1911 2525 1977 εγ

2297 1932 2361 1979 ιε,
2399 1921 2441 1977 Β
2468 1911 2711 1979 ἔγραφεν
2759 1909 2934 1972 οὕτως
2961 1925 2975 1939 ·
3014 1909 3238 1962 Βασιλεῖ
3295 1908 3604 1977 Σολομῶντι
3667 1910 3900 1979 χαίρειν·
3937 1907 4044 1959 ἰδοὺ

777 2009 829 2053 et
866 2000 1025 2055 ﬂatus
1058 2001 1175 2069 ejus
1210 2002 1475 2055 terribilis
1507 2012 1559 2055 et
1598 2004 1889 2068 exitiosus,
1928 2016 1984 2059 et
2024 2007 2267 2061 homines
2304 2016 2357 2062 et

772 2089 1017 2157 jumeuta
1056 2090 1335 2155 interﬁcit,
1371 2107 1471 2145 nec
1501 2092 1607 2175 qlia
1632 2095 1749 2160 quit
1776 2094 1940 2148 lterba
1964 2097 2229 2150 exsistere
2260 2114 2355 2151 su-

779 2196 874 2249 per
909 2194 1108 2235 terram
1174 2198 1202 2235 a
1254 2184 1393 2236 facie
1438 2184 1705 2238 damonis
1756 2186 1921 2241 illius.
1980 2188 2085 2241 Oro
2143 2188 2355 2258 igitur,

777 2275 1035 2342 quoniam
1063 2276 1201 2328 sicut
1236 2286 1429 2330 ventus
1458 2286 1544 2330 est
1577 2279 1805 2347 spiritus
1826 2326 1839 2346 ,
1885 2284 2127 2351 excogita
2152 2283 2356 2353 aliquid

778 2366 1079 2419 secundum
1118 2366 1299 2421 datam
1353 2369 1449 2421 tibi
1500 2371 1827 2439 sapientiam
1884 2393 1909 2425 a
1967 2373 2197 2430 Domino
2248 2376 2359 2433 Deo

773 2465 875 2509 tuo
903 2474 917 2521 ;
944 2467 1001 2510 et
1031 2458 1272 2527 digneris
1306 2461 1522 2515 mittere
1564 2470 1839 2530 potentem
1886 2466 2058 2518 virum
2090 2466 2180 2534 qui
2211 2482 2359 2520 com-

776 2556 963 2613 pescat
994 2564 1138 2603 eum.
1176 2547 1239 2601 Et
1267 2563 1394 2603 ecce
1428 2565 1521 2604 ero
1546 2590 1560 2615 ,
1606 2566 1698 2605 rex
1737 2552 2017 2617 Salomon,
2051 2568 2150 2623 ego
2176 2565 2228 2608 et
2259 2572 2359 2626 po-

777 2640 937 2707 pulus
970 2654 1144 2702 meus,
1174 2646 1231 2693 et
1278 2649 1423 2695 terra
1458 2657 1576 2696 mea
1611 2644 1821 2709 omnis,
1855 2648 2099 2699 serviens
2124 2647 2221 2701 tibi
2268 2663 2358 2701 us-

776 2743 883 2796 que
912 2730 976 2782 ad
1014 2740 1266 2794 mortem,
1300 2740 1355 2786 et
1390 2733 1576 2787 subdit
1618 2749 1678 2789 se
1725 2736 1821 2789 tibi
1881 2738 2066 2792 omnis
2113 2738 2312 2795 Arabis
2343 2781 2356 2804 ,

778 2824 941 2875 modo
969 2823 1237 2891 justitiam
1270 2826 1411 2879 lianc
1466 2826 1640 2881 facias
1667 2828 1852 2883 nobis.
1884 2827 2063 2894 Quare
2102 2846 2361 2901 rogamus

776 2920 849 2975 te,
882 2928 948 2966 ne
998 2915 1275 2984 despicias
1326 2918 1784 2986 supplicationem
1838 2929 2081 2973 nostram
2115 2959 2129 2983 ,
2184 2937 2361 2991 neque

770 3005 1021 3072 negligas
1046 3017 1285 3076 spretam
1326 3016 1474 3061 tuam
1508 3012 1843 3077 provinciam
1867 3052 1880 3073 ,
1910 3021 1962 3065 et
2002 3014 2199 3067 ditioni
2255 3023 2360 3070 tua:

776 3093 1078 3161 subjectant
1112 3097 1408 3164 perlicies:
1469 3100 1545 3151 tui
1598 3100 1741 3153 enim
1795 3100 2072 3168 supplices
2123 3116 2314 3155 sumus
2344 3142 2358 3168 ,

774 3199 877 3253 ego
909 3194 962 3239 et
1014 3189 1246 3256 populus
1300 3204 1454 3243 meus
1506 3200 1558 3244 et
1605 3192 1785 3245 omnis
1835 3203 1975 3247 terra
2033 3209 2176 3248 mea.
2216 3193 2359 3249 Bene

776 3277 957 3331 valere
987 3279 1271 3331 hominum
1306 3295 1483 3333 meum
1526 3281 1578 3333 itt
1613 3283 1888 3337 omnibus.

779 3387 881 3441 μου
915 3370 1067 3421 πᾶσα
1122 3370 1282 3441 δουλή
1348 3388 1441 3423 σου
1474 3373 1576 3434 ἓως
1612 3373 1844 3427 θανάτου
1867 3394 1879 3407 ·
1915 3377 2006 3429 καὶ
2038 3379 2246 3448 είρηνεῑ
2281 3397 2339 3433 σε

2462 2001 2777 2071 ἠκούσαμεν
2810 2003 2905 2053 καὶ
2943 2002 3211 2054 ἀκουστὸν
3238 2003 3462 2069 γέγονεν
3496 2002 3577 2064 είς
3618 2003 3798 2055 πάντα
3850 1999 3915 2052 τὰ
3947 2000 4047 2050 πέ-

2470 2113 2607 2165 ρατα
2642 2099 2739 2166 τῆς
2769 2096 2895 2163 γῆς,
2952 2092 3052 2165 τήν
3090 2095 3147 2145 ἐν
3178 2094 3260 2145 σοὶ
3284 2094 3577 2163 δεδομένην
3635 2094 3826 2162 σοφίαν
3877 2092 3994 2163 (sic)
4029 2107 4043 2121 ·

2462 2190 2557 2241 καὶ
2606 2189 2686 2241 ὅτι
2742 2187 3030 2258 ἄνθρωπος
3094 2187 3343 2256 ἐλεήμων
3420 2190 3571 2255 παρὰ
3612 2186 3813 2253 Κυρίου
3850 2182 3897 2236 εἷ
3938 2186 3997 2235 σύ
4030 2200 4044 2214 ⁸

2460 2284 2553 2332 καὶ
2585 2279 2800 2341 σύνεσις
2828 2279 2983 2349 ἐδόθη
3018 2296 3101 2330 σοι
3135 2280 3226 2330 ἐπὶ
3247 2279 3462 2333 πάντων
3494 2277 3821 2345 πνευμάτων
3845 2276 4047 2343 ἀερίων

2460 2389 2518 2424 τε
2557 2372 2649 2424 καὶ
2713 2371 2977 2437 ἐπιγείων
3011 2371 3107 2423 καὶ
3162 2368 3535 2439 καταχθονίων
3562 2385 3575 2398 ⁸
3608 2370 3795 2438 ἐπειδὴ
3826 2368 4046 2436 πνεῦμα

2464 2463 2729 2531 πάρεστιν
2771 2463 2827 2515 ὲν
2881 2464 2947 2532 τῇ
2977 2462 3130 2531 χώρᾳ
3158 2461 3259 2529 τῆς
3314 2460 3577 2528 Ἀραὸίας
3607 2460 3841 2511 τοιόνδε·
3873 2463 3930 2511 ἐν
3970 2460 4046 2528 τῷ

2463 2552 2673 2622 ἑωθινῴ
2697 2553 2927 2622 ἄρχεταί
2954 2570 3037 2614 τις
3068 2553 3210 2623 αὖρα
3239 2550 3440 2621 ἀνέμου
3477 2550 3582 2614 ἓως
3642 2550 3802 2617 ὡρῶν
3830 2551 3998 2617 τριῶν
4028 2565 4043 2577 ⁸

2463 2648 2558 2698 καὶ
2583 2646 2614 2713 ή
2654 2645 2789 2714 πτοὴ
2822 2643 2990 2697 αὑτοῦ
3016 2644 3168 2712 δεινὴ
3197 2644 3288 2695 καὶ
3335 2642 3573 2712 χαλεπή*
3618 2642 3711 2694 καὶ
3736 2639 4045 2694 ἀποκτείνει

2467 2736 2793 2807 ἀνθρώπους
2830 2738 2926 2788 καὶ
2955 2737 3146 2807 κτήνη·
3181 2736 3278 2789 καὶ
3317 2736 3377 2789 ού
3406 2736 3630 2787 δύναται
3657 2734 3792 2802 πνοὴ
3820 2731 4046 2799 οὐδεμία

2466 2828 2630 2896 ζῆσαι
2668 2830 2759 2879 ἐπὶ
2790 2830 2890 2896 τῆς
2923 2830 3047 2897 γῆς,
3088 2828 3335 2881 ἐναντίον
3390 2826 3485 2879 τοῦ
3508 2826 3767 2894 δαίμονος
3803 2824 4039 2876 ἐκείνου.

2462 2922 2665 2986 Δέομαι
2697 2920 2992 2991 οὖνέπειδὴ
3031 2921 3105 2982 ὼς
3130 2922 3329 2991 ἄνεμός
3360 2922 3476 2973 ἐστι
3502 2920 3562 2972 τὸ
3597 2918 3815 2987 πνεῦμα
3845 2915 4038 2984 σόιρισὲ

2473 3028 2525 3063 τι
2562 3011 2705 3064 κατά
2766 3012 2861 3081 τὴν
2893 3012 3186 3081 δεδομένην
3229 3030 3311 3064 σοι
3351 3014 3541 3079 σοφίαν
3576 3011 3681 3063 ὑπὸ
3710 3010 3915 3080 Κυρίου
3946 3006 4041 3061 τοῦ

2464 3104 2599 3157 Θεοῦ
2641 3120 2770 3155 σου*
2820 3106 2915 3158 καὶ
2972 3104 3314 3170 καταξίωσον
3363 3104 3682 3157 ἀποστεῖλαι
3745 3104 4041 3170 δυνάμενον
4098 3156 4103 3159 _

2466 3196 2754 3267 ἄνθρωπον
2786 3196 3148 3251 συλλαϐέσθαι
3179 3196 3327 3249 αύτῶ
3356 3197 3494 3267 (sic).
3534 3196 3644 3249 Kal
3677 3194 3784 3247 ἰδοὺ
3820 3194 4039 3261 ἔσομαι,

2380 3279 2422 3336 C
2456 3288 2679 3358 βασιλεῦ
2706 3290 2982 3361 Σολομῶν,
3043 3291 3155 3358 ἐγώ
3185 3307 3245 3342 τε
3272 3291 3366 3343 καὶ
3392 3291 3420 3342 6
3440 3289 3569 3351 λαός
3600 3305 3726 3357 μου,
3753 3288 3847 3339 καὶ
3888 3287 3921 3354 ή
3962 3286 4034 3354 γῆ

2418 3384 2574 3436 πᾶσα
2619 3383 2884 3454 ’Δρραὁία
2911 3400 2925 3415 ·
2991 3384 3196 3451 ἐάνπερ
3241 3383 3447 3450 ταύτην
3490 3381 3595 3451 τὴν
3687 3378 4037 3445 δικαιοσύνην

784 3463 1033 3530 ποιήσεις
1055 3464 1188 3529 ἡμῖν
1210 3479 1223 3492 ·
1255 3464 1334 3515 διὸ
1362 3464 1597 3534 δεόμεθά
1626 3484 1720 3519 σου
1773 3467 1847 3538 μὴ
1906 3470 2267 3543 παραϐλέψῃς
2327 3474 2425 3544 τὴν
2466 3478 2679 3528 ίκεσίαν
2712 3477 2893 3547 ἡμῶν,
2926 3474 3020 3528 καὶ
3050 3474 3125 3544 μὴ
3167 3472 3600 3542 ὲξουθενημένην
3630 3474 3730 3540 τὴν
3777 3471 3875 3541 σὴν
3903 3471 4038 3523 ὑπο-

774 3554 920 3605 τελεῖ
954 3556 1047 3607 καὶ
1074 3558 1529 3629 ὑποτεταγμένην
1568 3561 1838 3630 ἐπαρχίαν
1864 3563 2182 3615 αποτελέσει
2210 3581 2223 3594 ·
2272 3565 2356 3618 ὅτι
2387 3582 2480 3619 του
2517 3568 2695 3621 ίκέται
2748 3569 2940 3639 ἐσμὲν,
2976 3568 3090 3637 ἐγώ
3119 3585 3179 3621 τε
3210 3569 3303 3621 κα)⁸
3332 3571 3361 3621 6
3388 3568 3515 3631 λαός
3560 3582 3660 3634 μου
3732 3565 3825 3615 καὶ
3881 3563 4034 3616 πᾶσα

775 3648 807 3714 ή
839 3652 907 3716 γῆ
948 3666 1067 3717 μουο
1105 3652 1379 3722 ἐρρῶσθαι
1422 3653 1514 3705 τὸν
1540 3652 1673 3721 ἐμὸν
1699 3654 1905 3724 Κύριον
1930 3654 2018 3707 διὰ
2057 3656 2278 3720 παντός.

850 3743 956 3808 Ego
993 3742 1275 3804 Salomon,
1329 3758 1451 3795 cum
1499 3744 1753 3813 legissem
1794 3745 2029 3809 litteras,
2069 3757 2123 3801 et
2184 3748 2361 3819 expli-

775 3850 987 3888 cassetu
1020 3850 1141 3900 eas,
1173 3835 1294 3887 dedi
1331 3836 1529 3903 populo
1566 3851 1709 3899 meo,
1750 3838 1942 3892 dicens
1964 3839 2054 3893 ei:
2088 3839 2221 3895 Post
2247 3841 2364 3897 dies

776 3932 1013 3993 septem,
1074 3925 1127 3978 itt
1176 3928 1497 3979 memoriam
1528 3928 1816 3982 revocabis
1878 3931 2008 3985 mihi
2070 3933 2362 4001 epistolam

775 4013 945 4066 lianc.
977 4013 1038 4066 Et
1061 4022 1179 4067 erat
1204 4012 1508 4069 Jerusalem
1554 4016 1818 4071 aediﬁcata
1848 4027 1902 4073 et
1924 4020 2183 4089 templum
2212 4036 2366 4076 com-

776 4104 1051 4172 plebatur.
1094 4106 1157 4158 Et
1200 4114 1316 4159 erat
1340 4106 1478 4175 lapis
1518 4109 1799 4177 angularis
1862 4124 2091 4180 magnus
2122 4113 2355 4177 electus,

776 4208 949 4263 quem
996 4195 1246 4249 volebam
1284 4212 1484 4266 ponere
1503 4213 1670 4267 super
1715 4209 1877 4269 caput
1911 4201 2092 4269 anguli
2120 4204 2357 4271 COlllpiC-

777 4288 945 4338 tuenti
999 4286 1160 4354 ejus;
1198 4296 1253 4341 et
1302 4303 1492 4345 omnes
1520 4292 1753 4359 Oper-arii
1787 4299 1839 4345 et
1871 4293 2055 4347 cuncti
2079 4292 2356 4350 daemones

776 4376 1177 4434 collaborantes
1206 4388 1472 4434 venerunt
1524 4382 1589 4436 ad
1625 4382 1751 4447 hoc,
1803 4391 1863 4437 ut
1940 4400 2159 4440 sursum
2213 4386 2357 4439 leva-

777 4475 900 4520 rent
926 4466 1181 4536 lapidem,
1233 4479 1567 4537 exponerent
1620 4488 1785 4543 super
1833 4474 2182 4545 pinnaculum
2221 4486 2355 4531 tent-

776 4556 851 4627 ξ)ιί
883 4561 1078 4622 sancti,
1120 4568 1174 4614 et
1226 4575 1334 4615 nou
1371 4572 1665 4631 potuerunt
1726 4580 2069 4623 commovere
2113 4582 2260 4630 eum,
2297 4576 2352 4624 et

777 4661 982 4716 ponere
1016 4662 1178 4717 super
1225 4653 1482 4721 angulum
1535 4665 1941 4725 praeparatum;
1974 4667 2094 4713 erat
2152 4661 2356 4729 quippe

778 4738 918 4807 lapis
952 4738 1055 4792 iste
1082 4755 1309 4810 magnus
1329 4745 1505 4809 valde,
1534 4754 1587 4799 et
1604 4748 2064 4804 accommodusin
2093 4754 2352 4821 angulum

781 4830 989 4899 templi.
1028 4831 1091 4884 Et
1131 4842 1251 4900 post
1290 4835 1407 4889 dies
1460 4846 1691 4906 septem,
1762 4842 2082 4896 recordatus
2113 4844 2357 4911 epistolze

781 4922 980 4976 Adaris
1028 4925 1165 4993 regis
1232 4928 1496 4990 Arabum.
1539 4932 1723 4985 vocavi
1798 4950 2021 5002 puerum
2079 4951 2261 4990 meum
2300 4944 2354 4989 et

775 5014 912 5067 dixi:
941 5015 1180 5084 Dispone
1210 5022 1473 5075 cameluut
1499 5034 1672 5088 tuuut,
1698 5036 1749 5079 et
1773 5041 1928 5081 sume
1949 5037 2124 5081 tecum
2151 5038 2349 5092 utrem;

778 5105 968 5174 accipe
1002 5115 1056 5160 et
1082 5107 1317 5177 sigillum
1375 5115 1496 5181 ltoc,
1532 5122 1586 5167 et
1641 5113 1776 5170 vade
1834 5119 1890 5170 in
1947 5118 2228 5182 Arabiam,
2285 5120 2351 5172 ad

787 5194 968 5249 locum
1005 5196 1060 5250 in
1124 5214 1234 5267 quo
1288 5204 1461 5272 spirat
1513 5206 1745 5275 spiritus
1792 5209 1989 5273 malus,
2034 5219 2352 5280 -ethappre-

783 5285 1028 5341 bendens
1066 5298 1263 5356 utrem,
1299 5302 1355 5349 et
1384 5299 1644 5353 annulum
1697 5312 1826 5354 ante
1862 5316 1923 5356 os
1965 5302 2104 5357 utris
2146 5301 2214 5356 ad
2254 5301 2352 5355 lla-

778 5386 895 5432 tutn
939 5379 1190 5448 spiritus,
1222 5399 1343 5440 cum
1392 5396 1555 5441 vento
1603 5390 1947 5447 distendetur
2018 5404 2156 5461 uter,
2223 5407 2351 5451 tunc

780 5468 1049 5539 intelliges
1103 5473 1293 5531 adesse
1348 5479 1643 5548 spiritum:
1676 5494 1730 5539 et
1780 5485 2070 5541 confestim
2130 5488 2347 5558 alligato

782 5561 921 5616 utris
949 5575 1065 5628 ore,
1117 5565 1273 5638 signa
1317 5569 1447 5627 illud
1492 5571 1673 5645 sigillo
1698 5576 1798 5632 ltoc
1841 5586 1895 5633 et
1916 5578 2135 5649 impone
2183 5596 2345 5651 super

2544 3748 2686 3815 Ἐγὼ
2725 3749 2782 3801 δὲ
2817 3748 3070 3817 Σολομῶν
3127 3749 3399 3816 ἀναγνοὺς
3445 3748 3546 3818 τὴν
3606 3746 3895 3815 ἐπιστολὴν
3942 3744 4038 3797 καὶ

2461 3842 2780 3906 ἀναπτύξας
2797 3843 2968 3913 αὐτὴν
2991 3843 3250 3895 ἀπέδωκα
3280 3841 3427 3911 τῷλα
3522 3859 3620 3910 μου
3653 3839 3820 3893 εἰπὼν
3849 3838 3996 3907 αὐτῷ
4017 3854 4034 3869 ·

2464 3936 2601 4005 μετά
2636 3936 2776 3988 ἐπτά
2799 3935 3014 4005 ἡμέρας
3033 3936 3371 4004 ὑπομνήσεις
3407 3950 3473 4003 με
3512 3934 3643 3999 π;ρ“ι
3672 3934 3772 4001 τῆς
3812 3933 4032 3982 ἐπιστο-

2460 4025 2559 4095 λῆς
2602 4024 2832 4093 ταύτης.
2893 4028 3003 4078 Καὶ
3033 4020 3101 4094 ἦν
3131 4026 3209 4095 (ή)
3252 4024 3611 4095 Ἰερουσαλήμ
3648 4022 4035 4093 ᾠκοδομουμέ-

2462 4118 2875 4187 νη,καὶὸναος
2908 4118 3339 4186 συνεπληροῦτο.
3396 4118 3505 4169 Καὶ
3560 4112 3626 4185 ἦν
3676 4115 3819 4176 λίθος
3868 4115 4036 4182 ἀκρο-

2462 4209 2717 4277 γωνιαῐος
2771 4206 3025 4275 κείμενος
3086 4205 3256 4275 μέγας
3294 4205 3571 4265 ἐκλεκτὸς,
3600 4206 3782 4256 ὅντινα
3815 4201 4033 4254 ἐϐουλό-

2465 4316 2573 4371 μην
2608 4299 2779 4352 θεῖναι
2812 4301 2889 4362 είς
2913 4299 3009 4369 τὴν
3040 4298 3284 4368 κεφαλὴν
3306 4300 3405 4368 τῆς
3438 4296 3639 4365 γωνίας
3666 4297 3759 4367 τῆς
3780 4294 4033 4363 συμπλη-

2461 4392 2682 4462 ρώσεως
2708 4392 2873 4444 αὑτοῦ
2891 4407 2903 4421 ·
2952 4393 3043 4444 καὶ
3114 4392 3314 4454 πάντες
3349 4392 3397 4444 οί
3427 4391 3686 4459 τεχνῖται,
3711 4388 3805 4441 καὶ
3832 4388 4033 4449 πάντες

2457 4486 2507 4536 οί
2538 4483 2794 4551 δαίμονες
2815 4484 2867 4535 oi
2908 4482 3414 4554 συνυπουργοῦντες
3457 4479 3621 4551 ἦλθον
3681 4482 3772 4532 ἐπὶ
3796 4480 3856 4532 τὸ
3902 4476 4033 4531 αὐτὸ

2458 4572 2599 4625 ὥστε
2623 4575 2923 4641 ἀναγαγεῖν
2966 4574 3057 4625 τὸν
3128 4573 3275 4626 λίθον
3328 4574 3423 4626 καλ⁵
3450 4571 3621 4624 θεῖναι
3650 4570 3815 4623 αὑτὸν
3854 4569 3947 4621 ἐπὶ
3971 4568 4031 4621 τὸ

2461 4663 2759 4732 πτερύγιον
2798 4664 2895 4717 τοῦ
2926 4662 3055 4717 ναοῦ
3112 4663 3205 4717 τοῦ
3262 4662 3445 4734 ἱεροῦ,
3510 4663 3607 4715 καὶ
3651 4662 3752 4716 οὐκ
3803 4662 4030 4729 ἴσχυσαν

2460 4754 2720 4808 σαλεῦσαι
2781 4754 2967 4819 αὐτὸν,
3023 4754 3119 4808 καὶ
3153 4755 3324 4807 θεῖναι
3379 4753 3515 4825 πρὸς
3544 4755 3642 4825 τήν
3688 4752 3888 4820 γωνίαν
3930 4750 4031 4817 τὴν

2460 4845 2872 4917 θεματισμένην
2917 4845 3067 4916 αὑτῷ
3095 4860 3109 4876 ·
3145 4842 3214 4915 ἦν
3267 4846 3376 4916 γὰρ
3402 4848 3429 4898 6
3458 4846 3599 4907 λίθος
3656 4846 3861 4904 ἐκεῖνος
3886 4843 4028 4893 πάνυ

2461 4937 2658 5005 μέγας,
2703 4937 2798 4989 καὶ
2826 4938 3098 5006 χρήσιμος
3122 4938 3202 4999 είς
3223 4936 3319 5006 τὴν
3356 4936 3559 5002 γωνίαν
3592 4933 3685 4987 τοῦ
3716 4933 3884 5003 ἱεροῦ.
3924 4934 4029 4984 Καὶ

2461 5028 2601 5098 μετά
2621 5029 2716 5090 τὰς
2748 5030 2887 5081 ἑπτὰ
2920 5030 3135 5098 ἡμέρας
3157 5027 3416 5099 μνησθεὶς
3439 5029 3538 5096 τῆς
3571 5026 3857 5094 ἐπιστολῆς
3876 5025 4027 5079 Ἀδά-

2457 5136 2549 5189 ρου
2580 5119 2846 5189 βασιλέως
2884 5120 3154 5190 Ἀράϐων,
3184 5120 3420 5174 ἐκάλεσα
3450 5120 3540 5173 τὸν
3575 5119 3741 5173 παῖδά
3792 5136 3893 5187 μου
3932 5115 4026 5168 καὶ

2451 5208 2603 5265 εἷπον
2639 5210 2787 5282 αύτῷ
2810 5227 2822 5240 ·
2882 5211 2936 5263 Ἐ
2950 5211 3165 5278 πίταξον
3192 5214 3289 5282 τὴν
3350 5209 3599 5282 κάμηλόν
3628 5227 3719 5263 σου
3754 5211 3847 5262 καὶ
3893 5208 4024 5261 λάϐε

2455 5306 2685 5359 σεαυτὸν
2722 5306 2911 5371 ἀσκὸν,
2937 5305 3066 5358 λάϐε
3093 5305 3149 5359 δὲ
3190 5308 3284 5360 καὶ
3336 5305 3433 5375 τὴν
3470 5323 3578 5375 φρη
3621 5304 3698 5374 (u?
3732 5304 3790 5356 αἳ
3821 5302 3894 5372 2?)
3942 5303 4026 5367 γῖ-

2452 5397 2650 5468 δαμιι)
2711 5397 2951 5467 ταύτηνο
2985 5400 3076 5450 καὶ
3121 5398 3322 5451 ἄπελθε
3363 5398 3442 5460 είς
3501 5397 3599 5467 τὴν
3640 5394 3900 5465 ’Δραείαν
3929 5394 4024 5445 ἐπὶ

2453 5493 2549 5546 τὸν
2576 5491 2741 5545 τόπον
2780 5492 2837 5544 ὲν
2869 5484 2913 5557 ᾧ
2946 5491 3005 5544 τὸ
3040 5489 3275 5561 πονηρὸν
3301 5490 3515 5559 πνεῦμα
3546 5487 3698 5541 πνέει
3724 5504 3737 5517 ο
3762 5487 3852 5539 καὶ
3884 5502 4021 5557 κρα-

2451 5585 2627 5653 τήσας
2675 5580 2768 5636 τὸν
2807 5581 3028 5648 .ἀσκὸν,
3085 5584 3178 5635 καὶ
3230 5582 3292 5637 τὸ
3342 5582 3680 5638 δακτυλίδιον
3709 5578 4020 5651 ἔμπροσθεν

854 5832 970 5903 (ιι)
998 5834 1153 5896 Certe
1183 5856 1292 5899 non
1320 5841 1582 5915 scriptum
1610 5864 1623 5902 :
1652 5848 1944 5941 σφραγῖδα,
1976 5851 2078 5908 etsi
2108 5850 2209 5906 hoc
2234 5865 2354 5907 esse
2394 5849 2582 5921 possit.
