4424 6462
425 430 564 494 I353
1523 423 2101 489 TESTAMENTUM
2143 424 2221 485 SA
2238 423 2497 487 LOMON
2509 426 2598 488 IS.
3560 425 3700 494 1354

417 544 514 599 τοῦ
561 542 828 613 στόματος
866 543 962 596 τοῦ
987 541 1161 597 ἀσκοῦ
1188 540 1331 597 κατά
1360 543 1462 613 τὴν
1491 542 1663 612 πνοὴν
1692 539 1787 594 τοῦ
1844 540 2012 593 πνεύ-
2043 546 2090 602 Α
2120 554 2164 595 et

1953 540 2012 592 ύ-
2043 546 2090 602 Α
2120 542 2389 595 camelutn
2428 551 2619 605 tuum,
2661 552 2717 597 et
2750 541 2884 597 aﬂ'er
2914 542 3048 597 mihi
3108 545 3254 609 huc;
3316 551 3370 600 et
3395 545 3440 600 si
3496 545 3552 600 in
3613 548 3700 602 via

420 655 612 709 ματος,
672 636 768 690 καὶ
796 638 853 691 ὲν
886 636 965 707 τῷ
1002 634 1464 708 πνευματωθῑμαι
1516 634 1608 688 τὸν
1656 633 1850 701 ἀσκὸν,
1880 632 2005 687 τότε
2116 646 2167 703 ει

1956 649 2005 686 τε
2116 631 2478 703 spoponderit
2510 632 2609 689 tibi
2649 647 2845 689 aurum
2886 635 2975 691 vel
3024 645 3312 706 argentum
3341 636 3424 691 vel
3482 637 3703 693 thesau-

420 732 677 802 συνήσεις
707 730 791 785 ὅτι
817 731 847 783 6
870 730 1084 802 δαίμων
1117 730 1238 783 ἔστί
1260 745 1274 758 ·
1306 729 1401 784 καὶ
1443 727 1651 797 σπουδῇ
1702 727 2005 799 περιδήσας
2114 742 2167 783 re

1951 743 2005 790 ις
2114 742 2226 795 res,
2246 736 2307 783 ut
2332 727 2516 783 solvas
2542 741 2691 793 eum,
2718 727 2844 783 vide
2872 742 2942 784 ne
2969 729 3142 787 facias
3168 746 3184 795 ;
3212 728 3305 786 sed
3332 729 3698 801 (memineris)

417 828 478 880 τὸ
517 827 693 895 στόμα
724 823 820 878 τοῦ
837 823 1032 888 ἀσκοῦ,
1056 822 1512 893 κατασφράγισον
1544 818 1708 872 αὑτὸν
1742 818 1883 889 μετά
1907 819 2002 872 τοῦ
2113 836 2164 893 pl

1987 819 2002 872 i
2113 820 2372 893 pmcepti
2491 835 2617 876 cum
2652 819 2993 890 iuramento,
3023 828 3087 876 ut
3120 822 3234 893 (ne)
3283 821 3505 888 solvas;
3562 830 3618 877 et
3655 834 3700 880 si

416 916 781 982 δακτυλιδίου,
809 916 904 970 καὶ
943 915 1201 979 ἐπίταξον
1249 915 1413 970 αὑτὸν
1460 913 1553 966 ἐπὶ
1586 912 1685 984 τὴν
1728 910 2001 982 κάμηλον,
2111 926 2163 970 οε

1955 928 2001 974 ν,
2111 912 2417 970 ostenderit
2466 913 2561 969 tibi
2627 914 2746 970 loca
2803 915 2924 971 auri
2992 926 3047 970 et
3113 916 3347 985 argenti,
3406 923 3702 987 postquam

418 1014 512 1065 καὶ
566 1010 795 1082 κόμισόν
852 1026 943 1080 μοι
999 1008 1231 1063 ὲνθάδε’
1276 1006 1371 1061 καὶ
1425 1006 1522 1059 ὲάν
1580 1005 1724 1060 κατά
1762 1004 1864 1076 τὴν
1885 1003 2005 1057 ὁδὸν
2116 1022 2165 1061 nt

1955 1004 2005 1057 ὃν
2116 1005 2399 1062 notaveris
2437 1004 2582 1069 loca.
2638 1006 2792 1078 signa
2830 1008 3013 1079 sigillo
3069 1007 3197 1075 hoc,
3224 1015 3279 1061 et
3340 1009 3519 1066 adduc
3574 1024 3702 1067 eum

419 1102 569 1168 τάξοι
612 1121 693 1157 σοι
724 1104 948 1176 χρυσίον
984 1102 1017 1173 ἢ
1046 1102 1312 1176 ἀργύριον
1339 1100 1375 1169 ἢ
1400 1099 1711 1172 θησαυροὺς
1748 1099 1839 1155 ἵνα
1866 1099 2007 1153 ἀποο
2114 1114 2164 1154 nt

1684 1116 1711 1163 ς
1748 1099 1839 1155 ἵνα
1866 1099 2007 1153 ἀποο
2114 1099 2286 1166 mihi;
2348 1099 2460 1169 jam
2509 1097 2648 1153 vade
2692 1098 2750 1154 in
2798 1114 3060 1169 prospera
3094 1099 3429 1163 valetudine.

416 1198 587 1269 λύσῃς
614 1198 797 1265 αὑτὸν,
867 1198 1033 1270 βλέπε
1089 1197 1165 1268 μὴ
1200 1194 1433 1268 πεισθῇς
1469 1210 1483 1226 ·
1518 1193 1659 1249 ἀλλά
1717 1190 2004 1259 σύνταξαι,
2044 1191 2171 1261 ἀνα,
2197 1192 2366 1263 ὅρκου
2387 1192 2686 1249 ἀπολύσαι·
2719 1192 2817 1247 καὶ
2877 1193 2975 1248 ἑάν
3024 1195 3287 1268 ἀποδείξῃ
3358 1212 3444 1251 σοι
3502 1197 3706 1262 τόπους

416 1290 639 1359 χρυσίου
673 1290 706 1361 ἢ
753 1292 1020 1363 ἀργυρίου
1044 1330 1060 1356 ,
1126 1287 1579 1361 ημειωσάμενος
1633 1286 1760 1351 τοὺς
1796 1285 1997 1350 τόπους
2041 1285 2345 1359 σφράγισαι
2373 1285 2471 1359 τὴν
2512 1287 2793 1359 σφραγῖδα
2821 1285 3053 1360 ταύτην,
3094 1289 3188 1343 καὶ
3249 1289 3435 1359 ἄπαγέ
3481 1310 3572 1364 μοι
3602 1294 3706 1348 αὖ·

413 1382 527 1435 τόνο
561 1384 661 1455 ἠδη
693 1383 895 1437 ἄπελθε
930 1383 1213 1451 ὑγιαίνων.

489 1474 623 1526 Τότε
657 1474 684 1527 6
708 1478 837 1538 παῖς
874 1475 941 1528 τά
973 1474 1342 1545 ἔντεταλμένα
1393 1473 1545 1546 αὑτῷ
1602 1473 1851 1545 ἐποίησε,
1907 1472 2006 1529 καὶ
2187 1467 2229 1522 Τ

1959 1472 2006 1528 it
2187 1467 2342 1522 Tunc
2367 1481 2505 1538 puer
2550 1466 2813 1537 imperata
2852 1469 2957 1525 sibi
3024 1468 3208 1537 fecit;
3251 1470 3468 1540 paravit
3522 1486 3706 1530 came-

415 1565 647 1632 ὲπέταξε
702 1566 805 1635 τὴν
863 1564 1128 1636 κάμηλον,
1186 1567 1285 1621 καὶ
1346 1566 1514 1634 ἔθηκε
1565 1566 1659 1621 τδν
1705 1568 1877 1621 ἀσκὸν
1903 1567 2003 1621 καὶ
2113 1560 2162 1615 lu

1957 1567 2003 1620 al
2113 1560 2251 1626 lum,
2295 1559 2560 1630 imposuit
2585 1567 2783 1627 utrem,
2812 1568 2868 1615 et
2900 1560 3034 1615 abiit
3080 1560 3136 1615 in
3185 1560 3470 1617 Arabiam.
3503 1562 3570 1617 Et
3601 1565 3704 1618 viri

411 1656 686 1727 ἐπορεύθη
741 1657 821 1719 είς
848 1657 947 1727 τὴν
1012 1656 1311 1728 ⁹ΑραϐίοΝ·
1342 1659 1435 1710 καὶ
1486 1659 1534 1711 oi
1587 1657 1867 1729 ἄνθρωποι
1902 1656 2000 1710 τοῦ
2108 1652 2158 1709 lo

1959 1656 2000 1710 »ὖ
2108 1652 2214 1709 1οοὶ
2248 1653 2398 1708 illius
2423 1666 2533 1707 non
2558 1652 2859 1709 credebant
2896 1652 3042 1723 quod
3068 1662 3255 1723 posset
3303 1655 3554 1723 spiritum
3586 1670 3706 1710 ma-

411 1750 577 1800 τόπου
601 1748 809 1801 ἐκείνου
840 1749 1127 1818 ἠπίστουν,
1172 1750 1221 1802 εί
1272 1751 1381 1820 ἄρα
1427 1750 1720 1818 δυνήσεται
1744 1748 1806 1803 τὸ
1836 1766 2000 1819 πονηο
2107 1744 2158 1800 lu

1957 1766 2000 1819 π.
2107 1744 2219 1800 lum
2239 1746 2688 1816 apprehendere;
2717 1761 2875 1802 mane
2909 1754 3090 1801 autem
3117 1745 3284 1810 facto,
3318 1761 3548 1817 surgens
3565 1763 3704 1817 puer

414 1842 508 1911 ρον
542 1842 760 1912 πνεῦμα
822 1842 1205 1898 συλλαϐέσθαι.
1253 1843 1492 1914 Ὀρθρου
1556 1844 1613 1897 δὲ
1664 1845 1996 1914 γενομένου,
2036 1882 2077 1937 Β
2107 1851 2157 1895 st

1958 1867 1996 1910 ι,
2036 1882 2077 1937 Β
2107 1842 2261 1895 stetit
2308 1850 2438 1894 ante
2489 1840 2675 1894 ﬂatum
2716 1838 2887 1902 venti,
2957 1845 3014 1894 et
3082 1840 3266 1909 posuit
3322 1848 3500 1895 utrem
3532 1834 3705 1910 super

410 1936 653 1998 ἀναστὰς
686 1937 714 1987 6
749 1935 970 2006 οἰκέτης
1001 1936 1135 2007 ἔστη
1190 1935 1531 1991 κατενώπιον
1558 1936 1652 1989 τοῦ
1690 1938 2002 2009 πνεύματος

408 2031 513 2098 τῆς
570 2031 762 2101 πνοῆς,
799 2032 895 2086 καὶ
928 2031 1096 2102 ἔθηκε
1125 2032 1219 2086 τὸν
1250 2033 1419 2088 ἀσκὸν
1448 2032 1543 2087 ἐπὶ
1572 2032 1631 2087 τὸ
1662 2032 1879 2099 ἔδαφος,
1910 2033 2007 2086 καὶ

408 2123 467 2174 τὺ
494 2123 832 2177 δακτυλίδιον
878 2124 971 2175 ἐπὶ
1040 2122 1134 2178 τοῦ
1182 2124 1455 2195 στόματος
1508 2125 1604 2178 τοῦ
1661 2120 1834 2178 ἀσκοῦ
1866 2140 1880 2155 '
1908 2126 2003 2179 καὶ

409 2214 677 2267 ἔπνευσεν
708 2216 734 2266 6
756 2214 967 2285 δαίμων
990 2216 1080 2270 διὰ
1114 2217 1280 2287 μέσου
1304 2216 1398 2270 τοῦ
1438 2217 1782 2272 δακτυλιδίου
1825 2220 1906 2282 είς
1943 2219 2004 2273 τὸ

410 2306 591 2375 στόμα
647 2306 743 2360 τοῦ
811 2308 1007 2375 ἀσκοῦ,
1050 2310 1145 2363 καὶ
1175 2308 1435 2363 εἰσελθὼν
1486 2311 1880 2382 ἐπνευμὰτωσε
1910 2312 2002 2365 τὸν

409 2394 603 2450 ἀσκόν.
642 2396 701 2451 Ὀ
728 2396 807 2462 δὲ,
834 2398 1123 2468 ἄνθρωπος
1150 2400 1431 2462 ἐνσταθεὶς
1466 2399 1693 2465 εὐθέως,
1723 2401 2004 2471 ἔστρινξεν

417 2489 483 2557 τῇ
515 2489 662 2557 χειρὶ⁵
723 2489 783 2541 τδ
824 2490 1000 2559 στόμα
1052 2491 1146 2544 τοῦ
1199 2491 1370 2545 ἀσκοῦ
1418 2493 1477 2543 ὲν
1530 2492 1760 2563 ὀνόματι
1794 2493 2001 2564 Κυρίου

406 2581 504 2632 τοῦ
535 2580 671 2633 Θεοῦ
737 2581 989 2649 Σαϐαὼθ,
1054 2584 1147 2636 καὶ
1205 2583 1423 2653 ἔμεινεν
1467 2585 1631 2639 ἔσωό
1676 2586 1888 2657 δαίμων
1919 2586 2002 2651 είς

406 2672 498 2724 τὸν
554 2672 743 2738 ἀσκὸν,
795 2674 891 2727 καὶ
933 2676 1076 2745 μετὰ
1120 2676 1281 2731 τοῦτο
1344 2677 1565 2747 ἔμεινεν
1596 2681 1623 2732 6
1656 2681 1788 2743 παῖς
1842 2680 1901 2733 ὲν
1931 2683 1998 2751 τῇ

407 2764 563 2836 χώρᾳ
584 2765 767 2838 ἐκείνῃ
803 2768 1021 2839 ἡμέρας
1054 2770 1204 2841 τρεῖς
1236 2772 1319 2835 είς
1373 2771 1654 2838 ἐπίδειξιν·
1685 2774 1781 2825 καὶ
1815 2772 2002 2827 οὐκέτι

406 2854 641 2910 ἔπνευσε
696 2859 759 2910 τὸ
810 2858 1033 2929 πνεῦμα
1094 2862 1261 2915 πλέον
1313 2865 1379 2933 τῇ
1418 2862 1574 2915 πόλει
1641 2862 1848 2935 ἐκείνῃ·
1906 2862 2002 2917 καὶ

408 2948 656 3017 ἔγνωσαν
688 2951 888 3015 πάντες
906 2952 955 3004 οί
990 2952 1232 3023 Ἄραϐες
1254 2954 1337 3007 ὅτι
1375 2953 1635 3023 ἀσφαλῶς
1683 2955 1999 3008 συνέκλεισε

408 3042 471 3094 τὸ
499 3042 744 3112 πνεῦμα.
797 3044 936 3097 Τότε
968 3045 1201 3112 ἐπέταξε
1232 3046 1325 3098 τὸν
1370 3047 1542 3100 ἀσκὸν
1571 3045 1601 3098 6
1634 3048 1763 3110 παῖς
1790 3046 1871 3109 είς
1900 3046 1999 3117 τὴν

411 3132 659 3202 κάμηλον
686 3150 701 3165 ο
738 3133 834 3187 καὶ
885 3137 1245 3207 προέπεμπον
1300 3139 1393 3191 τὸν
1447 3138 1617 3192 παῖδα
1644 3139 1694 3190 ot
1755 3137 2000 3209 ’Ἄραϐες

2107 1934 2503 2001 pavimentum,
2554 1941 2610 1987 et
2675 1932 2940 1986 annulum
2995 1932 3062 1986 ad
3096 1947 3159 1989 os
3192 1933 3372 1999 utris;
3441 1944 3497 1990 et
3552 1935 3703 1990 ﬂavit

2111 2022 2324 2078 daemon
2383 2038 2482 2091 per
2515 2024 2753 2080 medium
2785 2024 2999 2087 annuli,
3057 2024 3112 2079 in
3145 2039 3208 2079 os
3283 2028 3444 2093 utris,
3491 2038 3547 2083 et
3612 2030 3701 2083 in-

2106 2115 2361 2186 grediens
2390 2122 2554 2170 vento
2585 2115 2847 2171 distendit
2877 2125 3078 2173 utrem.
3126 2115 3224 2172 Vir
3254 2130 3437 2174 autem
3465 2136 3700 2191 surgens

2112 2205 2246 2268 cito,
2306 2206 2531 2260 strinxit
2606 2220 2773 2261 manu
2835 2221 2900 2262 os
2967 2211 3127 2273 utris,
3192 2210 3249 2265 in
3318 2212 3543 2268 nomine
3604 2213 3699 2269 Dei

2109 2299 2374 2365 Sabaoth,
2405 2308 2459 2355 et
2489 2302 2709 2368 [mansit
2751 2300 2900 2357 intus
2938 2301 3183 2373 daemon,
3221 2312 3275 2360 et
3324 2317 3518 2378 postea
3581 2325 3702 2363 ma-

2109 2392 2221 2449 nsit
2280 2405 2418 2461 puer
2485 2391 2541 2446 in
2594 2392 2818 2461 regione
2872 2394 2975 2450 hac
3036 2396 3155 2453 dies
3209 2404 3345 2465 tres,
3387 2402 3458 2455 ad
3494 2402 3700 2472 proba-

2107 2486 2310 2540 tionem
2348 2483 2501 2547 facti,
2536 2498 2639 2539 nec
2672 2483 2823 2540 ﬂavit
2853 2488 3091 2557 amplius
3131 2490 3363 2559 spiritus
3394 2495 3450 2547 in
3480 2494 3702 2549 civitate

2105 2577 2237 2643 hac,
2276 2588 2333 2632 et
2377 2586 2757 2646 cognoverunt
2822 2579 3035 2637 Arabes
3082 2596 3277 2639 omnes
3345 2586 3480 2654 quia
3550 2598 3703 2643 certe

2106 2667 2383 2727 conclusit
2423 2668 2703 2738 spiritum.
2737 2668 2893 2725 Tunc
2926 2678 3107 2726 utrem
3135 2673 3400 2744 imposuit
3452 2692 3595 2747 puer
3642 2682 3700 2735 in

2104 2762 2398 2825 camelum,
2435 2768 2491 2817 et
2520 2760 2735 2817 Arabes
2782 2762 3113 2820 dimiserunt
3164 2780 3290 2822 eum
3320 2784 3447 2825 cum
3486 2771 3703 2827 honore

2105 2854 2282 2909 multo
2347 2862 2401 2909 et
2436 2854 2598 2910 donis
2635 2854 2912 2923 pretiosis,
2951 2857 3240 2915 laudantes
3296 2868 3351 2915 et
3384 2861 3702 2931 glorifican-

2105 2952 2189 3001 tes
2232 2944 2403 3001 Deum
2444 2946 2639 3003 lsrael.
2673 2945 2819 3003 Puer
2852 2955 3035 3004 autem
3061 2950 3248 3006 attulit
3274 2958 3475 3020 utrem,
3502 2962 3556 3010 et
3582 2965 3697 3012 sta-

2104 3039 2211 3093 tuit
2245 3038 2302 3093 in
2345 3040 2527 3095 medio
2562 3040 2749 3108 templi
2777 3057 2793 3107 ;
2824 3050 2883 3097 et
2925 3043 3191 3111 postridie
3223 3045 3452 3102 veniens
3481 3062 3585 3119 ego
3603 3066 3699 3106 rex

2106 3130 2366 3185 Salomon
2391 3132 2447 3185 in
2481 3133 2747 3203 templum
2798 3134 2919 3200 Dei,
2948 3136 3194 3206 replebar
3219 3140 3441 3195 tristitia
3476 3158 3694 3214 magna,

413 3228 552 3295 μετά
579 3226 749 3297 τιμῆς
773 3228 982 3301 πολλῆς
1040 3231 1137 3285 καὶ
1181 3229 1374 3302 δώρων
1436 3229 1775 3299 πολυτίμων,
1819 3231 1997 3301 εὐφηο
2023 3223 2069 3284 C
2101 3227 2160 3292 la]

1945 3222 2300 3301 ralapidis
2353 3223 2632 3294 angularis
2683 3240 2886 3293 causa;
2952 3236 3008 3284 et
3070 3228 3425 3299 ingrediente
3483 3249 3571 3289 me
3634 3237 3692 3289 in

413 3317 642 3387 μοῦντες
684 3318 782 3373 καὶ
822 3319 1143 3385 δοξάζοντες
1197 3320 1289 3374 τὸν
1344 3318 1481 3373 Θεὸν
1546 3319 1803 3391 Ἰσραήλ.·
1836 3319 1895 3373 '0
1934 3319 1993 3373 δὲ

408 3412 539 3473 παῖς
587 3411 857 3480 είσήγαγε
904 3412 998 3466 τὸν
1055 3413 1243 3478 ἀσκὸν,
1285 3413 1383 3465 καὶ
1414 3411 1611 3479 ἔθηκεν
1635 3411 1805 3476 εἰς’τὸ
1830 3412 1994 3483 μέσον

406 3503 502 3554 τοῦ
537 3502 700 3571 Ναοῦ.
758 3504 836 3576 Τῇ
860 3503 918 3557 δὲ
954 3505 1218 3574 ἐπαύριον
1268 3505 1440 3560 ἐλθὼν
1475 3504 1588 3573 ἐγὼ
1615 3504 1868 3575 βασιλεὺς
1890 3507 1995 3559 Σα-

406 3595 591 3666 λομῶν
620 3597 702 3659 είς
722 3597 817 3649 τὸν
851 3597 981 3651 ναὸν
1005 3595 1101 3649 τοῦ
1153 3596 1317 3664 Θεοῦ,
1339 3597 1495 3669 ήμην
1528 3598 1587 3649 ὲν
1617 3595 1768 3668 λύπῃ
1817 3598 1990 3669 πολλῇ

408 3686 655 3757 περὶτοῦ
680 3687 831 3740 λίθου
892 3688 987 3743 τοῦ
1046 3689 1473 3761 ἀκρογωνιαίου·
1499 3690 1593 3743 καὶ
1618 3690 1678 3742 ὲν
1708 3689 1786 3761 τῷ
1809 3690 1992 3761 εἰσέρ-

404 3779 597 3849 χεσθαί
626 3797 715 3850 μοι
738 3780 859 3850 (at'c)
892 3782 973 3844 εἰς
1008 3780 1099 3835 τὸν
1146 3782 1272 3835 ναὸν
1313 3782 1555 3845 ἀναστὰς
1596 3782 1625 3834 6
1654 3782 1821 3846 ἀσκὸς
1855 3784 1989 3836 ἔπε-

410 3872 747 3942 ρτεπάτησεν
777 3872 899 3942 (sic)
930 3872 1074 3926 ἑπτά
1099 3872 1324 3944 βήματα
1344 3889 1360 3904 ·
1391 3873 1555 3926 ἔπεσε
1607 3872 1663 3927 δὲ
1694 3872 1788 3926 ἐπὶ
1816 3875 1990 3945 στόμα

406 3964 503 4015 καὶ
568 3964 951 4036 προσεκύνησέ
994 3983 1106 4033 μοι.
1155 3966 1268 4020 Καὶ
1316 3966 1610 4037 θαυμάσας
1643 3968 1755 4039 ἐγὼ
1781 3970 1865 4023 ὅτι
1894 3968 1992 4023 καὶ

410 4055 546 4124 μετά
586 4056 759 4111 ἀσκοῦ
789 4056 1023 4127 δύναμιν
1048 4058 1207 4128 ἔσχεν
1238 4060 1266 4113 6
1292 4060 1524 4131 δαίμων,
1560 4061 1655 4115 καὶ
1719 4063 1991 4133 περιεπάο

401 4169 508 4215 τει,
534 4152 796 4205 ἐκέλευσα
824 4153 991 4207 αὑτὸν
1030 4154 1357 4224 ἀναστῆναι’
1392 4148 1487 4209 κάι
1513 4156 1716 4228 ἀνέστη
1749 4159 1777 4210 6
1796 4158 1985 4223 ἀσκὸς,

407 4246 502 4298 καὶ
537 4246 668 4316 ἔστη
705 4249 821 4310 τοῖς
859 4247 987 4300 ποσὶ
1030 4248 1438 4318 πεφυσημένος.
1495 4249 1606 4301 Καὶ
1654 4250 1988 4320 ὲπηρὼτησα

406 4337 571 4391 αὑτὸν
597 4337 795 4405 λέγων.
858 4339 995 4392 Elui
1039 4356 1151 4409 μοι,
1181 4342 1245 4393 σὺ
1273 4341 1360 4403 τίς
1398 4336 1483 4406 εἷς
1529 4342 1621 4393 καὶ
1657 4339 1762 4411 ἔφη
1784 4340 1988 4395 ἔσωθεν

403 4430 465 4483 τὸ
505 4429 726 4500 πνεῦμα
759 4444 773 4459 ·
797 4430 940 4500 Ἐγώ
968 4432 1082 4501 είμι
1114 4433 1142 4484 6
1168 4430 1463 4501 λεγόμενος
1508 4431 1803 4501 Ἐφίππας,
1847 4433 1877 4484 6
1912 4430 1989 4485 ὣν

401 4524 461 4578 ἔν
489 4526 555 4596 τῇ
598 4524 831 4595 ’Δραϐία
857 4539 871 4554 ³
913 4524 1011 4579 καὶ
1033 4518 1187 4577 εἷπον
1223 4524 1374 4595 αὐτῷ
1407 4539 1425 4556 ⁶
1463 4524 1636 4577 Τοῦτό
1679 4524 1761 4578 σοί
1784 4527 1901 4578 ἔστι
1926 4524 1988 4578 τδ

2108 3312 2372 3383 templum
2442 3328 2674 3385 surgens
2732 3324 2857 3373 uter
2929 3318 3233 3375 ambulavit
3306 3324 3512 3394 gradus
3601 3343 3696 3383 se-

2097 3414 2279 3475 ptem:
2339 3405 2576 3475 procidit
2634 3414 2817 3464 autem
2872 3410 2928 3464 in
2985 3426 3070 3478 os,
3134 3421 3188 3470 et
3249 3427 3547 3475 veneratus
3594 3431 3719 3479 est-

2098 3511 2203 3552 me.
2270 3496 2337 3551 Et
2390 3499 2674 3555 admirans
2727 3515 2867 3571 ego,
2921 3504 3070 3574 quod
3134 3514 3189 3561 et
3230 3506 3285 3561 in
3357 3519 3715 3581 utrezspote.:

2094 3598 2291 3645 atatem
2321 3590 2563 3659 ataberet
2612 3590 2850 3659 daemon,
2884 3602 2940 3649 et
2993 3596 3321 3665 ambularet,
3368 3600 3513 3671 jus’si
3558 3614 3691 3659 eum

2094 3689 2243 3737 stare
2278 3698 2294 3736 :
2326 3692 2381 3737 et
2415 3684 2659 3739 surrexit
2680 3692 2826 3752 uter,
2864 3695 2921 3742 et
2951 3690 3106 3744 stetit
3130 3692 3360 3761 pedibus
3385 3694 3690 3767 distentus;

2095 3782 2149 3828 et
2172 3773 2507 3847 interrogavi
2532 3791 2657 3832 eum
2684 3777 2875 3835 dicens
2899 3796 2920 3834 :
2954 3780 3140 3836 Indica
3185 3784 3317 3839 mihi
3353 3795 3411 3841 tu
3437 3790 3562 3858 quis
3588 3793 3693 3847 sis.

2094 3864 2163 3919 Et
2203 3866 2282 3921 ait
2328 3868 2397 3923 ab
2434 3869 2585 3925 intus
2636 3868 2909 3940 spiritus:
2946 3870 3061 3943 Ego
3111 3890 3233 3930 sum
3279 3876 3493 3935 daemon
3513 3883 3694 3940 dictus

2096 3958 2391 4031 Lphippas,
2442 3969 2599 4018 stans
2646 3962 2703 4017 in
2742 3962 2966 4019 Arabia.
3014 3964 3080 4021 Et
3142 3968 3255 4024 dixi
3320 3971 3370 4026 ei
3399 3954 3707 4035 :llaci’eat:

2094 4066 2296 4109 nomen
2341 4055 2535 4109 tuum?
2570 4054 2634 4109 Et
2656 4056 2779 4111 ait:
2825 4055 3039 4125 Etiam;
3094 4076 3202 4130 quo
3270 4064 3703 4128 milii-.vdnntas'

2092 4155 2180 4201 est
2211 4147 2431 4214 advolo,
2478 4157 2534 4203 et
2593 4150 2859 4215 ascendo,
2917 4160 2972 4207 et
3012 4168 3171 4208 neco.
3226 4156 3294 4211 Et
3338 4159 3455 4213 dixi
3518 4162 3568 4217 ei
3600 4183 3613 4218 :
3645 4166 3694 4219 Α

2092 4252 2205 4308 quo
2244 4241 2443 4310 angelo
2485 4241 2765 4311 impotens
2808 4242 3081 4301 elliceris?
3110 4245 3181 4300 Et
3228 4250 3345 4305 ait:
3383 4251 3520 4316 llea,
3547 4253 3693 4313 Deus

2094 4331 2260 4386 habet
2294 4342 2620 4401 p0testatem
2673 4335 2729 4389 in
2804 4349 2913 4400 me,
2981 4349 3046 4391 ut
3098 4339 3319 4396 audiam
3373 4359 3528 4409 eum,
3595 4353 3690 4417 qui

2096 4426 2411 4483 nasciturus
2452 4438 2535 4483 est
2604 4443 2671 4484 ex
2730 4428 2980 4499 Virgine,
3018 4442 3082 4487 et
3129 4446 3159 4486 a
3208 4432 3414 4491 Judzeis
3471 4442 3683 4496 crucili-

2095 4519 2306 4588 gendus
2345 4520 2401 4576 in
2430 4522 2601 4591 ligno.
2635 4537 2798 4593 quem
2827 4535 3165 4580 venerantur
3196 4530 3403 4599 angeli,
3450 4534 3691 4588 archanc-

404 4616 575 4686 ὄνομα
592 4634 607 4683 ;
624 4617 687 4669 '0
709 4614 763 4669 δὲ
782 4615 910 4686 ἔφη’
937 4617 1067 4682 Ναὶ,
1090 4617 1224 4671 ὅπου
1249 4616 1361 4686 ἐγὼ
1378 4617 1662 4688 βούλομαι,
1681 4618 1994 4688 ἔφίπταμαι
2030 4595 2073 4649 Ῐ)
2104 4628 2151 4683 gt

1942 4635 1994 4672 αι
2030 4595 2073 4649 Ῐ)
2104 4613 2206 4683 geli
2235 4629 2250 4679 ;
2292 4614 2382 4669 ille
2418 4630 2571 4670 meas
2603 4617 2752 4671 vires
2820 4616 3045 4689 frangit,
3084 4631 3143 4675 et
3173 4595 3335 4677 orbat
3368 4595 3454 4679 me
3489 4641 3689 4698 magna

402 4708 824 4780 καὶὲμπυρίζω,
852 4710 955 4761 καὶ
981 4708 1221 4762 θανατῶ.
1270 4711 1381 4764 Καὶ
1436 4707 1591 4764 εἷπον
1634 4709 1804 4781 αὐτῷ’
1841 4710 1988 4782 Ποίιρ

402 4800 621 4869 ἀγγέλῳ
661 4801 916 4870 καταρτῇ
950 4800 1053 4869 σύ;
1086 4801 1115 4855 6
1146 4800 1203 4853 δὲ
1236 4797 1413 4854 εἶπενο
1446 4801 1506 4856 '0
1544 4802 1828 4875 μονάρχης
1856 4804 1990 4868 Θεὸς

393 4893 430 4944 6
457 4892 594 4961 ἔχων
616 4890 869 4957 ἐξουσίαν
892 4892 1015 4945 κατ⁹
1049 4892 1207 4962 ἐμοῦ,
1228 4894 1324 4945 καὶ
1347 4894 1666 4948 ἀκούεσθαιο
1681 4896 1710 4949 6
1738 4895 1825 4950 διά
1842 4897 1991 4968 Παρ-

402 4984 557 5038 θένου
614 4984 827 5055 μέλλων
857 4985 1157 5053 γεννᾶσθαι
1190 4988 1283 5039 καὶ
1313 4985 1418 5039 ὑπὸ
1455 4986 1726 5040 Ἰουδαίων
1744 5003 1990 5058 σταυρω-

404 5078 565 5148 θῆναι
613 5079 706 5130 ἐπὶ
732 5078 891 5144 ξύλου
913 5094 927 5107 ·
955 5077 1015 5130 ὃν
1056 5078 1462 5147 προσκυνοῦσιν
1486 5077 1733 5147 ἄγγελοι,
1782 5080 1991 5149 ἀρχάγο·

405 5170 592 5239 γελοι·
640 5170 852 5233 ἐκεῖνός
902 5187 968 5239 με
1003 5172 1299 5241 καταργεῖο
1333 5172 1427 5224 καὶ
1460 5171 1640 5223 ἀτονεῖ
1671 5187 1739 5240 με
1778 5170 1843 5223 ὲκ
1890 5173 1988 5242 τῆς

406 5262 609 5332 πολλῆς
660 5279 763 5332 μου
803 5261 1112 5331 δυνάμεως,
1166 5264 1265 5332 τῆς
1333 5262 1585 5333 δοθείσης
1628 5280 1719 5331 μοι
1751 5262 1856 5317 ὑπὸ
1893 5262 1988 5316 τοῦ

406 5356 583 5424 πατρό
646 5372 747 5424 μου
778 5353 870 5406 τοῦ
900 5354 1168 5407 διαϐόλου.
1198 5348 1365 5407 Εἶπον
1386 5355 1440 5407 δὲ
1474 5354 1643 5424 αύτῷ·
1667 5354 1731 5407 Τί
1761 5356 1989 5410 δύνασαι

406 5447 673 5517 ποιῆσαι;
722 5447 780 5499 Ὁ
809 5446 865 5498 δὲ
905 5446 1031 5515 ἔφη’
1050 5444 1193 5513 Ἐγὼ
1223 5446 1445 5508 δυνατός
1471 5448 1590 5514 είμι
1611 5446 1715 5517 ὅρη
1753 5448 1989 5517 μεταφέ-

406 5559 544 5612 ρειν,
570 5542 753 5603 οἰκίας
786 5540 1052 5610 βασιλέων
1104 5540 1458 5605 καταϐαλεῖν,
1503 5540 1695 5609 δένδρα
1739 5540 1988 5592 ἀπέταλα

410 5634 682 5704 μαραίνω.
720 5634 830 5684 Καὶ
855 5630 1013 5684 εἷπον
1047 5631 1215 5701 αὐτῷ·
1267 5633 1737 5703 Δύνασαιὲπᾶροιι
1774 5632 1865 5685 τὸν
1907 5633 1988 5685 λί-

404 5728 497 5777 θον
522 5722 710 5777 τοῦτον
743 5724 837 5776 καὶ
864 5723 1053 5777 θέσθαι
1089 5724 1250 5776 αὑτὸν
1276 5726 1356 5784 εἰς
1378 5725 1477 5794 τὴν
1515 5726 1691 5795 ἀρχὴν
1747 5725 1846 5789 τῆς
1874 5742 1985 5792 τωο

407 5819 521 5878 νίας
553 5816 756 5885 ταύτης
792 5816 889 5885 τῆς
930 5815 1099 5883 οῦσης
1120 5817 1175 5867 ἐν
1213 5817 1280 5885 τῇ
1318 5816 1627 5886 εὐπρεπείᾳ
1660 5815 1753 5868 τοῦ
1809 5815 1982 5879 ναούς

425 5912 484 5967 Ὀ
509 5912 562 5965 δὲ
594 5910 728 5981 ἔφη·
755 5909 830 5960 Οὐ
868 5908 1027 5977 μόνον
1080 5907 1269 5961 τοῦτον
1304 5910 1531 5979 ἐπᾶραι,
1568 5907 1811 5979 βασιλεῦ,
1850 5908 1986 5963 ἀλλά

754 6007 1027 6069 Parum.
1080 6007 1193 6071 Gn.
1243 6008 1482 6068 CXXII.

2102 4712 2372 4775 potestate
2440 4706 2573 4760 mihi
2644 4721 2910 4763 concessa
2977 4724 3007 4763 a
3059 4720 3216 4780 patre
3267 4728 3392 4769 meo
3444 4716 3685 4773 diabolo.

2105 4796 2223 4852 Dixi
2273 4799 2367 4854 ei:
2418 4798 2557 4865 Quid
2617 4808 2772 4870 potes
2833 4799 3062 4858 facere?
3120 4804 3224 4871 Qui
3312 4810 3435 4865 ait:
3480 4810 3687 4870 Potens

2102 4904 2225 4945 sum
2257 4898 2311 4946 et
2350 4900 2565 4948 montes
2618 4904 2859 4962 portare,
2896 4909 3084 4964 regum
3145 4898 3340 4957 domos
3411 4906 3683 4963 evellere:

2101 4984 2325 5038 arbores
2365 4984 2510 5039 foliis
2559 4984 2738 5041 nudos
2767 5001 3108 5044 marcescere
3149 4990 3309 5049 facio.
3351 4994 3417 5049 Et
3455 4999 3566 5052 dixi
3591 5002 3680 5055 ei:

2100 5074 2335 5131 Potesne
2376 5079 2570 5133 tollere
2606 5079 2838 5148 lapidem
2888 5081 3059 5147 hunc,
3110 5092 3165 5137 et
3210 5100 3411 5153 ponere
3442 5092 3495 5142 in
3522 5104 3685 5162 caput

2102 5170 2285 5241 anguli
2350 5170 2422 5226 ad
2483 5172 2735 5227 decorem
2801 5176 3050 5247 templi?
3116 5176 3235 5231 Non
3297 5180 3472 5235 solum
3537 5185 3683 5240 linnc

2100 5264 2310 5329 tollere,
2367 5280 2484 5328 rex,
2537 5264 2738 5334 inquit,
2773 5270 2957 5336 valeo,
3017 5270 3111 5325 sed
3153 5279 3208 5326 ct
3272 5289 3396 5328 cum
3434 5276 3683 5333 daemone

2099 5357 2190 5424 qui
2234 5368 2313 5409 est
2352 5370 2518 5424 super
2572 5374 2725 5413 mare
2774 5358 3021 5415 Rubrum
3082 5361 3307 5417 aﬂ'eram
3367 5367 3679 5421 columnam

2098 5448 2588 5504 mtlrerocmruleam
2662 5459 2717 5506 et
2787 5468 2981 5520 ponam
3079 5470 3199 5509 eam
3276 5459 3369 5511 nlii
3446 5460 3527 5513 vis
3610 5460 3691 5513 in9

2098 5538 2417 5593 Jerusalem.
2482 5540 2605 5596 Hmc
2682 5545 2911 5608 dicens,
2974 5548 3128 5616 coegi
3193 5566 3355 5613 eum,
3420 5564 3468 5603 et
3518 5553 3679 5620 quasi

2097 5631 2317 5687 inﬂatus
2358 5644 2482 5687 uter
2535 5637 2708 5691 lactus
2767 5647 2871 5699 est,
2936 5650 2991 5693 et
3046 5644 3310 5711 supposui
3376 5644 3567 5713 lapidi,
3627 5654 3682 5699 et

2100 5724 2383 5792 prtecinxit
2414 5740 2493 5789 se,
2526 5736 2578 5779 et
2627 5728 2824 5780 levavit
2864 5731 2915 5781 in
2970 5731 3135 5783 altum
3170 5741 3393 5797 utrem;
3432 5744 3486 5787 et
3546 5750 3680 5787 con-

2098 5814 2310 5870 scendit
2387 5831 2505 5872 ntor
2568 5820 2747 5873 scalas
2826 5820 3010 5876 ferens
3062 5824 3319 5892 lapidein,
3360 5834 3414 5878 et
3487 5828 3683 5881 statuit

2095 5925 2217 5965 eum
2246 5911 2299 5965 itt
2336 5914 2654 5969 summitate
2685 5915 2871 5970 aditus
2930 5918 3135 5987 templi.
3168 5918 3280 5989 Ego
3310 5931 3494 5975 autem
3523 5916 3684 5984 Salo.

3241 6012 3320 6074 43
