4424 6462
696 401 854 465 ’13⁸55

1288 400 1451 461 APP.
1496 403 1593 462 AD
1634 401 1849 461 MICH.
1881 395 2903 459 I‘SELLUM.—TESTAMENTUM
2937 341 3388 457 SALOMONIS.

3866 397 4001 464 1356

714 535 866 582 mon,
909 514 1106 569 videns
1154 514 1389 585 lapidem
1453 514 1731 570 sublatum
1769 525 1823 570 et
1854 515 2111 579 locatum,
2154 510 2308 567 dixi:
2343 532 2391 592 Α
2418 532 2461 567 κς

2251 510 2264 566 i
2295 529 2308 566 :
2343 532 2391 592 Α
2418 514 2510 567 καὶ
2541 516 2637 566 σὺν
2676 511 2755 582 τῷ
2778 511 2992 581 δαίμονι
3025 510 3107 581 τῷ
3145 510 3238 563 ἐπὶ
3280 509 3381 579 τῆς
3425 508 3691 579 Ἐρυθρᾶς
3724 511 3998 583 θαλάσσης

712 610 854 665 νει-ε
924 609 1146 676 impleta
1209 616 1292 661 est
1336 608 1626 678 Scriptura
1695 608 1941 664 dicens:
1994 624 2013 659 ‹
2048 603 2309 676 Lapidem

712 718 876 774 quem
912 703 1345 772 rcprobaverunt
1375 699 1738 767 adiﬁcantes,
1785 701 1878 756 hic
1925 699 2105 755 factus
2135 706 2219 752 est
2249 697 2316 750 in'

712 805 878 868 caput
921 795 1143 864 anguli;
1182 812 1199 845 ι
1246 794 1375 864 quia
1419 795 1524 849 hoc
1564 810 1672 849 nou
1705 802 1788 849 est
1816 806 1995 847 meum
2028 791 2182 855 dare,
2214 789 2310 845 sed

716 891 834 955 Dei,
874 897 931 943 ιιι
988 888 1161 958 possit
1211 889 1424 943 daemon
1464 891 1696 958 lapidem
1760 886 1948 941 tollere
2008 885 2194 946 talem,
2252 891 2308 939 et

715 994 961 1039 statuere
995 983 1049 1036 in
1084 982 1207 1037 loco
1242 997 1405 1052 quem
1458 982 1730 1035 volebam.
1755 980 1821 1034 Et
1850 979 2077 1034 adduxit
2099 976 2308 1047 Ephip-

715 1095 814 1148 pas
843 1079 1144 1133 daemonem
1177 1078 1267 1146 qui
1330 1084 1448 1130 erat
1482 1076 1536 1129 in
1580 1075 1720 1129 mari
1788 1073 1997 1138 Rubro,
2031 1088 2157 1127 cum
2212 1084 2308 1124 co-

712 1168 926 1234 lumna,
971 1178 1023 1222 et
1074 1166 1410 1235 accipientes
1470 1167 1632 1219 ambo
1683 1166 2022 1225 columnam,
2088 1164 2309 1221 levaveo

718 1273 851 1319 runt
887 1280 914 1315 a
955 1272 1126 1316 terra.
1160 1259 1273 1330 Ego
1303 1270 1486 1315 autem
1536 1257 1691 1314 recte
1750 1256 1999 1327 cogitans
2032 1256 2163 1325 quis
2194 1253 2306 1309 duo

712 1356 766 1407 lii
800 1353 1029 1422 spiritus
1062 1352 1309 1405 valerent
1362 1359 1568 1407 terram
1626 1362 1845 1401 omnem
1890 1357 2210 1409 concutere,
2249 1346 2304 1397 in

714 1455 931 1515 puncto
948 1444 1231 1513 temporis,
1252 1441 1459 1510 siguavi
1484 1440 1611 1493 binc
1625 1450 1678 1494 et
1696 1438 1826 1492 hinc
1843 1439 2069 1498 annulo,
2089 1446 2141 1489 et
2164 1434 2310 1488 dixi:

717 1539 864 1593 Satis
892 1547 1013 1601 est;
1051 1543 1106 1588 et
1145 1539 1471 1599 manserunt
1510 1532 1734 1601 spiritus
1768 1536 2047 1599 portantes
2067 1527 2314 1594 usquein

724 1631 1048 1684 hodiernam
1072 1626 1241 1691 diem,
1264 1625 1331 1679 ad
1349 1626 1717 1679 ostensionem
1738 1623 1921 1677 inditae
1940 1620 2069 1675 mihi
2091 1620 2314 1689 sapien-

721 1723 806 1775 tia:
827 1737 843 1784 ;
866 1730 916 1774 et
938 1731 1056 1774 erat
1072 1730 1337 1786 suspensa
1362 1716 1617 1768 columna
1638 1729 1806 1783 super
1830 1712 2197 1775 altitudinem,
2218 1725 2314 1779 per

718 1829 869 1879 aera,
912 1828 941 1867 a
984 1811 1269 1881 spiritibus
1305 1817 1542 1885 portata,
1586 1815 1642 1862 et
1725 1806 1807 1860 sic
1835 1804 2091 1858 deorsum
2143 1801 2309 1872 spiri-

2416 606 2681 673 ὰναγάγω
2720 606 2810 659 τὸν
2858 605 3013 659 κίονα
3042 606 3134 658 τὸν
3183 602 3327 675 (τὴν)
3360 603 3641 674 ἀεριστὴν,
3688 610 3778 657 καὶ
3818 609 3999 675 στήσω

2415 698 2580 753 αὐτὸν
2624 699 2761 752 ὅπου
2826 696 3008 768 βούλει
3058 698 3118 752 ἐν
3154 695 3531 767 Ἰερουσαλήμ.
3594 696 3782 750 Ταῦτα
3824 698 3996 753 είπὼν

2415 788 2711 858 ἠνάγκασα
2770 789 2955 850 αὐτὸν,
2982 788 3074 841 καὶ
3107 788 3239 840 ὡσεὶ
3264 787 3600 858 ἐκφυσηθεὶς
3623 790 3651 841 ό
3674 788 3843 850 ἀσκὸς
3871 790 3995 855 ἐγέ-

2414 899 2557 946 νετο,
2595 882 2689 935 καὶ
2723 881 3022 935 ὑποδέδεκα
3051 880 3128 951 τῷ
3146 880 3303 950 λίθῳ,
3334 878 3432 934 καὶ
3481 880 3741 945 διέζωσεν
3779 880 3994 948 ἑαυτὸν,

2416 976 2511 1029 καὶ
2541 974 2748 1043 ἐπῆρεν
2782 974 2970 1033 ἐπάνω
3000 973 3093 1026 τόν
3139 973 3344 1027 ἀσκόν.
3381 972 3491 1027 Καὶ
3514 971 3741 1043 ἀνῆλθεν
3770 974 3799 1026 ὁ
3826 966 3995 1037 ἀσχδς

2413 1070 2513 1132 τὰς
2548 1067 2823 1137 κλίμακας
2854 1065 3143 1138 βαστάζων
3166 1065 3258 1120 τὸν
3297 1065 3467 1130 λίθον,
3497 1065 3592 1121 καὶ
3628 1065 3783 1119 ἔθετο
3830 1067 3993 1119 αὐτὸν

2414 1164 2494 1223 εἰς
2518 1162 2614 1231 τὴν
2650 1160 2825 1228 ἄκραν
2873 1160 2971 1227 τῆς
3003 1159 3210 1213 εἰσόδου
3229 1156 3326 1211 τοῦ
3358 1158 3509 1213 ναοῦ.
3568 1157 3714 1227 Ἐγὼ
3745 1159 3800 1213 δέ
3832 1158 3995 1211 Σολο-

2421 1254 2561 1322 μῶν,
2595 1253 2718 1305 ἰδὼν
2747 1252 2838 1304 τὸν
2871 1251 3022 1312 λίθον
3051 1250 3365 1322 ἐπηρμένον
3396 1252 3490 1304 καὶ
3510 1250 3995 1320 τεθεμελιωμένοι),

2416 1342 2593 1397 εἷπονο
2633 1346 2875 1414 Ἀληθῶς
2909 1344 3206 1413 ἐπληρώθη
3240 1346 3274 1413 ἡ
3307 1344 3497 1415 Γραφὴ
3530 1346 3564 1415 ἡ
3598 1344 3831 1413 λέγουσα
3852 1344 3995 1397 λίθον

2414 1438 2474 1490 ὂδ
2507 1435 2921 1505 ἀπεδοκίμασαν
2955 1437 3005 1489 οἱ
3060 1435 3500 1503 οἰκοδομοῦντες,
3550 1429 3707 1498 οὗτος
3762 1436 3993 1503 ἐγενήθη

2417 1528 2498 1589 είς
2534 1526 2777 1595 κεφαλὴν
2809 1528 3013 1593 γωνίας
3037 1543 3049 1557 °
3083 1528 3165 1579 ὅτι
3189 1525 3348 1579 τοῦτο
3380 1527 3479 1579 οὐκ
3525 1526 3674 1578 ἐστιν
3719 1527 3849 1595 ἐμὸν
3881 1526 3998 1578 δοῦ-

2420 1635 2508 1695 ναι
2529 1619 2665 1671 ἀλλὰ
2695 1616 2789 1670 τοῦ
2815 1617 2973 1670 Θεοῦ·
3008 1618 3070 1670 τὸ
3099 1617 3428 1688 κατισχῦσαι
3450 1620 3540 1670 τὸν
3558 1618 3780 1687 δαίμονα
3796 1618 3997 1687 ἐπᾶραι

2417 1712 2510 1761 τὸν
2537 1709 2684 1763 λίθον
2730 1710 3072 1777 τηλικοῦτον,
3111 1711 3207 1764 καὶ
3256 1708 3554 1767 ἀποθέσθαι
3585 1710 3747 1762 αὑτὸν
3785 1711 3864 1772 εἰς
3912 1711 3999 1761 τό·

2419 1820 2520 1855 πον
2550 1801 2609 1856 ὃν
2643 1801 2973 1872 ἐϐουλόμην.
3000 1806 3113 1857 Καὶ
3167 1804 3375 1873 ἤγαγεν
3420 1802 3695 1871 Ἐφιππᾶς
3742 1802 3832 1853 τὸν
3879 1802 3997 1855 δαί-

720 1921 809 1965 tus
848 1907 1174 1962 videbantur
1213 1903 1387 1974 quasi.
1446 1918 1627 1956 aerem
1670 1907 1989 1970 portantes;
2042 1904 2094 1950 et
2133 1904 2312 1947 atten-
2349 1897 2389 1952 Β
2423 1916 2467 1966 με

2252 1908 2312 1946 n-
2349 1897 2389 1952 Β
2423 1915 2561 1966 μονα
2590 1897 2680 1948 τὸν
2717 1899 2775 1948 ἐν
2803 1898 2869 1966 τῇ
2916 1896 3155 1965 Ἐρυθρᾷ
3178 1897 3422 1966 θαλάσσῃ
3470 1896 3610 1964 μετὰ
3646 1895 3742 1948 τοῦ
3770 1896 3944 1957 κίονος
3980 1912 3992 1926 ’

718 2005 865 2060 denti
896 2003 1147 2063 cuilibet,
1198 1999 1453 2054 columna
1493 1997 1754 2051 inclinata
1774 2003 1931 2049 vecta
1956 2007 1984 2044 a
2020 1989 2311 2061 spiritibus

714 2098 938 2151 \idetur
973 2103 1029 2149 et
1062 2102 1146 2149 cst
1181 2109 1356 2159 usque
1379 2093 1431 2143 in
1469 2087 1789 2143 hodiernam
1824 2086 1993 2140 diem.

2423 1991 2517 2042 καί
2545 1988 2800 2047 λαϐόντες
2850 1988 3151 2057 ἀμφότεροι
3212 1986 3304 2039 τὸν
3366 1986 3519 2040 κίονα
3564 1986 3859 2056 Cotidie-quau
3891 1987 3998 2038 ἀπὸ

2427 2080 2523 2148 τῆς
2577 2078 2700 2148 γῆς.
2760 2076 2902 2144 Ἐγὼ
2958 2077 3038 2141 δὲ,
3084 2077 3596 2145 κατασοφισάμενος
3641 2076 3723 2127 ὃτι
3779 2077 3847 2127 τὰ
3908 2076 3999 2128 δύο

725 2193 1020 2262 πνεύματα
1048 2190 1220 2243 ταῦτα
1253 2188 1522 2257 ἠδύναντο
1544 2185 1643 2255 τὴν
1673 2181 2001 2252 οἰκουμένην
2037 2180 2166 2247 ὅλην
2219 2173 2481 2228 σαλεῦσᾶι
2547 2175 2606 2226 ἐν
2662 2174 2867 2242 στιγμῇ
2907 2172 3128 2241 χρόνον
3200 2170 3645 2239 περιεσφράγισα
3688 2167 3841 2221 ἐνθεν
3907 2172 4001 2221 καὶ

717 2261 883 2340 ἔνθεν
914 2284 992 2354 τῷ
1026 2280 1323 2350 δακτυλίῳ,
1358 2281 1452 2332 καὶ
1484 2273 2009 2339 εἷπονοφυλάσσου,
2061 2272 2158 2326 καὶ
2199 2270 2420 2339 ἔμειναν
2483 2266 2551 2319 τά
2620 2265 2914 2334 πνεύματα
2971 2261 3313 2333 βαστάζοντα
3372 2264 3542 2333 μέχρι
3600 2264 3698 2331 τῆς
3764 2263 3999 2332 σήμερον

723 2387 802 2446 είς
836 2380 1115 2444 ἀπόδειξιν
1165 2382 1262 2447 τῆς
1318 2376 1609 2445 δεδομένης
1664 2389 1755 2443 μοι
1804 2370 2020 2439 σοφίας.
2063 2368 2181 2422 Καὶ
2339 2364 2735 2439 κρεμάμενίκό
2768 2362 2903 2415 κίων
2939 2362 3081 2431 ὑπὲρ
3117 2361 3344 2429 μέγεθος
3374 2360 3463 2413 διὰ
3520 2358 3613 2413 τοῦ
3642 2361 3823 2430 ἀέρος,
3896 2358 3997 2411 ὑπὸ

718 2478 828 2529 τῶν
886 2474 1213 2543 πνευμάτων
1256 2470 1680 2540 βασταζόμενος·
1738 2465 1834 2517 καὶ
1863 2463 2035 2525 οὕτως
2063 2459 2309 2514 κάτωθεν
2381 2461 2451 2511 τά
2522 2459 2814 2527 πνεύματα
2850 2454 3135 2524 ἐφαίνοντο
3168 2455 3357 2521 ὥσπερ
3385 2456 3492 2523 ἀὴρ
3512 2453 3864 2521 βαστάζονταο
3905 2454 4009 2505 καὶ.

721 2575 779 2625 ἐν
834 2570 911 2639 τῷ
938 2567 1207 2629 ἀτενίζειν
1236 2581 1341 2626 τις,
1368 2565 1395 2614 ό
1423 2563 1554 2614 κίων
1604 2557 1865 2621 ὺπόλοξος
1901 2553 2310 2624 βαπτιζόμενος
2346 2552 2450 2605 ὑπ’)
2490 2550 2602 2603 τῶν
2641 2550 3001 2619 πνευμάτων,
3033 2550 3127 2601 καὶ
3157 2547 3302 2600 ἐστιν
3327 2548 3431 2609 ’ἐως
3470 2546 3569 2615 τῆς
3596 2546 3858 2615 σήμερον.

790 2665 860 2719 Et
904 2677 1007 2733 ego
1060 2660 1320 2714 Salomon
1375 2651 1714 2721 interrogavi
1758 2650 2013 2720 spiritum
2066 2648 2301 2699 alterum

724 2757 820 2826 qui
857 2768 982 2809 cum
1016 2749 1276 2806 columna
1302 2752 1526 2799 venerat
1549 2758 1611 2796 ex
1645 2744 1844 2810 abysso
1877 2736 2051 2791 muris
2085 2734 2254 2788 liubri
2290 2749 2307 2787 :

721 2863 775 2908 et
814 2849 927 2905 dixi
961 2848 1009 2901 ei
1046 2842 1171 2900 :Tu
1220 2842 1345 2911 quis
1383 2838 1479 2893 es?
1528 2845 1580 2890 ct
1626 2835 1772 2904 quod
1816 2846 2016 2887 nomen
2051 2839 2230 2895 tuum,
2258 2836 2313 2881 et

723 2959 843 3014 quae
890 2953 977 2995 tua
1015 2933 1299 3005 operatio?
1330 2932 1456 3001 quia
1499 2928 1662 2982 multa
1705 2924 1869 2980 audio
1904 2924 1972 2978 de
2001 2921 2312 2976 tc.Daemou

725 3008 909 3089 autem
947 3030 1025 3084 ait
1058 3046 1071 3083 :
1111 3026 1245 3095 Ego,
1275 3038 1367 3076 rex
1396 3020 1683 3078 Salomon,
1707 3030 1879 3069 vocor
1903 3008 2313 3072 Abezetbibod;

726 3134 885 3184 ortus
917 3136 1038 3177 sum
1076 3133 1143 3173 ex
1176 3113 1510 3181 arcliangelo
1551 3109 1665 3178 (qui
1700 3107 1829 3161 olim
1869 3103 1990 3159 sedi
2033 3103 2088 3156 in
2134 3100 2310 3170 primo

729 3218 919 3285 coelo).
949 3213 1107 3281 cujus
1146 3203 1658 3271 nomenAmeloutb
1684 3216 1697 3265 ;
1728 3215 1829 3269 ego
1854 3198 2023 3265 igitur
2051 3209 2171 3248 sum
2200 3191 2313 3260 spi-

726 3314 867 3366 ritus
900 3306 1189 3367 molestus,
1216 3299 1419 3359 alatus,
1448 3294 1669 3348 unicam
1707 3292 1849 3345 alam
1880 3288 2112 3349 habens,
2142 3286 2310 3354 impe-

2486 2643 2595 2697 Καὶ
2626 2642 2737 2709 ἐγὼ
2769 2642 3024 2711 Σολομῶν
3079 2640 3418 2710 ἐπηρώτησα
3454 2641 3512 2690 τὸ
3546 2638 3767 2705 πνεῦμα
3791 2635 3850 2687 τὸ
3880 2636 4001 2687 ’ἐτε-

2419 2753 2533 2807 ρον,
2581 2736 2642 2788 τὸ
2670 2734 2896 2787 ἀνελθὸν
2930 2733 3068 2803 μετὰ
3097 2732 3191 2785 τοῦ
3220 2734 3398 2793 κίονος
3429 2728 3661 2783 ἀπὸ.τοῦ
3710 2727 3871 2797 βυθοῦ
3904 2727 4001 2791 τῆς

2420 2828 2697 2897 θαλάσσης
2730 2827 2830 2896 τῆς
2866 2826 3155 2897 Ἐρυθρᾶς.
3185 2825 3294 2877 Καὶ
3319 2820 3471 2876 εἷπον
3514 2821 3689 2891 αὐτῷ·
3730 2822 3799 2872 Συ
3825 2819 3906 2880 τίς
3928 2814 4000 2881 εἶ;

2422 2922 2518 2971 καὶ
2550 2921 2600 2971 τί
2638 2918 2888 2972 καλείσαι
2920 2934 2935 2983 ;
2977 2920 3071 2971 καὶ
3102 2919 3151 2968 τί
3186 2934 3277 2969 σου
3322 2919 3355 2986 ἡ
3393 2916 3665 2985 ἐργασία;
3718 2914 3800 2966 ὅτι
3833 2912 4003 2963 πολλὰ

2413 3013 2599 3068 ἀκοζιω
2654 3015 2785 3082 περὶ
2822 3011 2936 3064 σοῦ.
2980 3014 3035 3064 Ὀ
3066 3012 3121 3062 δὲ
3153 3011 3371 3078 δαίμων
3396 3011 3534 3077 ἔφη·
3582 3006 3746 3075 Ἐγὼ,
3781 3004 4000 3075 βασιλεῦ

2414 3104 2981 3174 Σολομῶν,καλοῦμαι
3033 3098 3409 3158 Ἀϐεζεθιὸόδ·
3452 3099 3718 3164 ἀπόγονός
3760 3099 3874 3164 εἰμι
3901 3097 4001 3163 ἀρ-

2410 3196 2706 3264 χαγγέλου,
2762 3193 3009 3263 ποτέμέν
3068 3192 3439 3260 καθεζομένου
3468 3207 3573 3259 μου
3609 3191 3663 3241 ἐν
3694 3189 3768 3255 τῷ
3803 3188 4003 3255 πρώτῳ

2409 3289 2643 3360 οὐρανῷ·
2668 3283 2728 3340 οὗ
2762 3289 2819 3340 τὸ
2846 3287 3289 3355 ὅνομαᾋμελοὺθ
3315 3300 3331 3317 ⁸
3366 3284 3505 3351 Ἐγὼ
3535 3282 3625 3335 οὖν
3644 3283 3759 3348 είμι
3790 3281 4007 3348 πνεῦμα

726 3417 860 3459 rans
885 3397 1033 3453 ntnni
1066 3401 1229 3448 vento
1252 3389 1355 3444 sub
1376 3387 1550 3451 caelo;
1583 3382 1806 3436 aderam
1852 3378 2071 3449 quando
2101 3373 2314 3445 Moyses
2339 3375 2385 3435 ο
2418 3399 2473 3450 χο

2256 3388 2314 3428 9-5
2339 3375 2385 3435 C
2418 3380 2676 3450 χαλεπὸν,
2718 3380 2814 3431 καὶ
2856 3378 3136 3446 πτερωτὸν
3173 3379 3267 3429 καὶ
3310 3377 3667 3445 μονόπτερον,
3720 3372 4003 3425 ἐπίϐουλον

729 3490 956 3548 intravit
1004 3486 1070 3541 ad
1123 3485 1466 3538 Pharaonem
1516 3490 1700 3544 regem
1757 3471 1999 3541 Egypti,
2046 3469 2313 3524 induratis

729 3601 826 3639 eor
851 3583 1003 3652 ejus;
1023 3593 1121 3648 ego
1143 3592 1262 3632 sum
1281 3588 1442 3643 quem
1475 3569 1807 3623 invocabant
1827 3563 1985 3619 Janis
2005 3570 2057 3617 et
2075 3560 2314 3615 Jambris

731 3677 825 3746 qui
878 3674 1203 3728 restiterunt
1252 3664 1422 3734 Moysi
1468 3664 1522 3715 in
1570 3659 1839 3729 Egypto;
1886 3671 1989 3725 ego
2032 3667 2177 3717 sum,
2219 3652 2314 3721 qui

735 3744 1061 3825 adversatus
1107 3777 1227 3817 sum
1262 3757 1433 3825 Moysi
1466 3756 1518 3809 in
1560 3752 1822 3807 extremis
1855 3765 1952 3820 per
1982 3751 2163 3815 signa.
2196 3744 2315 3799 Dixi

735 3877 869 3931 ergo
904 3860 953 3915 ci
987 3876 1001 3913 :
1037 3853 1325 3923 Quomodo
1355 3851 1524 3919 igitur
1552 3849 1810 3900 iuventus
1847 3859 1906 3898 es
1939 3842 1992 3895 in
2027 3840 2165 3894 mari
2201 3836 2315 3891 Bu-

737 3927 878 4010 liro?
908 3955 971 4008 Et
998 3951 1076 4005 ait
1115 3966 1129 4003 :
1160 3948 1215 4001 In
1243 3947 1395 4000 exitu
1433 3942 1671 3995 ﬁliorum
1705 3935 1902 4000 Israel,
1935 3948 2037 4004 ego
2066 3927 2317 3985 induravi

736 4063 834 4103 eor
876 4040 1198 4101 Pharaonis,
1238 4046 1293 4092 et
1342 4032 1582 4089 excitavi
1629 4045 1725 4085 cor
1764 4028 1907 4099 ejus,
1942 4034 1997 4078 et
2034 4024 2317 4077 ministro-

736 4154 857 4193 rum
888 4137 1031 4205 ejus,
1064 4141 1117 4187 et
1147 4129 1248 4184 feci
1284 4135 1344 4181 ut
1373 4129 1844 4194 persequerentur
1877 4116 2019 4170 filios
2046 4114 2238 4175 Israel;
2269 4123 2323 4167 et

737 4230 903 4285 simul
947 4231 1219 4280 venerunt
1266 4219 1485 4273 Pharao
1530 4226 1583 4269 et
1622 4210 1865 4283 [Egyptii
1910 4223 2139 4271 omnes;
2192 4214 2321 4259 tunc

741 4325 967 4376 aderam
1014 4318 1112 4381 ibi,
1156 4323 1210 4369 et
1244 4312 1409 4367 simul
1442 4310 1821 4371 venimusget
1866 4299 2097 4372 ingressi
2132 4312 2323 4353 sumus

739 4427 929 4467 omnes
964 4410 1018 4465 in
1072 4404 1211 4460 mari
1263 4403 1476 4456 Rubro.
1519 4400 1584 4453 Et
1631 4397 1839 4455 factum
1881 4405 1987 4458 est,
2034 4399 2322 4462 postquam

738 4504 1081 4559 transierunt
1111 4498 1210 4551 lilii
1238 4495 1428 4557 lsrael,
1455 4505 1679 4547 reversa
1706 4497 1789 4545 est
1833 4502 2001 4557 aqua,
2027 4494 2081 4539 et
2109 4482 2326 4552 operuit

742 4605 956 4653 onmem
993 4591 1296 4649 exercitum
1341 4585 1746 4655 Egyptiornm,
1781 4587 1837 4634 et
1878 4580 2191 4633 universam
2228 4588 2328 4644 po—

745 4695 1004 4742 testatem
1039 4696 1258 4738 eorum.
1290 4678 1553 4730 Inventus
1589 4687 1709 4727 smn
1743 4685 1873 4739 ergo
1907 4670 1993 4722 hic
2024 4677 2076 4721 et
2110 4666 2327 4735 operuit

743 4794 828 4833 me
876 4773 1045 4837 unda,
1077 4780 1132 4826 et
1174 4769 1354 4825 mansi
1400 4769 1451 4821 in
1492 4765 1651 4827 mari,
1692 4762 2057 4831 praecipitatus
2098 4760 2199 4813 sub
2230 4772 2324 4811 eo-

740 4873 932 4926 lumna
963 4865 1088 4919 hac.
1114 4861 1252 4917 Cum
1283 4869 1463 4913 autem
1496 4856 1645 4910 venit
1671 4854 1945 4924 lipliippas
1974 4851 2178 4905 missus
2209 4863 2238 4901 a
2271 4856 2323 4902 te

741 4963 797 5015 in
835 4955 1067 5014 sacculo
1097 4952 1239 5007 utris
1283 4949 1557 5009 inclusus,
1583 4946 1773 5000 eduxit
1806 4957 1889 4995 me
1935 4951 2057 5011 post
2090 4954 2167 4994 se.
2209 4939 2324 5008 Ego

744 5055 911 5122 igitur
945 5047 1211 5103 Salomon
1244 5042 1357 5095 haec
1400 5036 1658 5098 audiens,
1699 5032 2001 5103 gloriﬁcavi
2045 5030 2233 5089 Deum,
2271 5036 2326 5080 et

746 5143 993 5213 adjuravi
1063 5137 1347 5193 daemones
1388 5139 1447 5185 ut
1482 5128 1741 5183 mandata
1784 5138 1902 5178 mea
1948 5137 2057 5176 non
2100 5131 2327 5190 praeter—

748 5212 916 5299 irent,
950 5230 1047 5287 sed
1086 5231 1375 5282 manerent
1410 5228 1696 5292 portantes
1714 5216 2071 5275 columnam;
2107 5220 2160 5263 et
2186 5212 2332 5274 jura-

749 5335 950 5387 veruut
981 5322 1145 5378 ambo
1174 5321 1421 5382 dicentes
1449 5332 1464 5368 :
1498 5311 1647 5368 Vivit
1688 5309 1956 5365 Dominus
1991 5306 2132 5359 Deus
2177 5312 2327 5365 tuus,

753 5438 861 5476 non
895 5420 1243 5486 deponemus
1270 5412 1412 5465 banc
1439 5406 1757 5463 columnam
1790 5415 1963 5469 usque
1988 5398 2053 5452 ad
2074 5411 2333 5451 consum-

752 5518 1053 5571 mationem
1097 5508 1323 5573 saeculi;
1365 5505 1411 5560 si
1450 5510 1631 5557 autem
1674 5495 1835 5552 cadat
1867 5494 1996 5548 olim
2034 5491 2174 5561 lapis
2201 5489 2329 5552 iste,

752 5620 887 5665 tunc
916 5610 1019 5664 erit
1040 5598 1453 5660 consummatio
1482 5592 1691 5651 saeculi.
1721 5592 1788 5645 Et
1811 5604 1910 5659 ego
1940 5587 2196 5641 Salomon
2221 5583 2335 5655 glo-

756 5701 965 5758 riﬁcavi
1021 5698 1216 5757 Deum,
1271 5701 1328 5748 et
1377 5687 1572 5745 ornavi
1625 5685 1888 5754 templum
1944 5680 2157 5735 Domini
2206 5692 2334 5731 eum

756 5796 905 5850 omni
938 5787 1213 5849 decentia,
1253 5793 1309 5840 et
1339 5781 1598 5838 sedebam
1638 5777 1763 5831 felix
1802 5776 1858 5829 in
1895 5788 2067 5844 regno
2110 5786 2252 5833 meo,
2282 5774 2334 5821 et

756 5900 871 5946 erat
912 5900 1015 5958 pax
1066 5886 1121 5939 iu
1163 5883 1363 5939 diebus
1424 5877 1583 5934 meis.
1632 5871 1698 5928 Et
1743 5871 1930 5942 accepi
2003 5882 2204 5923 uxores
2264 5878 2331 5920 ex

2419 3474 2600 3542 πάσης
2625 3470 2797 3538 πνοῆς
2822 3470 2926 3522 ὑπὸ
2954 3470 3057 3520 τῶν
3089 3468 3338 3539 ουρανῶν
3365 3481 3377 3492 ’
3410 3465 3522 3533 ἐγὼ
3552 3467 3817 3535 παρήμην
3842 3465 4004 3534 ἡνίκα

2416 3566 2619 3634 Μωσῆς
2638 3566 2923 3633 εἰσήρχετο
2944 3564 3021 3625 είς
3037 3560 3236 3631 Φαραὼ
3257 3559 3520 3627 βασιλέως
3540 3558 3814 3623 Αἰγύπτου
3837 3558 4009 3625 σκλη-

2421 3658 2595 3727 ρύνων
2618 3655 2781 3708 αὑτοῦ
2818 3654 2915 3722 τὴν
2945 3654 3176 3722 καρδίαν
3204 3668 3217 3682 ·
3260 3651 3369 3719 ἐγώ
3394 3655 3509 3719 εἰμι
3560 3650 3617 3702 ὃν
3641 3649 4008 3702 ἐπεκαλοῦντο

2433 3750 2608 3817 Ἰανῆς
2636 3750 2729 3801 καὶ⁹
2804 3747 3071 3816 Ἰαμϐρῆς
3120 3744 3519 3813 οἰκουχώμενοι
3567 3742 3646 3811 τῷ
3688 3743 3896 3811 Μωῦσῇ
3948 3743 4006 3793 ἐν

2419 3843 2702 3912 Αἰγύπτῳ·
2752 3841 2893 3908 Ἐγὼ
2923 3842 3040 3909 εἰμὶ
3076 3840 3104 3890 ὁ
3150 3836 3524 3891 άντιπαλλίων
3556 3834 3633 3904 τῷ
3676 3836 3885 3905 Mur-33f]
3948 3838 4006 3887 ἐν

2419 3938 2534 3997 τοῖς
2569 3934 2771 4004 πέρασι
2798 3935 2907 3994 τοῖς
2933 3931 3205 4001 σημείοις.
3243 3926 3409 3983 Εἶπον
3428 3924 3521 3981 οὖν
3540 3927 3708 3995 αὐτῷ·
3743 3928 3865 3988 Πῶς
3913 3924 4005 3980 οὖν

2421 4028 2654 4099 εὑρέθης
2684 4030 2741 4079 ἐν
2770 4030 2835 4096 τῇ
2879 4025 3115 4095 Ἐρυθρᾷ
3144 4022 3423 4092 θαλάσσης
3461 4022 3520 4073 '0
3550 4019 3605 4072 δὲ
3637 4019 3765 4087 ἔφη’
3817 4019 3905 4070 Ἐν
3939 4022 4004 4087 τῇ

2426 4122 2593 4190 ἐξόδῳ
2622 4122 2729 4174 τῶν
2755 4120 2888 4172 υἱῶν
2932 4117 3151 4188 Ἰσραὴλ
3178 4116 3289 4185 ἐγὼ
3313 4116 3621 4183 ἐσκλῆρυνα
3661 4112 3758 4183 τὴν
3784 4110 4008 4182 καρδίαν

2422 4212 2645 4283 Φαραώο
2704 4213 2798 4263 καὶ
2870 4211 3234 4279 ἀνεπτέρωσά
3289 4205 3458 4260 αὑτοῦ
3499 4207 3596 4274 τὴν
3626 4205 3872 4273 καρδίαν,
3915 4205 4008 4255 καὶ

2423 4306 2531 4359 τῶν
2590 4302 2943 4373 θεραπόντων
2989 4300 3156 4355 αὑτοῦ
3197 4311 3213 4328 ⁸
3270 4300 3366 4351 καὶ
3427 4298 3660 4367 ἐποίησά
3689 4297 3887 4359 αὐτοὺς
3919 4297 4007 4349 ἶνα

2426 4394 2835 4457 καταδιώξωσιν
2865 4393 3040 4445 ὀπίσω
3072 4392 3180 4443 τῶν
3231 4392 3361 4442 υἱῶν
3408 4390 3622 4459 Ἰσραήλ
3647 4404 3660 4418 ’
3695 4390 3788 4441 καὶ
3844 4404 4007 4456 συνη-

2428 4488 2724 4557 κολούθησε
2771 4485 2973 4554 Φαραὼ
3028 4486 3123 4536 καὶ
3180 4484 3380 4545 πάντες
3416 4483 3465 4534 oi
3510 4481 3820 4546 Αἰγύπτιοι.
3875 4481 4006 4532 Τότε

2428 4582 2539 4651 ἐγὼ
2593 4581 2859 4650 παρήμην
2904 4580 3057 4630 ἐκεῖ·
3111 4576 3207 4630 καὶ
3259 4572 3838 4643 συνηκολουθήσαμεν.
3897 4573 4007 4624 Καὶ

2429 4676 2737 4745 ἀνήλθομεν
2782 4676 3021 4732 ἅπαντες
3056 4671 3114 4723 ἐν
3171 4671 3239 4739 τῇ
3281 4666 3521 4736 Ἐρυθρᾷ
3578 4664 3845 4733 θαλάσσῃ.
3898 4664 4009 4714 Καὶ

2430 4768 2669 4836 ἐγένετο,
2708 4764 2869 4835 ἡνίκα
2901 4762 3231 4831 διεπέρασαν
3274 4760 3323 4810 ol
3377 4757 3483 4809 υἱοὶ
3522 4755 3757 4827 Ἰσραὴλ,
3810 4758 4009 4806 ἐπανα-

2435 4859 2682 4932 στραφέν
2707 4858 2767 4910 τὸ
2806 4856 2949 4923 ὕδωρ
3005 4853 3243 4919 ἐκάλυψε
3279 4851 3461 4903 πᾶσαν
3492 4848 3592 4917 τὴν
3652 4845 4007 4916 παρεμϐολὴν

2429 4951 2540 5004 τῶν
2596 4947 2930 5015 Αἰγυπτίων.
2992 4945 3087 4997 καὶ
3135 4945 3316 4995 πᾶσαν
3372 4940 3469 5009 τὴν
3526 4938 3755 5006 δύναμιν
3786 4934 4006 4989 αὐτῶνθ

2432 5042 2662 5114 εὑρέθην
2692 5039 2783 5093 οὖν
2814 5038 2925 5107 ἐγὼ
2951 5039 3066 5089 ἐκεῖ
3096 5037 3188 5088 καὶ
3229 5033 3466 5102 ἐκάλυψέ
3495 5049 3562 5101 με
3603 5030 3663 5083 τὸ
3686 5029 3851 5098 ὓδωρο
3911 5029 4008 5081 καὶ

2430 5135 2622 5203 ἔμεινα
2660 5133 2715 5183 ἐν
2774 5133 2843 5199 τῇ
2897 5127 3142 5196 θαλάσσῃ
3201 5122 3542 5194 τηρούμενος
3614 5120 3872 5172 ὑποκάτω
3914 5116 4006 5169 τοῦ

2429 5228 2609 5289 κίονος
2657 5222 2870 5276 τούτου.
2935 5220 3021 5280 Ὠς
3067 5219 3122 5271 δὲ
3176 5213 3339 5287 ἦλθεν
3394 5214 3694 5282 Ἐοριππάς,
3736 5209 4009 5280 πεμφθεὶς

2431 5320 2584 5390 παρὰ
2616 5316 2708 5369 σοῦ
2757 5318 2814 5367 ἐν
2863 5313 3070 5381 ἀγγείῳ
3101 5309 3269 5363 ἀσκοῦ
3298 5307 3664 5377 ἐγκλεισθεὶς,
3707 5306 3799 5357 καὶ
3827 5304 4011 5357 ἁνεόί-
4083 5357 4086 5360 ,

2428 5412 2565 5465 ϐασέ
2600 5426 2667 5480 με
2700 5410 2834 5477 πρὸς
2870 5405 2951 5457 σέ.
2980 5401 3151 5471 Κάγὼ
3184 5396 3277 5454 οὖν
3296 5398 3551 5469 Σολομῶν
3568 5396 3810 5458 ἀκούσας
3836 5394 4010 5448 ταῦτα

2432 5505 2663 5571 ἐδόξασα
2692 5501 2785 5553 τὸν
2810 5499 2967 5560 Θεὸν,
2996 5497 3091 5550 καὶ
3141 5494 3357 5566 ὥρκισα
3392 5493 3519 5555 τοὺς
3550 5490 3838 5559 δαίμονας,
3870 5487 4009 5539 ὣστε

2438 5598 2515 5669 μὴ
2581 5590 2932 5665 παρακοῦσαί
2983 5605 3128 5658 μου,
3199 5586 3336 5640 ἀλλά
3393 5586 3573 5654 μεῖναι
3638 5580 4011 5652 βαστάζοντας

2434 5690 2534 5758 τὴν
2562 5685 2739 5739 κίοναο
2766 5685 2860 5737 καὶ
2907 5681 3128 5750 ὤμοσαν
3154 5678 3454 5749 ἀμφότεροι
3486 5675 3740 5741 λέγοντες
3759 5686 3774 5700 ⁶
3802 5674 3875 5740 Ζῆ
3903 5670 4011 5722 Κό-

2440 5798 2551 5852 ριος
2573 5782 2599 5834 ὁ
2630 5776 2762 5841 Θεός
2790 5793 2904 5838 σου,
2939 5774 3002 5827 οὐ
3058 5773 3133 5843 μὴ
3160 5766 3496 5839 ἀποθώμεθα
3529 5766 3648 5835 (sic)
3691 5765 3781 5818 τὸν
3814 5762 4008 5816 στῦλον

2434 5873 2622 5928 τοῦτον
2669 5871 2773 5935 ἓως
2831 5869 2927 5940 τῆς
2970 5865 3286 5928 συντελείας
3348 5862 3443 5918 τοῦ
3474 5860 3671 5923 αιῶνος
3709 5876 3720 5889 ·
3857 5857 3899 5909 δ’
3946 5856 4011 5909 ἂν
