4056 6276
290 444 3540 486 W

1212 614 2609 772 PROOEMIUM.

1885 918 1951 994 Ι.

1363 1118 1859 1182 EDlTlONIS
1918 1119 2454 1185 CONSILIUM.

274 1402 282 1407 θ
358 1316 489 1407 51.
525 1312 850 1388 Quaenam
881 1309 1291 1391 potissimum
1321 1325 1513 1373 causa
1547 1309 1623 1373 ad
1670 1310 1933 1373 Joannis
1980 1310 2148 1374 Scoti
2185 1309 2474 1390 theologi
2500 1310 2721 1390 ,libros
2769 1309 3167 1389 colligendos
3196 1330 3268 1376 ac
3296 1329 3539 1394 perpo-

269 1445 536 1513 lieudos
567 1462 669 1508 me
693 1444 1048 1525 impulerit,
1081 1443 1137 1506 si
1166 1418 1451 1524 quaeris,
1488 1441 1688 1507 lector
1714 1442 2052 1518 benevole,
2083 1460 2165 1507 en
2201 1442 2424 1524 paucis
2459 1442 2573 1505 tibi
2602 1440 2860 1506 consilii
2896 1442 3025 1505 mei
3049 1443 3361 1506 rationem
3391 1460 3542 1526 ape-

268 1578 465 1675 riam.
500 1576 759 1665 Etenim
781 1584 927 1640 ante
956 1575 1076 1640 hos
1110 1575 1244 1639 fere
1277 1575 1582 1639 tredecim
1622 1592 1851 1652 annos,
1882 1574 2633 1678 quum.theologicarum
2665 1592 2737 1639 ac
2773 1574 3366 1655 phiIOSOphicarum
3397 1575 3540 1640 lite-

156 1746 161 1751 -
271 1728 493 1774 rarum
523 1709 702 1776 rudis
728 1709 865 1773 fere
893 1696 966 1772 ac
996 1708 1337 1788 imperitus
1365 1707 1434 1768 in
1459 1706 1636 1771 illius
1665 1708 1932 1771 Joannis
1967 1707 2165 1771 libros
2195 1707 2596 1785 incidissem,
2620 1707 2815 1788 hujus
2845 1708 3177 1790 scriptoris
3200 1709 3420 1773 seculo
3442 1710 3537 1771 1X

268 1843 552 1907 viventis
581 1842 750 1906 haud
784 1859 1007 1922 parum
1045 1859 1150 1905 me
1184 1840 1465 1904 movisse
1514 1840 1874 1921 speciosam
1911 1858 1984 1904 ac
2016 1857 2224 1921 paene
2258 1840 2655 1939 singularem
2702 1840 3075 1922 disputandi
3115 1843 3532 1908 subtilitatem

264 1974 609 2038 conﬁteor.
640 1973 771 2037 Nec
798 1979 1009 2037 tamen
1045 1988 1175 2036 non
1209 1989 1311 2035 me
1339 1971 1609 2036 offendit
1644 1971 2072 2054 quorumdam
2116 1989 2196 2036 ex
2250 1972 2645 2036 nostratibus
2693 1972 3040 2047 temeritas,
3091 1972 3538 2036 extollentium

260 2122 339 2168 ac
378 2104 880 2184 praedicantium
912 2103 1052 2184 ejus
1092 2102 1567 2185 phiIOSOphicas
1594 2103 2120 2187 theologicasque
2172 2086 2480 2181 theorias,
2532 2105 2772 2187 quippe
2805 2121 2950 2169 cum
2986 2104 3125 2185 ejus
3160 2103 3538 2183 primarium

258 2251 462 2315 opus,
499 2233 670 2315 quod
705 2257 735 2294 α
769 2233 850 2297 de
894 2232 1219 2298 divisione
1248 2235 1521 2299 Naturae
1573 2258 1603 2294 »
1660 2235 2059 2314 inscribitur,
2091 2237 2171 2299 ab
2201 2237 2494 2301 Honorio
2536 2238 2608 2298 P.
2638 2236 2752 2299 Ill.
2804 2234 2938 2315 igni
2987 2233 3442 2315 adjudiratum,
3476 2239 3540 2299 et

260 2370 419 2430 ante
447 2364 583 2430 fere
616 2365 928 2431 ducentos
972 2382 1174 2428 annos
1213 2382 1413 2445 quum
1446 2365 1515 2430 in
1536 2366 1765 2447 Anglia
1795 2368 1965 2448 typis
1987 2373 2158 2432 esset
2192 2383 2596 2449 expressum,
2627 2367 2695 2430 in
2728 2366 3013 2431 Iudicem
3045 2365 3358 2430 librorum
3389 2383 3538 2447 pro-

260 2493 625 2560 bibitorum
675 2496 944 2560 relatum
983 2514 1125 2561 esse
1161 2497 1331 2561 inter
1375 2515 1601 2562 omnes
1631 2505 1900 2563 constet.
1933 2500 2146 2580 Atque
2173 2498 2307 2578 jam
2360 2506 2499 2563 tum
2537 2498 2700 2561 mihi
2735 2515 3216 2584 proposueram,
3269 2506 3329 2563 et
3378 2500 3537 2581 quid

257 2627 551 2691 Joannes
580 2629 806 2692 Scotus
836 2625 1088 2707 scriptis
1120 2627 1255 2689 suis
1291 2626 1651 2707 profecerit,
1683 2634 1744 2692 et
1780 2628 1848 2691 in
1887 2629 2127 2711 quibus
2164 2629 2322 2698 locis
2347 2631 2677 2709 erraverit,
2710 2630 3090 2712 diligentius
3117 2633 3442 2715 indagare,
3468 2641 3536 2699 et

258 2765 618 2848 aliquando
639 2766 818 2847 justa
851 2765 1010 2828 libra
1044 2772 1394 2847 utrumque
1425 2782 1807 2845 expensum,
1836 2765 1904 2828 in
1936 2767 2252 2831 honorem
2280 2784 2353 2830 ac
2377 2766 2660 2831 fructum
2688 2774 2945 2831 sanctae
2972 2764 3297 2830 Ecclesiae
3329 2782 3534 2845 expo-

260 2918 447 2966 nere.
480 2902 619 2964 Non
668 2900 755 2963 ita
790 2900 992 2964 multo
1026 2905 1170 2981 post
1216 2898 1285 2960 in
1334 2898 1568 2961 itinere
1622 2897 1930 2973 literario,
1983 2898 2156 2979 quod
2192 2917 2305 2978 per
2352 2899 2785 2977 Germaniam,
2835 2898 3219 2977 Helvetiam,
3260 2898 3531 2973 Italiam,

259 3030 561 3109 Belgium
592 3030 1035 3105 instituebam,
1067 3028 1319 3092 occasio
1356 3028 1520 3091 mihi
1555 3026 1767 3092 oblata
1817 3032 1975 3103 erat,
2012 3027 2182 3090 inter
2210 3033 2444 3105 cetera,
2477 3029 2544 3090 iu
2593 3047 2759 3109 quae
2804 3029 3286 3106 incumbebam,
3320 3029 3532 3092 studia

258 3159 509 3236 critica,
543 3168 605 3225 et
636 3178 716 3224 ex
750 3161 1016 3225 Joannis
1046 3160 1215 3243 Scoti
1251 3159 1429 3222 libris
1458 3140 1724 3241 quinam
1752 3168 2166 3240 superessent
2196 3160 2264 3221 iu
2298 3158 2711 3224 bibliothecis
2746 3158 3229 3235 delitescentes,
3266 3158 3534 3222 investi-

259 3291 485 3373 gandi,
510 3298 571 3356 et
592 3291 908 3374 quidquid
941 3292 1350 3373 reperissem,
1373 3291 1451 3356 ad
1482 3290 2073 3373 pleniusjudicium
2100 3293 2180 3355 de
2210 3291 2352 3373 ipso
2383 3291 2722 3357 ferendum
2746 3291 2814 3354 in
2838 3292 3047 3356 lucem
3082 3291 3524 3372 protrahendi.

266 3426 343 3487 In
370 3441 568 3506 quam
605 3441 741 3487 rem
765 3423 913 3488 licet
943 3423 1252 3504 plurimas
1280 3420 1704 3487 bibliothecas
1726 3421 2239 3502 perlustrassem,
2278 3428 2494 3485 tamen
2530 3422 2840 3485 librorum
2864 3422 3074 3502 ipsius
3096 3423 3348 3489 codices
3369 3443 3524 3488 mss.

263 3554 439 3617 haud
467 3554 558 3617 ita
593 3554 832 3619 multos
883 3554 1164 3636 reperire
1191 3552 1372 3633 Lmihi
1426 3552 1714 3633 contigit.
1761 3554 1854 3615 Ex
1884 3552 1987 3617 his
2023 3551 2354 3615 codicibus
2393 3569 2559 3634 quae
2597 3551 2911 3632 descripsi
2947 3551 3303 3633 fragmenta
3356 3557 3529 3620 haud

262 3704 425 3753 sane
461 3690 845 3769 spernenda,
877 3708 1050 3755 nunc
1081 3691 1358 3772 primum
1411 3710 1444 3755 a
1480 3691 1669 3771 nobis
1718 3690 1783 3753 in
1820 3690 2031 3753 lucem
2063 3691 2466 3754 emittuntur.
2499 3690 2797 3773 Denique
2848 3688 3073 3771 majori
3119 3707 3267 3753 cum
3316 3686 3531 3752 fructu

264 3836 473 3899 nuper
502 3820 953 3888 bibliothecam
986 3824 1248 3904 Regiam
1281 3824 1709 3888 Parisiensem
1745 3823 1899 3888 adii.
1933 3822 2051 3886 Ubi
2091 3841 2295 3906 quum
2346 3823 2562 3903 plures
2593 3823 2846 3887 codices
2896 3823 3206 3887 librorum
3251 3823 3524 3887 Joannis

270 3953 444 4017 Scoti
473 3956 896 4033 invenissem,
929 3974 1041 4020 eos
1078 3973 1341 4038 quoque
1371 3957 1439 4018 in
1472 3974 1628 4019 usus
1660 3973 1840 4020 meos
1872 3956 2337 4019 convertendos
2375 3972 2516 4019 esse
2546 3955 2789 4036 putavi.
2826 3955 2926 4019 Ad
2956 3972 3180 4019 eorum
3216 3954 3414 4034 igitur
3447 3954 3528 4017 ﬁ-

265 4084 421 4148 dem
462 4092 522 4147 et
560 4107 591 4142 «
628 4086 709 4149 de
738 4085 1326 4150 Praedestiuatioue
1360 4109 1389 4143 »
1426 4092 1487 4148 et
1518 4108 1548 4143 α
1581 4085 1660 4148 de
1694 4084 2016 4146 divisione
2063 4084 2335 4145 Naturae
2375 4104 2404 4139 »
2437 4082 2638 4144 libros
2686 4082 3032 4159 diligenter
3068 4083 3346 4146 excussi.
3396 4084 3527 4146 Co-

266 4213 475 4276 dicem
513 4230 776 4294 quoque
810 4215 1305 4278 Lauduneusem
1334 4215 1495 4277 mihi
1522 4214 1875 4277 liberaliter
1899 4212 2179 4276 Parisios
2207 4213 2680 4290 transmissum,
2722 4213 2898 4278 haud
2933 4214 3075 4278 sine
3104 4214 3320 4279 fructu
3378 4232 3523 4280 exa-

266 4345 536 4407 minavi.
567 4345 752 4420 Quod
788 4362 939 4408 vero
966 4344 1288 4424 integrum
1322 4346 1489 4407 Scoti
1526 4362 1818 4425 operum,
1857 4363 2023 4424 quae
2074 4352 2447 4425 supersunt,
2509 4346 2882 4424 editionem,
2941 4364 3073 4411 non
3124 4349 3366 4413 omisso
3405 4326 3526 4414 su-

263 4487 521 4561 spectae
549 4481 699 4545 ﬁdei
731 4482 896 4545 libro
926 4479 1006 4542 de
1039 4480 1396 4562 principiis,
1431 4497 1626 4562 quem
1663 4504 1692 4537 ‹‹
1725 4479 1805 4542 de
1836 4479 2159 4544 divisione
2200 4481 2475 4542 Naturae
2508 4499 2538 4535 »
2575 4460 2927 4559 inscripsit,
2955 4478 3106 4543 huic
3125 4481 3523 4561 Patrologiae

260 4612 684 4687 inseruimus,
718 4612 891 4677 haud
911 4612 1096 4676 facile
1131 4630 1520 4693 quemquam
1560 4613 1941 4677 miraturum
1971 4612 2296 4688 existimo,
2321 4612 2437 4692 qui
2459 4612 2872 4692 reputaverit,
2907 4614 3174 4677 omnino
3197 4616 3517 4678 Joannem

260 4742 520 4805 Scotum
552 4741 1127 4822 cum,a‘ciii:simis
1156 4740 1293 4804 suis
1334 4739 1986 4822 profundissimisque
2016 4742 2607 4823 jdisputationibus,
2650 4761 2921 4824 quarum
2973 4750 3035 4807 et
3077 4744 3218 4823 ipse
3269 4763 3347 4808 ex
3382 4747 3519 4809 Pla-

261 4878 411 4935 tone
442 4872 917 4954 Aristoteleque
948 4871 1117 4935 haud
1148 4888 1289 4935 raro
1318 4879 1694 4951 argumenta
1723 4874 1971 4955 petivit,
2006 4892 2206 4939 sensu
2253 4876 2532 4961 quodam
2580 4876 2791 4940 latiori
2822 4875 3273 4955 Scholasticae,
3324 4898 3517 4960 quam

258 5003 507 5080 dicunt,
540 5004 930 5084 Theologiae
967 5006 1484 5086 praeambulum,
1517 5013 1652 5072 tum
1681 5008 1980 5073 versione
2007 5028 2124 5073 sua
2158 5027 2427 5090 operum
2466 5010 3048 5090 Pseudo-Dionysii
3075 5014 3514 5095 Areopagitae,

256 5136 528 5217 suisque
575 5154 799 5199 eorum
838 5120 1374 5217 expositionibus,
1412 5139 1771 5219 ceterisque
1817 5140 1956 5203 suis
1988 5140 2211 5204 crebro
2246 5139 2613 5221 allegoricis
2647 5139 2940 5213 theoriis,
2974 5142 3285 5222 mysticae
3321 5161 3515 5225 quam

255 5264 489 5322 vocant
520 5258 876 5336 theologiac
904 5264 1209 5342 tauquam
1241 5278 1725 5342 praecursorem
1753 5265 1925 5328 haud
1960 5266 2283 5330 immerito
2319 5283 2354 5329 a
2386 5264 2544 5327 viris
2592 5264 2797 5328 doctis
2845 5264 3143 5344 judicari.
3191 5266 3515 5346 Immimis

255 5406 412 5454 vero
442 5388 710 5452 Joannis
740 5388 907 5451 Scoti
939 5390 1235 5455 versione
1271 5408 1564 5471 operum,
1602 5411 1768 5474 quae
1816 5397 1937 5460 sub
1967 5397 2031 5460 S.
2072 5397 2372 5479 Dionysii
2404 5396 2826 5477 AreOpagitae
2881 5396 3144 5458 nomine
3194 5395 3515 5476 feruntur,

254 5521 601 5586 utebantur
629 5521 827 5584 medii
854 5521 994 5584 aevi
1032 5521 1364 5602 Theologi.
1388 5526 1513 5600 Qui
1554 5528 1860 5608 quoniam
1905 5545 2194 5609 graecam
2226 5530 2512 5610 linguam
2564 5530 2691 5609 ipsi
2740 5545 2871 5592 non
2903 5527 3239 5605 callebant,
3291 5532 3518 5610 libros,

255 5664 533 5727 quorum
569 5656 892 5714 auctorem
923 5652 984 5715 S.
1016 5653 1397 5734 Dionysium
1456 5659 1901 5739 AreOpagitam
1950 5669 2019 5724 ut
2076 5664 2326 5725 Patrem
2362 5660 2784 5742 apostolicum
2844 5658 3138 5722 colebant
3185 5661 3261 5723 ad
3313 5680 3515 5725 unum

254 5785 503 5848 omnes,
540 5772 620 5837 ab
649 5773 894 5836 Joanne
929 5773 1111 5837 Scoto
1148 5775 1344 5841 latine
1390 5793 1735 5843 conversos
1781 5781 2104 5864 legebant,
2137 5799 2409 5863 eamque
2449 5780 2814 5844 versionem
2851 5780 3332 5844 commentariis
3380 5781 3519 5843 suis

534 5902 775 5967 Pyram.
814 5908 900 5964 CX
910 5878 1017 5966 Xll.

3055 5928 3093 5971 a
