4056 6276
560 315 602 358 ιι
1977 296 2403 354 PROOEMIUM.

565 431 992 495 illustrabant.
1026 432 1240 506 Quare
1295 402 1496 515 quum
1549 431 1817 495 omnino
1852 433 2133 494 Joannes
2177 434 2400 494 Scotus
2448 428 2770 511 ejusmodi
2801 427 3072 508 scriptor
3117 427 3214 490 sit.
3273 429 3459 508 cujus
3511 443 3710 508 opera
3754 425 3826 490 in

566 585 596 620 ot
629 563 838 626 Cursu
875 563 1191 644 completo
1237 587 1267 622 ιο
1319 564 1710 644 Scriptorum
1751 561 2330 625 ecclesiasticorum
2364 559 2713 622 desiderari
2744 560 2852 621 vix
2887 559 3184 633 debeant,
3214 558 3526 638 integram
3559 577 3827 642 Operum

564 695 703 772 ejus
737 694 1087 757 editionem
1118 694 1413 758 adornari
1444 701 1504 762 et
1531 694 1781 774 justum
1817 698 1878 754 et
1926 693 2005 754 ab
2041 691 2234 770 hujus
2277 690 2681 754 collectionis
2713 691 2986 754 consilio
3018 690 3188 754 haud
3223 707 3490 770 prorsus
3539 690 3828 756 alienum

563 843 704 888 esse
735 827 1061 890 duximus.
1101 831 1170 890 In
1205 828 1308 890 his
1336 835 1551 891 autem
1586 828 1856 891 Joannis
1901 829 2071 890 Scoti
2104 826 2413 906 operibus
2445 828 2502 889 si
2535 845 2701 908 quae
2739 835 3102 904 occurrant,
3137 827 3376 908 quibus
3405 826 3582 906 juste
3614 826 3830 888 offen-

561 957 756 1034 daris,
790 975 919 1022 non
958 958 1300 1021 omisimus
1335 982 1364 1017 ‹‹
1400 959 1666 1023 Monitis
1703 959 1783 1022 ad
1844 960 2174 1022 Lectorem
2210 983 2238 1018 »
2273 959 2666 1040 praemissis,
2701 961 2811 1023 ubi
2855 977 3020 1040 Opus
3053 969 3208 1036 erat,
3241 957 3623 1041 principales
3655 973 3832 1022 erro-

559 1071 679 1152 res.
697 1101 942 1166 notare,
981 1110 1098 1154 nec
1144 1109 1274 1153 non
1305 1093 1410 1156 hic
1441 1092 1576 1156 illic
1625 1093 1794 1154 notis
1825 1093 2156 1174 subjectis,
2195 1111 2360 1178 quae
2390 1094 2553 1159 falso
2594 1100 2702 1156 aut
2739 1094 2955 1156 minus
3008 1102 3180 1158 recte
3217 1095 3650 1173 disputantur,
3684 1108 3834 1154 cor-

565 1224 798 1303 rigere.
842 1227 1168 1289 Praeterea
1202 1226 1267 1286 in
1329 1225 1867 1288 commentatione
1899 1250 1928 1284 α
1961 1225 2041 1290 de
2084 1226 2308 1290 vita'et
2351 1227 2709 1308 praeceptis
2751 1229 3019 1291 Joannis
3054 1229 3225 1292 Scoti
3283 1251 3312 1287 no
3353 1227 3507 1290 huic
3561 1244 3831 1307 Operum

563 1354 832 1418 editioni
884 1357 1253 1436 praemissa,
1305 1373 1556 1420 errores
1606 1356 1815 1436 ipsius
1858 1357 2086 1421 acriter
2143 1358 2681 1437 perstringuntur.
2721 1358 2782 1420 Si
2815 1359 2920 1421 cui
2970 1358 3398 1422 nihilominus
3431 1359 3498 1422 in
3529 1359 3836 1423 notandis

559 1485 826 1549 Joannis
861 1487 1026 1550 Scoti
1063 1489 1393 1551 erroribus
1423 1487 1669 1568 aliquid
1710 1506 1744 1551 a
1781 1489 1972 1550 nobis
2008 1489 2368 1567 neglectum
2426 1509 2567 1552 esse
2615 1491 2930 1564 videatur,
2970 1491 3373 1554 excusabunt
3403 1506 3522 1553 nos
3554 1505 3699 1552 cum
3736 1489 3832 1550 rei

562 1617 931 1693 difﬁcultas,
967 1625 1100 1682 tum
1132 1620 1460 1700 temporis,
1507 1621 1680 1700 quod
1719 1620 1903 1682 nobis
1939 1621 2003 1682 in
2057 1623 2331 1700 paranda
2366 1623 2648 1686 editione
2685 1621 2952 1686 concedi
2986 1628 3256 1703 poterat,
3301 1620 3660 1701 angustiae.

594 1769 603 1792 ι
657 1743 686 1815 §
718 1741 779 1801 2.
813 1741 890 1802 Et
921 1740 1000 1804 de
1028 1742 1154 1802 ﬁne
1192 1739 1387 1820 huius
1423 1739 1729 1804 editionis
1759 1739 1915 1802 haec
1945 1741 2203 1820 quidem
2246 1746 2578 1802 hactenus.
2611 1741 2944 1804 Praeterea
2975 1741 3105 1804 duo
3139 1741 3327 1804 nobis
3359 1739 3606 1822 reliqua
3636 1743 3786 1801 sunt
3814 1761 3830 1800 :

563 1859 872 1942 primum,
905 1868 976 1924 ut
1009 1861 1264 1924 codices
1295 1909 1310 1940 ,
1339 1878 1504 1942 quos
1535 1859 1951 1923 adhibuimus
1976 1903 1992 1934 ,
2057 1876 2512 1921 enumeremus
2543 1905 2560 1931 ,
2605 1857 2836 1920 deinde
2860 1902 2877 1932 ,
2936 1865 3004 1920 ut
3056 1863 3134 1922 de
3181 1859 3447 1922 Joannis
3479 1858 3651 1922 Scoti
3706 1857 3835 1920 vita

563 1986 723 2066 quid
750 1993 1154 2064 compertum
1190 1983 1572 2059 habeamus,
1610 1999 2033 2064 exponamus.
2067 1981 2184 2045 Ubi
2238 1987 2451 2043 tamen
2481 1981 2546 2042 in
2580 1997 2740 2043 usus
2773 1997 2950 2043 meos
2978 1993 3350 2043 convertere
3377 1997 3506 2042 non
3543 1976 3835 2040 dubitavi

560 2103 742 2168 illam
775 2106 1352 2167 commentationem
1409 2105 1481 2167 de
1510 2107 1643 2167 vita
1689 2113 1744 2166 et
1794 2107 2147 2184 praeceptis
2189 2103 2457 2164 Joannis
2502 2103 2717 2176 Scoti,
2770 2102 3004 2165 abhinc
3053 2103 3300 2184 aliquot
3352 2101 3539 2164 annis
3595 2099 3830 2164 editam

562 2232 834 2290 auctore
873 2205 1222 2307 anonymo,
1256 2243 1449 2306 quam
1501 2227 1804 2306 operibus
1835 2224 2242 2304 praemittere
2265 2223 2629 2286 statuimus.
2660 2222 2839 2296 Quae
2891 2240 3091 2303 quum
3130 2222 3194 2283 in
3234 2223 3549 2303 capitibus
3585 2221 3836 2300 gravio-

562 2351 750 2416 ribus
791 2351 879 2416 sit
919 2352 1087 2417 bene
1122 2354 1452 2429 adornata,
1487 2354 1696 2417 solum
1728 2351 1791 2414 id
1821 2351 2167 2431 supererit,
2205 2357 2269 2413 ut
2294 2349 2632 2424 nonnulla,
2665 2349 2732 2412 in
2769 2349 3008 2431 quibus
3054 2347 3133 2412 ab
3183 2346 3324 2427 ejus
3375 2343 3682 2424 scriptore
3718 2358 3835 2405 no-

562 2475 666 2541 bis
701 2477 1222 2544 dissentiendum
1255 2485 1392 2552 est,
1425 2476 1880 2540 dilucidemus.

2153 2633 2261 2708 ll.

1987 2813 2404 2876 CODICES.

647 2967 676 3040 ᾗ
705 2965 768 3025 3.
801 2961 878 3025 Et
908 2961 1190 3042 primum
1223 2961 1486 3041 quidem
1521 2962 1598 3026 ad
1631 2964 1882 3027 codices
1913 2963 2087 3044 quod
2120 2964 2369 3038 attinet,
2407 2962 2475 3024 in
2532 2959 2800 3025 edendis
2835 2959 3370 3039 Ere-positionibus
3399 2974 3588 3038 super
3615 2957 3835 3020 Ierar-

573 3086 774 3148 chiam
825 3093 1139 3149 caetestem
1196 3085 1263 3147 S.
1316 3086 1650 3164 Dionysii,
1705 3086 2044 3167 hucusque
2091 3085 2356 3148 ineditis
2405 3102 2476 3147 ac
2524 3101 2727 3165 paene
2777 3082 3166 3162 incognitis,
3217 3080 3632 3145 adhibuimus
3679 3084 3830 3143 tres.

565 3209 618 3268 E
651 3209 891 3288 quibus
925 3206 1128 3270 codex
1155 3207 1505 3271 Vaticanus
1535 3208 1654 3270 652
1677 3255 1693 3285 ,
1726 3210 1917 3272 initio
1952 3209 2158 3274 seculi
2184 3211 2275 3271 XI
2310 3209 2636 3288 eleganter
2683 3207 2960 3288 scriptus
2987 3252 3004 3282 ,
3045 3210 3292 3271 constat
3329 3204 3408 3266 58
3439 3201 3830 3266 membranis

565 3333 632 3395 in
667 3332 822 3394 folio
860 3332 1118 3394 minori.
1149 3319 1452 3396 Continet
1483 3351 1634 3396 vero
1671 3334 1838 3398 solas
1889 3333 2035 3398 illas
2083 3335 2350 3398 Joannis
2386 3334 2553 3397 Scoti
2605 3333 3064 3414 expositiones.
3106 3333 3178 3394 In
3212 3330 3415 3411 prima
3462 3328 3835 3393 membrana

568 3469 799 3516 manus
847 3452 1053 3516 seculi
1090 3454 1261 3527 XIV,
1302 3459 1372 3514 ut
1412 3451 1689 3528 videtur,
1739 3452 2078 3532 adscripsit
2109 3475 2123 3514 :
2153 3453 2279 3514 Iste
2329 3453 2576 3516 libellus
2624 3473 2832 3523 ex....;
2881 3473 2959 3515 ex
3004 3451 3109 3515 vix
3149 3449 3274 3530 legi
3324 3453 3576 3529 potest,
3627 3451 3837 3510 cetera

577 3577 850 3641 omnino
885 3577 1225 3642 obliterata
1271 3581 1445 3638 sunt.
1483 3576 1643 3640 Item
1676 3594 1905 3640 manus
1940 3577 2146 3640 seculi
2193 3576 2347 3638 XIII
2378 3577 2676 3640 exeuntis
2700 3621 2715 3651 ,
2763 3581 2836 3638 ut
2889 3575 3164 3647 videtur,
3195 3573 3263 3636 in
3308 3572 3598 3636 inferiori
3635 3588 3836 3634 mem-

568 3699 805 3761 branae
843 3705 1022 3778 parte
1053 3697 1312 3778 scripsit
1347 3720 1362 3760 :
1401 3719 1615 3762 sumus
1650 3701 1763 3781 (sic
1789 3703 1830 3780 ι)
1892 3702 2164 3764 omnium
2197 3701 2627 3781 theologorum
2664 3702 2780 3763 iste
2805 3746 2820 3775 ,
2867 3717 3034 3780 quae
3082 3699 3275 3762 verba
3323 3715 3693 3779 quanquam
3730 3697 3837 3760 di-

567 3822 757 3886 luere
787 3823 1050 3905 quidam
1091 3823 1363 3898 studuit,
1399 3829 1610 3888 tamen
1640 3824 1808 3888 bene
1838 3833 2110 3906 possunt
2142 3826 2352 3890 adhuc
2407 3827 2748 3907 distingui.
2781 3827 3016 3900 Quater
3044 3823 3141 3886 vel
3175 3819 3526 3902 quinquies
3557 3819 3634 3882 ad
3668 3837 3835 3883 mar-

570 3947 790 4026 ginem
823 3947 1400 4026 deprehenduntur
1452 3945 1702 4022 glossae
1758 3945 1953 4009 trium
2004 3947 2104 4009 vel
2157 3953 2464 4028 quattuor
2516 3946 2857 4010 verborum
2890 3991 2906 4022 ,
2939 3963 3100 4026 quas
3130 3961 3332 4024 quum
3369 3943 3476 4006 vix
3514 3944 3832 4023 potuerim

568 4065 975 4144 dignoscere,
1013 4066 1292 4146 neglexi.
1327 4067 1413 4140 Is,
1441 4067 1555 4146 qui
1603 4066 1838 4129 librum
1877 4068 2256 4149 descripsit,
2313 4086 2573 4132 sensum
2625 4069 2734 4130 vix
2789 4086 3069 4150 unquam
3129 4070 3376 4149 attigit;
3413 4088 3610 4151 quare
3640 4070 3835 4133 inter-

567 4189 836 4269 punctio
861 4187 1208 4253 falsissima
1234 4193 1371 4260 est;
1405 4185 1566 4266 quin
1603 4187 1735 4250 imo
1765 4188 1894 4253 duo
1931 4191 2123 4254 verba
2146 4191 2314 4254 haud
2347 4210 2488 4255 raro
2518 4193 2586 4254 in
2623 4208 2824 4254 unum
2861 4190 3348 4264 contrahuntur,
3383 4190 3503 4254 alia
3529 4191 3834 4253 dismem-

567 4312 853 4374 brantur.
889 4312 1115 4374 Finem
1150 4327 1376 4373 versus
1410 4312 1642 4373 menda
1677 4320 1828 4374 sunt
1866 4314 2210 4377 crebriora.
2246 4316 2482 4376 Graeca
2524 4313 2740 4388 verba,
2773 4330 2937 4392 quae
2975 4321 3320 4376 occurrunt
3355 4355 3370 4386 ,
3405 4311 3570 4375 male
3599 4313 3835 4394 scripta

570 4439 748 4494 sunt.
788 4434 882 4492 Ex
912 4432 1034 4494 hoc
1061 4431 1260 4509 igitur
1291 4431 1512 4493 codice
1540 4450 1740 4512 quum
1776 4434 2040 4496 Carolus
2077 4434 2315 4510 Greith,
2351 4434 2632 4497 ecclesiae
2659 4434 2723 4496 S.
2759 4433 2928 4496 Galli
2961 4435 3028 4496 in
3057 4433 3343 4496 Helvetia
3375 4453 3540 4498 nunc
3555 4453 3834 4516 praepo-

567 4556 731 4616 situs
767 4573 837 4615 ac
875 4553 1171 4634 ofﬁcialis
1195 4597 1212 4627 ,
1247 4555 1688 4632 expositiones
1735 4557 1876 4620 illas
1914 4558 2399 4638 descripsisset,
2448 4558 2797 4622 liberaliter
2850 4559 3007 4621 mihi
3041 4560 3290 4639 copiam
3328 4561 3432 4624 sui
3480 4561 3837 4642 apographi

567 4679 742 4752 fecit,
774 4677 949 4759 quod
979 4675 1214 4739 deinde.
1245 4677 1482 4756 Romae
1507 4679 1722 4742 denuo
1754 4679 1831 4740 ad
1861 4680 2097 4741 codicis
2129 4679 2317 4742 ﬁdem
2356 4690 2419 4743 et
2447 4680 2587 4758 ipse
2618 4680 2961 4760 diligenter
2990 4685 3258 4772 contuli.

651 4807 680 4880 ᾗ
715 4803 776 4864 h.
807 4813 985 4865 [uter
1019 4804 1117 4861 est
1154 4798 1357 4861 codex
1386 4817 1505 4861 ms.
1545 4797 1650 4859 lat.
1683 4797 1802 4858 380
1832 4797 2258 4864 bibliothecae
2292 4801 2526 4879 Regiae
2562 4803 2985 4879 Monacensis,
3027 4767 3580 4869 olii’niﬁle’ctoralis
3610 4805 3842 4869 biblio-

572 4927 790 4988 thecae
821 4919 1388 4985 serenissimorum
1433 4923 1773 5002 utriusque
1823 4923 2126 4989 Bavariae
2185 4926 2420 4990 ducum
2457 4974 2471 5003 ,
2506 4933 2574 4989 ut
2610 4945 2688 4989 ex
2721 4929 2956 5008 insigni
2986 4945 3208 4992 eorum
3246 4971 3262 5003 ,
3324 4927 3616 4990 interiori
3662 4933 3841 5007 parte

570 5054 858 5135 operculi
889 5051 1075 5115 atiixo
1107 5097 1123 5126 ,
1163 5050 1600 5128 cognoscitur,
1638 5051 2166 5116 membranaceus
2195 5095 2210 5126 ,
2245 5051 2451 5114 seculi
2481 5051 2635 5112 XIII
2665 5095 2680 5124 ,
2715 5052 2797 5127 ῐιο,
2849 5051 3052 5130 literis
3107 5058 3402 5115 exaratus
3457 5049 3842 5112 minusculis

569 5177 726 5241 satis
753 5174 957 5238 nitide
985 5217 1000 5247 ,
1051 5176 1112 5235 et
1145 5187 1292 5234 cum
1341 5167 1791 5234 abbreviatura
1849 5172 2141 5252 vulgari,
2173 5170 2240 5232 in
2277 5170 2593 5250 principio
2667 5169 2974 5243 mutilus;
3023 5185 3198 5234 nunc
3247 5176 3495 5234 constat
3534 5167 3709 5232 foliis
3739 5171 3840 5231 96.

569 5303 771 5367 Tituli
803 5307 867 5365 et
897 5295 1152 5362 numeri
1180 5292 1459 5373 capitum
1499 5304 1653 5358 sunt
1684 5297 1974 5375 ,‘miniati.
2027 5293 2316 5356 Initiales
2367 5293 2567 5356 minio
2621 5310 2764 5356 cum
2813 5292 3139 5373 pigmento
3202 5285 3498 5354 caeruleo
3553 5287 3844 5352 adhibito

571 5434 724 5487 sunt
759 5426 1086 5504 eleganter
1117 5424 1481 5496 elaboratae
1509 5471 1526 5501 ,
1565 5426 1897 5501 ductuque
1955 5417 2124 5481 haud
2177 5434 2318 5480 raro
2361 5435 2566 5496 usque
2625 5417 2703 5479 ad
2759 5417 2949 5480 ﬁnem
2989 5417 3398 5480 membranae
3437 5412 3844 5494 pertingente

574 5546 918 5625 praeditae.
958 5554 1011 5612 A
1046 5553 1238 5615 variis
1275 5551 1572 5615 manibus
1606 5546 1851 5625 passim
1907 5544 2221 5623 scriptura
2255 5541 2536 5605 radendo
2591 5541 2688 5603 vel
2743 5539 3123 5621 corrigendo
3155 5540 3217 5600 in
3253 5539 3389 5618 ipsa
3424 5541 3638 5600 textus
3675 5535 3842 5600 linea

572 5679 835 5748 mutata,
870 5675 1041 5738 haud
1076 5687 1277 5756 pauca
1308 5692 1503 5755 supra
1548 5671 1650 5735 vel
1687 5671 1765 5735 ad
1798 5671 2152 5748 marginem
2179 5669 2494 5748 adscripta
2535 5674 2701 5730 sunt.
2737 5668 3168 5731 Continentur
3199 5681 3273 5727 eo
3305 5662 3458 5726 haec
3495 5685 3508 5723 :

653 5802 713 5862 1.
774 5799 885 5864 fol.
945 5804 1049 5877 1,1
1089 5837 1160 5848 —
1197 5805 1313 5878 li,2
1365 5801 1797 5877 fragmentum
1865 5796 2170 5858 versionis
2234 5793 2507 5855 caelestis
2574 5789 2951 5854 Ierarchiae.
3008 5787 3197 5861 Quod
3253 5785 3480 5865 incipit
3551 5805 3567 5847 :
3627 5801 3848 5863 super-

2450 5960 2452 5963 '
2491 5961 2518 5971 κ
