  <div class='ocr_page' id='page_1' title='image "/cluster/home/n/w/nwhite01/storage/ocr_20150623/122/hvd.32044015471659/012.png"; bbox 0 0 4036 5440; ppageno 0'>
   <div class='ocr_carea' id='block_1_1' title="bbox 1676 211 3514 293">
    <p class='ocr_par' dir='ltr' id='par_1_1' title="bbox 1676 211 3514 293">
     <span class='ocr_line' id='line_1_1' title="bbox 1676 211 3514 293; baseline -0.002 -23"><span class='ocrx_word' id='word_1_1' title='bbox 1676 211 2099 273; x_wconf 80' lang='lat' dir='ltr'><strong><em>PROOEMIUM.</em></strong></span> <span class='ocrx_word' id='word_1_2' title='bbox 3448 224 3514 293; x_wconf 70' lang='grc' dir='ltr'>ψ</span> 
     </span>
    </p>
   </div>
   <div class='ocr_carea' id='block_1_2' title="bbox 256 327 3516 446">
    <p class='ocr_par' dir='ltr' id='par_1_2' title="bbox 256 327 3516 446">
     <span class='ocr_line' id='line_1_2' title="bbox 256 327 3516 446; baseline -0.004 -23"><span class='ocrx_word' id='word_1_3' title='bbox 256 363 429 446; x_wconf 87' lang='lat' dir='ltr'><strong><em>pleni</em></strong></span> <span class='ocrx_word' id='word_1_4' title='bbox 522 354 777 422; x_wconf 86' lang='lat' dir='ltr'><strong><em>luminis</em></strong></span> <span class='ocrx_word' id='word_1_5' title='bbox 846 327 1305 435; x_wconf 72' lang='lat' dir='ltr'><strong><em>praeperfectae</em></strong></span> <span class='ocrx_word' id='word_1_6' title='bbox 1364 347 1818 431; x_wconf 84' lang='lat' dir='ltr'><strong><em>perfectionis;</em></strong></span> <span class='ocrx_word' id='word_1_7' title='bbox 1893 346 2111 409; x_wconf 88' lang='lat' dir='ltr'><strong><em>etenim</em></strong></span> <span class='ocrx_word' id='word_1_8' title='bbox 2186 345 2347 408; x_wconf 86' lang='lat' dir='ltr'><strong><em>nihil</em></strong></span> <span class='ocrx_word' id='word_1_9' title='bbox 2424 346 2768 428; x_wconf 80' lang='lat' dir='ltr'><strong><em>perfectum</em></strong></span> <span class='ocrx_word' id='word_1_10' title='bbox 2820 353 2947 419; x_wconf 79' lang='lat' dir='ltr'><strong><em>aut</em></strong></span> <span class='ocrx_word' id='word_1_11' title='bbox 3027 365 3163 409; x_wconf 81' lang='lat' dir='ltr'><strong><em>non.</em></strong></span> <span class='ocrx_word' id='word_1_12' title='bbox 3230 346 3516 426; x_wconf 80' lang='lat' dir='ltr'><strong><em>indigens</em></strong></span> 
     </span>
    </p>
   </div>
   <div class='ocr_carea' id='block_1_3' title="bbox 256 472 3519 555">
    <p class='ocr_par' dir='ltr' id='par_1_3' title="bbox 256 472 3519 555">
     <span class='ocr_line' id='line_1_3' title="bbox 256 472 3519 555; baseline -0.003 -10"><span class='ocrx_word' id='word_1_13' title='bbox 256 478 696 545; x_wconf 83' lang='lat' dir='ltr'><strong><em>universaliter</em></strong></span> <span class='ocrx_word' id='word_1_14' title='bbox 738 474 1149 555; x_wconf 70' lang='lat' dir='ltr'><strong><em>perfectionis</em></strong></span> <span class='ocrx_word' id='word_1_15' title='bbox 1180 517 1199 549; x_wconf 90' lang='lat'><strong><em>,</em></strong></span> <span class='ocrx_word' id='word_1_16' title='bbox 1258 472 1386 534; x_wconf 90' lang='lat' dir='ltr'><strong><em>nisi</em></strong></span> <span class='ocrx_word' id='word_1_17' title='bbox 1448 490 1587 534; x_wconf 91' lang='lat' dir='ltr'><strong><em>vere</em></strong></span> <span class='ocrx_word' id='word_1_18' title='bbox 1638 489 1754 551; x_wconf 89' lang='lat' dir='ltr'><strong><em>per</em></strong></span> <span class='ocrx_word' id='word_1_19' title='bbox 1797 490 1860 531; x_wconf 91' lang='lat' dir='ltr'><strong><em>se</em></strong></span> <span class='ocrx_word' id='word_1_20' title='bbox 1911 473 2260 552; x_wconf 78' lang='lat' dir='ltr'><strong><em>perfectum</em></strong></span> <span class='ocrx_word' id='word_1_21' title='bbox 2315 477 2371 532; x_wconf 93' lang='lat' dir='ltr'><strong><em>et</em></strong></span> <span class='ocrx_word' id='word_1_22' title='bbox 2423 474 2940 555; x_wconf 82' lang='lat' dir='ltr'><strong><em>praeperfectum.</em></strong></span> <span class='ocrx_word' id='word_1_23' title='bbox 2998 474 3149 553; x_wconf 82' lang='lat' dir='ltr'><strong><em>Cap.</em></strong></span> <span class='ocrx_word' id='word_1_24' title='bbox 3205 474 3323 535; x_wconf 83' lang='grc' dir='ltr'><strong><em>ΧΙ.</em></strong></span> <span class='ocrx_word' id='word_1_25' title='bbox 3364 473 3519 537; x_wconf 87' lang='lat' dir='ltr'><strong><em>Istis</em></strong></span> 
     </span>
    </p>
   </div>
   <div class='ocr_carea' id='block_1_4' title="bbox 259 585 3521 674">
    <p class='ocr_par' dir='ltr' id='par_1_4' title="bbox 259 585 3521 674">
     <span class='ocr_line' id='line_1_4' title="bbox 259 585 3521 674; baseline -0.004 -2"><span class='ocrx_word' id='word_1_26' title='bbox 259 585 469 672; x_wconf 55' lang='lat' dir='ltr'><strong><em>autem</em></strong></span> <span class='ocrx_word' id='word_1_27' title='bbox 519 601 942 667; x_wconf 87' lang='lat' dir='ltr'><strong><em>determinatis</em></strong></span> <span class='ocrx_word' id='word_1_28' title='bbox 1016 591 1181 658; x_wconf 89' lang='lat' dir='ltr'><strong><em>illud</em></strong></span> <span class='ocrx_word' id='word_1_29' title='bbox 1247 592 1508 674; x_wconf 89' lang='lat' dir='ltr'><strong><em>dignum</em></strong></span> <span class='ocrx_word' id='word_1_30' title='bbox 1583 592 1897 654; x_wconf 89' lang='lat' dir='ltr'><strong><em>attendere</em></strong></span> <span class='ocrx_word' id='word_1_31' title='bbox 1928 635 1946 669; x_wconf 92' lang='lat'><strong><em>,</em></strong></span> <span class='ocrx_word' id='word_1_32' title='bbox 2012 598 2283 672; x_wconf 83' lang='lat' dir='ltr'><strong><em>propter</em></strong></span> <span class='ocrx_word' id='word_1_33' title='bbox 2352 608 2536 672; x_wconf 88' lang='lat' dir='ltr'><strong><em>quam</em></strong></span> <span class='ocrx_word' id='word_1_34' title='bbox 2606 610 2856 655; x_wconf 83' lang='lat' dir='ltr'><strong><em>causam</em></strong></span> <span class='ocrx_word' id='word_1_35' title='bbox 2934 595 3254 658; x_wconf 88' lang='lat' dir='ltr'><strong><em>universas</em></strong></span> <span class='ocrx_word' id='word_1_36' title='bbox 3330 595 3521 660; x_wconf 88' lang='lat' dir='ltr'><strong><em>simul</em></strong></span> 
     </span>
    </p>
   </div>
   <div class='ocr_carea' id='block_1_5' title="bbox 259 717 3521 809">
    <p class='ocr_par' dir='ltr' id='par_1_5' title="bbox 259 717 3521 809">
     <span class='ocr_line' id='line_1_5' title="bbox 259 717 3521 809; baseline -0.003 -18"><span class='ocrx_word' id='word_1_37' title='bbox 259 727 571 809; x_wconf 87' lang='lat' dir='ltr'><strong><em>angelicas</em></strong></span> <span class='ocrx_word' id='word_1_38' title='bbox 604 723 983 787; x_wconf 78' lang='lat' dir='ltr'><strong><em>substantias</em></strong></span> <span class='ocrx_word' id='word_1_39' title='bbox 1039 720 1320 785; x_wconf 81' lang='lat' dir='ltr'><strong><em>caelestes</em></strong></span> <span class='ocrx_word' id='word_1_40' title='bbox 1384 720 1650 782; x_wconf 83' lang='lat' dir='ltr'><strong><em>virtutes</em></strong></span> <span class='ocrx_word' id='word_1_41' title='bbox 1712 737 1934 781; x_wconf 89' lang='lat' dir='ltr'><strong><em>vocare</em></strong></span> <span class='ocrx_word' id='word_1_42' title='bbox 1982 718 2435 795; x_wconf 80' lang='lat' dir='ltr'><strong><em>consuevimus,</em></strong></span> <span class='ocrx_word' id='word_1_43' title='bbox 2487 724 2609 781; x_wconf 91' lang='lat' dir='ltr'><strong><em>cet.</em></strong></span> <span class='ocrx_word' id='word_1_44' title='bbox 2664 717 2919 783; x_wconf 88' lang='lat' dir='ltr'><strong><em>Finitur</em></strong></span> <span class='ocrx_word' id='word_1_45' title='bbox 2981 720 3240 785; x_wconf 90' lang='lat' dir='ltr'><strong><em>verbis:</em></strong></span> <span class='ocrx_word' id='word_1_46' title='bbox 3275 721 3521 783; x_wconf 84' lang='lat' dir='ltr'><strong><em>eandem</em></strong></span> 
     </span>
    </p>
   </div>
   <div class='ocr_carea' id='block_1_6' title="bbox 260 814 3519 929">
    <p class='ocr_par' dir='ltr' id='par_1_6' title="bbox 260 838 3519 929">
     <span class='ocr_line' id='line_1_6' title="bbox 260 838 3519 929; baseline -0.001 -20"><span class='ocrx_word' id='word_1_47' title='bbox 260 853 466 909; x_wconf 83' lang='lat' dir='ltr'><strong><em>autem</em></strong></span> <span class='ocrx_word' id='word_1_48' title='bbox 507 844 803 907; x_wconf 89' lang='lat' dir='ltr'><strong><em>virtutem</em></strong></span> <span class='ocrx_word' id='word_1_49' title='bbox 880 839 1227 922; x_wconf 84' lang='lat' dir='ltr'><strong><em>praedictis</em></strong></span> <span class='ocrx_word' id='word_1_50' title='bbox 1305 838 1593 903; x_wconf 81' lang='lat' dir='ltr'><strong><em>habentia</em></strong></span> <span class='ocrx_word' id='word_1_51' title='bbox 1663 843 2198 921; x_wconf 83' lang='lat' dir='ltr'><strong><em>praetermisimus</em></strong></span> <span class='ocrx_word' id='word_1_52' title='bbox 2244 849 2299 905; x_wconf 91' lang='lat' dir='ltr'><strong><em>et</em></strong></span> <span class='ocrx_word' id='word_1_53' title='bbox 2357 844 3011 906; x_wconf 88' lang='lat' dir='ltr'><strong><em>commensurationem</em></strong></span> <span class='ocrx_word' id='word_1_54' title='bbox 3062 845 3143 925; x_wconf 87' lang='lat' dir='ltr'><strong><em>(a.</em></strong></span> <span class='ocrx_word' id='word_1_55' title='bbox 3202 862 3289 929; x_wconf 88' lang='lat' dir='ltr'><strong><em>m.</em></strong></span> <span class='ocrx_word' id='word_1_56' title='bbox 3354 860 3519 909; x_wconf 90' lang='lat' dir='ltr'><strong><em>corr.</em></strong></span> 
     </span>
    </p>
   </div>
   <div class='ocr_carea' id='block_1_7' title="bbox 259 960 3527 1046">
    <p class='ocr_par' dir='ltr' id='par_1_7' title="bbox 259 960 3527 1046">
     <span class='ocr_line' id='line_1_7' title="bbox 259 960 3527 1046; baseline 0 -16"><span class='ocrx_word' id='word_1_57' title='bbox 259 960 808 1044; x_wconf 87' lang='lat' dir='ltr'><strong><em>comensurationi)</em></strong></span> <span class='ocrx_word' id='word_1_58' title='bbox 869 965 1168 1026; x_wconf 82' lang='lat' dir='ltr'><strong><em>sermonis</em></strong></span> <span class='ocrx_word' id='word_1_59' title='bbox 1226 964 1663 1046; x_wconf 81' lang='lat' dir='ltr'><strong><em>providentes,</em></strong></span> <span class='ocrx_word' id='word_1_60' title='bbox 1726 972 1781 1026; x_wconf 88' lang='lat' dir='ltr'><strong><em>et</em></strong></span> <span class='ocrx_word' id='word_1_61' title='bbox 1844 983 2034 1045; x_wconf 84' lang='lat' dir='ltr'><strong><em>super</em></strong></span> <span class='ocrx_word' id='word_1_62' title='bbox 2088 984 2206 1027; x_wconf 88' lang='lat' dir='ltr'><strong><em>nos</em></strong></span> <span class='ocrx_word' id='word_1_63' title='bbox 2265 965 2578 1029; x_wconf 88' lang='lat' dir='ltr'><strong><em>occultum</em></strong></span> <span class='ocrx_word' id='word_1_64' title='bbox 2636 966 2886 1034; x_wconf 85' lang='lat' dir='ltr'><strong><em>silentio</em></strong></span> <span class='ocrx_word' id='word_1_65' title='bbox 2940 973 3316 1031; x_wconf 86' lang='lat' dir='ltr'><strong><em>venerantes.</em></strong></span> <span class='ocrx_word' id='word_1_66' title='bbox 3374 967 3527 1030; x_wconf 79' lang='lat' dir='ltr'><strong><em>Ea:-</em></strong></span> 
     </span>
    </p>
   </div>
   <div class='ocr_carea' id='block_1_8' title="bbox 255 1083 3382 1173">
    <p class='ocr_par' dir='ltr' id='par_1_8' title="bbox 255 1083 3382 1173">
     <span class='ocr_line' id='line_1_8' title="bbox 255 1083 3382 1173; baseline 0.002 -22"><span class='ocrx_word' id='word_1_67' title='bbox 255 1087 447 1169; x_wconf 82' lang='lat' dir='ltr'><strong><em>plicit</em></strong></span> <span class='ocrx_word' id='word_1_68' title='bbox 509 1085 666 1150; x_wconf 85' lang='lat' dir='ltr'><strong><em>liber</em></strong></span> <span class='ocrx_word' id='word_1_69' title='bbox 712 1083 877 1147; x_wconf 83' lang='lat' dir='ltr'><strong><em>beati</em></strong></span> <span class='ocrx_word' id='word_1_70' title='bbox 940 1085 1233 1166; x_wconf 78' lang='lat' dir='ltr'><strong><em>Dionysii</em></strong></span> <span class='ocrx_word' id='word_1_71' title='bbox 1277 1087 1557 1168; x_wconf 86' lang='lat' dir='ltr'><strong><em>episcopi</em></strong></span> <span class='ocrx_word' id='word_1_72' title='bbox 1601 1088 1987 1151; x_wconf 78' lang='lat' dir='ltr'><strong><em>Athenarum</em></strong></span> <span class='ocrx_word' id='word_1_73' title='bbox 2036 1109 2114 1153; x_wconf 75' lang='lat' dir='ltr'><strong><em>ea:</em></strong></span> <span class='ocrx_word' id='word_1_74' title='bbox 2166 1092 2575 1173; x_wconf 84' lang='lat' dir='ltr'><strong><em>Areopagitis</em></strong></span> <span class='ocrx_word' id='word_1_75' title='bbox 2635 1092 2708 1154; x_wconf 89' lang='lat' dir='ltr'><strong><em>de</em></strong></span> <span class='ocrx_word' id='word_1_76' title='bbox 2764 1094 3011 1155; x_wconf 86' lang='lat' dir='ltr'><strong><em>caelesti</em></strong></span> <span class='ocrx_word' id='word_1_77' title='bbox 3038 1092 3382 1157; x_wconf 87' lang='lat' dir='ltr'><strong><em>Ierarchia.</em></strong></span> 
     </span>
    </p>
   </div>
   <div class='ocr_carea' id='block_1_9' title="bbox 336 1183 3522 1292">
    <p class='ocr_par' dir='ltr' id='par_1_9' title="bbox 336 1183 3522 1292">
     <span class='ocr_line' id='line_1_9' title="bbox 336 1183 3522 1292; baseline -0.001 -11"><span class='ocrx_word' id='word_1_78' title='bbox 336 1221 397 1281; x_wconf 76' lang='lat'><strong><em>2.</em></strong></span> <span class='ocrx_word' id='word_1_79' title='bbox 449 1216 565 1282; x_wconf 78' lang='lat' dir='ltr'><strong><em>fol.</em></strong></span> <span class='ocrx_word' id='word_1_80' title='bbox 622 1216 1030 1292; x_wconf 77' lang='lat'><strong><em>5,1—19,1.</em></strong></span> <span class='ocrx_word' id='word_1_81' title='bbox 1078 1212 1348 1275; x_wconf 86' lang='lat' dir='ltr'><strong><em>Joannis</em></strong></span> <span class='ocrx_word' id='word_1_82' title='bbox 1398 1212 1695 1274; x_wconf 88' lang='lat' dir='ltr'><strong><em>Saraceni</em></strong></span> <span class='ocrx_word' id='word_1_83' title='bbox 1746 1213 1950 1274; x_wconf 90' lang='lat' dir='ltr'><strong><em>versio</em></strong></span> <span class='ocrx_word' id='word_1_84' title='bbox 2005 1212 2451 1277; x_wconf 86' lang='lat' dir='ltr'><strong><em>ecclesiasticae</em></strong></span> <span class='ocrx_word' id='word_1_85' title='bbox 2505 1183 2881 1279; x_wconf 76' lang='lat' dir='ltr'><strong><em>Ierarchiae.</em></strong></span> <span class='ocrx_word' id='word_1_86' title='bbox 2936 1213 3201 1278; x_wconf 85' lang='lat' dir='ltr'><strong><em>Orditur</em></strong></span> <span class='ocrx_word' id='word_1_87' title='bbox 3242 1230 3279 1276; x_wconf 86' lang='lat' dir='ltr'><strong><em>a</em></strong></span> <span class='ocrx_word' id='word_1_88' title='bbox 3328 1214 3522 1278; x_wconf 88' lang='lat' dir='ltr'><strong><em>titulo</em></strong></span> 
     </span>
    </p>
   </div>
   <div class='ocr_carea' id='block_1_10' title="bbox 259 1305 3528 1412">
    <p class='ocr_par' dir='ltr' id='par_1_10' title="bbox 259 1305 3528 1412">
     <span class='ocr_line' id='line_1_10' title="bbox 259 1305 3528 1412; baseline -0.002 -12"><span class='ocrx_word' id='word_1_89' title='bbox 259 1335 531 1400; x_wconf 78' lang='lat' dir='ltr'><strong><em>miniata</em></strong></span> <span class='ocrx_word' id='word_1_90' title='bbox 593 1355 609 1395; x_wconf 92' lang='lat'><strong>:</strong></span> <span class='ocrx_word' id='word_1_91' title='bbox 676 1334 769 1397; x_wconf 92' lang='lat' dir='ltr'><strong><em>De</em></strong></span> <span class='ocrx_word' id='word_1_92' title='bbox 825 1332 1240 1396; x_wconf 85' lang='lat' dir='ltr'><strong><em>ecclesiastica</em></strong></span> <span class='ocrx_word' id='word_1_93' title='bbox 1289 1329 1635 1394; x_wconf 85' lang='lat' dir='ltr'><strong><em>Ierarchia.</em></strong></span> <span class='ocrx_word' id='word_1_94' title='bbox 1681 1331 1925 1410; x_wconf 86' lang='lat' dir='ltr'><strong><em>Incipit</em></strong></span> <span class='ocrx_word' id='word_1_95' title='bbox 1966 1331 2275 1412; x_wconf 91' lang='lat' dir='ltr'><strong><em>prologus</em></strong></span> <span class='ocrx_word' id='word_1_96' title='bbox 2331 1333 2603 1396; x_wconf 86' lang='lat' dir='ltr'><strong><em>Joannis</em></strong></span> <span class='ocrx_word' id='word_1_97' title='bbox 2667 1305 2965 1397; x_wconf 50' lang='lat' dir='ltr'><strong><em>Sar‘aceni</em></strong></span> <span class='ocrx_word' id='word_1_98' title='bbox 3019 1331 3103 1395; x_wconf 91' lang='lat' dir='ltr'><strong><em>ad</em></strong></span> <span class='ocrx_word' id='word_1_99' title='bbox 3155 1332 3528 1412; x_wconf 80' lang='lat' dir='ltr'><strong><em>magistrum</em></strong></span> 
     </span>
    </p>
   </div>
   <div class='ocr_carea' id='block_1_11' title="bbox 257 1453 3528 1543">
    <p class='ocr_par' dir='ltr' id='par_1_11' title="bbox 257 1453 3528 1543">
     <span class='ocr_line' id='line_1_11' title="bbox 257 1453 3528 1543; baseline 0.002 -24"><span class='ocrx_word' id='word_1_100' title='bbox 257 1457 564 1521; x_wconf 81' lang='lat' dir='ltr'><strong><em>Joannem</em></strong></span> <span class='ocrx_word' id='word_1_101' title='bbox 606 1454 678 1518; x_wconf 85' lang='lat' dir='ltr'><strong><em>de</em></strong></span> <span class='ocrx_word' id='word_1_102' title='bbox 729 1454 1084 1519; x_wconf 88' lang='lat' dir='ltr'><strong><em>Saraberiis</em></strong></span> <span class='ocrx_word' id='word_1_103' title='bbox 1142 1453 1215 1516; x_wconf 89' lang='lat' dir='ltr'><strong><em>de</em></strong></span> <span class='ocrx_word' id='word_1_104' title='bbox 1275 1453 1693 1516; x_wconf 88' lang='lat' dir='ltr'><strong><em>ecclesiastica</em></strong></span> <span class='ocrx_word' id='word_1_105' title='bbox 1751 1455 2097 1519; x_wconf 89' lang='lat' dir='ltr'><strong><em>lerarchia.</em></strong></span> <span class='ocrx_word' id='word_1_106' title='bbox 2180 1456 2336 1519; x_wconf 89' lang='lat' dir='ltr'><strong><em>Post</em></strong></span> <span class='ocrx_word' id='word_1_107' title='bbox 2409 1456 2887 1521; x_wconf 86' lang='lat' dir='ltr'><strong><em>translationem</em></strong></span> <span class='ocrx_word' id='word_1_108' title='bbox 2951 1458 3264 1538; x_wconf 86' lang='lat' dir='ltr'><strong><em>angelicae</em></strong></span> <span class='ocrx_word' id='word_1_109' title='bbox 3310 1462 3528 1543; x_wconf 69' lang='lat' dir='ltr'><strong><em>[erar-</em></strong></span> 
     </span>
    </p>
   </div>
   <div class='ocr_carea' id='block_1_12' title="bbox 260 1576 3529 1664">
    <p class='ocr_par' dir='ltr' id='par_1_12' title="bbox 260 1576 3529 1664">
     <span class='ocr_line' id='line_1_12' title="bbox 260 1576 3529 1664; baseline 0.002 -21"><span class='ocrx_word' id='word_1_110' title='bbox 260 1579 433 1643; x_wconf 78' lang='lat' dir='ltr'><strong><em>clsiae</em></strong></span> <span class='ocrx_word' id='word_1_111' title='bbox 483 1579 958 1642; x_wconf 86' lang='lat' dir='ltr'><strong><em>translationem</em></strong></span> <span class='ocrx_word' id='word_1_112' title='bbox 998 1577 1444 1642; x_wconf 87' lang='lat' dir='ltr'><strong><em>ecclesiasticae</em></strong></span> <span class='ocrx_word' id='word_1_113' title='bbox 1474 1576 1720 1651; x_wconf 87' lang='lat' dir='ltr'><strong><em>distuli,</em></strong></span> <span class='ocrx_word' id='word_1_114' title='bbox 1767 1585 1889 1641; x_wconf 84' lang='lat' dir='ltr'><strong><em>cet.</em></strong></span> <span class='ocrx_word' id='word_1_115' title='bbox 1918 1578 2263 1660; x_wconf 83' lang='lat' dir='ltr'><strong><em>Prologum</em></strong></span> <span class='ocrx_word' id='word_1_116' title='bbox 2321 1581 2555 1663; x_wconf 81' lang='lat' dir='ltr'><strong><em>excipit</em></strong></span> <span class='ocrx_word' id='word_1_117' title='bbox 2588 1583 2824 1659; x_wconf 89' lang='lat' dir='ltr'><strong><em>versio,</em></strong></span> <span class='ocrx_word' id='word_1_118' title='bbox 2886 1600 3051 1664; x_wconf 86' lang='lat' dir='ltr'><strong><em>quae</em></strong></span> <span class='ocrx_word' id='word_1_119' title='bbox 3109 1582 3202 1647; x_wconf 88' lang='lat' dir='ltr'><strong><em>sic</em></strong></span> <span class='ocrx_word' id='word_1_120' title='bbox 3254 1584 3529 1652; x_wconf 65' lang='lat' dir='ltr'><strong><em>ﬁnitur;</em></strong></span> 
     </span>
    </p>
   </div>
   <div class='ocr_carea' id='block_1_13' title="bbox 260 1698 3528 1789">
    <p class='ocr_par' dir='ltr' id='par_1_13' title="bbox 260 1698 3528 1789">
     <span class='ocr_line' id='line_1_13' title="bbox 260 1698 3528 1789; baseline -0.001 -18"><span class='ocrx_word' id='word_1_121' title='bbox 260 1704 468 1771; x_wconf 81' lang='lat' dir='ltr'><strong><em>Trade</em></strong></span> <span class='ocrx_word' id='word_1_122' title='bbox 498 1704 724 1785; x_wconf 85' lang='lat' dir='ltr'><strong><em>igitur,</em></strong></span> <span class='ocrx_word' id='word_1_123' title='bbox 763 1722 797 1765; x_wconf 93' lang='grc' dir='ltr'><strong>ο</strong></span> <span class='ocrx_word' id='word_1_124' title='bbox 827 1704 1039 1776; x_wconf 90' lang='lat' dir='ltr'><strong><em>amice,</em></strong></span> <span class='ocrx_word' id='word_1_125' title='bbox 1097 1708 1153 1764; x_wconf 91' lang='lat' dir='ltr'><strong><em>et</em></strong></span> <span class='ocrx_word' id='word_1_126' title='bbox 1211 1702 1344 1780; x_wconf 90' lang='lat' dir='ltr'><strong><em>ipse</em></strong></span> <span class='ocrx_word' id='word_1_127' title='bbox 1389 1698 1543 1761; x_wconf 85' lang='lat' dir='ltr'><strong><em>mihi</em></strong></span> <span class='ocrx_word' id='word_1_128' title='bbox 1567 1700 1998 1781; x_wconf 83' lang='lat' dir='ltr'><strong><em>perfectiorem</em></strong></span> <span class='ocrx_word' id='word_1_129' title='bbox 2054 1698 2600 1777; x_wconf 89' lang='lat' dir='ltr'><strong><em>illuminationem,</em></strong></span> <span class='ocrx_word' id='word_1_130' title='bbox 2664 1708 2720 1763; x_wconf 90' lang='lat' dir='ltr'><strong><em>et</em></strong></span> <span class='ocrx_word' id='word_1_131' title='bbox 2771 1709 3054 1764; x_wconf 89' lang='lat' dir='ltr'><strong><em>monstra</em></strong></span> <span class='ocrx_word' id='word_1_132' title='bbox 3098 1704 3246 1766; x_wconf 88' lang='lat' dir='ltr'><strong><em>meis</em></strong></span> <span class='ocrx_word' id='word_1_133' title='bbox 3301 1703 3528 1789; x_wconf 84' lang='lat' dir='ltr'><strong><em>oculis,</em></strong></span> 
     </span>
    </p>
   </div>
   <div class='ocr_carea' id='block_1_14' title="bbox 260 1820 3532 1912">
    <p class='ocr_par' dir='ltr' id='par_1_14' title="bbox 260 1820 3532 1912">
     <span class='ocr_line' id='line_1_14' title="bbox 260 1820 3532 1912; baseline 0.001 -21"><span class='ocrx_word' id='word_1_134' title='bbox 260 1848 414 1912; x_wconf 89' lang='lat' dir='ltr'><strong><em>quas</em></strong></span> <span class='ocrx_word' id='word_1_135' title='bbox 440 1827 650 1892; x_wconf 88' lang='lat' dir='ltr'><strong><em>videre</em></strong></span> <span class='ocrx_word' id='word_1_136' title='bbox 677 1828 883 1909; x_wconf 89' lang='lat' dir='ltr'><strong><em>possis</em></strong></span> <span class='ocrx_word' id='word_1_137' title='bbox 913 1824 1437 1890; x_wconf 88' lang='lat' dir='ltr'><strong><em>convenientiores</em></strong></span> <span class='ocrx_word' id='word_1_138' title='bbox 1464 1820 1973 1903; x_wconf 78' lang='lat' dir='ltr'><strong><em>pulchritudines</em></strong></span> <span class='ocrx_word' id='word_1_139' title='bbox 2005 1831 2059 1884; x_wconf 89' lang='lat' dir='ltr'><strong><em>et</em></strong></span> <span class='ocrx_word' id='word_1_140' title='bbox 2092 1825 2583 1906; x_wconf 81' lang='lat' dir='ltr'><strong><em>uniformiores;</em></strong></span> <span class='ocrx_word' id='word_1_141' title='bbox 2616 1826 2859 1907; x_wconf 83' lang='lat' dir='ltr'><strong><em>conﬁdo</em></strong></span> <span class='ocrx_word' id='word_1_142' title='bbox 2919 1828 3100 1902; x_wconf 88' lang='lat' dir='ltr'><strong><em>enim,</em></strong></span> <span class='ocrx_word' id='word_1_143' title='bbox 3130 1827 3303 1908; x_wconf 87' lang='lat' dir='ltr'><strong><em>quod</em></strong></span> <span class='ocrx_word' id='word_1_144' title='bbox 3334 1848 3532 1910; x_wconf 86' lang='lat' dir='ltr'><strong><em>prae-</em></strong></span> 
     </span>
    </p>
   </div>
   <div class='ocr_carea' id='block_1_15' title="bbox 268 1942 3530 2036">
    <p class='ocr_par' dir='ltr' id='par_1_15' title="bbox 268 1942 3530 2036">
     <span class='ocr_line' id='line_1_15' title="bbox 268 1942 3530 2036; baseline 0.002 -26"><span class='ocrx_word' id='word_1_145' title='bbox 268 1948 442 2011; x_wconf 87' lang='lat' dir='ltr'><strong><em>dicta</em></strong></span> <span class='ocrx_word' id='word_1_146' title='bbox 474 1966 582 2029; x_wconf 86' lang='lat' dir='ltr'><strong><em>ego</em></strong></span> <span class='ocrx_word' id='word_1_147' title='bbox 612 1951 924 2031; x_wconf 90' lang='lat' dir='ltr'><strong><em>repositas</em></strong></span> <span class='ocrx_word' id='word_1_148' title='bbox 980 1950 1048 2009; x_wconf 89' lang='lat' dir='ltr'><strong><em>in</em></strong></span> <span class='ocrx_word' id='word_1_149' title='bbox 1075 1956 1131 2009; x_wconf 92' lang='lat' dir='ltr'><strong><em>te</em></strong></span> <span class='ocrx_word' id='word_1_150' title='bbox 1174 1946 1378 2008; x_wconf 88' lang='lat' dir='ltr'><strong><em>divini</em></strong></span> <span class='ocrx_word' id='word_1_151' title='bbox 1432 1944 1600 2024; x_wconf 89' lang='lat' dir='ltr'><strong><em>ignis</em></strong></span> <span class='ocrx_word' id='word_1_152' title='bbox 1650 1942 1975 2005; x_wconf 86' lang='lat' dir='ltr'><strong><em>accendam</em></strong></span> <span class='ocrx_word' id='word_1_153' title='bbox 2013 1946 2345 2009; x_wconf 86' lang='lat' dir='ltr'><strong><em>scintillas.</em></strong></span> <span class='ocrx_word' id='word_1_154' title='bbox 2384 1947 2679 2027; x_wconf 72' lang='lat' dir='ltr'><strong><em>Explicit</em></strong></span> <span class='ocrx_word' id='word_1_155' title='bbox 2710 1947 2869 2012; x_wconf 88' lang='lat' dir='ltr'><strong><em>liber</em></strong></span> <span class='ocrx_word' id='word_1_156' title='bbox 2897 1953 3191 2036; x_wconf 83' lang='lat' dir='ltr'><strong><em>Dionysii</em></strong></span> <span class='ocrx_word' id='word_1_157' title='bbox 3239 1957 3530 2035; x_wconf 80' lang='lat' dir='ltr'><strong><em>Areopa-</em></strong></span> 
     </span>
    </p>
   </div>
   <div class='ocr_carea' id='block_1_16' title="bbox 257 2066 3523 2154">
    <p class='ocr_par' dir='ltr' id='par_1_16' title="bbox 257 2066 3523 2154">
     <span class='ocr_line' id='line_1_16' title="bbox 257 2066 3523 2154; baseline -0.001 -18"><span class='ocrx_word' id='word_1_158' title='bbox 257 2072 428 2154; x_wconf 87' lang='lat' dir='ltr'><strong><em>gitae</em></strong></span> <span class='ocrx_word' id='word_1_159' title='bbox 456 2074 738 2153; x_wconf 86' lang='lat' dir='ltr'><strong><em>episcopi</em></strong></span> <span class='ocrx_word' id='word_1_160' title='bbox 793 2072 1177 2134; x_wconf 82' lang='lat' dir='ltr'><strong><em>Athenarum</em></strong></span> <span class='ocrx_word' id='word_1_161' title='bbox 1238 2067 1335 2131; x_wconf 47' lang='lat' dir='ltr'><strong><em>.ad</em></strong></span> <span class='ocrx_word' id='word_1_162' title='bbox 1422 2066 1810 2129; x_wconf 87' lang='lat' dir='ltr'><strong><em>Timotheum</em></strong></span> <span class='ocrx_word' id='word_1_163' title='bbox 1870 2067 2233 2147; x_wconf 88' lang='lat' dir='ltr'><strong><em>episcopum</em></strong></span> <span class='ocrx_word' id='word_1_164' title='bbox 2283 2068 2515 2148; x_wconf 86' lang='lat' dir='ltr'><strong><em>Ephesi</em></strong></span> <span class='ocrx_word' id='word_1_165' title='bbox 2573 2069 2646 2130; x_wconf 91' lang='lat' dir='ltr'><strong><em>de</em></strong></span> <span class='ocrx_word' id='word_1_166' title='bbox 2701 2071 3118 2135; x_wconf 88' lang='lat' dir='ltr'><strong><em>ecclesiastica</em></strong></span> <span class='ocrx_word' id='word_1_167' title='bbox 3184 2072 3523 2137; x_wconf 86' lang='lat' dir='ltr'><strong><em>ierarchia.</em></strong></span> 
     </span>
    </p>
   </div>
   <div class='ocr_carea' id='block_1_17' title="bbox 339 2187 3531 2275">
    <p class='ocr_par' dir='ltr' id='par_1_17' title="bbox 339 2187 3531 2275">
     <span class='ocr_line' id='line_1_17' title="bbox 339 2187 3531 2275; baseline 0 -19"><span class='ocrx_word' id='word_1_168' title='bbox 339 2195 401 2256; x_wconf 87' lang='lat'><strong><em>3.</em></strong></span> <span class='ocrx_word' id='word_1_169' title='bbox 435 2190 548 2255; x_wconf 85' lang='lat' dir='ltr'><strong><em>fol.</em></strong></span> <span class='ocrx_word' id='word_1_170' title='bbox 577 2193 795 2268; x_wconf 79' lang='lat'><strong><em>19,2—</em></strong></span> <span class='ocrx_word' id='word_1_171' title='bbox 831 2192 986 2267; x_wconf 39' lang='lat'><strong><em>2&amp;1</em></strong></span> <span class='ocrx_word' id='word_1_172' title='bbox 1033 2191 1234 2255; x_wconf 77' lang='lat' dir='ltr'><strong><em>literis</em></strong></span> <span class='ocrx_word' id='word_1_173' title='bbox 1265 2189 1469 2253; x_wconf 90' lang='lat' dir='ltr'><strong><em>multo</em></strong></span> <span class='ocrx_word' id='word_1_174' title='bbox 1497 2187 1856 2251; x_wconf 85' lang='lat' dir='ltr'><strong><em>minoribus</em></strong></span> <span class='ocrx_word' id='word_1_175' title='bbox 1889 2193 1952 2251; x_wconf 89' lang='lat' dir='ltr'><strong><em>et</em></strong></span> <span class='ocrx_word' id='word_1_176' title='bbox 1986 2189 2282 2268; x_wconf 84' lang='lat' dir='ltr'><strong><em>plurimis</em></strong></span> <span class='ocrx_word' id='word_1_177' title='bbox 2321 2190 2790 2254; x_wconf 86' lang='lat' dir='ltr'><strong><em>abbreviaturis</em></strong></span> <span class='ocrx_word' id='word_1_178' title='bbox 2830 2200 3135 2258; x_wconf 85' lang='lat' dir='ltr'><strong><em>tractatus</em></strong></span> <span class='ocrx_word' id='word_1_179' title='bbox 3161 2196 3477 2275; x_wconf 86' lang='lat' dir='ltr'><strong><em>anonymi</em></strong></span> <span class='ocrx_word' id='word_1_180' title='bbox 3511 2241 3531 2275; x_wconf 88' lang='lat'><strong><em>,</em></strong></span> 
     </span>
    </p>
   </div>
   <div class='ocr_carea' id='block_1_18' title="bbox 263 2318 3531 2407">
    <p class='ocr_par' dir='ltr' id='par_1_18' title="bbox 263 2318 3531 2407">
     <span class='ocr_line' id='line_1_18' title="bbox 263 2318 3531 2407; baseline 0.001 -19"><span class='ocrx_word' id='word_1_181' title='bbox 263 2326 378 2406; x_wconf 88' lang='lat' dir='ltr'><strong><em>qui</em></strong></span> <span class='ocrx_word' id='word_1_182' title='bbox 401 2323 630 2405; x_wconf 80' lang='lat' dir='ltr'><strong><em>incipit</em></strong></span> <span class='ocrx_word' id='word_1_183' title='bbox 652 2340 689 2387; x_wconf 88' lang='lat' dir='ltr'><strong><em>a</em></strong></span> <span class='ocrx_word' id='word_1_184' title='bbox 710 2322 901 2387; x_wconf 89' lang='lat' dir='ltr'><strong><em>titulo</em></strong></span> <span class='ocrx_word' id='word_1_185' title='bbox 933 2323 1197 2386; x_wconf 87' lang='lat' dir='ltr'><strong><em>miniato</em></strong></span> <span class='ocrx_word' id='word_1_186' title='bbox 1225 2344 1239 2383; x_wconf 91' lang='lat'><strong>:</strong></span> <span class='ocrx_word' id='word_1_187' title='bbox 1268 2319 1510 2400; x_wconf 88' lang='lat' dir='ltr'><strong><em>Incipit</em></strong></span> <span class='ocrx_word' id='word_1_188' title='bbox 1542 2318 1799 2399; x_wconf 87' lang='lat' dir='ltr'><strong><em>quidam</em></strong></span> <span class='ocrx_word' id='word_1_189' title='bbox 1832 2326 2141 2381; x_wconf 87' lang='lat' dir='ltr'><strong><em>tractatus</em></strong></span> <span class='ocrx_word' id='word_1_190' title='bbox 2168 2319 2390 2397; x_wconf 90' lang='lat' dir='ltr'><strong><em>bonus,</em></strong></span> <span class='ocrx_word' id='word_1_191' title='bbox 2420 2322 2529 2402; x_wconf 89' lang='lat' dir='ltr'><strong><em>qui</em></strong></span> <span class='ocrx_word' id='word_1_192' title='bbox 2556 2339 2683 2383; x_wconf 89' lang='lat' dir='ltr'><strong><em>non</em></strong></span> <span class='ocrx_word' id='word_1_193' title='bbox 2704 2329 2792 2384; x_wconf 90' lang='lat' dir='ltr'><strong><em>est</em></strong></span> <span class='ocrx_word' id='word_1_194' title='bbox 2818 2322 2891 2384; x_wconf 86' lang='lat' dir='ltr'><strong><em>de</em></strong></span> <span class='ocrx_word' id='word_1_195' title='bbox 2917 2322 3098 2387; x_wconf 89' lang='lat' dir='ltr'><strong><em>libris</em></strong></span> <span class='ocrx_word' id='word_1_196' title='bbox 3128 2327 3447 2407; x_wconf 75' lang='lat' dir='ltr'><strong><em>Dionysii,</em></strong></span> <span class='ocrx_word' id='word_1_197' title='bbox 3472 2333 3531 2389; x_wconf 87' lang='lat' dir='ltr'><strong><em>et</em></strong></span> 
     </span>
    </p>
   </div>
   <div class='ocr_carea' id='block_1_19' title="bbox 264 2452 3535 2554">
    <p class='ocr_par' dir='ltr' id='par_1_19' title="bbox 264 2452 3535 2554">
     <span class='ocr_line' id='line_1_19' title="bbox 264 2452 3535 2554; baseline 0.001 -36"><span class='ocrx_word' id='word_1_198' title='bbox 264 2456 455 2520; x_wconf 87' lang='lat' dir='ltr'><strong><em>durat</em></strong></span> <span class='ocrx_word' id='word_1_199' title='bbox 485 2476 681 2539; x_wconf 88' lang='lat' dir='ltr'><strong><em>usque</em></strong></span> <span class='ocrx_word' id='word_1_200' title='bbox 729 2456 812 2517; x_wconf 91' lang='lat' dir='ltr'><strong><em>ad</em></strong></span> <span class='ocrx_word' id='word_1_201' title='bbox 849 2455 976 2520; x_wconf 77' lang='lat' dir='ltr'><strong><em>VII</em></strong></span> <span class='ocrx_word' id='word_1_202' title='bbox 1026 2455 1253 2539; x_wconf 83' lang='lat' dir='ltr'><strong><em>folium</em></strong></span> <span class='ocrx_word' id='word_1_203' title='bbox 1283 2454 1372 2518; x_wconf 90' lang='lat' dir='ltr'><strong><em>ibi</em></strong></span> <span class='ocrx_word' id='word_1_204' title='bbox 1404 2472 1635 2516; x_wconf 92' lang='lat' dir='ltr'><strong><em>memor</em></strong></span> <span class='ocrx_word' id='word_1_205' title='bbox 1677 2460 1838 2554; x_wconf 72' lang='lat' dir='ltr'><strong><em>esto,</em></strong></span> <span class='ocrx_word' id='word_1_206' title='bbox 1872 2459 1993 2517; x_wconf 91' lang='lat' dir='ltr'><strong><em>cet.</em></strong></span> <span class='ocrx_word' id='word_1_207' title='bbox 2031 2452 2175 2536; x_wconf 88' lang='lat' dir='ltr'><strong><em>(alia</em></strong></span> <span class='ocrx_word' id='word_1_208' title='bbox 2209 2470 2437 2517; x_wconf 86' lang='lat' dir='ltr'><strong><em>manus</em></strong></span> <span class='ocrx_word' id='word_1_209' title='bbox 2470 2460 2617 2535; x_wconf 87' lang='lat' dir='ltr'><strong><em>post</em></strong></span> <span class='ocrx_word' id='word_1_210' title='bbox 2654 2472 2869 2518; x_wconf 89' lang='lat' dir='ltr'><strong><em>vocem</em></strong></span> <span class='ocrx_word' id='word_1_211' title='bbox 2906 2475 3138 2519; x_wconf 90' lang='lat' dir='ltr'><strong><em>memor</em></strong></span> <span class='ocrx_word' id='word_1_212' title='bbox 3176 2463 3535 2522; x_wconf 81' lang='lat' dir='ltr'><strong><em>atramento</em></strong></span> 
     </span>
    </p>
   </div>
   <div class='ocr_carea' id='block_1_20' title="bbox 263 2585 3530 2671">
    <p class='ocr_par' dir='ltr' id='par_1_20' title="bbox 263 2585 3530 2671">
     <span class='ocr_line' id='line_1_20' title="bbox 263 2585 3530 2671; baseline 0.001 -18"><span class='ocrx_word' id='word_1_213' title='bbox 263 2590 450 2671; x_wconf 80' lang='lat' dir='ltr'><strong><em>nigro</em></strong></span> <span class='ocrx_word' id='word_1_214' title='bbox 505 2608 700 2669; x_wconf 83' lang='lat' dir='ltr'><strong><em>supra</em></strong></span> <span class='ocrx_word' id='word_1_215' title='bbox 748 2589 951 2653; x_wconf 84' lang='lat' dir='ltr'><strong><em>adscr.</em></strong></span> <span class='ocrx_word' id='word_1_216' title='bbox 1011 2585 1322 2671; x_wconf 87' lang='lat' dir='ltr'><strong><em>hospitii),</em></strong></span> <span class='ocrx_word' id='word_1_217' title='bbox 1374 2592 1436 2650; x_wconf 92' lang='lat' dir='ltr'><strong><em>et</em></strong></span> <span class='ocrx_word' id='word_1_218' title='bbox 1478 2586 1729 2649; x_wconf 87' lang='lat' dir='ltr'><strong><em>orditur</em></strong></span> <span class='ocrx_word' id='word_1_219' title='bbox 1761 2605 1795 2649; x_wconf 90' lang='lat' dir='ltr'><strong><em>a</em></strong></span> <span class='ocrx_word' id='word_1_220' title='bbox 1824 2585 2038 2650; x_wconf 85' lang='lat' dir='ltr'><strong><em>verbis</em></strong></span> <span class='ocrx_word' id='word_1_221' title='bbox 2074 2608 2090 2648; x_wconf 93' lang='lat'><strong>:</strong></span> <span class='ocrx_word' id='word_1_222' title='bbox 2135 2587 2349 2649; x_wconf 88' lang='lat' dir='ltr'><strong><em>Omnis</em></strong></span> <span class='ocrx_word' id='word_1_223' title='bbox 2383 2589 2660 2669; x_wconf 88' lang='lat' dir='ltr'><strong><em>cognitio</em></strong></span> <span class='ocrx_word' id='word_1_224' title='bbox 2697 2597 2806 2652; x_wconf 91' lang='lat' dir='ltr'><strong><em>aut</em></strong></span> <span class='ocrx_word' id='word_1_225' title='bbox 2838 2599 2926 2652; x_wconf 90' lang='lat' dir='ltr'><strong><em>est</em></strong></span> <span class='ocrx_word' id='word_1_226' title='bbox 2964 2590 3260 2666; x_wconf 89' lang='lat' dir='ltr'><strong><em>initialis,</em></strong></span> <span class='ocrx_word' id='word_1_227' title='bbox 3301 2596 3413 2653; x_wconf 90' lang='lat' dir='ltr'><strong><em>aut</em></strong></span> <span class='ocrx_word' id='word_1_228' title='bbox 3449 2609 3530 2655; x_wconf 75' lang='lat' dir='ltr'><strong><em>ea:</em></strong></span> 
     </span>
    </p>
   </div>
   <div class='ocr_carea' id='block_1_21' title="bbox 262 2709 3532 2804">
    <p class='ocr_par' dir='ltr' id='par_1_21' title="bbox 262 2709 3532 2804">
     <span class='ocr_line' id='line_1_21' title="bbox 262 2709 3532 2804; baseline 0.001 -22"><span class='ocrx_word' id='word_1_229' title='bbox 262 2720 718 2801; x_wconf 71' lang='lat' dir='ltr'><strong><em>praeexistenti</em></strong></span> <span class='ocrx_word' id='word_1_230' title='bbox 744 2721 994 2803; x_wconf 84' lang='lat' dir='ltr'><strong><em>aliqua;</em></strong></span> <span class='ocrx_word' id='word_1_231' title='bbox 1032 2720 1229 2782; x_wconf 89' lang='lat' dir='ltr'><strong><em>omnis</em></strong></span> <span class='ocrx_word' id='word_1_232' title='bbox 1258 2725 1463 2781; x_wconf 88' lang='lat' dir='ltr'><strong><em>autem</em></strong></span> <span class='ocrx_word' id='word_1_233' title='bbox 1519 2716 1799 2780; x_wconf 86' lang='lat' dir='ltr'><strong><em>initialis</em></strong></span> <span class='ocrx_word' id='word_1_234' title='bbox 1827 2724 1935 2779; x_wconf 87' lang='lat' dir='ltr'><strong><em>aut</em></strong></span> <span class='ocrx_word' id='word_1_235' title='bbox 1969 2725 2057 2779; x_wconf 89' lang='lat' dir='ltr'><strong><em>est</em></strong></span> <span class='ocrx_word' id='word_1_236' title='bbox 2090 2709 2458 2798; x_wconf 82' lang='lat' dir='ltr'><strong><em>singularis,</em></strong></span> <span class='ocrx_word' id='word_1_237' title='bbox 2494 2727 2605 2780; x_wconf 86' lang='lat' dir='ltr'><strong><em>aut</em></strong></span> <span class='ocrx_word' id='word_1_238' title='bbox 2644 2721 3017 2785; x_wconf 78' lang='lat' dir='ltr'><strong><em>universalis</em></strong></span> <span class='ocrx_word' id='word_1_239' title='bbox 3042 2743 3065 2794; x_wconf 83' lang='lat'><strong><em>;</em></strong></span> <span class='ocrx_word' id='word_1_240' title='bbox 3096 2725 3155 2785; x_wconf 89' lang='lat' dir='ltr'><strong><em>si</em></strong></span> <span class='ocrx_word' id='word_1_241' title='bbox 3183 2720 3532 2804; x_wconf 78' lang='lat' dir='ltr'><strong><em>singularis</em></strong></span> 
     </span>
    </p>
   </div>
   <div class='ocr_carea' id='block_1_22' title="bbox 268 2818 3535 2934">
    <p class='ocr_par' dir='ltr' id='par_1_22' title="bbox 268 2851 3535 2934">
     <span class='ocr_line' id='line_1_22' title="bbox 268 2851 3535 2934; baseline 0.001 -18"><span class='ocrx_word' id='word_1_242' title='bbox 268 2863 378 2932; x_wconf 87' lang='lat' dir='ltr'><strong><em>est,</em></strong></span> <span class='ocrx_word' id='word_1_243' title='bbox 410 2855 531 2918; x_wconf 90' lang='lat' dir='ltr'><strong><em>erit</em></strong></span> <span class='ocrx_word' id='word_1_244' title='bbox 566 2873 779 2918; x_wconf 88' lang='lat' dir='ltr'><strong><em>sensus</em></strong></span> <span class='ocrx_word' id='word_1_245' title='bbox 813 2854 940 2918; x_wconf 91' lang='lat' dir='ltr'><strong><em>sive</em></strong></span> <span class='ocrx_word' id='word_1_246' title='bbox 976 2853 1362 2934; x_wconf 75' lang='lat' dir='ltr'><strong><em>experientia</em></strong></span> <span class='ocrx_word' id='word_1_247' title='bbox 1382 2853 1508 2915; x_wconf 90' lang='lat' dir='ltr'><strong><em>sive</em></strong></span> <span class='ocrx_word' id='word_1_248' title='bbox 1536 2852 1853 2925; x_wconf 77' lang='lat' dir='ltr'><strong><em>mmoria,</em></strong></span> <span class='ocrx_word' id='word_1_249' title='bbox 1892 2852 1949 2913; x_wconf 90' lang='lat' dir='ltr'><strong><em>si</em></strong></span> <span class='ocrx_word' id='word_1_250' title='bbox 1986 2851 2386 2926; x_wconf 88' lang='lat' dir='ltr'><strong><em>universalis,</em></strong></span> <span class='ocrx_word' id='word_1_251' title='bbox 2421 2853 2540 2914; x_wconf 90' lang='lat' dir='ltr'><strong><em>erit</em></strong></span> <span class='ocrx_word' id='word_1_252' title='bbox 2562 2853 2910 2917; x_wconf 89' lang='lat' dir='ltr'><strong><em>intellectus</em></strong></span> <span class='ocrx_word' id='word_1_253' title='bbox 2943 2862 3062 2918; x_wconf 89' lang='lat' dir='ltr'><strong><em>cet.</em></strong></span> <span class='ocrx_word' id='word_1_254' title='bbox 3103 2857 3357 2920; x_wconf 89' lang='lat' dir='ltr'><strong><em>Finitur</em></strong></span> <span class='ocrx_word' id='word_1_255' title='bbox 3400 2857 3535 2921; x_wconf 88' lang='lat' dir='ltr'><strong><em>sic:</em></strong></span> 
     </span>
    </p>
   </div>
   <div class='ocr_carea' id='block_1_23' title="bbox 266 2983 3539 3069">
    <p class='ocr_par' dir='ltr' id='par_1_23' title="bbox 266 2983 3539 3069">
     <span class='ocr_line' id='line_1_23' title="bbox 266 2983 3539 3069; baseline 0.002 -23"><span class='ocrx_word' id='word_1_256' title='bbox 266 2985 427 3047; x_wconf 88' lang='lat' dir='ltr'><strong><em>Sunt</em></strong></span> <span class='ocrx_word' id='word_1_257' title='bbox 457 2985 617 3048; x_wconf 87' lang='lat' dir='ltr'><strong><em>enim</em></strong></span> <span class='ocrx_word' id='word_1_258' title='bbox 650 2986 878 3067; x_wconf 88' lang='lat' dir='ltr'><strong><em>angeli,</em></strong></span> <span class='ocrx_word' id='word_1_259' title='bbox 912 2988 1019 3069; x_wconf 87' lang='lat' dir='ltr'><strong><em>qui</em></strong></span> <span class='ocrx_word' id='word_1_260' title='bbox 1048 2986 1163 3049; x_wconf 88' lang='lat' dir='ltr'><strong><em>hoc</em></strong></span> <span class='ocrx_word' id='word_1_261' title='bbox 1196 2986 1417 3048; x_wconf 88' lang='lat' dir='ltr'><strong><em>habent</em></strong></span> <span class='ocrx_word' id='word_1_262' title='bbox 1446 2988 1515 3046; x_wconf 88' lang='lat' dir='ltr'><strong><em>in</em></strong></span> <span class='ocrx_word' id='word_1_263' title='bbox 1558 3002 1829 3059; x_wconf 88' lang='lat' dir='ltr'><strong><em>munere,</em></strong></span> <span class='ocrx_word' id='word_1_264' title='bbox 1868 2990 1941 3045; x_wconf 92' lang='lat' dir='ltr'><strong><em>ut</em></strong></span> <span class='ocrx_word' id='word_1_265' title='bbox 1981 3001 2193 3044; x_wconf 90' lang='lat' dir='ltr'><strong><em>eorum</em></strong></span> <span class='ocrx_word' id='word_1_266' title='bbox 2226 2983 2579 3045; x_wconf 85' lang='lat' dir='ltr'><strong><em>ministerio</em></strong></span> <span class='ocrx_word' id='word_1_267' title='bbox 2610 2984 2766 3063; x_wconf 81' lang='lat' dir='ltr'><strong><em>fiant</em></strong></span> <span class='ocrx_word' id='word_1_268' title='bbox 2812 2986 3153 3063; x_wconf 89' lang='lat' dir='ltr'><strong><em>miracula,</em></strong></span> <span class='ocrx_word' id='word_1_269' title='bbox 3187 2994 3244 3048; x_wconf 92' lang='lat' dir='ltr'><strong><em>et</em></strong></span> <span class='ocrx_word' id='word_1_270' title='bbox 3279 2988 3366 3050; x_wconf 90' lang='lat' dir='ltr'><strong><em>eis</em></strong></span> <span class='ocrx_word' id='word_1_271' title='bbox 3417 3006 3539 3051; x_wconf 87' lang='lat' dir='ltr'><strong><em>me-</em></strong></span> 
     </span>
    </p>
   </div>
   <div class='ocr_carea' id='block_1_24' title="bbox 269 3107 3533 3198">
    <p class='ocr_par' dir='ltr' id='par_1_24' title="bbox 269 3107 3533 3198">
     <span class='ocr_line' id='line_1_24' title="bbox 269 3107 3533 3198; baseline 0 -21"><span class='ocrx_word' id='word_1_272' title='bbox 269 3113 593 3179; x_wconf 88' lang='lat' dir='ltr'><strong><em>diantibus</em></strong></span> <span class='ocrx_word' id='word_1_273' title='bbox 644 3118 799 3198; x_wconf 79' lang='lat' dir='ltr'><strong><em>ﬁant</em></strong></span> <span class='ocrx_word' id='word_1_274' title='bbox 835 3119 1098 3181; x_wconf 86' lang='lat' dir='ltr'><strong><em>virtutes</em></strong></span> <span class='ocrx_word' id='word_1_275' title='bbox 1146 3119 1214 3180; x_wconf 87' lang='lat' dir='ltr'><strong><em>in</em></strong></span> <span class='ocrx_word' id='word_1_276' title='bbox 1260 3116 1638 3179; x_wconf 90' lang='lat' dir='ltr'><strong><em>hominibus.</em></strong></span> <span class='ocrx_word' id='word_1_277' title='bbox 1692 3115 1781 3177; x_wconf 85' lang='lat' dir='ltr'><strong><em>Hi</em></strong></span> <span class='ocrx_word' id='word_1_278' title='bbox 1829 3115 2223 3177; x_wconf 81' lang='lat' dir='ltr'><strong><em>constituunt</em></strong></span> <span class='ocrx_word' id='word_1_279' title='bbox 2268 3112 2581 3188; x_wconf 91' lang='lat' dir='ltr'><strong><em>ordinem,</em></strong></span> <span class='ocrx_word' id='word_1_280' title='bbox 2644 3107 2755 3194; x_wconf 83' lang='lat' dir='ltr'><strong><em>qui</em></strong></span> <span class='ocrx_word' id='word_1_281' title='bbox 2814 3113 3055 3175; x_wconf 88' lang='lat' dir='ltr'><strong><em>dicitur</em></strong></span> <span class='ocrx_word' id='word_1_282' title='bbox 3100 3114 3388 3176; x_wconf 87' lang='lat' dir='ltr'><strong><em>virtutes.</em></strong></span> <span class='ocrx_word' id='word_1_283' title='bbox 3437 3116 3533 3178; x_wconf 84' lang='lat' dir='ltr'><strong><em>Hi</em></strong></span> 
     </span>
    </p>
   </div>
   <div class='ocr_carea' id='block_1_25' title="bbox 269 3244 3542 3330">
    <p class='ocr_par' dir='ltr' id='par_1_25' title="bbox 269 3244 3542 3330">
     <span class='ocr_line' id='line_1_25' title="bbox 269 3244 3542 3330; baseline -0.001 -18"><span class='ocrx_word' id='word_1_284' title='bbox 269 3249 481 3312; x_wconf 85' lang='lat' dir='ltr'><strong><em>adesse</em></strong></span> <span class='ocrx_word' id='word_1_285' title='bbox 508 3249 854 3313; x_wconf 89' lang='lat' dir='ltr'><strong><em>traduntur</em></strong></span> <span class='ocrx_word' id='word_1_286' title='bbox 882 3252 950 3313; x_wconf 90' lang='lat' dir='ltr'><strong><em>in</em></strong></span> <span class='ocrx_word' id='word_1_287' title='bbox 980 3251 1197 3328; x_wconf 89' lang='lat' dir='ltr'><strong><em>altari,</em></strong></span> <span class='ocrx_word' id='word_1_288' title='bbox 1230 3269 1367 3312; x_wconf 89' lang='lat' dir='ltr'><strong><em>cum</em></strong></span> <span class='ocrx_word' id='word_1_289' title='bbox 1397 3249 1582 3330; x_wconf 90' lang='lat' dir='ltr'><strong><em>panis</em></strong></span> <span class='ocrx_word' id='word_1_290' title='bbox 1628 3255 1913 3309; x_wconf 90' lang='lat' dir='ltr'><strong><em>mutatur</em></strong></span> <span class='ocrx_word' id='word_1_291' title='bbox 1938 3248 2005 3309; x_wconf 89' lang='lat' dir='ltr'><strong><em>in</em></strong></span> <span class='ocrx_word' id='word_1_292' title='bbox 2053 3264 2285 3326; x_wconf 88' lang='lat' dir='ltr'><strong><em>corpus</em></strong></span> <span class='ocrx_word' id='word_1_293' title='bbox 2315 3244 2580 3308; x_wconf 85' lang='lat' dir='ltr'><strong><em>Christi.</em></strong></span> <span class='ocrx_word' id='word_1_294' title='bbox 2612 3245 2700 3306; x_wconf 90' lang='lat' dir='ltr'><strong><em>De</em></strong></span> <span class='ocrx_word' id='word_1_295' title='bbox 2735 3263 2948 3307; x_wconf 89' lang='lat' dir='ltr'><strong><em>eorum</em></strong></span> <span class='ocrx_word' id='word_1_296' title='bbox 2980 3245 3300 3308; x_wconf 87' lang='lat' dir='ltr'><strong><em>consortio</em></strong></span> <span class='ocrx_word' id='word_1_297' title='bbox 3356 3254 3542 3309; x_wconf 85' lang='lat' dir='ltr'><strong><em>erunt</em></strong></span> 
     </span>
    </p>
   </div>
   <div class='ocr_carea' id='block_1_26' title="bbox 274 3377 3538 3463">
    <p class='ocr_par' dir='ltr' id='par_1_26' title="bbox 274 3377 3538 3463">
     <span class='ocr_line' id='line_1_26' title="bbox 274 3377 3538 3463; baseline 0 -20"><span class='ocrx_word' id='word_1_298' title='bbox 274 3380 398 3455; x_wconf 88' lang='lat' dir='ltr'><strong><em>illi,</em></strong></span> <span class='ocrx_word' id='word_1_299' title='bbox 430 3380 657 3463; x_wconf 89' lang='lat' dir='ltr'><strong><em>quibus</em></strong></span> <span class='ocrx_word' id='word_1_300' title='bbox 692 3379 1119 3462; x_wconf 90' lang='lat' dir='ltr'><strong><em>spiritualiter</em></strong></span> <span class='ocrx_word' id='word_1_301' title='bbox 1155 3377 1368 3441; x_wconf 89' lang='lat' dir='ltr'><strong><em>datum</em></strong></span> <span class='ocrx_word' id='word_1_302' title='bbox 1401 3379 1582 3460; x_wconf 89' lang='lat' dir='ltr'><strong><em>quasi</em></strong></span> <span class='ocrx_word' id='word_1_303' title='bbox 1620 3377 1953 3459; x_wconf 88' lang='lat' dir='ltr'><strong><em>spirituali</em></strong></span> <span class='ocrx_word' id='word_1_304' title='bbox 1986 3396 2256 3452; x_wconf 89' lang='lat' dir='ltr'><strong><em>munere,</em></strong></span> <span class='ocrx_word' id='word_1_305' title='bbox 2292 3379 2494 3459; x_wconf 80' lang='lat' dir='ltr'><strong><em>facere</em></strong></span> <span class='ocrx_word' id='word_1_306' title='bbox 2513 3379 2847 3440; x_wconf 89' lang='lat' dir='ltr'><strong><em>miracula.</em></strong></span> <span class='ocrx_word' id='word_1_307' title='bbox 2877 3378 3049 3441; x_wconf 85' lang='lat' dir='ltr'><strong><em>Huic</em></strong></span> <span class='ocrx_word' id='word_1_308' title='bbox 3086 3377 3305 3451; x_wconf 85' lang='lat' dir='ltr'><strong><em>ordini</em></strong></span> <span class='ocrx_word' id='word_1_309' title='bbox 3336 3398 3538 3461; x_wconf 89' lang='lat' dir='ltr'><strong><em>oppo-</em></strong></span> 
     </span>
    </p>
   </div>
   <div class='ocr_carea' id='block_1_27' title="bbox 269 3511 3543 3594">
    <p class='ocr_par' dir='ltr' id='par_1_27' title="bbox 269 3511 3543 3594">
     <span class='ocr_line' id='line_1_27' title="bbox 269 3511 3543 3594; baseline -0.001 -14"><span class='ocrx_word' id='word_1_310' title='bbox 269 3520 463 3583; x_wconf 89' lang='lat' dir='ltr'><strong><em>situm</em></strong></span> <span class='ocrx_word' id='word_1_311' title='bbox 520 3524 607 3578; x_wconf 89' lang='lat' dir='ltr'><strong><em>est</em></strong></span> <span class='ocrx_word' id='word_1_312' title='bbox 667 3513 832 3578; x_wconf 90' lang='lat' dir='ltr'><strong><em>illud</em></strong></span> <span class='ocrx_word' id='word_1_313' title='bbox 878 3512 1206 3594; x_wconf 88' lang='lat' dir='ltr'><strong><em>collegium</em></strong></span> <span class='ocrx_word' id='word_1_314' title='bbox 1280 3512 1662 3589; x_wconf 89' lang='lat' dir='ltr'><strong><em>daemonum,</em></strong></span> <span class='ocrx_word' id='word_1_315' title='bbox 1739 3513 2084 3575; x_wconf 86' lang='lat' dir='ltr'><strong><em>ministerio</em></strong></span> <span class='ocrx_word' id='word_1_316' title='bbox 2142 3530 2409 3594; x_wconf 89' lang='lat' dir='ltr'><strong><em>quorum</em></strong></span> <span class='ocrx_word' id='word_1_317' title='bbox 2474 3513 2635 3593; x_wconf 80' lang='lat' dir='ltr'><strong><em>ﬁunt</em></strong></span> <span class='ocrx_word' id='word_1_318' title='bbox 2700 3513 3053 3594; x_wconf 88' lang='lat' dir='ltr'><strong><em>praestigia</em></strong></span> <span class='ocrx_word' id='word_1_319' title='bbox 3120 3511 3204 3575; x_wconf 89' lang='lat' dir='ltr'><strong><em>ad</em></strong></span> <span class='ocrx_word' id='word_1_320' title='bbox 3266 3513 3543 3590; x_wconf 81' lang='lat' dir='ltr'><strong><em>homines</em></strong></span> 
     </span>
    </p>
   </div>
   <div class='ocr_carea' id='block_1_28' title="bbox 269 3647 3544 3729">
    <p class='ocr_par' dir='ltr' id='par_1_28' title="bbox 269 3647 3544 3729">
     <span class='ocr_line' id='line_1_28' title="bbox 269 3647 3544 3729; baseline -0 -13"><span class='ocrx_word' id='word_1_321' title='bbox 269 3650 653 3716; x_wconf 87' lang='lat' dir='ltr'><strong><em>illudendos.</em></strong></span> <span class='ocrx_word' id='word_1_322' title='bbox 693 3650 781 3712; x_wconf 91' lang='lat' dir='ltr'><strong><em>De</em></strong></span> <span class='ocrx_word' id='word_1_323' title='bbox 831 3669 1043 3713; x_wconf 89' lang='lat' dir='ltr'><strong><em>eorum</em></strong></span> <span class='ocrx_word' id='word_1_324' title='bbox 1094 3650 1413 3713; x_wconf 87' lang='lat' dir='ltr'><strong><em>consortio</em></strong></span> <span class='ocrx_word' id='word_1_325' title='bbox 1463 3648 1557 3711; x_wconf 78' lang='lat' dir='ltr'><strong><em>vel</em></strong></span> <span class='ocrx_word' id='word_1_326' title='bbox 1609 3656 1916 3713; x_wconf 90' lang='lat' dir='ltr'><strong><em>conventu</em></strong></span> <span class='ocrx_word' id='word_1_327' title='bbox 1956 3657 2134 3710; x_wconf 86' lang='lat' dir='ltr'><strong><em>erunt</em></strong></span> <span class='ocrx_word' id='word_1_328' title='bbox 2198 3647 2322 3723; x_wconf 87' lang='lat' dir='ltr'><strong><em>illi,</em></strong></span> <span class='ocrx_word' id='word_1_329' title='bbox 2361 3648 2471 3729; x_wconf 91' lang='lat' dir='ltr'><strong><em>qui</em></strong></span> <span class='ocrx_word' id='word_1_330' title='bbox 2520 3648 2894 3728; x_wconf 87' lang='lat' dir='ltr'><strong><em>praestigiis</em></strong></span> <span class='ocrx_word' id='word_1_331' title='bbox 2943 3657 2999 3711; x_wconf 88' lang='lat' dir='ltr'><strong><em>et</em></strong></span> <span class='ocrx_word' id='word_1_332' title='bbox 3043 3647 3544 3716; x_wconf 86' lang='lat' dir='ltr'><strong><em>divinationibus</em></strong></span> 
     </span>
    </p>
   </div>
   <div class='ocr_carea' id='block_1_29' title="bbox 268 3778 3548 3864">
    <p class='ocr_par' dir='ltr' id='par_1_29' title="bbox 268 3778 3548 3864">
     <span class='ocr_line' id='line_1_29' title="bbox 268 3778 3548 3864; baseline 0 -15"><span class='ocrx_word' id='word_1_333' title='bbox 268 3784 652 3856; x_wconf 85' lang='lat' dir='ltr'><strong><em>intendunt;</em></strong></span> <span class='ocrx_word' id='word_1_334' title='bbox 685 3782 973 3845; x_wconf 87' lang='lat' dir='ltr'><strong><em>ordinate</em></strong></span> <span class='ocrx_word' id='word_1_335' title='bbox 1003 3791 1206 3845; x_wconf 90' lang='lat' dir='ltr'><strong><em>autem</em></strong></span> <span class='ocrx_word' id='word_1_336' title='bbox 1234 3780 1629 3864; x_wconf 89' lang='lat' dir='ltr'><strong><em>praedictum</em></strong></span> <span class='ocrx_word' id='word_1_337' title='bbox 1660 3782 1944 3843; x_wconf 90' lang='lat' dir='ltr'><strong><em>insinuat</em></strong></span> <span class='ocrx_word' id='word_1_338' title='bbox 1984 3781 2235 3860; x_wconf 88' lang='lat' dir='ltr'><strong><em>primus</em></strong></span> <span class='ocrx_word' id='word_1_339' title='bbox 2272 3779 2584 3841; x_wconf 90' lang='lat' dir='ltr'><strong><em>articulus</em></strong></span> <span class='ocrx_word' id='word_1_340' title='bbox 2634 3778 3102 3862; x_wconf 88' lang='lat' dir='ltr'><strong><em>descriptionis,</em></strong></span> <span class='ocrx_word' id='word_1_341' title='bbox 3133 3800 3272 3844; x_wconf 88' lang='lat' dir='ltr'><strong><em>cum</em></strong></span> <span class='ocrx_word' id='word_1_342' title='bbox 3305 3781 3548 3853; x_wconf 84' lang='lat' dir='ltr'><strong><em>dicitur</em></strong></span> 
     </span>
    </p>
   </div>
   <div class='ocr_carea' id='block_1_30' title="bbox 267 3910 3548 4009">
    <p class='ocr_par' dir='ltr' id='par_1_30' title="bbox 267 3910 3548 4009">
     <span class='ocr_line' id='line_1_30' title="bbox 267 3910 3548 4009; baseline -0.004 -29"><span class='ocrx_word' id='word_1_343' title='bbox 267 3936 380 3980; x_wconf 84' lang='lat' dir='ltr'><strong><em>nec</em></strong></span> <span class='ocrx_word' id='word_1_344' title='bbox 437 3917 678 3997; x_wconf 88' lang='lat' dir='ltr'><strong><em>legibus</em></strong></span> <span class='ocrx_word' id='word_1_345' title='bbox 742 3933 1097 3977; x_wconf 87' lang='lat' dir='ltr'><strong><em>occurrens.</em></strong></span> <span class='ocrx_word' id='word_1_346' title='bbox 1157 3914 1478 3976; x_wconf 88' lang='lat' dir='ltr'><strong><em>Praedicti</em></strong></span> <span class='ocrx_word' id='word_1_347' title='bbox 1534 3923 1737 3975; x_wconf 88' lang='lat' dir='ltr'><strong><em>autem</em></strong></span> <span class='ocrx_word' id='word_1_348' title='bbox 1797 3911 2004 3993; x_wconf 87' lang='lat' dir='ltr'><strong><em>angeli</em></strong></span> <span class='ocrx_word' id='word_1_349' title='bbox 2076 3930 2182 3974; x_wconf 86' lang='lat' dir='ltr'><strong><em>nec</em></strong></span> <span class='ocrx_word' id='word_1_350' title='bbox 2240 3910 2478 3990; x_wconf 83' lang='lat' dir='ltr'><strong><em>legibus</em></strong></span> <span class='ocrx_word' id='word_1_351' title='bbox 2545 3919 2915 3988; x_wconf 89' lang='lat' dir='ltr'><strong><em>occurrunt,</em></strong></span> <span class='ocrx_word' id='word_1_352' title='bbox 2981 3915 3216 4009; x_wconf 19' lang='lat' dir='ltr'><strong><em>quippe,</em></strong></span> <span class='ocrx_word' id='word_1_353' title='bbox 3272 3925 3548 4000; x_wconf 59' lang='lat' dir='ltr'><strong><em>propter</em></strong></span> 
     </span>
    </p>
   </div>
   <div class='ocr_carea' id='block_1_31' title="bbox 272 4039 3545 4130">
    <p class='ocr_par' dir='ltr' id='par_1_31' title="bbox 272 4039 3545 4130">
     <span class='ocr_line' id='line_1_31' title="bbox 272 4039 3545 4130; baseline -0 -20"><span class='ocrx_word' id='word_1_354' title='bbox 272 4046 491 4130; x_wconf 83' lang='lat' dir='ltr'><strong><em>legem,</em></strong></span> <span class='ocrx_word' id='word_1_355' title='bbox 526 4065 633 4110; x_wconf 90' lang='lat' dir='ltr'><strong><em>nec</em></strong></span> <span class='ocrx_word' id='word_1_356' title='bbox 680 4044 882 4107; x_wconf 87' lang='lat' dir='ltr'><strong><em>multa</em></strong></span> <span class='ocrx_word' id='word_1_357' title='bbox 914 4044 1226 4109; x_wconf 90' lang='lat' dir='ltr'><strong><em>miracula</em></strong></span> <span class='ocrx_word' id='word_1_358' title='bbox 1250 4045 1516 4126; x_wconf 84' lang='lat' dir='ltr'><strong><em>faciunt.</em></strong></span> <span class='ocrx_word' id='word_1_359' title='bbox 1548 4044 1712 4106; x_wconf 91' lang='lat' dir='ltr'><strong><em>Sunt</em></strong></span> <span class='ocrx_word' id='word_1_360' title='bbox 1749 4050 1801 4103; x_wconf 91' lang='lat' dir='ltr'><strong><em>et</em></strong></span> <span class='ocrx_word' id='word_1_361' title='bbox 1841 4040 1958 4103; x_wconf 88' lang='lat' dir='ltr'><strong><em>alii</em></strong></span> <span class='ocrx_word' id='word_1_362' title='bbox 1998 4039 2230 4120; x_wconf 88' lang='lat' dir='ltr'><strong><em>angeli,</em></strong></span> <span class='ocrx_word' id='word_1_363' title='bbox 2272 4040 2383 4121; x_wconf 89' lang='lat' dir='ltr'><strong><em>qui</em></strong></span> <span class='ocrx_word' id='word_1_364' title='bbox 2413 4041 2528 4102; x_wconf 92' lang='lat' dir='ltr'><strong><em>hoc</em></strong></span> <span class='ocrx_word' id='word_1_365' title='bbox 2584 4048 2953 4122; x_wconf 89' lang='lat' dir='ltr'><strong><em>acceperunt</em></strong></span> <span class='ocrx_word' id='word_1_366' title='bbox 3014 4043 3084 4103; x_wconf 89' lang='lat' dir='ltr'><strong><em>in</em></strong></span> <span class='ocrx_word' id='word_1_367' title='bbox 3135 4059 3403 4107; x_wconf 84' lang='lat' dir='ltr'><strong><em>munere.</em></strong></span> <span class='ocrx_word' id='word_1_368' title='bbox 3441 4045 3545 4109; x_wconf 83' lang='lat' dir='ltr'><strong><em>Ad</em></strong></span> 
     </span>
    </p>
   </div>
   <div class='ocr_carea' id='block_1_32' title="bbox 270 4172 1907 4257">
    <p class='ocr_par' dir='ltr' id='par_1_32' title="bbox 270 4172 1907 4257">
     <span class='ocr_line' id='line_1_32' title="bbox 270 4172 1907 4257; baseline -0.005 -15"><span class='ocrx_word' id='word_1_369' title='bbox 270 4175 631 4257; x_wconf 79' lang='lat' dir='ltr'><strong><em>marginem</em></strong></span> <span class='ocrx_word' id='word_1_370' title='bbox 667 4174 1059 4256; x_wconf 83' lang='lat' dir='ltr'><strong><em>adscriptum</em></strong></span> <span class='ocrx_word' id='word_1_371' title='bbox 1096 4174 1367 4255; x_wconf 81' lang='lat' dir='ltr'><strong><em>legitur:</em></strong></span> <span class='ocrx_word' id='word_1_372' title='bbox 1408 4173 1612 4254; x_wconf 83' lang='lat' dir='ltr'><strong><em>deﬁcit</em></strong></span> <span class='ocrx_word' id='word_1_373' title='bbox 1641 4172 1907 4254; x_wconf 84' lang='lat' dir='ltr'><strong><em>aliquid.</em></strong></span> 
     </span>
    </p>
   </div>
   <div class='ocr_carea' id='block_1_33' title="bbox 355 4321 3551 4412">
    <p class='ocr_par' dir='ltr' id='par_1_33' title="bbox 355 4321 3551 4412">
     <span class='ocr_line' id='line_1_33' title="bbox 355 4321 3551 4412; baseline 0 -17"><span class='ocrx_word' id='word_1_374' title='bbox 355 4329 631 4412; x_wconf 78' lang='lat' dir='ltr'><strong><em>Reliqua</em></strong></span> <span class='ocrx_word' id='word_1_375' title='bbox 660 4344 809 4410; x_wconf 89' lang='lat' dir='ltr'><strong><em>pars</em></strong></span> <span class='ocrx_word' id='word_1_376' title='bbox 841 4326 952 4390; x_wconf 88' lang='lat' dir='ltr'><strong><em>fol.</em></strong></span> <span class='ocrx_word' id='word_1_377' title='bbox 984 4326 1089 4401; x_wconf 70' lang='lat' dir='ltr'><strong><em>21s,</em></strong></span> <span class='ocrx_word' id='word_1_378' title='bbox 1123 4329 1155 4388; x_wconf 83' lang='lat'><strong>1</strong></span> <span class='ocrx_word' id='word_1_379' title='bbox 1194 4326 1430 4406; x_wconf 83' lang='lat' dir='ltr'><strong><em>tegitur</em></strong></span> <span class='ocrx_word' id='word_1_380' title='bbox 1475 4325 1667 4387; x_wconf 89' lang='lat' dir='ltr'><strong><em>rebus</em></strong></span> <span class='ocrx_word' id='word_1_381' title='bbox 1724 4323 1969 4385; x_wconf 87' lang='lat' dir='ltr'><strong><em>nullius</em></strong></span> <span class='ocrx_word' id='word_1_382' title='bbox 2032 4321 2374 4398; x_wconf 87' lang='lat' dir='ltr'><strong><em>momenti,</em></strong></span> <span class='ocrx_word' id='word_1_383' title='bbox 2412 4340 2448 4385; x_wconf 90' lang='lat' dir='ltr'><strong><em>a</em></strong></span> <span class='ocrx_word' id='word_1_384' title='bbox 2483 4322 2829 4386; x_wconf 82' lang='lat' dir='ltr'><strong><em>recentiori</em></strong></span> <span class='ocrx_word' id='word_1_385' title='bbox 2876 4339 3073 4389; x_wconf 86' lang='lat' dir='ltr'><strong><em>manu</em></strong></span> <span class='ocrx_word' id='word_1_386' title='bbox 3117 4326 3354 4408; x_wconf 89' lang='lat' dir='ltr'><strong><em>pallido</em></strong></span> <span class='ocrx_word' id='word_1_387' title='bbox 3384 4334 3551 4397; x_wconf 79' lang='lat' dir='ltr'><strong><em>atra-</em></strong></span> 
     </span>
    </p>
   </div>
   <div class='ocr_carea' id='block_1_34' title="bbox 279 4440 3551 4542">
    <p class='ocr_par' dir='ltr' id='par_1_34' title="bbox 279 4440 3551 4542">
     <span class='ocr_line' id='line_1_34' title="bbox 279 4440 3551 4542; baseline 0 -15"><span class='ocrx_word' id='word_1_388' title='bbox 279 4467 501 4528; x_wconf 84' lang='lat' dir='ltr'><strong><em>mento</em></strong></span> <span class='ocrx_word' id='word_1_389' title='bbox 546 4458 833 4542; x_wconf 87' lang='lat' dir='ltr'><strong><em>pessime</em></strong></span> <span class='ocrx_word' id='word_1_390' title='bbox 871 4455 1148 4521; x_wconf 84' lang='lat' dir='ltr'><strong><em>exaratis</em></strong></span> <span class='ocrx_word' id='word_1_391' title='bbox 1179 4479 1197 4534; x_wconf 86' lang='lat'><strong>;</strong></span> <span class='ocrx_word' id='word_1_392' title='bbox 1229 4456 1342 4520; x_wconf 83' lang='lat' dir='ltr'><strong><em>fol.</em></strong></span> <span class='ocrx_word' id='word_1_393' title='bbox 1395 4456 1498 4533; x_wconf 75' lang='lat' dir='ltr'><strong><em>21s,</em></strong></span> <span class='ocrx_word' id='word_1_394' title='bbox 1528 4458 1570 4519; x_wconf 74' lang='lat'><strong>2</strong></span> <span class='ocrx_word' id='word_1_395' title='bbox 1617 4453 1804 4518; x_wconf 86' lang='lat' dir='ltr'><strong><em>dictis</em></strong></span> <span class='ocrx_word' id='word_1_396' title='bbox 1834 4454 2204 4536; x_wconf 81' lang='lat' dir='ltr'><strong><em>Augustini,</em></strong></span> <span class='ocrx_word' id='word_1_397' title='bbox 2233 4456 2577 4522; x_wconf 84' lang='lat' dir='ltr'><strong><em>recentiori</em></strong></span> <span class='ocrx_word' id='word_1_398' title='bbox 2616 4457 2741 4522; x_wconf 90' lang='lat' dir='ltr'><strong><em>alia</em></strong></span> <span class='ocrx_word' id='word_1_399' title='bbox 2789 4475 2984 4523; x_wconf 88' lang='lat' dir='ltr'><strong><em>manu</em></strong></span> <span class='ocrx_word' id='word_1_400' title='bbox 3016 4440 3371 4529; x_wconf 84' lang='lat' dir='ltr'><strong><em>atramento</em></strong></span> <span class='ocrx_word' id='word_1_401' title='bbox 3392 4463 3551 4528; x_wconf 83' lang='lat' dir='ltr'><strong><em>satis</em></strong></span> 
     </span>
    </p>
   </div>
   <div class='ocr_carea' id='block_1_35' title="bbox 284 4589 1045 4674">
    <p class='ocr_par' dir='ltr' id='par_1_35' title="bbox 284 4589 1045 4674">
     <span class='ocr_line' id='line_1_35' title="bbox 284 4589 1045 4674; baseline -0.011 -16"><span class='ocrx_word' id='word_1_402' title='bbox 284 4593 470 4674; x_wconf 78' lang='lat' dir='ltr'><strong><em>nigro</em></strong></span> <span class='ocrx_word' id='word_1_403' title='bbox 499 4590 737 4656; x_wconf 86' lang='lat' dir='ltr'><strong><em>melius</em></strong></span> <span class='ocrx_word' id='word_1_404' title='bbox 768 4589 1045 4671; x_wconf 90' lang='lat' dir='ltr'><strong><em>scriptis.</em></strong></span> 
     </span>
    </p>
   </div>
   <div class='ocr_carea' id='block_1_36' title="bbox 363 4741 3545 4866">
    <p class='ocr_par' dir='ltr' id='par_1_36' title="bbox 363 4741 3545 4866">
     <span class='ocr_line' id='line_1_36' title="bbox 363 4741 3545 4866; baseline -0 -12"><span class='ocrx_word' id='word_1_405' title='bbox 363 4793 427 4855; x_wconf 77' lang='grc' dir='ltr'><strong><em>ιι.</em></strong></span> <span class='ocrx_word' id='word_1_406' title='bbox 462 4789 575 4856; x_wconf 80' lang='lat' dir='ltr'><strong><em>fol.</em></strong></span> <span class='ocrx_word' id='word_1_407' title='bbox 605 4788 1021 4866; x_wconf 75' lang='lat' dir='ltr'><strong><em>25,1—ls2,1</em></strong></span> <span class='ocrx_word' id='word_1_408' title='bbox 1049 4786 1314 4852; x_wconf 85' lang='lat' dir='ltr'><strong><em>Joannis</em></strong></span> <span class='ocrx_word' id='word_1_409' title='bbox 1340 4784 1635 4850; x_wconf 84' lang='lat' dir='ltr'><strong><em>Saraceni</em></strong></span> <span class='ocrx_word' id='word_1_410' title='bbox 1672 4785 1835 4846; x_wconf 91' lang='lat' dir='ltr'><strong><em>liber</em></strong></span> <span class='ocrx_word' id='word_1_411' title='bbox 1859 4784 1939 4846; x_wconf 90' lang='lat' dir='ltr'><strong><em>de</em></strong></span> <span class='ocrx_word' id='word_1_412' title='bbox 1971 4783 2213 4847; x_wconf 87' lang='lat' dir='ltr'><strong><em>divinis</em></strong></span> <span class='ocrx_word' id='word_1_413' title='bbox 2245 4782 2645 4847; x_wconf 86' lang='lat' dir='ltr'><strong><em>nominibus.</em></strong></span> <span class='ocrx_word' id='word_1_414' title='bbox 2682 4741 2917 4865; x_wconf 85' lang='lat' dir='ltr'><strong><em>Incipit</em></strong></span> <span class='ocrx_word' id='word_1_415' title='bbox 2951 4801 2984 4847; x_wconf 83' lang='lat' dir='ltr'><strong><em>a</em></strong></span> <span class='ocrx_word' id='word_1_416' title='bbox 3009 4784 3197 4848; x_wconf 89' lang='lat' dir='ltr'><strong><em>titulo</em></strong></span> <span class='ocrx_word' id='word_1_417' title='bbox 3228 4768 3499 4853; x_wconf 80' lang='lat' dir='ltr'><strong><em>miniata</em></strong></span> <span class='ocrx_word' id='word_1_418' title='bbox 3527 4809 3545 4852; x_wconf 89' lang='lat'><strong>:</strong></span> 
     </span>
    </p>
   </div>
   <div class='ocr_carea' id='block_1_37' title="bbox 286 4903 3554 4993">
    <p class='ocr_par' dir='ltr' id='par_1_37' title="bbox 286 4903 3554 4993">
     <span class='ocr_line' id='line_1_37' title="bbox 286 4903 3554 4993; baseline -0.002 -17"><span class='ocrx_word' id='word_1_419' title='bbox 286 4911 525 4993; x_wconf 85' lang='lat' dir='ltr'><strong><em>Incipit</em></strong></span> <span class='ocrx_word' id='word_1_420' title='bbox 546 4910 709 4974; x_wconf 89' lang='lat' dir='ltr'><strong><em>liber</em></strong></span> <span class='ocrx_word' id='word_1_421' title='bbox 732 4910 976 4990; x_wconf 89' lang='lat' dir='ltr'><strong><em>primus</em></strong></span> <span class='ocrx_word' id='word_1_422' title='bbox 1007 4909 1079 4972; x_wconf 87' lang='lat' dir='ltr'><strong><em>de</em></strong></span> <span class='ocrx_word' id='word_1_423' title='bbox 1112 4908 1346 4971; x_wconf 89' lang='lat' dir='ltr'><strong><em>divinis</em></strong></span> <span class='ocrx_word' id='word_1_424' title='bbox 1390 4906 1767 4970; x_wconf 88' lang='lat' dir='ltr'><strong><em>nominibus.</em></strong></span> <span class='ocrx_word' id='word_1_425' title='bbox 1797 4905 2031 4986; x_wconf 76' lang='lat' dir='ltr'><strong><em>CapJ.</em></strong></span> <span class='ocrx_word' id='word_1_426' title='bbox 2096 4903 2414 4985; x_wconf 86' lang='lat' dir='ltr'><strong><em>Prologus</em></strong></span> <span class='ocrx_word' id='word_1_427' title='bbox 2474 4904 2743 4968; x_wconf 85' lang='lat' dir='ltr'><strong><em>Ioannis</em></strong></span> <span class='ocrx_word' id='word_1_428' title='bbox 2779 4905 3076 4970; x_wconf 87' lang='lat' dir='ltr'><strong><em>Saraceni</em></strong></span> <span class='ocrx_word' id='word_1_429' title='bbox 3120 4904 3203 4967; x_wconf 90' lang='lat' dir='ltr'><strong><em>ad</em></strong></span> <span class='ocrx_word' id='word_1_430' title='bbox 3256 4906 3554 4986; x_wconf 90' lang='lat' dir='ltr'><strong><em>Odone-m,</em></strong></span> 
     </span>
    </p>
   </div>
   <div class='ocr_carea' id='block_1_38' title="bbox 288 5034 3563 5119">
    <p class='ocr_par' dir='ltr' id='par_1_38' title="bbox 288 5034 3563 5119">
     <span class='ocr_line' id='line_1_38' title="bbox 288 5034 3563 5119; baseline 0 -19"><span class='ocrx_word' id='word_1_431' title='bbox 288 5041 489 5102; x_wconf 84' lang='lat' dir='ltr'><strong><em>sancti</em></strong></span> <span class='ocrx_word' id='word_1_432' title='bbox 517 5036 815 5118; x_wconf 86' lang='lat' dir='ltr'><strong><em>Dionysii</em></strong></span> <span class='ocrx_word' id='word_1_433' title='bbox 843 5036 1240 5102; x_wconf 88' lang='lat' dir='ltr'><strong><em>reverendum</em></strong></span> <span class='ocrx_word' id='word_1_434' title='bbox 1267 5036 1565 5113; x_wconf 84' lang='lat' dir='ltr'><strong><em>abbatem,</em></strong></span> <span class='ocrx_word' id='word_1_435' title='bbox 1605 5037 1673 5098; x_wconf 93' lang='lat' dir='ltr'><strong><em>in</em></strong></span> <span class='ocrx_word' id='word_1_436' title='bbox 1713 5035 1910 5100; x_wconf 87' lang='lat' dir='ltr'><strong><em>libros</em></strong></span> <span class='ocrx_word' id='word_1_437' title='bbox 1944 5034 2108 5099; x_wconf 87' lang='lat' dir='ltr'><strong><em>beati</em></strong></span> <span class='ocrx_word' id='word_1_438' title='bbox 2126 5038 2423 5119; x_wconf 87' lang='lat' dir='ltr'><strong><em>Dionysii</em></strong></span> <span class='ocrx_word' id='word_1_439' title='bbox 2473 5039 2893 5119; x_wconf 78' lang='lat' dir='ltr'><strong><em>Areopagitae</em></strong></span> <span class='ocrx_word' id='word_1_440' title='bbox 2922 5038 2993 5101; x_wconf 90' lang='lat' dir='ltr'><strong><em>de</em></strong></span> <span class='ocrx_word' id='word_1_441' title='bbox 3023 5036 3261 5099; x_wconf 89' lang='lat' dir='ltr'><strong><em>divinis</em></strong></span> <span class='ocrx_word' id='word_1_442' title='bbox 3284 5040 3563 5103; x_wconf 87' lang='lat' dir='ltr'><strong><em>nomini-</em></strong></span> 
     </span>
    </p>
   </div>
   <div class='ocr_carea' id='block_1_39' title="bbox 292 5167 3617 5259">
    <p class='ocr_par' dir='ltr' id='par_1_39' title="bbox 292 5167 3617 5259">
     <span class='ocr_line' id='line_1_39' title="bbox 292 5167 3617 5259; baseline 0.001 -28"><span class='ocrx_word' id='word_1_443' title='bbox 292 5167 429 5245; x_wconf 88' lang='lat' dir='ltr'><strong><em>bus,</em></strong></span> <span class='ocrx_word' id='word_1_444' title='bbox 460 5175 521 5234; x_wconf 89' lang='lat' dir='ltr'><strong><em>et</em></strong></span> <span class='ocrx_word' id='word_1_445' title='bbox 554 5167 840 5232; x_wconf 88' lang='lat' dir='ltr'><strong><em>orditur:</em></strong></span> <span class='ocrx_word' id='word_1_446' title='bbox 872 5169 1110 5259; x_wconf 74' lang='lat' dir='ltr'><strong><em>Memor</em></strong></span> <span class='ocrx_word' id='word_1_447' title='bbox 1141 5170 1409 5250; x_wconf 86' lang='lat' dir='ltr'><strong><em>hospitii</em></strong></span> <span class='ocrx_word' id='word_1_448' title='bbox 1440 5179 1496 5233; x_wconf 91' lang='lat' dir='ltr'><strong><em>et</em></strong></span> <span class='ocrx_word' id='word_1_449' title='bbox 1530 5187 1693 5231; x_wconf 90' lang='lat' dir='ltr'><strong><em>meae</em></strong></span> <span class='ocrx_word' id='word_1_450' title='bbox 1736 5169 2094 5248; x_wconf 74' lang='lat' dir='ltr'><strong><em>sponsionis</em></strong></span> <span class='ocrx_word' id='word_1_451' title='bbox 2128 5169 2243 5234; x_wconf 89' lang='lat' dir='ltr'><strong><em>diu</em></strong></span> <span class='ocrx_word' id='word_1_452' title='bbox 2311 5171 2529 5239; x_wconf 85' lang='lat' dir='ltr'><strong><em>literas</em></strong></span> <span class='ocrx_word' id='word_1_453' title='bbox 2585 5177 2826 5235; x_wconf 88' lang='lat' dir='ltr'><strong><em>vestrae</em></strong></span> <span class='ocrx_word' id='word_1_454' title='bbox 2863 5169 3268 5236; x_wconf 85' lang='lat' dir='ltr'><strong><em>sublimitatis</em></strong></span> <span class='ocrx_word' id='word_1_455' title='bbox 3324 5189 3557 5252; x_wconf 67' lang='lat' dir='ltr'><strong><em>exspec-</em></strong></span> <span class='ocrx_word' id='word_1_456' title='bbox 3605 5224 3617 5235; x_wconf 41' lang='grc' dir='ltr'><strong><em>,ν</em></strong></span> 
     </span>
    </p>
   </div>
   <div class='ocr_carea' id='block_1_40' title="bbox 295 5297 3632 5387">
    <p class='ocr_par' dir='ltr' id='par_1_40' title="bbox 295 5297 3632 5387">
     <span class='ocr_line' id='line_1_40' title="bbox 295 5297 3632 5387; baseline 0.001 -26"><span class='ocrx_word' id='word_1_457' title='bbox 295 5301 448 5376; x_wconf 91' lang='lat' dir='ltr'><strong><em>tavi,</em></strong></span> <span class='ocrx_word' id='word_1_458' title='bbox 490 5319 646 5382; x_wconf 86' lang='lat' dir='ltr'><strong><em>quas</em></strong></span> <span class='ocrx_word' id='word_1_459' title='bbox 678 5297 967 5378; x_wconf 87' lang='lat' dir='ltr'><strong><em>quoniam</em></strong></span> <span class='ocrx_word' id='word_1_460' title='bbox 1024 5300 1242 5364; x_wconf 87' lang='lat' dir='ltr'><strong><em>multis</em></strong></span> <span class='ocrx_word' id='word_1_461' title='bbox 1303 5302 1374 5363; x_wconf 92' lang='lat' dir='ltr'><strong><em>de</em></strong></span> <span class='ocrx_word' id='word_1_462' title='bbox 1424 5301 1635 5367; x_wconf 88' lang='lat' dir='ltr'><strong><em>causis</em></strong></span> <span class='ocrx_word' id='word_1_463' title='bbox 1675 5317 1802 5361; x_wconf 88' lang='lat' dir='ltr'><strong><em>non</em></strong></span> <span class='ocrx_word' id='word_1_464' title='bbox 1856 5301 2093 5363; x_wconf 87' lang='lat' dir='ltr'><strong><em>misisse</em></strong></span> <span class='ocrx_word' id='word_1_465' title='bbox 2147 5305 2439 5383; x_wconf 84' lang='lat' dir='ltr'><strong><em>potestis,</em></strong></span> <span class='ocrx_word' id='word_1_466' title='bbox 2497 5303 2829 5387; x_wconf 86' lang='lat' dir='ltr'><strong><em>sponsioni</em></strong></span> <span class='ocrx_word' id='word_1_467' title='bbox 2899 5324 3061 5367; x_wconf 88' lang='lat' dir='ltr'><strong><em>meae</em></strong></span> <span class='ocrx_word' id='word_1_468' title='bbox 3110 5301 3391 5381; x_wconf 84' lang='lat' dir='ltr'><strong><em>satisfeci</em></strong></span> <span class='ocrx_word' id='word_1_469' title='bbox 3447 5297 3632 5387; x_wconf 59' lang='lat' dir='ltr'><strong><em>cet:</em></strong></span> 
     </span>
    </p>
   </div>
  </div>
