  <div class='ocr_page' id='page_1' title='image "/cluster/home/n/w/nwhite01/storage/ocr_20150623/122/hvd.32044015471659/013.png"; bbox 0 0 4056 6276; ppageno 0'>
   <div class='ocr_carea' id='block_1_1' title="bbox 543 227 2368 288">
    <p class='ocr_par' dir='ltr' id='par_1_1' title="bbox 543 227 2368 288">
     <span class='ocr_line' id='line_1_1' title="bbox 543 227 2368 288; baseline 0.002 -6"><span class='ocrx_word' id='word_1_1' title='bbox 543 232 600 282; x_wconf 76' lang='lat' dir='ltr'><strong><em>IV</em></strong></span> <span class='ocrx_word' id='word_1_2' title='bbox 1946 227 2368 288; x_wconf 80' lang='lat' dir='ltr'><strong><em>PROOEMIUM.</em></strong></span> 
     </span>
    </p>
   </div>
   <div class='ocr_carea' id='block_1_2' title="bbox 549 364 3797 456">
    <p class='ocr_par' dir='ltr' id='par_1_2' title="bbox 549 364 3797 456">
     <span class='ocr_line' id='line_1_2' title="bbox 549 364 3797 456; baseline 0.003 -29"><span class='ocrx_word' id='word_1_3' title='bbox 549 365 813 430; x_wconf 88' lang='lat' dir='ltr'><strong><em>beantur</em></strong></span> <span class='ocrx_word' id='word_1_4' title='bbox 837 373 895 431; x_wconf 91' lang='lat' dir='ltr'><strong><em>et</em></strong></span> <span class='ocrx_word' id='word_1_5' title='bbox 929 364 1250 446; x_wconf 77' lang='lat' dir='ltr'><strong><em>dicantur,</em></strong></span> <span class='ocrx_word' id='word_1_6' title='bbox 1276 377 1331 433; x_wconf 91' lang='lat' dir='ltr'><strong><em>et</em></strong></span> <span class='ocrx_word' id='word_1_7' title='bbox 1366 370 1455 433; x_wconf 86' lang='lat' dir='ltr'><strong><em>sic</em></strong></span> <span class='ocrx_word' id='word_1_8' title='bbox 1486 368 1730 451; x_wconf 78' lang='lat' dir='ltr'><strong><em>quidem</em></strong></span> <span class='ocrx_word' id='word_1_9' title='bbox 1765 370 1883 432; x_wconf 92' lang='lat' dir='ltr'><strong><em>iste</em></strong></span> <span class='ocrx_word' id='word_1_10' title='bbox 1902 370 2412 451; x_wconf 88' lang='lat' dir='ltr'><strong><em>intelligibilibus</em></strong></span> <span class='ocrx_word' id='word_1_11' title='bbox 2441 372 2557 433; x_wconf 91' lang='lat' dir='ltr'><strong><em>Dei</em></strong></span> <span class='ocrx_word' id='word_1_12' title='bbox 2584 370 3119 436; x_wconf 76' lang='lat' dir='ltr'><strong><em>nominationibus</em></strong></span> <span class='ocrx_word' id='word_1_13' title='bbox 3143 372 3477 436; x_wconf 89' lang='lat' dir='ltr'><strong><em>secundum</em></strong></span> <span class='ocrx_word' id='word_1_14' title='bbox 3495 392 3609 438; x_wconf 89' lang='lat' dir='ltr'><strong><em>nos</em></strong></span> <span class='ocrx_word' id='word_1_15' title='bbox 3632 376 3797 456; x_wconf 84' lang='lat' dir='ltr'><strong><em>ﬁnis.</em></strong></span> 
     </span>
    </p>
   </div>
   <div class='ocr_carea' id='block_1_3' title="bbox 548 486 3817 612">
    <p class='ocr_par' dir='ltr' id='par_1_3' title="bbox 548 505 3817 612">
     <span class='ocr_line' id='line_1_3' title="bbox 548 505 3817 612; baseline 0.003 -25"><span class='ocrx_word' id='word_1_16' title='bbox 548 526 651 588; x_wconf 89' lang='lat' dir='ltr'><strong><em>Ad</em></strong></span> <span class='ocrx_word' id='word_1_17' title='bbox 674 505 1076 605; x_wconf 61' lang='lat' dir='ltr'><strong><em>symbolicam</em></strong></span> <span class='ocrx_word' id='word_1_18' title='bbox 1109 539 1312 594; x_wconf 91' lang='lat' dir='ltr'><strong><em>autem</em></strong></span> <span class='ocrx_word' id='word_1_19' title='bbox 1340 530 1715 612; x_wconf 78' lang='lat' dir='ltr'><strong><em>theologiam</em></strong></span> <span class='ocrx_word' id='word_1_20' title='bbox 1768 528 1921 594; x_wconf 90' lang='lat' dir='ltr'><strong><em>duce</em></strong></span> <span class='ocrx_word' id='word_1_21' title='bbox 1961 530 2089 592; x_wconf 89' lang='lat' dir='ltr'><strong><em>Deo</em></strong></span> <span class='ocrx_word' id='word_1_22' title='bbox 2145 529 2576 592; x_wconf 79' lang='lat' dir='ltr'><strong><em>transibimus.</em></strong></span> <span class='ocrx_word' id='word_1_23' title='bbox 2611 530 2887 610; x_wconf 83' lang='lat' dir='ltr'><strong><em>Margini</em></strong></span> <span class='ocrx_word' id='word_1_24' title='bbox 2946 531 3140 595; x_wconf 87' lang='lat' dir='ltr'><strong><em>verba</em></strong></span> <span class='ocrx_word' id='word_1_25' title='bbox 3173 530 3438 594; x_wconf 90' lang='lat' dir='ltr'><strong><em>miniata</em></strong></span> <span class='ocrx_word' id='word_1_26' title='bbox 3490 531 3817 612; x_wconf 70' lang='lat' dir='ltr'><strong><em>adscripta</em></strong></span> 
     </span>
    </p>
   </div>
   <div class='ocr_carea' id='block_1_4' title="bbox 544 659 2765 744">
    <p class='ocr_par' dir='ltr' id='par_1_4' title="bbox 544 659 2765 744">
     <span class='ocr_line' id='line_1_4' title="bbox 544 659 2765 744; baseline 0 -23"><span class='ocrx_word' id='word_1_27' title='bbox 544 668 740 723; x_wconf 84' lang='lat' dir='ltr'><strong><em>sunt:</em></strong></span> <span class='ocrx_word' id='word_1_28' title='bbox 774 662 1067 743; x_wconf 77' lang='lat' dir='ltr'><strong><em>Dionysii</em></strong></span> <span class='ocrx_word' id='word_1_29' title='bbox 1099 665 1515 744; x_wconf 85' lang='lat' dir='ltr'><strong><em>Areopagitae</em></strong></span> <span class='ocrx_word' id='word_1_30' title='bbox 1540 663 1697 727; x_wconf 90' lang='lat' dir='ltr'><strong><em>liber</em></strong></span> <span class='ocrx_word' id='word_1_31' title='bbox 1731 660 1804 725; x_wconf 91' lang='lat' dir='ltr'><strong><em>de</em></strong></span> <span class='ocrx_word' id='word_1_32' title='bbox 1828 660 2062 727; x_wconf 80' lang='lat' dir='ltr'><strong><em>divinis</em></strong></span> <span class='ocrx_word' id='word_1_33' title='bbox 2082 660 2441 724; x_wconf 87' lang='lat' dir='ltr'><strong><em>nominibus</em></strong></span> <span class='ocrx_word' id='word_1_34' title='bbox 2477 659 2765 739; x_wconf 74' lang='lat' dir='ltr'><strong><em>explicit.</em></strong></span> 
     </span>
    </p>
   </div>
   <div class='ocr_carea' id='block_1_5' title="bbox 623 786 3794 870">
    <p class='ocr_par' dir='ltr' id='par_1_5' title="bbox 623 786 3794 870">
     <span class='ocr_line' id='line_1_5' title="bbox 623 786 3794 870; baseline 0 -19"><span class='ocrx_word' id='word_1_35' title='bbox 623 788 687 851; x_wconf 83' lang='lat'><strong><em>5.</em></strong></span> <span class='ocrx_word' id='word_1_36' title='bbox 709 786 821 851; x_wconf 92' lang='lat' dir='ltr'><strong><em>fol.</em></strong></span> <span class='ocrx_word' id='word_1_37' title='bbox 845 788 991 865; x_wconf 53' lang='lat'><strong><em>112,1</em></strong></span> <span class='ocrx_word' id='word_1_38' title='bbox 1015 825 1089 834; x_wconf 93' lang='grc'><strong>-</strong></span> <span class='ocrx_word' id='word_1_39' title='bbox 1104 789 1202 866; x_wconf 63' lang='lat' dir='ltr'><strong><em>h3,</em></strong></span> <span class='ocrx_word' id='word_1_40' title='bbox 1218 792 1257 851; x_wconf 91' lang='lat'><strong><em>2</em></strong></span> <span class='ocrx_word' id='word_1_41' title='bbox 1276 790 1343 870; x_wconf 86' lang='lat' dir='ltr'><strong><em>Ej</em></strong></span> <span class='ocrx_word' id='word_1_42' title='bbox 1356 787 1758 854; x_wconf 83' lang='lat' dir='ltr'><strong><em>usdemliber</em></strong></span> <span class='ocrx_word' id='word_1_43' title='bbox 1778 788 1857 851; x_wconf 91' lang='lat' dir='ltr'><strong><em>de</em></strong></span> <span class='ocrx_word' id='word_1_44' title='bbox 1880 788 2147 869; x_wconf 87' lang='lat' dir='ltr'><strong><em>mystica</em></strong></span> <span class='ocrx_word' id='word_1_45' title='bbox 2166 787 2511 867; x_wconf 77' lang='lat' dir='ltr'><strong><em>theologia.</em></strong></span> <span class='ocrx_word' id='word_1_46' title='bbox 2538 787 2772 867; x_wconf 81' lang='lat' dir='ltr'><strong><em>Incipit</em></strong></span> <span class='ocrx_word' id='word_1_47' title='bbox 2793 806 2828 852; x_wconf 91' lang='lat' dir='ltr'><strong><em>a</em></strong></span> <span class='ocrx_word' id='word_1_48' title='bbox 2843 787 3029 852; x_wconf 90' lang='lat' dir='ltr'><strong><em>titulo</em></strong></span> <span class='ocrx_word' id='word_1_49' title='bbox 3051 788 3318 852; x_wconf 90' lang='lat' dir='ltr'><strong><em>miniato</em></strong></span> <span class='ocrx_word' id='word_1_50' title='bbox 3335 790 3414 852; x_wconf 89' lang='lat' dir='ltr'><strong><em>ad</em></strong></span> <span class='ocrx_word' id='word_1_51' title='bbox 3442 804 3794 868; x_wconf 81' lang='lat' dir='ltr'><strong><em>marginem</em></strong></span> 
     </span>
    </p>
   </div>
   <div class='ocr_carea' id='block_1_6' title="bbox 543 916 3803 1003">
    <p class='ocr_par' dir='ltr' id='par_1_6' title="bbox 543 916 3803 1003">
     <span class='ocr_line' id='line_1_6' title="bbox 543 916 3803 1003; baseline 0.001 -23"><span class='ocrx_word' id='word_1_52' title='bbox 543 916 907 998; x_wconf 80' lang='lat' dir='ltr'><strong><em>adscripta:</em></strong></span> <span class='ocrx_word' id='word_1_53' title='bbox 939 921 1179 1001; x_wconf 84' lang='lat' dir='ltr'><strong><em>Incipit</em></strong></span> <span class='ocrx_word' id='word_1_54' title='bbox 1226 921 1541 1002; x_wconf 88' lang='lat' dir='ltr'><strong><em>prologus</em></strong></span> <span class='ocrx_word' id='word_1_55' title='bbox 1572 921 1840 1003; x_wconf 81' lang='lat' dir='ltr'><strong><em>ejusdem</em></strong></span> <span class='ocrx_word' id='word_1_56' title='bbox 1882 921 2155 983; x_wconf 87' lang='lat' dir='ltr'><strong><em>Joannis</em></strong></span> <span class='ocrx_word' id='word_1_57' title='bbox 2202 922 2501 983; x_wconf 87' lang='lat' dir='ltr'><strong><em>Saraceni</em></strong></span> <span class='ocrx_word' id='word_1_58' title='bbox 2544 921 2627 983; x_wconf 89' lang='lat' dir='ltr'><strong><em>ad</em></strong></span> <span class='ocrx_word' id='word_1_59' title='bbox 2663 921 2915 984; x_wconf 88' lang='lat' dir='ltr'><strong><em>eundem</em></strong></span> <span class='ocrx_word' id='word_1_60' title='bbox 2952 921 3225 983; x_wconf 87' lang='lat' dir='ltr'><strong><em>Odonem</em></strong></span> <span class='ocrx_word' id='word_1_61' title='bbox 3265 921 3467 983; x_wconf 88' lang='lat' dir='ltr'><strong><em>sancti</em></strong></span> <span class='ocrx_word' id='word_1_62' title='bbox 3511 919 3803 1000; x_wconf 75' lang='lat' dir='ltr'><strong><em>Dionysii</em></strong></span> 
     </span>
    </p>
   </div>
   <div class='ocr_carea' id='block_1_7' title="bbox 542 1049 3801 1137">
    <p class='ocr_par' dir='ltr' id='par_1_7' title="bbox 542 1049 3801 1137">
     <span class='ocr_line' id='line_1_7' title="bbox 542 1049 3801 1137; baseline 0.001 -26"><span class='ocrx_word' id='word_1_63' title='bbox 542 1049 819 1113; x_wconf 79' lang='lat' dir='ltr'><strong><em>abbatem</em></strong></span> <span class='ocrx_word' id='word_1_64' title='bbox 837 1053 906 1114; x_wconf 92' lang='lat' dir='ltr'><strong><em>in</em></strong></span> <span class='ocrx_word' id='word_1_65' title='bbox 926 1052 1160 1117; x_wconf 85' lang='lat' dir='ltr'><strong><em>librum</em></strong></span> <span class='ocrx_word' id='word_1_66' title='bbox 1178 1056 1252 1117; x_wconf 86' lang='lat' dir='ltr'><strong><em>de</em></strong></span> <span class='ocrx_word' id='word_1_67' title='bbox 1269 1056 1532 1137; x_wconf 89' lang='lat' dir='ltr'><strong><em>mystica</em></strong></span> <span class='ocrx_word' id='word_1_68' title='bbox 1561 1054 1895 1136; x_wconf 82' lang='lat' dir='ltr'><strong><em>theologia,</em></strong></span> <span class='ocrx_word' id='word_1_69' title='bbox 1921 1062 1981 1117; x_wconf 88' lang='lat' dir='ltr'><strong><em>et</em></strong></span> <span class='ocrx_word' id='word_1_70' title='bbox 2012 1054 2263 1119; x_wconf 82' lang='lat' dir='ltr'><strong><em>orditur</em></strong></span> <span class='ocrx_word' id='word_1_71' title='bbox 2285 1074 2320 1120; x_wconf 90' lang='lat' dir='ltr'><strong><em>a</em></strong></span> <span class='ocrx_word' id='word_1_72' title='bbox 2343 1056 2595 1120; x_wconf 84' lang='lat' dir='ltr'><strong><em>verbis:</em></strong></span> <span class='ocrx_word' id='word_1_73' title='bbox 2629 1056 2788 1118; x_wconf 84' lang='lat' dir='ltr'><strong><em>Ante</em></strong></span> <span class='ocrx_word' id='word_1_74' title='bbox 2816 1056 3136 1136; x_wconf 78' lang='lat' dir='ltr'><strong><em>mysticam</em></strong></span> <span class='ocrx_word' id='word_1_75' title='bbox 3158 1052 3531 1133; x_wconf 85' lang='lat' dir='ltr'><strong><em>theologiam</em></strong></span> <span class='ocrx_word' id='word_1_76' title='bbox 3558 1050 3801 1131; x_wconf 88' lang='lat' dir='ltr'><strong><em>symbo-</em></strong></span> 
     </span>
    </p>
   </div>
   <div class='ocr_carea' id='block_1_8' title="bbox 444 1164 3802 1269">
    <p class='ocr_par' dir='ltr' id='par_1_8' title="bbox 444 1164 3802 1269">
     <span class='ocr_line' id='line_1_8' title="bbox 444 1164 3802 1269; baseline -0.001 -25"><span class='ocrx_word' id='word_1_77' title='bbox 444 1164 459 1177; x_wconf 66' lang='grc'><strong>’</strong></span> <span class='ocrx_word' id='word_1_78' title='bbox 541 1179 667 1245; x_wconf 85' lang='lat' dir='ltr'><strong><em>lica</em></strong></span> <span class='ocrx_word' id='word_1_79' title='bbox 707 1183 1021 1266; x_wconf 81' lang='lat' dir='ltr'><strong><em>theologia</em></strong></span> <span class='ocrx_word' id='word_1_80' title='bbox 1052 1194 1203 1249; x_wconf 87' lang='lat' dir='ltr'><strong><em>esset</em></strong></span> <span class='ocrx_word' id='word_1_81' title='bbox 1239 1186 1690 1269; x_wconf 86' lang='lat' dir='ltr'><strong><em>transferenda.</em></strong></span> <span class='ocrx_word' id='word_1_82' title='bbox 1713 1185 1874 1250; x_wconf 92' lang='lat' dir='ltr'><strong><em>Nam</em></strong></span> <span class='ocrx_word' id='word_1_83' title='bbox 1902 1195 2024 1250; x_wconf 88' lang='lat' dir='ltr'><strong><em>cet.</em></strong></span> <span class='ocrx_word' id='word_1_84' title='bbox 2057 1185 2309 1249; x_wconf 89' lang='lat' dir='ltr'><strong><em>Finitur</em></strong></span> <span class='ocrx_word' id='word_1_85' title='bbox 2349 1185 2602 1249; x_wconf 84' lang='lat' dir='ltr'><strong><em>verbis:</em></strong></span> <span class='ocrx_word' id='word_1_86' title='bbox 2635 1185 2945 1262; x_wconf 84' lang='lat' dir='ltr'><strong><em>Quoniam</em></strong></span> <span class='ocrx_word' id='word_1_87' title='bbox 2979 1192 3034 1246; x_wconf 92' lang='lat' dir='ltr'><strong><em>et</em></strong></span> <span class='ocrx_word' id='word_1_88' title='bbox 3064 1201 3252 1263; x_wconf 87' lang='lat' dir='ltr'><strong><em>super</em></strong></span> <span class='ocrx_word' id='word_1_89' title='bbox 3279 1198 3509 1243; x_wconf 88' lang='lat' dir='ltr'><strong><em>omnem</em></strong></span> <span class='ocrx_word' id='word_1_90' title='bbox 3535 1180 3802 1260; x_wconf 90' lang='lat' dir='ltr'><strong><em>positio-</em></strong></span> 
     </span>
    </p>
   </div>
   <div class='ocr_carea' id='block_1_9' title="bbox 536 1314 3803 1399">
    <p class='ocr_par' dir='ltr' id='par_1_9' title="bbox 536 1314 3803 1399">
     <span class='ocr_line' id='line_1_9' title="bbox 536 1314 3803 1399; baseline 0.001 -24"><span class='ocrx_word' id='word_1_91' title='bbox 536 1330 675 1375; x_wconf 86' lang='lat' dir='ltr'><strong><em>nem</em></strong></span> <span class='ocrx_word' id='word_1_92' title='bbox 694 1322 782 1377; x_wconf 83' lang='lat' dir='ltr'><strong><em>est</em></strong></span> <span class='ocrx_word' id='word_1_93' title='bbox 806 1317 1081 1398; x_wconf 83' lang='lat' dir='ltr'><strong><em>perfecta</em></strong></span> <span class='ocrx_word' id='word_1_94' title='bbox 1110 1327 1165 1380; x_wconf 87' lang='lat' dir='ltr'><strong><em>et</em></strong></span> <span class='ocrx_word' id='word_1_95' title='bbox 1201 1320 1381 1382; x_wconf 91' lang='lat' dir='ltr'><strong><em>unita</em></strong></span> <span class='ocrx_word' id='word_1_96' title='bbox 1412 1320 1686 1380; x_wconf 91' lang='lat' dir='ltr'><strong><em>omnium</em></strong></span> <span class='ocrx_word' id='word_1_97' title='bbox 1710 1337 1921 1393; x_wconf 89' lang='lat' dir='ltr'><strong><em>causa,</em></strong></span> <span class='ocrx_word' id='word_1_98' title='bbox 1960 1324 2012 1379; x_wconf 86' lang='lat' dir='ltr'><strong><em>et</em></strong></span> <span class='ocrx_word' id='word_1_99' title='bbox 2048 1335 2237 1399; x_wconf 85' lang='lat' dir='ltr'><strong><em>super</em></strong></span> <span class='ocrx_word' id='word_1_100' title='bbox 2268 1336 2499 1379; x_wconf 84' lang='lat' dir='ltr'><strong><em>omnem</em></strong></span> <span class='ocrx_word' id='word_1_101' title='bbox 2524 1316 2897 1379; x_wconf 87' lang='lat' dir='ltr'><strong><em>oblationem</em></strong></span> <span class='ocrx_word' id='word_1_102' title='bbox 2928 1334 3212 1380; x_wconf 75' lang='lat' dir='ltr'><strong><em>excessus</em></strong></span> <span class='ocrx_word' id='word_1_103' title='bbox 3240 1315 3314 1377; x_wconf 91' lang='lat' dir='ltr'><strong><em>ab</em></strong></span> <span class='ocrx_word' id='word_1_104' title='bbox 3355 1314 3637 1377; x_wconf 87' lang='lat' dir='ltr'><strong><em>omnibus</em></strong></span> <span class='ocrx_word' id='word_1_105' title='bbox 3657 1315 3803 1378; x_wconf 89' lang='lat' dir='ltr'><strong><em>sim-</em></strong></span> 
     </span>
    </p>
   </div>
   <div class='ocr_carea' id='block_1_10' title="bbox 533 1441 3795 1533">
    <p class='ocr_par' dir='ltr' id='par_1_10' title="bbox 533 1441 3795 1533">
     <span class='ocr_line' id='line_1_10' title="bbox 533 1441 3795 1533; baseline 0 -22"><span class='ocrx_word' id='word_1_106' title='bbox 533 1447 795 1529; x_wconf 81' lang='lat' dir='ltr'><strong><em>pliciter</em></strong></span> <span class='ocrx_word' id='word_1_107' title='bbox 817 1450 1094 1514; x_wconf 85' lang='lat' dir='ltr'><strong><em>absoluti</em></strong></span> <span class='ocrx_word' id='word_1_108' title='bbox 1114 1460 1169 1513; x_wconf 91' lang='lat' dir='ltr'><strong><em>et</em></strong></span> <span class='ocrx_word' id='word_1_109' title='bbox 1190 1471 1385 1533; x_wconf 88' lang='lat' dir='ltr'><strong><em>supra</em></strong></span> <span class='ocrx_word' id='word_1_110' title='bbox 1414 1459 1570 1515; x_wconf 91' lang='lat' dir='ltr'><strong><em>tota.</em></strong></span> <span class='ocrx_word' id='word_1_111' title='bbox 1585 1450 1880 1532; x_wconf 71' lang='lat' dir='ltr'><strong><em>Explicit</em></strong></span> <span class='ocrx_word' id='word_1_112' title='bbox 1901 1449 2057 1513; x_wconf 91' lang='lat' dir='ltr'><strong><em>liber</em></strong></span> <span class='ocrx_word' id='word_1_113' title='bbox 2083 1441 2295 1530; x_wconf 88' lang='lat' dir='ltr'><strong><em>magni</em></strong></span> <span class='ocrx_word' id='word_1_114' title='bbox 2321 1450 2739 1529; x_wconf 85' lang='lat' dir='ltr'><strong><em>Areopagitae</em></strong></span> <span class='ocrx_word' id='word_1_115' title='bbox 2766 1450 3059 1529; x_wconf 81' lang='lat' dir='ltr'><strong><em>Dionysii</em></strong></span> <span class='ocrx_word' id='word_1_116' title='bbox 3079 1448 3151 1511; x_wconf 91' lang='lat' dir='ltr'><strong><em>de</em></strong></span> <span class='ocrx_word' id='word_1_117' title='bbox 3170 1450 3435 1530; x_wconf 90' lang='lat' dir='ltr'><strong><em>mystica</em></strong></span> <span class='ocrx_word' id='word_1_118' title='bbox 3462 1448 3795 1529; x_wconf 86' lang='lat' dir='ltr'><strong><em>theologia.</em></strong></span> 
     </span>
    </p>
   </div>
   <div class='ocr_carea' id='block_1_11' title="bbox 626 1581 3803 1665">
    <p class='ocr_par' dir='ltr' id='par_1_11' title="bbox 626 1581 3803 1665">
     <span class='ocr_line' id='line_1_11' title="bbox 626 1581 3803 1665; baseline -0 -21"><span class='ocrx_word' id='word_1_119' title='bbox 626 1583 689 1644; x_wconf 88' lang='lat'><strong><em>6.</em></strong></span> <span class='ocrx_word' id='word_1_120' title='bbox 716 1581 831 1645; x_wconf 94' lang='lat' dir='ltr'><strong><em>fol.</em></strong></span> <span class='ocrx_word' id='word_1_121' title='bbox 860 1583 1015 1658; x_wconf 55' lang='lat'><strong><em>53,2</em></strong></span> <span class='ocrx_word' id='word_1_122' title='bbox 1032 1621 1093 1628; x_wconf 90' lang='lat'><strong>—</strong></span> <span class='ocrx_word' id='word_1_123' title='bbox 1112 1584 1270 1661; x_wconf 70' lang='lat' dir='ltr'><strong><em>h8,2</em></strong></span> <span class='ocrx_word' id='word_1_124' title='bbox 1295 1585 1525 1649; x_wconf 89' lang='lat' dir='ltr'><strong><em>Versio</em></strong></span> <span class='ocrx_word' id='word_1_125' title='bbox 1560 1584 1999 1665; x_wconf 75' lang='lat' dir='ltr'><strong><em>epistularum.</em></strong></span> <span class='ocrx_word' id='word_1_126' title='bbox 2028 1583 2259 1663; x_wconf 89' lang='lat' dir='ltr'><strong><em>Incipit</em></strong></span> <span class='ocrx_word' id='word_1_127' title='bbox 2280 1600 2317 1646; x_wconf 90' lang='lat' dir='ltr'><strong><em>a</em></strong></span> <span class='ocrx_word' id='word_1_128' title='bbox 2342 1582 2525 1645; x_wconf 87' lang='lat' dir='ltr'><strong><em>titulo</em></strong></span> <span class='ocrx_word' id='word_1_129' title='bbox 2550 1581 2821 1662; x_wconf 85' lang='lat' dir='ltr'><strong><em>margini</em></strong></span> <span class='ocrx_word' id='word_1_130' title='bbox 2845 1581 3197 1661; x_wconf 86' lang='lat' dir='ltr'><strong><em>adscripto:</em></strong></span> <span class='ocrx_word' id='word_1_131' title='bbox 3222 1581 3551 1661; x_wconf 86' lang='lat' dir='ltr'><strong><em>Incipiunt</em></strong></span> <span class='ocrx_word' id='word_1_132' title='bbox 3573 1582 3803 1662; x_wconf 87' lang='lat' dir='ltr'><strong><em>episto-</em></strong></span> 
     </span>
    </p>
   </div>
   <div class='ocr_carea' id='block_1_12' title="bbox 539 1710 3796 1799">
    <p class='ocr_par' dir='ltr' id='par_1_12' title="bbox 539 1710 3796 1799">
     <span class='ocr_line' id='line_1_12' title="bbox 539 1710 3796 1799; baseline 0 -23"><span class='ocrx_word' id='word_1_133' title='bbox 539 1710 654 1777; x_wconf 90' lang='lat' dir='ltr'><strong><em>lae.</em></strong></span> <span class='ocrx_word' id='word_1_134' title='bbox 685 1714 981 1797; x_wconf 83' lang='lat' dir='ltr'><strong><em>Epistola</em></strong></span> <span class='ocrx_word' id='word_1_135' title='bbox 1004 1716 1212 1797; x_wconf 89' lang='lat' dir='ltr'><strong><em>prima</em></strong></span> <span class='ocrx_word' id='word_1_136' title='bbox 1241 1716 1399 1799; x_wconf 83' lang='lat' dir='ltr'><strong><em>Gajo</em></strong></span> <span class='ocrx_word' id='word_1_137' title='bbox 1430 1717 1753 1793; x_wconf 89' lang='lat' dir='ltr'><strong><em>monacho,</em></strong></span> <span class='ocrx_word' id='word_1_138' title='bbox 1786 1725 1851 1783; x_wconf 88' lang='lat' dir='ltr'><strong><em>et</em></strong></span> <span class='ocrx_word' id='word_1_139' title='bbox 1876 1718 2125 1782; x_wconf 86' lang='lat' dir='ltr'><strong><em>orditur</em></strong></span> <span class='ocrx_word' id='word_1_140' title='bbox 2156 1737 2192 1782; x_wconf 90' lang='lat' dir='ltr'><strong><em>a</em></strong></span> <span class='ocrx_word' id='word_1_141' title='bbox 2212 1717 2424 1781; x_wconf 85' lang='lat' dir='ltr'><strong><em>verbis</em></strong></span> <span class='ocrx_word' id='word_1_142' title='bbox 2452 1739 2467 1779; x_wconf 88' lang='lat'><strong>:</strong></span> <span class='ocrx_word' id='word_1_143' title='bbox 2505 1717 2814 1779; x_wconf 86' lang='lat' dir='ltr'><strong><em>Tenebrae</em></strong></span> <span class='ocrx_word' id='word_1_144' title='bbox 2844 1716 3246 1779; x_wconf 88' lang='lat' dir='ltr'><strong><em>occultantur</em></strong></span> <span class='ocrx_word' id='word_1_145' title='bbox 3272 1715 3503 1777; x_wconf 82' lang='lat' dir='ltr'><strong><em>lumine</em></strong></span> <span class='ocrx_word' id='word_1_146' title='bbox 3522 1724 3579 1776; x_wconf 87' lang='lat' dir='ltr'><strong><em>et</em></strong></span> <span class='ocrx_word' id='word_1_147' title='bbox 3600 1712 3796 1794; x_wconf 88' lang='lat' dir='ltr'><strong><em>magis</em></strong></span> 
     </span>
    </p>
   </div>
   <div class='ocr_carea' id='block_1_13' title="bbox 534 1832 3800 1935">
    <p class='ocr_par' dir='ltr' id='par_1_13' title="bbox 534 1832 3800 1935">
     <span class='ocr_line' id='line_1_13' title="bbox 534 1832 3800 1935; baseline 0.002 -26"><span class='ocrx_word' id='word_1_148' title='bbox 534 1847 732 1911; x_wconf 90' lang='lat' dir='ltr'><strong><em>multo</em></strong></span> <span class='ocrx_word' id='word_1_149' title='bbox 764 1848 1027 1922; x_wconf 86' lang='lat' dir='ltr'><strong><em>lumine;</em></strong></span> <span class='ocrx_word' id='word_1_150' title='bbox 1058 1853 1484 1933; x_wconf 88' lang='lat' dir='ltr'><strong><em>ignorantiam</em></strong></span> <span class='ocrx_word' id='word_1_151' title='bbox 1515 1854 1834 1917; x_wconf 88' lang='lat' dir='ltr'><strong><em>occultant</em></strong></span> <span class='ocrx_word' id='word_1_152' title='bbox 1864 1832 2253 1935; x_wconf 85' lang='lat' dir='ltr'><strong><em>cognitiones</em></strong></span> <span class='ocrx_word' id='word_1_153' title='bbox 2307 1862 2362 1915; x_wconf 90' lang='lat' dir='ltr'><strong><em>et</em></strong></span> <span class='ocrx_word' id='word_1_154' title='bbox 2397 1854 2596 1933; x_wconf 90' lang='lat' dir='ltr'><strong><em>magis</em></strong></span> <span class='ocrx_word' id='word_1_155' title='bbox 2658 1852 2891 1915; x_wconf 90' lang='lat' dir='ltr'><strong><em>multae</em></strong></span> <span class='ocrx_word' id='word_1_156' title='bbox 2931 1853 3360 1932; x_wconf 85' lang='lat' dir='ltr'><strong><em>cognitiones;</em></strong></span> <span class='ocrx_word' id='word_1_157' title='bbox 3416 1853 3561 1915; x_wconf 87' lang='lat' dir='ltr'><strong><em>haec</em></strong></span> <span class='ocrx_word' id='word_1_158' title='bbox 3593 1872 3800 1915; x_wconf 71' lang='lat' dir='ltr'><strong><em>exces-</em></strong></span> 
     </span>
    </p>
   </div>
   <div class='ocr_carea' id='block_1_14' title="bbox 534 1981 3794 2067">
    <p class='ocr_par' dir='ltr' id='par_1_14' title="bbox 534 1981 3794 2067">
     <span class='ocr_line' id='line_1_14' title="bbox 534 1981 3794 2067; baseline 0.001 -24"><span class='ocrx_word' id='word_1_159' title='bbox 534 1981 684 2059; x_wconf 87' lang='lat' dir='ltr'><strong><em>sive,</em></strong></span> <span class='ocrx_word' id='word_1_160' title='bbox 711 1984 817 2046; x_wconf 91' lang='lat' dir='ltr'><strong><em>sed</em></strong></span> <span class='ocrx_word' id='word_1_161' title='bbox 863 2004 993 2049; x_wconf 89' lang='lat' dir='ltr'><strong><em>non</em></strong></span> <span class='ocrx_word' id='word_1_162' title='bbox 1034 1986 1369 2047; x_wconf 88' lang='lat' dir='ltr'><strong><em>secundum</em></strong></span> <span class='ocrx_word' id='word_1_163' title='bbox 1419 1986 1842 2067; x_wconf 83' lang='lat' dir='ltr'><strong><em>privationem</em></strong></span> <span class='ocrx_word' id='word_1_164' title='bbox 1889 1993 2009 2049; x_wconf 89' lang='lat' dir='ltr'><strong><em>cet.</em></strong></span> <span class='ocrx_word' id='word_1_165' title='bbox 2056 1987 2311 2050; x_wconf 90' lang='lat' dir='ltr'><strong><em>Finitur</em></strong></span> <span class='ocrx_word' id='word_1_166' title='bbox 2361 1986 2586 2049; x_wconf 90' lang='lat' dir='ltr'><strong><em>ultima</em></strong></span> <span class='ocrx_word' id='word_1_167' title='bbox 2649 1985 2922 2066; x_wconf 88' lang='lat' dir='ltr'><strong><em>epistola</em></strong></span> <span class='ocrx_word' id='word_1_168' title='bbox 2979 1985 3192 2049; x_wconf 88' lang='lat' dir='ltr'><strong><em>verbis</em></strong></span> <span class='ocrx_word' id='word_1_169' title='bbox 3237 2006 3252 2045; x_wconf 90' lang='lat'><strong>:</strong></span> <span class='ocrx_word' id='word_1_170' title='bbox 3294 1987 3538 2065; x_wconf 87' lang='lat' dir='ltr'><strong><em>Dignus</em></strong></span> <span class='ocrx_word' id='word_1_171' title='bbox 3591 1993 3794 2048; x_wconf 84' lang='lat' dir='ltr'><strong><em>autem</em></strong></span> 
     </span>
    </p>
   </div>
   <div class='ocr_carea' id='block_1_15' title="bbox 534 2111 3804 2200">
    <p class='ocr_par' dir='ltr' id='par_1_15' title="bbox 534 2111 3804 2200">
     <span class='ocr_line' id='line_1_15' title="bbox 534 2111 3804 2200; baseline 0.001 -25"><span class='ocrx_word' id='word_1_172' title='bbox 534 2111 827 2177; x_wconf 85' lang='lat' dir='ltr'><strong><em>credendi</em></strong></span> <span class='ocrx_word' id='word_1_173' title='bbox 853 2133 989 2176; x_wconf 89' lang='lat' dir='ltr'><strong><em>sum</em></strong></span> <span class='ocrx_word' id='word_1_174' title='bbox 1025 2117 1275 2177; x_wconf 89' lang='lat' dir='ltr'><strong><em>omnino</em></strong></span> <span class='ocrx_word' id='word_1_175' title='bbox 1301 2117 1714 2197; x_wconf 86' lang='lat' dir='ltr'><strong><em>praecognita</em></strong></span> <span class='ocrx_word' id='word_1_176' title='bbox 1748 2117 1889 2193; x_wconf 88' lang='lat' dir='ltr'><strong><em>tibi,</em></strong></span> <span class='ocrx_word' id='word_1_177' title='bbox 1924 2127 1979 2179; x_wconf 90' lang='lat' dir='ltr'><strong><em>et</em></strong></span> <span class='ocrx_word' id='word_1_178' title='bbox 2023 2118 2263 2181; x_wconf 83' lang='lat' dir='ltr'><strong><em>discens</em></strong></span> <span class='ocrx_word' id='word_1_179' title='bbox 2295 2139 2370 2181; x_wconf 79' lang='lat' dir='ltr'><strong><em>ea:</em></strong></span> <span class='ocrx_word' id='word_1_180' title='bbox 2391 2121 2541 2196; x_wconf 91' lang='lat' dir='ltr'><strong><em>Deo,</em></strong></span> <span class='ocrx_word' id='word_1_181' title='bbox 2577 2126 2633 2180; x_wconf 91' lang='lat' dir='ltr'><strong><em>et</em></strong></span> <span class='ocrx_word' id='word_1_182' title='bbox 2676 2118 2907 2194; x_wconf 88' lang='lat' dir='ltr'><strong><em>dicens,</em></strong></span> <span class='ocrx_word' id='word_1_183' title='bbox 2940 2120 3090 2200; x_wconf 85' lang='lat' dir='ltr'><strong><em>quia</em></strong></span> <span class='ocrx_word' id='word_1_184' title='bbox 3126 2126 3182 2179; x_wconf 90' lang='lat' dir='ltr'><strong><em>et</em></strong></span> <span class='ocrx_word' id='word_1_185' title='bbox 3223 2138 3261 2178; x_wconf 93' lang='lat' dir='ltr'><strong><em>a</em></strong></span> <span class='ocrx_word' id='word_1_186' title='bbox 3306 2118 3617 2192; x_wconf 88' lang='lat' dir='ltr'><strong><em>custodia,</em></strong></span> <span class='ocrx_word' id='word_1_187' title='bbox 3651 2135 3804 2199; x_wconf 86' lang='lat' dir='ltr'><strong><em>quae</em></strong></span> 
     </span>
    </p>
   </div>
   <div class='ocr_carea' id='block_1_16' title="bbox 533 2243 3803 2331">
    <p class='ocr_par' dir='ltr' id='par_1_16' title="bbox 533 2243 3803 2331">
     <span class='ocr_line' id='line_1_16' title="bbox 533 2243 3803 2331; baseline 0.001 -24"><span class='ocrx_word' id='word_1_188' title='bbox 533 2244 710 2324; x_wconf 56' lang='lat' dir='ltr'><strong><em>estin</em></strong></span> <span class='ocrx_word' id='word_1_189' title='bbox 737 2244 1023 2322; x_wconf 90' lang='lat' dir='ltr'><strong><em>Pathmo,</em></strong></span> <span class='ocrx_word' id='word_1_190' title='bbox 1047 2243 1405 2323; x_wconf 82' lang='lat' dir='ltr'><strong><em>dimitteris,</em></strong></span> <span class='ocrx_word' id='word_1_191' title='bbox 1438 2256 1490 2309; x_wconf 89' lang='lat' dir='ltr'><strong><em>et</em></strong></span> <span class='ocrx_word' id='word_1_192' title='bbox 1525 2247 1607 2309; x_wconf 91' lang='lat' dir='ltr'><strong><em>ad</em></strong></span> <span class='ocrx_word' id='word_1_193' title='bbox 1635 2257 1866 2311; x_wconf 88' lang='lat' dir='ltr'><strong><em>terram</em></strong></span> <span class='ocrx_word' id='word_1_194' title='bbox 1885 2250 2070 2313; x_wconf 83' lang='lat' dir='ltr'><strong><em>Asiae</em></strong></span> <span class='ocrx_word' id='word_1_195' title='bbox 2087 2252 2440 2329; x_wconf 86' lang='lat' dir='ltr'><strong><em>reverteris,</em></strong></span> <span class='ocrx_word' id='word_1_196' title='bbox 2466 2258 2521 2315; x_wconf 90' lang='lat' dir='ltr'><strong><em>et</em></strong></span> <span class='ocrx_word' id='word_1_197' title='bbox 2541 2252 2730 2331; x_wconf 83' lang='lat' dir='ltr'><strong><em>facies</em></strong></span> <span class='ocrx_word' id='word_1_198' title='bbox 2744 2251 2834 2315; x_wconf 88' lang='lat' dir='ltr'><strong><em>ibi</em></strong></span> <span class='ocrx_word' id='word_1_199' title='bbox 2858 2252 3259 2327; x_wconf 87' lang='lat' dir='ltr'><strong><em>imitationes,</em></strong></span> <span class='ocrx_word' id='word_1_200' title='bbox 3286 2256 3341 2310; x_wconf 90' lang='lat' dir='ltr'><strong><em>et</em></strong></span> <span class='ocrx_word' id='word_1_201' title='bbox 3368 2249 3465 2310; x_wconf 87' lang='lat' dir='ltr'><strong><em>his</em></strong></span> <span class='ocrx_word' id='word_1_202' title='bbox 3495 2248 3607 2330; x_wconf 85' lang='lat' dir='ltr'><strong><em>qui</em></strong></span> <span class='ocrx_word' id='word_1_203' title='bbox 3620 2255 3803 2311; x_wconf 88' lang='lat' dir='ltr'><strong><em>erunt</em></strong></span> 
     </span>
    </p>
   </div>
   <div class='ocr_carea' id='block_1_17' title="bbox 530 2378 1405 2461">
    <p class='ocr_par' dir='ltr' id='par_1_17' title="bbox 530 2378 1405 2461">
     <span class='ocr_line' id='line_1_17' title="bbox 530 2378 1405 2461; baseline 0.003 -21"><span class='ocrx_word' id='word_1_204' title='bbox 530 2388 681 2458; x_wconf 85' lang='lat' dir='ltr'><strong><em>post</em></strong></span> <span class='ocrx_word' id='word_1_205' title='bbox 713 2386 792 2453; x_wconf 87' lang='lat' dir='ltr'><strong><em>te,</em></strong></span> <span class='ocrx_word' id='word_1_206' title='bbox 825 2378 1055 2444; x_wconf 88' lang='lat' dir='ltr'><strong><em>trades.</em></strong></span> <span class='ocrx_word' id='word_1_207' title='bbox 1090 2381 1405 2461; x_wconf 70' lang='lat' dir='ltr'><strong><em>Explicit.</em></strong></span> 
     </span>
    </p>
   </div>
   <div class='ocr_carea' id='block_1_18' title="bbox 610 2503 3800 2595">
    <p class='ocr_par' dir='ltr' id='par_1_18' title="bbox 610 2503 3800 2595">
     <span class='ocr_line' id='line_1_18' title="bbox 610 2503 3800 2595; baseline 0.003 -31"><span class='ocrx_word' id='word_1_208' title='bbox 610 2505 673 2564; x_wconf 87' lang='lat'><strong><em>7.</em></strong></span> <span class='ocrx_word' id='word_1_209' title='bbox 695 2503 806 2569; x_wconf 90' lang='lat' dir='ltr'><strong><em>fol.</em></strong></span> <span class='ocrx_word' id='word_1_210' title='bbox 844 2505 1252 2580; x_wconf 68' lang='lat' dir='ltr'><strong><em>b9,1—-95,2</em></strong></span> <span class='ocrx_word' id='word_1_211' title='bbox 1273 2508 1535 2570; x_wconf 86' lang='lat' dir='ltr'><strong><em>Joannis</em></strong></span> <span class='ocrx_word' id='word_1_212' title='bbox 1550 2509 1714 2572; x_wconf 89' lang='lat' dir='ltr'><strong><em>Scoti</em></strong></span> <span class='ocrx_word' id='word_1_213' title='bbox 1742 2512 2204 2590; x_wconf 83' lang='lat' dir='ltr'><strong><em>expositiones.</em></strong></span> <span class='ocrx_word' id='word_1_214' title='bbox 2236 2514 2559 2595; x_wconf 89' lang='lat' dir='ltr'><strong><em>Incipiunt</em></strong></span> <span class='ocrx_word' id='word_1_215' title='bbox 2594 2534 2628 2580; x_wconf 92' lang='lat' dir='ltr'><strong><em>a</em></strong></span> <span class='ocrx_word' id='word_1_216' title='bbox 2652 2517 2841 2579; x_wconf 86' lang='lat' dir='ltr'><strong><em>titulo</em></strong></span> <span class='ocrx_word' id='word_1_217' title='bbox 2866 2514 3131 2579; x_wconf 85' lang='lat' dir='ltr'><strong><em>miniato</em></strong></span> <span class='ocrx_word' id='word_1_218' title='bbox 3157 2535 3170 2574; x_wconf 90' lang='lat'><strong>:</strong></span> <span class='ocrx_word' id='word_1_219' title='bbox 3195 2514 3524 2595; x_wconf 84' lang='lat' dir='ltr'><strong><em>Incipiunt</em></strong></span> <span class='ocrx_word' id='word_1_220' title='bbox 3547 2514 3800 2594; x_wconf 74' lang='lat' dir='ltr'><strong><em>exposi-</em></strong></span> 
     </span>
    </p>
   </div>
   <div class='ocr_carea' id='block_1_19' title="bbox 535 2629 3800 2730">
    <p class='ocr_par' dir='ltr' id='par_1_19' title="bbox 535 2629 3800 2730">
     <span class='ocr_line' id='line_1_19' title="bbox 535 2629 3800 2730; baseline 0.005 -37"><span class='ocrx_word' id='word_1_221' title='bbox 535 2629 737 2694; x_wconf 84' lang='lat' dir='ltr'><strong><em>tiones</em></strong></span> <span class='ocrx_word' id='word_1_222' title='bbox 764 2632 1035 2697; x_wconf 86' lang='lat' dir='ltr'><strong><em>Joannis</em></strong></span> <span class='ocrx_word' id='word_1_223' title='bbox 1067 2636 1247 2700; x_wconf 90' lang='lat' dir='ltr'><strong><em>Scoti</em></strong></span> <span class='ocrx_word' id='word_1_224' title='bbox 1268 2657 1456 2718; x_wconf 85' lang='lat' dir='ltr'><strong><em>super</em></strong></span> <span class='ocrx_word' id='word_1_225' title='bbox 1474 2640 1829 2703; x_wconf 87' lang='lat' dir='ltr'><strong><em>Ierarchias</em></strong></span> <span class='ocrx_word' id='word_1_226' title='bbox 1863 2645 2067 2706; x_wconf 88' lang='lat' dir='ltr'><strong><em>sancti</em></strong></span> <span class='ocrx_word' id='word_1_227' title='bbox 2090 2645 2407 2726; x_wconf 86' lang='lat' dir='ltr'><strong><em>Dionysii,</em></strong></span> <span class='ocrx_word' id='word_1_228' title='bbox 2449 2654 2509 2709; x_wconf 91' lang='lat' dir='ltr'><strong><em>et</em></strong></span> <span class='ocrx_word' id='word_1_229' title='bbox 2533 2648 2879 2711; x_wconf 89' lang='lat' dir='ltr'><strong><em>ordiuntur</em></strong></span> <span class='ocrx_word' id='word_1_230' title='bbox 2915 2663 2950 2709; x_wconf 91' lang='lat' dir='ltr'><strong><em>a</em></strong></span> <span class='ocrx_word' id='word_1_231' title='bbox 2986 2647 3195 2710; x_wconf 88' lang='lat' dir='ltr'><strong><em>verbis</em></strong></span> <span class='ocrx_word' id='word_1_232' title='bbox 3218 2668 3232 2707; x_wconf 92' lang='lat'><strong>:</strong></span> <span class='ocrx_word' id='word_1_233' title='bbox 3254 2648 3472 2711; x_wconf 85' lang='lat' dir='ltr'><strong><em>Sancti</em></strong></span> <span class='ocrx_word' id='word_1_234' title='bbox 3507 2649 3800 2730; x_wconf 77' lang='lat' dir='ltr'><strong><em>Dionysii</em></strong></span> 
     </span>
    </p>
   </div>
   <div class='ocr_carea' id='block_1_20' title="bbox 531 2758 3793 2858">
    <p class='ocr_par' dir='ltr' id='par_1_20' title="bbox 531 2758 3793 2858">
     <span class='ocr_line' id='line_1_20' title="bbox 531 2758 3793 2858; baseline 0.007 -38"><span class='ocrx_word' id='word_1_235' title='bbox 531 2759 951 2841; x_wconf 84' lang='lat' dir='ltr'><strong><em>Areopagitae</em></strong></span> <span class='ocrx_word' id='word_1_236' title='bbox 976 2766 1222 2843; x_wconf 89' lang='lat' dir='ltr'><strong><em>primus</em></strong></span> <span class='ocrx_word' id='word_1_237' title='bbox 1243 2767 1400 2829; x_wconf 88' lang='lat' dir='ltr'><strong><em>liber</em></strong></span> <span class='ocrx_word' id='word_1_238' title='bbox 1432 2776 1553 2833; x_wconf 90' lang='lat' dir='ltr'><strong><em>cet.</em></strong></span> <span class='ocrx_word' id='word_1_239' title='bbox 1580 2771 1925 2836; x_wconf 90' lang='lat' dir='ltr'><strong><em>Finiuntur</em></strong></span> <span class='ocrx_word' id='word_1_240' title='bbox 1950 2776 2161 2839; x_wconf 90' lang='lat' dir='ltr'><strong><em>verbis</em></strong></span> <span class='ocrx_word' id='word_1_241' title='bbox 2188 2798 2203 2837; x_wconf 89' lang='lat'><strong>:</strong></span> <span class='ocrx_word' id='word_1_242' title='bbox 2236 2784 2291 2838; x_wconf 86' lang='lat' dir='ltr'><strong><em>et</em></strong></span> <span class='ocrx_word' id='word_1_243' title='bbox 2324 2795 2452 2838; x_wconf 91' lang='lat' dir='ltr'><strong><em>non</em></strong></span> <span class='ocrx_word' id='word_1_244' title='bbox 2470 2778 2600 2840; x_wconf 90' lang='lat' dir='ltr'><strong><em>nisi</em></strong></span> <span class='ocrx_word' id='word_1_245' title='bbox 2622 2779 2688 2840; x_wconf 91' lang='lat' dir='ltr'><strong><em>in</em></strong></span> <span class='ocrx_word' id='word_1_246' title='bbox 2718 2758 2947 2840; x_wconf 84' lang='lat' dir='ltr'><strong><em>animo.</em></strong></span> <span class='ocrx_word' id='word_1_247' title='bbox 2973 2779 3110 2840; x_wconf 87' lang='lat' dir='ltr'><strong><em>Hae</em></strong></span> <span class='ocrx_word' id='word_1_248' title='bbox 3134 2778 3329 2855; x_wconf 80' lang='lat' dir='ltr'><strong><em>igitur</em></strong></span> <span class='ocrx_word' id='word_1_249' title='bbox 3351 2780 3793 2858; x_wconf 85' lang='lat' dir='ltr'><strong><em>expositiones</em></strong></span> 
     </span>
    </p>
   </div>
   <div class='ocr_carea' id='block_1_21' title="bbox 530 2895 3797 2992">
    <p class='ocr_par' dir='ltr' id='par_1_21' title="bbox 530 2895 3797 2992">
     <span class='ocr_line' id='line_1_21' title="bbox 530 2895 3797 2992; baseline 0.005 -36"><span class='ocrx_word' id='word_1_250' title='bbox 530 2900 680 2957; x_wconf 87' lang='lat' dir='ltr'><strong><em>sunt</em></strong></span> <span class='ocrx_word' id='word_1_251' title='bbox 710 2895 985 2959; x_wconf 90' lang='lat' dir='ltr'><strong><em>nitidius</em></strong></span> <span class='ocrx_word' id='word_1_252' title='bbox 1014 2899 1439 2981; x_wconf 87' lang='lat' dir='ltr'><strong><em>aliquantum,</em></strong></span> <span class='ocrx_word' id='word_1_253' title='bbox 1472 2923 1666 2984; x_wconf 89' lang='lat' dir='ltr'><strong><em>quam</em></strong></span> <span class='ocrx_word' id='word_1_254' title='bbox 1701 2915 1948 2973; x_wconf 85' lang='lat' dir='ltr'><strong><em>ceterae</em></strong></span> <span class='ocrx_word' id='word_1_255' title='bbox 1985 2910 2223 2974; x_wconf 86' lang='lat' dir='ltr'><strong><em>codicis</em></strong></span> <span class='ocrx_word' id='word_1_256' title='bbox 2258 2919 2494 2991; x_wconf 89' lang='lat' dir='ltr'><strong><em>partes,</em></strong></span> <span class='ocrx_word' id='word_1_257' title='bbox 2521 2913 2816 2992; x_wconf 82' lang='lat' dir='ltr'><strong><em>scriptae.</em></strong></span> <span class='ocrx_word' id='word_1_258' title='bbox 2850 2913 3048 2976; x_wconf 89' lang='lat' dir='ltr'><strong><em>Tituli</em></strong></span> <span class='ocrx_word' id='word_1_259' title='bbox 3073 2919 3223 2976; x_wconf 89' lang='lat' dir='ltr'><strong><em>sunt</em></strong></span> <span class='ocrx_word' id='word_1_260' title='bbox 3251 2911 3527 2985; x_wconf 91' lang='lat' dir='ltr'><strong><em>miniati,</em></strong></span> <span class='ocrx_word' id='word_1_261' title='bbox 3552 2918 3612 2974; x_wconf 83' lang='lat' dir='ltr'><strong><em>et</em></strong></span> <span class='ocrx_word' id='word_1_262' title='bbox 3650 2929 3797 2974; x_wconf 88' lang='lat' dir='ltr'><strong><em>ver-</em></strong></span> 
     </span>
    </p>
   </div>
   <div class='ocr_carea' id='block_1_22' title="bbox 528 3025 3793 3123">
    <p class='ocr_par' dir='ltr' id='par_1_22' title="bbox 528 3025 3793 3123">
     <span class='ocr_line' id='line_1_22' title="bbox 528 3025 3793 3123; baseline 0.005 -34"><span class='ocrx_word' id='word_1_263' title='bbox 528 3025 737 3090; x_wconf 88' lang='lat' dir='ltr'><strong><em>sionis</em></strong></span> <span class='ocrx_word' id='word_1_264' title='bbox 759 3029 1045 3092; x_wconf 81' lang='lat' dir='ltr'><strong><em>verba-in</em></strong></span> <span class='ocrx_word' id='word_1_265' title='bbox 1093 3032 1299 3110; x_wconf 92' lang='lat' dir='ltr'><strong><em>primo</em></strong></span> <span class='ocrx_word' id='word_1_266' title='bbox 1336 3035 1542 3115; x_wconf 87' lang='lat' dir='ltr'><strong><em>capite</em></strong></span> <span class='ocrx_word' id='word_1_267' title='bbox 1580 3036 1742 3100; x_wconf 89' lang='lat' dir='ltr'><strong><em>linea</em></strong></span> <span class='ocrx_word' id='word_1_268' title='bbox 1778 3040 2062 3116; x_wconf 87' lang='lat' dir='ltr'><strong><em>miniata,</em></strong></span> <span class='ocrx_word' id='word_1_269' title='bbox 2092 3042 2161 3104; x_wconf 89' lang='lat' dir='ltr'><strong><em>in</em></strong></span> <span class='ocrx_word' id='word_1_270' title='bbox 2188 3042 2418 3105; x_wconf 87' lang='lat' dir='ltr'><strong><em>ceteris</em></strong></span> <span class='ocrx_word' id='word_1_271' title='bbox 2451 3042 2772 3123; x_wconf 84' lang='lat' dir='ltr'><strong><em>capitibus</em></strong></span> <span class='ocrx_word' id='word_1_272' title='bbox 2804 3043 2971 3106; x_wconf 90' lang='lat' dir='ltr'><strong><em>linea</em></strong></span> <span class='ocrx_word' id='word_1_273' title='bbox 3005 3048 3358 3106; x_wconf 88' lang='lat' dir='ltr'><strong><em>atramento</em></strong></span> <span class='ocrx_word' id='word_1_274' title='bbox 3391 3042 3576 3121; x_wconf 87' lang='lat' dir='ltr'><strong><em>nigro</em></strong></span> <span class='ocrx_word' id='word_1_275' title='bbox 3607 3041 3793 3104; x_wconf 89' lang='lat' dir='ltr'><strong><em>ducta</em></strong></span> 
     </span>
    </p>
   </div>
   <div class='ocr_carea' id='block_1_23' title="bbox 525 3161 3794 3255">
    <p class='ocr_par' dir='ltr' id='par_1_23' title="bbox 525 3161 3794 3255">
     <span class='ocr_line' id='line_1_23' title="bbox 525 3161 3794 3255; baseline 0.005 -32"><span class='ocrx_word' id='word_1_276' title='bbox 525 3161 864 3241; x_wconf 86' lang='lat' dir='ltr'><strong><em>insigniti:</em></strong></span> <span class='ocrx_word' id='word_1_277' title='bbox 902 3162 1074 3226; x_wconf 88' lang='lat' dir='ltr'><strong><em>idem</em></strong></span> <span class='ocrx_word' id='word_1_278' title='bbox 1112 3164 1192 3227; x_wconf 92' lang='lat' dir='ltr'><strong><em>de</em></strong></span> <span class='ocrx_word' id='word_1_279' title='bbox 1229 3166 1503 3246; x_wconf 80' lang='lat' dir='ltr'><strong><em>singulis</em></strong></span> <span class='ocrx_word' id='word_1_280' title='bbox 1535 3186 1797 3250; x_wconf 90' lang='lat' dir='ltr'><strong><em>quoque</em></strong></span> <span class='ocrx_word' id='word_1_281' title='bbox 1834 3173 2152 3236; x_wconf 87' lang='lat' dir='ltr'><strong><em>versionis</em></strong></span> <span class='ocrx_word' id='word_1_282' title='bbox 2218 3174 2454 3250; x_wconf 86' lang='lat' dir='ltr'><strong><em>verbis,</em></strong></span> <span class='ocrx_word' id='word_1_283' title='bbox 2489 3174 2543 3237; x_wconf 87' lang='lat' dir='ltr'><strong><em>si</em></strong></span> <span class='ocrx_word' id='word_1_284' title='bbox 2603 3181 3002 3255; x_wconf 87' lang='lat' dir='ltr'><strong><em>repetuntur,</em></strong></span> <span class='ocrx_word' id='word_1_285' title='bbox 3047 3174 3233 3238; x_wconf 87' lang='lat' dir='ltr'><strong><em>valet.</em></strong></span> <span class='ocrx_word' id='word_1_286' title='bbox 3269 3176 3505 3239; x_wconf 86' lang='lat' dir='ltr'><strong><em>Graeca</em></strong></span> <span class='ocrx_word' id='word_1_287' title='bbox 3562 3175 3751 3238; x_wconf 87' lang='lat' dir='ltr'><strong><em>verba</em></strong></span> <span class='ocrx_word' id='word_1_288' title='bbox 3777 3221 3794 3251; x_wconf 91' lang='lat'><strong><em>,</em></strong></span> 
     </span>
    </p>
   </div>
   <div class='ocr_carea' id='block_1_24' title="bbox 529 3297 3794 3387">
    <p class='ocr_par' dir='ltr' id='par_1_24' title="bbox 529 3297 3794 3387">
     <span class='ocr_line' id='line_1_24' title="bbox 529 3297 3794 3387; baseline 0.004 -32"><span class='ocrx_word' id='word_1_289' title='bbox 529 3308 695 3370; x_wconf 88' lang='lat' dir='ltr'><strong><em>quae</em></strong></span> <span class='ocrx_word' id='word_1_290' title='bbox 727 3302 1096 3372; x_wconf 88' lang='lat' dir='ltr'><strong><em>occurrunt,</em></strong></span> <span class='ocrx_word' id='word_1_291' title='bbox 1130 3297 1744 3365; x_wconf 81' lang='lat' dir='ltr'><strong><em>sunt-vitiosissime</em></strong></span> <span class='ocrx_word' id='word_1_292' title='bbox 1799 3304 2058 3385; x_wconf 87' lang='lat' dir='ltr'><strong><em>scripta.</em></strong></span> <span class='ocrx_word' id='word_1_293' title='bbox 2093 3305 2190 3367; x_wconf 84' lang='lat' dir='ltr'><strong><em>Ab</em></strong></span> <span class='ocrx_word' id='word_1_294' title='bbox 2225 3306 2347 3369; x_wconf 91' lang='lat' dir='ltr'><strong><em>alia</em></strong></span> <span class='ocrx_word' id='word_1_295' title='bbox 2383 3306 2585 3370; x_wconf 89' lang='lat' dir='ltr'><strong><em>seculi</em></strong></span> <span class='ocrx_word' id='word_1_296' title='bbox 2615 3309 2789 3381; x_wconf 81' lang='lat' dir='ltr'><strong><em>XIV,</em></strong></span> <span class='ocrx_word' id='word_1_297' title='bbox 2822 3316 2893 3369; x_wconf 92' lang='lat' dir='ltr'><strong><em>ut</em></strong></span> <span class='ocrx_word' id='word_1_298' title='bbox 2924 3308 3175 3387; x_wconf 85' lang='lat' dir='ltr'><strong><em>Opinor,</em></strong></span> <span class='ocrx_word' id='word_1_299' title='bbox 3221 3324 3440 3382; x_wconf 89' lang='lat' dir='ltr'><strong><em>manu,</em></strong></span> <span class='ocrx_word' id='word_1_300' title='bbox 3476 3324 3672 3387; x_wconf 91' lang='lat' dir='ltr'><strong><em>quam</em></strong></span> <span class='ocrx_word' id='word_1_301' title='bbox 3707 3308 3794 3368; x_wconf 61' lang='grc' dir='ltr'><strong>Β*</strong></span> 
     </span>
    </p>
   </div>
   <div class='ocr_carea' id='block_1_25' title="bbox 525 3422 3796 3518">
    <p class='ocr_par' dir='ltr' id='par_1_25' title="bbox 525 3422 3796 3518">
     <span class='ocr_line' id='line_1_25' title="bbox 525 3422 3796 3518; baseline 0.004 -33"><span class='ocrx_word' id='word_1_302' title='bbox 525 3422 861 3504; x_wconf 88' lang='lat' dir='ltr'><strong><em>insignivi,</em></strong></span> <span class='ocrx_word' id='word_1_303' title='bbox 909 3427 1222 3506; x_wconf 89' lang='lat' dir='ltr'><strong><em>scriptura</em></strong></span> <span class='ocrx_word' id='word_1_304' title='bbox 1276 3446 1468 3509; x_wconf 83' lang='lat' dir='ltr'><strong><em>saepe</em></strong></span> <span class='ocrx_word' id='word_1_305' title='bbox 1514 3433 1795 3497; x_wconf 88' lang='lat' dir='ltr'><strong><em>radendo</em></strong></span> <span class='ocrx_word' id='word_1_306' title='bbox 1826 3435 1925 3496; x_wconf 90' lang='lat' dir='ltr'><strong><em>vel</em></strong></span> <span class='ocrx_word' id='word_1_307' title='bbox 1957 3436 2338 3516; x_wconf 89' lang='lat' dir='ltr'><strong><em>corrigendo</em></strong></span> <span class='ocrx_word' id='word_1_308' title='bbox 2372 3437 2439 3499; x_wconf 90' lang='lat' dir='ltr'><strong><em>in</em></strong></span> <span class='ocrx_word' id='word_1_309' title='bbox 2494 3438 2633 3518; x_wconf 86' lang='lat' dir='ltr'><strong><em>ipsa</em></strong></span> <span class='ocrx_word' id='word_1_310' title='bbox 2690 3443 2905 3502; x_wconf 82' lang='lat' dir='ltr'><strong><em>textus</em></strong></span> <span class='ocrx_word' id='word_1_311' title='bbox 2949 3437 3140 3511; x_wconf 89' lang='lat' dir='ltr'><strong><em>linea,</em></strong></span> <span class='ocrx_word' id='word_1_312' title='bbox 3183 3436 3278 3499; x_wconf 91' lang='lat' dir='ltr'><strong><em>vel</em></strong></span> <span class='ocrx_word' id='word_1_313' title='bbox 3334 3455 3528 3517; x_wconf 84' lang='lat' dir='ltr'><strong><em>supra</em></strong></span> <span class='ocrx_word' id='word_1_314' title='bbox 3558 3438 3796 3501; x_wconf 83' lang='lat' dir='ltr'><strong><em>adscri-</em></strong></span> 
     </span>
    </p>
   </div>
   <div class='ocr_carea' id='block_1_26' title="bbox 532 3560 3795 3654">
    <p class='ocr_par' dir='ltr' id='par_1_26' title="bbox 532 3560 3795 3654">
     <span class='ocr_line' id='line_1_26' title="bbox 532 3560 3795 3654; baseline 0.002 -30"><span class='ocrx_word' id='word_1_315' title='bbox 532 3560 749 3626; x_wconf 88' lang='lat' dir='ltr'><strong><em>bendo</em></strong></span> <span class='ocrx_word' id='word_1_316' title='bbox 762 3571 1000 3627; x_wconf 89' lang='lat' dir='ltr'><strong><em>mutata</em></strong></span> <span class='ocrx_word' id='word_1_317' title='bbox 1019 3568 1139 3637; x_wconf 91' lang='lat' dir='ltr'><strong><em>est,</em></strong></span> <span class='ocrx_word' id='word_1_318' title='bbox 1157 3579 1275 3626; x_wconf 90' lang='lat' dir='ltr'><strong><em>nec</em></strong></span> <span class='ocrx_word' id='word_1_319' title='bbox 1288 3582 1486 3643; x_wconf 87' lang='lat' dir='ltr'><strong><em>pauca</em></strong></span> <span class='ocrx_word' id='word_1_320' title='bbox 1498 3565 1575 3628; x_wconf 91' lang='lat' dir='ltr'><strong><em>ad</em></strong></span> <span class='ocrx_word' id='word_1_321' title='bbox 1598 3568 1954 3647; x_wconf 84' lang='lat' dir='ltr'><strong><em>marginem</em></strong></span> <span class='ocrx_word' id='word_1_322' title='bbox 1971 3571 2288 3652; x_wconf 86' lang='lat' dir='ltr'><strong><em>adscripta</em></strong></span> <span class='ocrx_word' id='word_1_323' title='bbox 2302 3578 2477 3635; x_wconf 92' lang='lat' dir='ltr'><strong><em>sunt.</em></strong></span> <span class='ocrx_word' id='word_1_324' title='bbox 2497 3574 2710 3636; x_wconf 86' lang='lat' dir='ltr'><strong><em>Tertia</em></strong></span> <span class='ocrx_word' id='word_1_325' title='bbox 2725 3572 3039 3654; x_wconf 87' lang='lat' dir='ltr'><strong><em>quaedam</em></strong></span> <span class='ocrx_word' id='word_1_326' title='bbox 3053 3588 3308 3645; x_wconf 90' lang='lat' dir='ltr'><strong><em>manus,</em></strong></span> <span class='ocrx_word' id='word_1_327' title='bbox 3328 3570 3571 3651; x_wconf 86' lang='lat' dir='ltr'><strong><em>primae</em></strong></span> <span class='ocrx_word' id='word_1_328' title='bbox 3592 3577 3795 3634; x_wconf 89' lang='lat' dir='ltr'><strong><em>aetate</em></strong></span> 
     </span>
    </p>
   </div>
   <div class='ocr_carea' id='block_1_27' title="bbox 521 3682 3792 3776">
    <p class='ocr_par' dir='ltr' id='par_1_27' title="bbox 521 3682 3792 3776">
     <span class='ocr_line' id='line_1_27' title="bbox 521 3682 3792 3776; baseline 0.001 -29"><span class='ocrx_word' id='word_1_329' title='bbox 521 3682 659 3748; x_wconf 84' lang='lat' dir='ltr'><strong><em>fere</em></strong></span> <span class='ocrx_word' id='word_1_330' title='bbox 690 3702 949 3765; x_wconf 89' lang='lat' dir='ltr'><strong><em>suppar,</em></strong></span> <span class='ocrx_word' id='word_1_331' title='bbox 982 3704 1177 3767; x_wconf 88' lang='lat' dir='ltr'><strong><em>quam</em></strong></span> <span class='ocrx_word' id='word_1_332' title='bbox 1216 3687 1339 3745; x_wconf 48' lang='grc' dir='ltr'><strong><em>ΒΨ*</em></strong></span> <span class='ocrx_word' id='word_1_333' title='bbox 1372 3687 1864 3767; x_wconf 88' lang='lat' dir='ltr'><strong><em>insignivimus,</em></strong></span> <span class='ocrx_word' id='word_1_334' title='bbox 1897 3708 2372 3774; x_wconf 88' lang='lat' dir='ltr'><strong><em>nonnunquam</em></strong></span> <span class='ocrx_word' id='word_1_335' title='bbox 2405 3696 2595 3757; x_wconf 87' lang='lat' dir='ltr'><strong><em>verba</em></strong></span> <span class='ocrx_word' id='word_1_336' title='bbox 2618 3696 2931 3776; x_wconf 88' lang='lat' dir='ltr'><strong><em>quaedam</em></strong></span> <span class='ocrx_word' id='word_1_337' title='bbox 2960 3693 3038 3755; x_wconf 91' lang='lat' dir='ltr'><strong><em>ad</em></strong></span> <span class='ocrx_word' id='word_1_338' title='bbox 3061 3691 3421 3769; x_wconf 86' lang='lat' dir='ltr'><strong><em>marginem</em></strong></span> <span class='ocrx_word' id='word_1_339' title='bbox 3455 3690 3792 3771; x_wconf 79' lang='lat' dir='ltr'><strong><em>adscripsit</em></strong></span> 
     </span>
    </p>
   </div>
   <div class='ocr_carea' id='block_1_28' title="bbox 519 3807 3791 3890">
    <p class='ocr_par' dir='ltr' id='par_1_28' title="bbox 519 3807 3791 3890">
     <span class='ocr_line' id='line_1_28' title="bbox 519 3807 3791 3890; baseline 0 -20"><span class='ocrx_word' id='word_1_340' title='bbox 519 3812 875 3870; x_wconf 84' lang='lat' dir='ltr'><strong><em>atramento</em></strong></span> <span class='ocrx_word' id='word_1_341' title='bbox 896 3807 1293 3889; x_wconf 90' lang='lat' dir='ltr'><strong><em>aliquantum</em></strong></span> <span class='ocrx_word' id='word_1_342' title='bbox 1314 3809 1854 3889; x_wconf 83' lang='lat' dir='ltr'><strong><em>pallidiore.Raro</em></strong></span> <span class='ocrx_word' id='word_1_343' title='bbox 1885 3813 2076 3876; x_wconf 90' lang='lat' dir='ltr'><strong><em>etiam</em></strong></span> <span class='ocrx_word' id='word_1_344' title='bbox 2107 3814 2431 3877; x_wconf 88' lang='lat' dir='ltr'><strong><em>recentior</em></strong></span> <span class='ocrx_word' id='word_1_345' title='bbox 2468 3830 2696 3876; x_wconf 90' lang='lat' dir='ltr'><strong><em>manus</em></strong></span> <span class='ocrx_word' id='word_1_346' title='bbox 2733 3813 2810 3876; x_wconf 89' lang='lat' dir='ltr'><strong><em>ad</em></strong></span> <span class='ocrx_word' id='word_1_347' title='bbox 2836 3811 3187 3889; x_wconf 74' lang='lat' dir='ltr'><strong><em>margine-in</em></strong></span> <span class='ocrx_word' id='word_1_348' title='bbox 3214 3809 3575 3889; x_wconf 84' lang='lat' dir='ltr'><strong><em>adscripsit,</em></strong></span> <span class='ocrx_word' id='word_1_349' title='bbox 3599 3827 3791 3890; x_wconf 89' lang='lat' dir='ltr'><strong><em>quam</em></strong></span> 
     </span>
    </p>
   </div>
   <div class='ocr_carea' id='block_1_29' title="bbox 518 3928 3790 4014">
    <p class='ocr_par' dir='ltr' id='par_1_29' title="bbox 518 3928 3790 4014">
     <span class='ocr_line' id='line_1_29' title="bbox 518 3928 3790 4014; baseline -0 -21"><span class='ocrx_word' id='word_1_350' title='bbox 518 3928 982 4009; x_wconf 89' lang='lat' dir='ltr'><strong><em>insignivimus</em></strong></span> <span class='ocrx_word' id='word_1_351' title='bbox 1048 3949 1173 3994; x_wconf 88' lang='lat' dir='ltr'><strong><em>rec.</em></strong></span> <span class='ocrx_word' id='word_1_352' title='bbox 1232 3948 1312 3993; x_wconf 89' lang='lat' dir='ltr'><strong><em>m.</em></strong></span> <span class='ocrx_word' id='word_1_353' title='bbox 1349 3932 1415 3994; x_wconf 90' lang='lat' dir='ltr'><strong><em>Si</em></strong></span> <span class='ocrx_word' id='word_1_354' title='bbox 1465 3934 1669 4013; x_wconf 88' lang='lat' dir='ltr'><strong><em>prima</em></strong></span> <span class='ocrx_word' id='word_1_355' title='bbox 1700 3953 1929 3999; x_wconf 88' lang='lat' dir='ltr'><strong><em>manus</em></strong></span> <span class='ocrx_word' id='word_1_356' title='bbox 1978 3937 2117 4014; x_wconf 90' lang='lat' dir='ltr'><strong><em>ipsa</em></strong></span> <span class='ocrx_word' id='word_1_357' title='bbox 2158 3936 2518 4001; x_wconf 80' lang='lat' dir='ltr'><strong><em>correxisse</em></strong></span> <span class='ocrx_word' id='word_1_358' title='bbox 2561 3936 2920 4008; x_wconf 87' lang='lat' dir='ltr'><strong><em>videbatur,</em></strong></span> <span class='ocrx_word' id='word_1_359' title='bbox 2958 3933 3021 3995; x_wconf 88' lang='lat' dir='ltr'><strong><em>id</em></strong></span> <span class='ocrx_word' id='word_1_360' title='bbox 3070 3931 3436 3994; x_wconf 89' lang='lat' dir='ltr'><strong><em>notavimus</em></strong></span> <span class='ocrx_word' id='word_1_361' title='bbox 3482 3950 3649 3994; x_wconf 90' lang='lat' dir='ltr'><strong><em>corr.</em></strong></span> <span class='ocrx_word' id='word_1_362' title='bbox 3713 3931 3790 4006; x_wconf 78' lang='grc' dir='ltr'><strong>Β,</strong></span> 
     </span>
    </p>
   </div>
   <div class='ocr_carea' id='block_1_30' title="bbox 516 4025 3791 4133">
    <p class='ocr_par' dir='ltr' id='par_1_30' title="bbox 516 4025 3791 4133">
     <span class='ocr_line' id='line_1_30' title="bbox 516 4025 3791 4133; baseline -0.002 -15"><span class='ocrx_word' id='word_1_363' title='bbox 516 4036 881 4119; x_wconf 84' lang='lat' dir='ltr'><strong><em>Notandum</em></strong></span> <span class='ocrx_word' id='word_1_364' title='bbox 922 4055 1212 4133; x_wconf 77' lang='lat' dir='ltr'><strong><em>insuper,</em></strong></span> <span class='ocrx_word' id='word_1_365' title='bbox 1242 4052 1418 4117; x_wconf 87' lang='lat' dir='ltr'><strong><em>foliis</em></strong></span> <span class='ocrx_word' id='word_1_366' title='bbox 1447 4058 1548 4132; x_wconf 79' lang='lat'><strong><em>71,</em></strong></span> <span class='ocrx_word' id='word_1_367' title='bbox 1589 4058 1650 4119; x_wconf 92' lang='lat'><strong><em>2.</em></strong></span> <span class='ocrx_word' id='word_1_368' title='bbox 1679 4060 1783 4133; x_wconf 89' lang='lat'><strong><em>72,</em></strong></span> <span class='ocrx_word' id='word_1_369' title='bbox 1813 4059 1874 4120; x_wconf 90' lang='lat'><strong><em>2.</em></strong></span> <span class='ocrx_word' id='word_1_370' title='bbox 1906 4060 2008 4133; x_wconf 89' lang='lat'><strong><em>73,</em></strong></span> <span class='ocrx_word' id='word_1_371' title='bbox 2046 4060 2107 4120; x_wconf 91' lang='lat'><strong><em>2.</em></strong></span> <span class='ocrx_word' id='word_1_372' title='bbox 2142 4058 2245 4133; x_wconf 71' lang='lat' dir='ltr'><strong><em>7t,</em></strong></span> <span class='ocrx_word' id='word_1_373' title='bbox 2277 4059 2338 4120; x_wconf 89' lang='lat'><strong><em>2.</em></strong></span> <span class='ocrx_word' id='word_1_374' title='bbox 2364 4060 2465 4132; x_wconf 78' lang='lat'><strong><em>75,</em></strong></span> <span class='ocrx_word' id='word_1_375' title='bbox 2503 4025 2563 4121; x_wconf 76' lang='lat'><strong><em>2.</em></strong></span> <span class='ocrx_word' id='word_1_376' title='bbox 2589 4060 2691 4131; x_wconf 92' lang='lat'><strong><em>77,</em></strong></span> <span class='ocrx_word' id='word_1_377' title='bbox 2716 4056 2775 4116; x_wconf 90' lang='lat'><strong><em>2.</em></strong></span> <span class='ocrx_word' id='word_1_378' title='bbox 2803 4056 2907 4129; x_wconf 94' lang='lat'><strong><em>78,</em></strong></span> <span class='ocrx_word' id='word_1_379' title='bbox 2938 4056 2999 4115; x_wconf 89' lang='lat'><strong><em>2.</em></strong></span> <span class='ocrx_word' id='word_1_380' title='bbox 3036 4053 3138 4129; x_wconf 92' lang='lat'><strong><em>83,</em></strong></span> <span class='ocrx_word' id='word_1_381' title='bbox 3162 4053 3220 4115; x_wconf 92' lang='lat'><strong><em>2.</em></strong></span> <span class='ocrx_word' id='word_1_382' title='bbox 3246 4052 3347 4125; x_wconf 76' lang='lat' dir='ltr'><strong><em>8t,</em></strong></span> <span class='ocrx_word' id='word_1_383' title='bbox 3380 4056 3438 4114; x_wconf 91' lang='lat'><strong><em>2.</em></strong></span> <span class='ocrx_word' id='word_1_384' title='bbox 3478 4052 3581 4127; x_wconf 87' lang='lat'><strong><em>85,</em></strong></span> <span class='ocrx_word' id='word_1_385' title='bbox 3606 4053 3664 4113; x_wconf 90' lang='lat'><strong><em>2.</em></strong></span> <span class='ocrx_word' id='word_1_386' title='bbox 3688 4051 3791 4125; x_wconf 93' lang='lat'><strong><em>87,</em></strong></span> 
     </span>
    </p>
   </div>
   <div class='ocr_carea' id='block_1_31' title="bbox 522 4172 3789 4260">
    <p class='ocr_par' dir='ltr' id='par_1_31' title="bbox 522 4172 3789 4260">
     <span class='ocr_line' id='line_1_31' title="bbox 522 4172 3789 4260; baseline -0.002 -18"><span class='ocrx_word' id='word_1_387' title='bbox 522 4180 585 4244; x_wconf 94' lang='lat'><strong><em>2.</em></strong></span> <span class='ocrx_word' id='word_1_388' title='bbox 622 4183 729 4260; x_wconf 87' lang='lat'><strong><em>89,</em></strong></span> <span class='ocrx_word' id='word_1_389' title='bbox 754 4183 816 4244; x_wconf 89' lang='lat'><strong><em>2.</em></strong></span> <span class='ocrx_word' id='word_1_390' title='bbox 841 4182 943 4254; x_wconf 91' lang='lat'><strong><em>90,</em></strong></span> <span class='ocrx_word' id='word_1_391' title='bbox 966 4182 1027 4241; x_wconf 92' lang='lat'><strong><em>2.</em></strong></span> <span class='ocrx_word' id='word_1_392' title='bbox 1053 4181 1155 4254; x_wconf 82' lang='lat'><strong><em>91,</em></strong></span> <span class='ocrx_word' id='word_1_393' title='bbox 1178 4180 1240 4242; x_wconf 91' lang='lat'><strong><em>2.</em></strong></span> <span class='ocrx_word' id='word_1_394' title='bbox 1272 4177 1373 4251; x_wconf 88' lang='lat'><strong><em>95,</em></strong></span> <span class='ocrx_word' id='word_1_395' title='bbox 1400 4176 1442 4236; x_wconf 88' lang='lat'><strong><em>2</em></strong></span> <span class='ocrx_word' id='word_1_396' title='bbox 1473 4176 1541 4239; x_wconf 92' lang='lat' dir='ltr'><strong><em>in</em></strong></span> <span class='ocrx_word' id='word_1_397' title='bbox 1568 4183 1852 4241; x_wconf 81' lang='lat' dir='ltr'><strong><em>extrema</em></strong></span> <span class='ocrx_word' id='word_1_398' title='bbox 1881 4178 2293 4241; x_wconf 87' lang='lat' dir='ltr'><strong><em>membranae</em></strong></span> <span class='ocrx_word' id='word_1_399' title='bbox 2317 4177 2685 4241; x_wconf 88' lang='lat' dir='ltr'><strong><em>summitate</em></strong></span> <span class='ocrx_word' id='word_1_400' title='bbox 2714 4195 2815 4238; x_wconf 78' lang='lat' dir='ltr'><strong><em>res</em></strong></span> <span class='ocrx_word' id='word_1_401' title='bbox 2851 4174 3159 4254; x_wconf 86' lang='lat' dir='ltr'><strong><em>quasdam</em></strong></span> <span class='ocrx_word' id='word_1_402' title='bbox 3188 4172 3431 4235; x_wconf 91' lang='lat' dir='ltr'><strong><em>nullius</em></strong></span> <span class='ocrx_word' id='word_1_403' title='bbox 3483 4173 3789 4235; x_wconf 87' lang='lat' dir='ltr'><strong><em>momenti</em></strong></span> 
     </span>
    </p>
   </div>
   <div class='ocr_carea' id='block_1_32' title="bbox 517 4295 3786 4381">
    <p class='ocr_par' dir='ltr' id='par_1_32' title="bbox 517 4295 3786 4381">
     <span class='ocr_line' id='line_1_32' title="bbox 517 4295 3786 4381; baseline -0.002 -14"><span class='ocrx_word' id='word_1_404' title='bbox 517 4321 661 4367; x_wconf 81' lang='lat' dir='ltr'><strong><em>esse</em></strong></span> <span class='ocrx_word' id='word_1_405' title='bbox 682 4302 1058 4381; x_wconf 89' lang='lat' dir='ltr'><strong><em>adscriptas.</em></strong></span> <span class='ocrx_word' id='word_1_406' title='bbox 1080 4302 1414 4362; x_wconf 87' lang='lat' dir='ltr'><strong><em>Praeterea</em></strong></span> <span class='ocrx_word' id='word_1_407' title='bbox 1445 4299 1514 4360; x_wconf 91' lang='lat' dir='ltr'><strong><em>in</em></strong></span> <span class='ocrx_word' id='word_1_408' title='bbox 1538 4299 1874 4361; x_wconf 90' lang='lat' dir='ltr'><strong><em>nonnullis</em></strong></span> <span class='ocrx_word' id='word_1_409' title='bbox 1895 4298 2073 4362; x_wconf 86' lang='lat' dir='ltr'><strong><em>foliis</em></strong></span> <span class='ocrx_word' id='word_1_410' title='bbox 2096 4301 2417 4364; x_wconf 88' lang='lat' dir='ltr'><strong><em>recentior</em></strong></span> <span class='ocrx_word' id='word_1_411' title='bbox 2447 4318 2677 4364; x_wconf 89' lang='lat' dir='ltr'><strong><em>manus</em></strong></span> <span class='ocrx_word' id='word_1_412' title='bbox 2707 4297 2911 4362; x_wconf 90' lang='lat' dir='ltr'><strong><em>seculi</em></strong></span> <span class='ocrx_word' id='word_1_413' title='bbox 2935 4298 3052 4357; x_wconf 76' lang='lat' dir='ltr'><strong><em>XV</em></strong></span> <span class='ocrx_word' id='word_1_414' title='bbox 3078 4295 3174 4358; x_wconf 90' lang='lat' dir='ltr'><strong><em>vel</em></strong></span> <span class='ocrx_word' id='word_1_415' title='bbox 3209 4296 3377 4368; x_wconf 80' lang='lat' dir='ltr'><strong>XVI,</strong></span> <span class='ocrx_word' id='word_1_416' title='bbox 3405 4296 3555 4358; x_wconf 85' lang='lat' dir='ltr'><strong><em>stilo</em></strong></span> <span class='ocrx_word' id='word_1_417' title='bbox 3578 4313 3786 4359; x_wconf 87' lang='lat' dir='ltr'><strong><em>cerus-</em></strong></span> 
     </span>
    </p>
   </div>
   <div class='ocr_carea' id='block_1_33' title="bbox 517 4420 3786 4504">
    <p class='ocr_par' dir='ltr' id='par_1_33' title="bbox 517 4420 3786 4504">
     <span class='ocr_line' id='line_1_33' title="bbox 517 4420 3786 4504; baseline 0 -19"><span class='ocrx_word' id='word_1_418' title='bbox 517 4428 654 4487; x_wconf 83' lang='lat' dir='ltr'><strong><em>sato</em></strong></span> <span class='ocrx_word' id='word_1_419' title='bbox 687 4423 890 4486; x_wconf 84' lang='lat' dir='ltr'><strong><em>multa</em></strong></span> <span class='ocrx_word' id='word_1_420' title='bbox 911 4422 1256 4503; x_wconf 84' lang='lat' dir='ltr'><strong><em>adscripsit</em></strong></span> <span class='ocrx_word' id='word_1_421' title='bbox 1284 4423 1351 4485; x_wconf 88' lang='lat' dir='ltr'><strong><em>in</em></strong></span> <span class='ocrx_word' id='word_1_422' title='bbox 1380 4423 1694 4503; x_wconf 81' lang='lat' dir='ltr'><strong><em>margine,</em></strong></span> <span class='ocrx_word' id='word_1_423' title='bbox 1717 4440 1886 4504; x_wconf 89' lang='lat' dir='ltr'><strong><em>quae</em></strong></span> <span class='ocrx_word' id='word_1_424' title='bbox 1921 4431 2137 4488; x_wconf 89' lang='lat' dir='ltr'><strong><em>tamen</em></strong></span> <span class='ocrx_word' id='word_1_425' title='bbox 2175 4427 2265 4489; x_wconf 86' lang='lat' dir='ltr'><strong><em>ita</em></strong></span> <span class='ocrx_word' id='word_1_426' title='bbox 2293 4435 2446 4489; x_wconf 87' lang='lat' dir='ltr'><strong><em>sunt</em></strong></span> <span class='ocrx_word' id='word_1_427' title='bbox 2468 4427 2828 4495; x_wconf 88' lang='lat' dir='ltr'><strong><em>obliterata,</em></strong></span> <span class='ocrx_word' id='word_1_428' title='bbox 2864 4429 2932 4485; x_wconf 87' lang='lat' dir='ltr'><strong><em>ut</em></strong></span> <span class='ocrx_word' id='word_1_429' title='bbox 2960 4420 3088 4499; x_wconf 85' lang='lat' dir='ltr'><strong><em>legi</em></strong></span> <span class='ocrx_word' id='word_1_430' title='bbox 3118 4421 3395 4498; x_wconf 85' lang='lat' dir='ltr'><strong><em>amplius</em></strong></span> <span class='ocrx_word' id='word_1_431' title='bbox 3438 4430 3786 4503; x_wconf 85' lang='lat' dir='ltr'><strong><em>nequeant.</em></strong></span> 
     </span>
    </p>
   </div>
   <div class='ocr_carea' id='block_1_34' title="bbox 599 4544 3685 4629">
    <p class='ocr_par' dir='ltr' id='par_1_34' title="bbox 599 4544 3685 4629">
     <span class='ocr_line' id='line_1_34' title="bbox 599 4544 3685 4629; baseline 0.002 -23"><span class='ocrx_word' id='word_1_432' title='bbox 599 4545 863 4627; x_wconf 75' lang='lat' dir='ltr'><strong><em>Reliqua</em></strong></span> <span class='ocrx_word' id='word_1_433' title='bbox 902 4563 1046 4625; x_wconf 82' lang='lat' dir='ltr'><strong><em>pars</em></strong></span> <span class='ocrx_word' id='word_1_434' title='bbox 1100 4545 1215 4607; x_wconf 85' lang='lat' dir='ltr'><strong><em>fol.</em></strong></span> <span class='ocrx_word' id='word_1_435' title='bbox 1252 4546 1351 4623; x_wconf 88' lang='lat'><strong><em>95,</em></strong></span> <span class='ocrx_word' id='word_1_436' title='bbox 1385 4546 1426 4606; x_wconf 91' lang='lat'><strong><em>2</em></strong></span> <span class='ocrx_word' id='word_1_437' title='bbox 1460 4550 1519 4608; x_wconf 88' lang='lat' dir='ltr'><strong><em>et</em></strong></span> <span class='ocrx_word' id='word_1_438' title='bbox 1552 4544 1664 4609; x_wconf 90' lang='lat' dir='ltr'><strong><em>fol.</em></strong></span> <span class='ocrx_word' id='word_1_439' title='bbox 1704 4547 1781 4608; x_wconf 89' lang='lat'><strong><em>96</em></strong></span> <span class='ocrx_word' id='word_1_440' title='bbox 1814 4547 2006 4610; x_wconf 89' lang='lat' dir='ltr'><strong><em>rebus</em></strong></span> <span class='ocrx_word' id='word_1_441' title='bbox 2033 4549 2207 4611; x_wconf 88' lang='lat' dir='ltr'><strong><em>lectu</em></strong></span> <span class='ocrx_word' id='word_1_442' title='bbox 2245 4548 2642 4611; x_wconf 74' lang='lat' dir='ltr'><strong><em>difﬁcillimis</em></strong></span> <span class='ocrx_word' id='word_1_443' title='bbox 2680 4547 3055 4628; x_wconf 88' lang='lat' dir='ltr'><strong><em>nulliusque</em></strong></span> <span class='ocrx_word' id='word_1_444' title='bbox 3082 4550 3393 4611; x_wconf 85' lang='lat' dir='ltr'><strong><em>momenti</em></strong></span> <span class='ocrx_word' id='word_1_445' title='bbox 3426 4550 3685 4629; x_wconf 87' lang='lat' dir='ltr'><strong><em>tegitur.</em></strong></span> 
     </span>
    </p>
   </div>
   <div class='ocr_carea' id='block_1_35' title="bbox 594 4668 3788 4766">
    <p class='ocr_par' dir='ltr' id='par_1_35' title="bbox 594 4668 3788 4766">
     <span class='ocr_line' id='line_1_35' title="bbox 594 4668 3788 4766; baseline 0.002 -35"><span class='ocrx_word' id='word_1_446' title='bbox 594 4672 838 4766; x_wconf 73' lang='lat' dir='ltr'><strong><em>Restat,</em></strong></span> <span class='ocrx_word' id='word_1_447' title='bbox 872 4676 942 4731; x_wconf 91' lang='lat' dir='ltr'><strong><em>ut</em></strong></span> <span class='ocrx_word' id='word_1_448' title='bbox 965 4685 1369 4744; x_wconf 85' lang='lat' dir='ltr'><strong><em>moneamus,</em></strong></span> <span class='ocrx_word' id='word_1_449' title='bbox 1402 4668 1481 4732; x_wconf 89' lang='lat' dir='ltr'><strong><em>ad</em></strong></span> <span class='ocrx_word' id='word_1_450' title='bbox 1512 4668 1675 4734; x_wconf 91' lang='lat' dir='ltr'><strong><em>illud</em></strong></span> <span class='ocrx_word' id='word_1_451' title='bbox 1702 4672 2020 4735; x_wconf 88' lang='lat' dir='ltr'><strong><em>versionis</em></strong></span> <span class='ocrx_word' id='word_1_452' title='bbox 2050 4670 2508 4749; x_wconf 83' lang='lat' dir='ltr'><strong><em>fragmentum,</em></strong></span> <span class='ocrx_word' id='word_1_453' title='bbox 2538 4669 2714 4749; x_wconf 89' lang='lat' dir='ltr'><strong><em>quod</em></strong></span> <span class='ocrx_word' id='word_1_454' title='bbox 2748 4668 2861 4732; x_wconf 87' lang='lat' dir='ltr'><strong><em>fol.</em></strong></span> <span class='ocrx_word' id='word_1_455' title='bbox 2901 4675 2957 4742; x_wconf 86' lang='lat'><strong><em>1,</em></strong></span> <span class='ocrx_word' id='word_1_456' title='bbox 2978 4669 3230 4744; x_wconf 71' lang='lat' dir='ltr'><strong><em>t—It,2</em></strong></span> <span class='ocrx_word' id='word_1_457' title='bbox 3258 4673 3498 4736; x_wconf 89' lang='lat' dir='ltr'><strong><em>codicis</em></strong></span> <span class='ocrx_word' id='word_1_458' title='bbox 3528 4674 3788 4753; x_wconf 88' lang='lat' dir='ltr'><strong><em>legitur,</em></strong></span> 
     </span>
    </p>
   </div>
   <div class='ocr_carea' id='block_1_36' title="bbox 514 4787 3790 4885">
    <p class='ocr_par' dir='ltr' id='par_1_36' title="bbox 514 4787 3790 4871">
     <span class='ocr_line' id='line_1_36' title="bbox 514 4787 3790 4871; baseline -0.002 -15"><span class='ocrx_word' id='word_1_459' title='bbox 514 4799 625 4856; x_wconf 88' lang='lat' dir='ltr'><strong><em>aut</em></strong></span> <span class='ocrx_word' id='word_1_460' title='bbox 656 4792 880 4857; x_wconf 91' lang='lat' dir='ltr'><strong><em>eadem</em></strong></span> <span class='ocrx_word' id='word_1_461' title='bbox 909 4798 1018 4856; x_wconf 90' lang='lat' dir='ltr'><strong><em>aut</em></strong></span> <span class='ocrx_word' id='word_1_462' title='bbox 1047 4790 1172 4856; x_wconf 88' lang='lat' dir='ltr'><strong><em>alia</em></strong></span> <span class='ocrx_word' id='word_1_463' title='bbox 1200 4791 1462 4871; x_wconf 86' lang='lat' dir='ltr'><strong><em>suppari</em></strong></span> <span class='ocrx_word' id='word_1_464' title='bbox 1494 4809 1689 4854; x_wconf 88' lang='lat' dir='ltr'><strong><em>manu</em></strong></span> <span class='ocrx_word' id='word_1_465' title='bbox 1719 4790 1923 4856; x_wconf 84' lang='lat' dir='ltr'><strong><em>literis</em></strong></span> <span class='ocrx_word' id='word_1_466' title='bbox 1955 4791 2413 4855; x_wconf 86' lang='lat' dir='ltr'><strong><em>minutissimis</em></strong></span> <span class='ocrx_word' id='word_1_467' title='bbox 2440 4793 2789 4871; x_wconf 86' lang='lat' dir='ltr'><strong><em>fragmenta</em></strong></span> <span class='ocrx_word' id='word_1_468' title='bbox 2816 4787 3085 4849; x_wconf 86' lang='lat' dir='ltr'><strong><em>Joannis</em></strong></span> <span class='ocrx_word' id='word_1_469' title='bbox 3111 4787 3291 4850; x_wconf 86' lang='lat' dir='ltr'><strong><em>Scoti</em></strong></span> <span class='ocrx_word' id='word_1_470' title='bbox 3323 4791 3790 4870; x_wconf 73' lang='lat' dir='ltr'><strong><em>expositionum</em></strong></span> 
     </span>
    </p>
   </div>
   <div class='ocr_carea' id='block_1_37' title="bbox 512 4912 3789 4999">
    <p class='ocr_par' dir='ltr' id='par_1_37' title="bbox 512 4912 3789 4999">
     <span class='ocr_line' id='line_1_37' title="bbox 512 4912 3789 4999; baseline -0.001 -20"><span class='ocrx_word' id='word_1_471' title='bbox 512 4917 581 4979; x_wconf 90' lang='lat' dir='ltr'><strong><em>in</em></strong></span> <span class='ocrx_word' id='word_1_472' title='bbox 610 4916 923 4979; x_wconf 88' lang='lat' dir='ltr'><strong><em>caelestem</em></strong></span> <span class='ocrx_word' id='word_1_473' title='bbox 942 4915 1327 4978; x_wconf 86' lang='lat' dir='ltr'><strong><em>Ierarchiam</em></strong></span> <span class='ocrx_word' id='word_1_474' title='bbox 1349 4915 1426 4977; x_wconf 91' lang='lat' dir='ltr'><strong><em>ad</em></strong></span> <span class='ocrx_word' id='word_1_475' title='bbox 1450 4916 1808 4996; x_wconf 86' lang='lat' dir='ltr'><strong><em>marginem</em></strong></span> <span class='ocrx_word' id='word_1_476' title='bbox 1831 4917 2151 4997; x_wconf 89' lang='lat' dir='ltr'><strong><em>adscripta</em></strong></span> <span class='ocrx_word' id='word_1_477' title='bbox 2173 4933 2340 4979; x_wconf 88' lang='lat' dir='ltr'><strong><em>esse.</em></strong></span> <span class='ocrx_word' id='word_1_478' title='bbox 2364 4915 2544 4989; x_wconf 86' lang='lat' dir='ltr'><strong><em>Quae</em></strong></span> <span class='ocrx_word' id='word_1_479' title='bbox 2572 4913 2688 4975; x_wconf 87' lang='lat' dir='ltr'><strong><em>etsi</em></strong></span> <span class='ocrx_word' id='word_1_480' title='bbox 2718 4913 3057 4977; x_wconf 79' lang='lat' dir='ltr'><strong><em>maximam</em></strong></span> <span class='ocrx_word' id='word_1_481' title='bbox 3087 4925 3325 4999; x_wconf 86' lang='lat' dir='ltr'><strong><em>partem</em></strong></span> <span class='ocrx_word' id='word_1_482' title='bbox 3351 4914 3418 4976; x_wconf 89' lang='lat' dir='ltr'><strong><em>in</em></strong></span> <span class='ocrx_word' id='word_1_483' title='bbox 3442 4912 3789 4992; x_wconf 81' lang='lat' dir='ltr'><strong><em>expositio-</em></strong></span> 
     </span>
    </p>
   </div>
   <div class='ocr_carea' id='block_1_38' title="bbox 511 5032 3787 5126">
    <p class='ocr_par' dir='ltr' id='par_1_38' title="bbox 511 5032 3787 5126">
     <span class='ocr_line' id='line_1_38' title="bbox 511 5032 3787 5126; baseline -0.002 -24"><span class='ocrx_word' id='word_1_484' title='bbox 511 5040 730 5116; x_wconf 87' lang='lat' dir='ltr'><strong><em>nibus,</em></strong></span> <span class='ocrx_word' id='word_1_485' title='bbox 755 5058 915 5122; x_wconf 89' lang='lat' dir='ltr'><strong><em>quas</em></strong></span> <span class='ocrx_word' id='word_1_486' title='bbox 948 5043 1296 5119; x_wconf 87' lang='lat' dir='ltr'><strong><em>edidimus,</em></strong></span> <span class='ocrx_word' id='word_1_487' title='bbox 1321 5045 1497 5109; x_wconf 84' lang='lat' dir='ltr'><strong><em>infra</em></strong></span> <span class='ocrx_word' id='word_1_488' title='bbox 1528 5046 1857 5126; x_wconf 88' lang='lat' dir='ltr'><strong><em>leguntur,</em></strong></span> <span class='ocrx_word' id='word_1_489' title='bbox 1879 5052 2100 5109; x_wconf 85' lang='lat' dir='ltr'><strong><em>tamen</em></strong></span> <span class='ocrx_word' id='word_1_490' title='bbox 2135 5043 2481 5124; x_wconf 89' lang='lat' dir='ltr'><strong><em>capitibus,</em></strong></span> <span class='ocrx_word' id='word_1_491' title='bbox 2513 5042 2590 5104; x_wconf 86' lang='lat' dir='ltr'><strong><em>ad</em></strong></span> <span class='ocrx_word' id='word_1_492' title='bbox 2621 5058 2786 5121; x_wconf 90' lang='lat' dir='ltr'><strong><em>quae</em></strong></span> <span class='ocrx_word' id='word_1_493' title='bbox 2821 5042 3166 5121; x_wconf 87' lang='lat' dir='ltr'><strong><em>pertinent,</em></strong></span> <span class='ocrx_word' id='word_1_494' title='bbox 3193 5035 3511 5101; x_wconf 82' lang='lat' dir='ltr'><strong><em>adnotatis</em></strong></span> <span class='ocrx_word' id='word_1_495' title='bbox 3536 5032 3787 5111; x_wconf 83' lang='lat' dir='ltr'><strong><em>singula</em></strong></span> 
     </span>
    </p>
   </div>
   <div class='ocr_carea' id='block_1_39' title="bbox 510 5154 3787 5250">
    <p class='ocr_par' dir='ltr' id='par_1_39' title="bbox 510 5154 3787 5250">
     <span class='ocr_line' id='line_1_39' title="bbox 510 5154 3787 5250; baseline -0.003 -23"><span class='ocrx_word' id='word_1_496' title='bbox 510 5162 763 5241; x_wconf 88' lang='lat' dir='ltr'><strong><em>ordine,</em></strong></span> <span class='ocrx_word' id='word_1_497' title='bbox 798 5181 932 5244; x_wconf 87' lang='lat' dir='ltr'><strong><em>quo</em></strong></span> <span class='ocrx_word' id='word_1_498' title='bbox 969 5165 1038 5226; x_wconf 91' lang='lat' dir='ltr'><strong><em>in</em></strong></span> <span class='ocrx_word' id='word_1_499' title='bbox 1069 5167 1288 5229; x_wconf 88' lang='lat' dir='ltr'><strong><em>codice</em></strong></span> <span class='ocrx_word' id='word_1_500' title='bbox 1322 5176 1566 5244; x_wconf 79' lang='lat' dir='ltr'><strong><em>extant,</em></strong></span> <span class='ocrx_word' id='word_1_501' title='bbox 1605 5171 1715 5233; x_wconf 90' lang='lat' dir='ltr'><strong><em>hic</em></strong></span> <span class='ocrx_word' id='word_1_502' title='bbox 1774 5168 2160 5250; x_wconf 88' lang='lat' dir='ltr'><strong><em>proferenda</em></strong></span> <span class='ocrx_word' id='word_1_503' title='bbox 2200 5184 2345 5230; x_wconf 88' lang='lat' dir='ltr'><strong><em>esse</em></strong></span> <span class='ocrx_word' id='word_1_504' title='bbox 2404 5165 2738 5229; x_wconf 80' lang='lat' dir='ltr'><strong><em>duximus.</em></strong></span> <span class='ocrx_word' id='word_1_505' title='bbox 2789 5164 3280 5233; x_wconf 82' lang='lat' dir='ltr'><strong><em>Columnarum,</em></strong></span> <span class='ocrx_word' id='word_1_506' title='bbox 3332 5157 3575 5239; x_wconf 90' lang='lat' dir='ltr'><strong><em>quibus</em></strong></span> <span class='ocrx_word' id='word_1_507' title='bbox 3625 5154 3787 5217; x_wconf 87' lang='lat' dir='ltr'><strong><em>infra</em></strong></span> 
     </span>
    </p>
   </div>
   <div class='ocr_carea' id='block_1_40' title="bbox 510 5289 1641 5369">
    <p class='ocr_par' dir='ltr' id='par_1_40' title="bbox 510 5289 1641 5369">
     <span class='ocr_line' id='line_1_40' title="bbox 510 5289 1641 5369; baseline 0.004 -20"><span class='ocrx_word' id='word_1_508' title='bbox 510 5291 883 5360; x_wconf 87' lang='lat' dir='ltr'><strong><em>occurrunt,</em></strong></span> <span class='ocrx_word' id='word_1_509' title='bbox 917 5303 1263 5351; x_wconf 91' lang='lat' dir='ltr'><strong><em>numerum</em></strong></span> <span class='ocrx_word' id='word_1_510' title='bbox 1303 5289 1641 5369; x_wconf 73' lang='lat' dir='ltr'><strong><em>subjunxi.</em></strong></span> 
     </span>
    </p>
   </div>
   <div class='ocr_carea' id='block_1_41' title="bbox 576 5466 3790 5545">
    <p class='ocr_par' dir='ltr' id='par_1_41' title="bbox 576 5466 3790 5545">
     <span class='ocr_line' id='line_1_41' title="bbox 576 5466 3790 5545; baseline -0.004 -12"><span class='ocrx_word' id='word_1_511' title='bbox 576 5476 703 5534; x_wconf 69' lang='lat' dir='ltr'><strong><em>Cn.</em></strong></span> <span class='ocrx_word' id='word_1_512' title='bbox 742 5473 825 5529; x_wconf 80' lang='lat' dir='ltr'><strong><em>XI.</em></strong></span> <span class='ocrx_word' id='word_1_513' title='bbox 864 5474 1073 5531; x_wconf 84' lang='lat' dir='ltr'><strong><em>Scotus.</em></strong></span> <span class='ocrx_word' id='word_1_514' title='bbox 1125 5472 1407 5545; x_wconf 82' lang='lat' dir='ltr'><strong><em>Quomodo</em></strong></span> <span class='ocrx_word' id='word_1_515' title='bbox 1442 5470 2079 5545; x_wconf 75' lang='lat' dir='ltr'><strong><em>intellectusessentiae,</em></strong></span> <span class='ocrx_word' id='word_1_516' title='bbox 2113 5475 2254 5530; x_wconf 86' lang='lat' dir='ltr'><strong><em>ratio</em></strong></span> <span class='ocrx_word' id='word_1_517' title='bbox 2284 5473 2711 5545; x_wconf 8' lang='lat' dir='ltr'><strong><em>virtuti,gsensus</em></strong></span> <span class='ocrx_word' id='word_1_518' title='bbox 2753 5472 2984 5545; x_wconf 80' lang='lat' dir='ltr'><strong><em>interior</em></strong></span> <span class='ocrx_word' id='word_1_519' title='bbox 3022 5469 3323 5545; x_wconf 70' lang='lat' dir='ltr'><strong><em>operationi</em></strong></span> <span class='ocrx_word' id='word_1_520' title='bbox 3359 5466 3790 5545; x_wconf 43' lang='lat' dir='ltr'><strong><em>adunetuancc</em></strong></span> 
     </span>
    </p>
   </div>
   <div class='ocr_carea' id='block_1_42' title="bbox 504 5536 3720 5614">
    <p class='ocr_par' dir='ltr' id='par_1_42' title="bbox 504 5536 3720 5614">
     <span class='ocr_line' id='line_1_42' title="bbox 504 5536 3720 5614; baseline -0.004 -11"><span class='ocrx_word' id='word_1_521' title='bbox 504 5562 614 5605; x_wconf 85' lang='lat' dir='ltr'><strong><em>non</em></strong></span> <span class='ocrx_word' id='word_1_522' title='bbox 639 5548 777 5603; x_wconf 83' lang='lat' dir='ltr'><strong><em>duae</em></strong></span> <span class='ocrx_word' id='word_1_523' title='bbox 801 5546 1073 5602; x_wconf 85' lang='lat' dir='ltr'><strong><em>trinitates</em></strong></span> <span class='ocrx_word' id='word_1_524' title='bbox 1108 5536 1345 5603; x_wconf 57' lang='lat' dir='ltr'><strong><em>hbminis</em></strong></span> <span class='ocrx_word' id='word_1_525' title='bbox 1376 5551 1431 5598; x_wconf 89' lang='lat' dir='ltr'><strong><em>et</em></strong></span> <span class='ocrx_word' id='word_1_526' title='bbox 1460 5544 1657 5614; x_wconf 83' lang='lat' dir='ltr'><strong><em>angeli,</em></strong></span> <span class='ocrx_word' id='word_1_527' title='bbox 1689 5543 1786 5600; x_wconf 83' lang='lat' dir='ltr'><strong><em>sed</em></strong></span> <span class='ocrx_word' id='word_1_528' title='bbox 1810 5561 1917 5601; x_wconf 90' lang='lat' dir='ltr'><strong><em>una</em></strong></span> <span class='ocrx_word' id='word_1_529' title='bbox 1942 5547 2036 5611; x_wconf 88' lang='lat' dir='ltr'><strong><em>sit,</em></strong></span> <span class='ocrx_word' id='word_1_530' title='bbox 2065 5536 2130 5601; x_wconf 79' lang='lat' dir='ltr'><strong><em>in</em></strong></span> <span class='ocrx_word' id='word_1_531' title='bbox 2158 5546 2298 5603; x_wconf 89' lang='lat' dir='ltr'><strong><em>libro</em></strong></span> <span class='ocrx_word' id='word_1_532' title='bbox 2332 5545 2446 5613; x_wconf 76' lang='lat' dir='ltr'><strong><em>peri</em></strong></span> <span class='ocrx_word' id='word_1_533' title='bbox 2474 5536 2799 5614; x_wconf 15' lang='lat' dir='ltr'><strong><em>tisiongsatis</em></strong></span> <span class='ocrx_word' id='word_1_534' title='bbox 2829 5536 3091 5614; x_wconf 66' lang='lat' dir='ltr'><strong><em>aperitur.</em></strong></span> <span class='ocrx_word' id='word_1_535' title='bbox 3134 5538 3262 5593; x_wconf 85' lang='lat' dir='ltr'><strong><em>Vide</em></strong></span> <span class='ocrx_word' id='word_1_536' title='bbox 3288 5537 3433 5607; x_wconf 81' lang='lat' dir='ltr'><strong><em>infra</em></strong></span> <span class='ocrx_word' id='word_1_537' title='bbox 3461 5539 3563 5593; x_wconf 87' lang='lat' dir='ltr'><strong><em>cot.</em></strong></span> <span class='ocrx_word' id='word_1_538' title='bbox 3592 5536 3720 5593; x_wconf 79' lang='lat'><strong><em>230.</em></strong></span> 
     </span>
    </p>
   </div>
   <div class='ocr_carea' id='block_1_43' title="bbox 577 5612 3725 5688">
    <p class='ocr_par' dir='ltr' id='par_1_43' title="bbox 577 5612 3725 5688">
     <span class='ocr_line' id='line_1_43' title="bbox 577 5612 3725 5688; baseline -0.004 -14"><span class='ocrx_word' id='word_1_539' title='bbox 577 5618 709 5674; x_wconf 74' lang='lat' dir='ltr'><strong>CAP.</strong></span> <span class='ocrx_word' id='word_1_540' title='bbox 741 5614 882 5672; x_wconf 89' lang='lat' dir='ltr'><strong><em>Xlll.</em></strong></span> <span class='ocrx_word' id='word_1_541' title='bbox 920 5616 1258 5688; x_wconf 78' lang='lat' dir='ltr'><strong><em>Apologiam,</em></strong></span> <span class='ocrx_word' id='word_1_542' title='bbox 1292 5614 1435 5688; x_wconf 86' lang='lat' dir='ltr'><strong><em>quod</em></strong></span> <span class='ocrx_word' id='word_1_543' title='bbox 1462 5612 1853 5688; x_wconf 77' lang='lat' dir='ltr'><strong><em>interpretatur</em></strong></span> <span class='ocrx_word' id='word_1_544' title='bbox 1868 5618 2131 5688; x_wconf 79' lang='lat' dir='ltr'><strong><em>‘det‘ensio</em></strong></span> <span class='ocrx_word' id='word_1_545' title='bbox 2165 5621 2247 5671; x_wconf 89' lang='lat' dir='ltr'><strong><em>vel</em></strong></span> <span class='ocrx_word' id='word_1_546' title='bbox 2276 5612 2597 5688; x_wconf 78' lang='lat' dir='ltr'><strong><em>satisfactio.</em></strong></span> <span class='ocrx_word' id='word_1_547' title='bbox 2629 5612 2786 5683; x_wconf 66' lang='lat' dir='ltr'><strong><em>Intra</em></strong></span> <span class='ocrx_word' id='word_1_548' title='bbox 2821 5612 3073 5688; x_wconf 67' lang='lat'><strong><em>4:01.235.</em></strong></span> <span class='ocrx_word' id='word_1_549' title='bbox 3221 5679 3234 5688; x_wconf 84' lang='lat'>_</span> <span class='ocrx_word' id='word_1_550' title='bbox 3334 5679 3345 5688; x_wconf 80' lang='lat'>_</span> <span class='ocrx_word' id='word_1_551' title='bbox 3519 5679 3531 5688; x_wconf 85' lang='lat'><em>_</em></span> <span class='ocrx_word' id='word_1_552' title='bbox 3696 5678 3725 5688; x_wconf 15' lang='grc' dir='ltr'><strong><em>Α.</em></strong></span> 
     </span>
    </p>
   </div>
   <div class='ocr_carea' id='block_1_44' title="bbox 573 5679 3791 5759">
    <p class='ocr_par' dir='ltr' id='par_1_44' title="bbox 573 5679 3791 5759">
     <span class='ocr_line' id='line_1_44' title="bbox 573 5679 3791 5759; baseline -0.003 -16"><span class='ocrx_word' id='word_1_553' title='bbox 573 5688 818 5758; x_wconf 78' lang='lat' dir='ltr'><strong><em>lntellige</em></strong></span> <span class='ocrx_word' id='word_1_554' title='bbox 851 5688 918 5744; x_wconf 92' lang='lat' dir='ltr'><strong><em>de</em></strong></span> <span class='ocrx_word' id='word_1_555' title='bbox 945 5679 1069 5745; x_wconf 76' lang='lat' dir='ltr'><strong><em>nive</em></strong></span> <span class='ocrx_word' id='word_1_556' title='bbox 1087 5679 1143 5746; x_wconf 74' lang='grc' dir='ltr'><strong><em>ει</em></strong></span> <span class='ocrx_word' id='word_1_557' title='bbox 1174 5679 1366 5759; x_wconf 75' lang='lat' dir='ltr'><strong><em>glacie,</em></strong></span> <span class='ocrx_word' id='word_1_558' title='bbox 1398 5700 1537 5755; x_wconf 88' lang='lat' dir='ltr'><strong><em>quae</em></strong></span> <span class='ocrx_word' id='word_1_559' title='bbox 1573 5679 1724 5757; x_wconf 66' lang='lat' dir='ltr'><strong><em>prius</em></strong></span> <span class='ocrx_word' id='word_1_560' title='bbox 1753 5687 2122 5753; x_wconf 66' lang='grc' dir='ltr'><strong><em>τεεοῐνυηιυγ,</em></strong></span> <span class='ocrx_word' id='word_1_561' title='bbox 2158 5704 2317 5755; x_wconf 75' lang='lat' dir='ltr'><strong><em>quam</em></strong></span> <span class='ocrx_word' id='word_1_562' title='bbox 2360 5690 2412 5741; x_wconf 88' lang='lat' dir='ltr'><strong><em>in</em></strong></span> <span class='ocrx_word' id='word_1_563' title='bbox 2449 5685 2529 5740; x_wconf 85' lang='lat' dir='ltr'><strong><em>eis</em></strong></span> <span class='ocrx_word' id='word_1_564' title='bbox 2561 5679 2819 5755; x_wconf 82' lang='lat' dir='ltr'><strong><em>appareat</em></strong></span> <span class='ocrx_word' id='word_1_565' title='bbox 2849 5684 3122 5749; x_wconf 76' lang='lat' dir='ltr'><strong><em>caliditas,</em></strong></span> <span class='ocrx_word' id='word_1_566' title='bbox 3153 5679 3238 5736; x_wconf 86' lang='lat' dir='ltr'><strong><em>vel</em></strong></span> <span class='ocrx_word' id='word_1_567' title='bbox 3276 5679 3411 5737; x_wconf 84' lang='lat' dir='ltr'><strong><em>tales</em></strong></span> <span class='ocrx_word' id='word_1_568' title='bbox 3449 5679 3791 5737; x_wconf 78' lang='lat' dir='ltr'><strong><em>substantias</em></strong></span> 
     </span>
    </p>
   </div>
  </div>
