4036 5654
1665 452 2084 513 PROOEMIUM.
3425 482 3506 527 vn

247 589 417 654 Scoti
472 590 836 655 versionem
883 607 1149 671 operum
1180 590 1786 673 'Pseudo-Dionysii
1849 592 2159 672 integram
2222 596 2530 673 continet,
2582 596 2928 675 Prologum
2975 595 3155 660 illum
3213 596 3379 660 libro
3426 599 3509 663 de

243 715 564 782 lerarchia
617 717 1047 783 ecclesiastica
1093 717 1446 798 praeﬁxum
1496 720 1778 784 exhibet.
1834 724 1903 783 In
1957 724 2176 789 codice
2234 725 2566 803 Vaticano,
2617 727 2732 809 qui
2773 726 2853 788 de
2898 724 3215 788 lerarchia
3245 724 3508 790 caelesti

243 840 412 905 libro
467 841 911 923 espositiones
969 841 1317 917 variorum,
1378 860 1496 908 nec
1556 860 1690 907 non
1731 846 1998 908 Joannis
2053 848 2247 923 Scoti,
2307 847 2554 911 additas
2601 851 2912 928 continet,
2955 850 3122 914 libro
3180 850 3259 914 de
3307 851 3510 914 lerar-

242 960 387 1024 chia
453 960 886 1027 ecclesiastica
947 960 1120 1026 idem
1177 961 1288 1027 ille
1344 961 1661 1044 Prologus
1720 964 1910 1027 initio
1959 964 2225 1030 mutilus
2285 966 2678 1047 praemissus
2733 972 2852 1031 est.
2919 969 3125 1031 Etiam
3187 967 3510 1031 Parisien-

238 1079 331 1166 sis
386 1078 736 1161 Prologum
790 1080 1000 1145 eidem
1051 1082 1634 1165 Pseudo-Dionysii
1690 1084 1855 1149 libro
1920 1088 2271 1168 praeﬁxum
2335 1089 2547 1153 habet.
2616 1090 2714 1153 Ad
2770 1088 3003 1151 horum
3057 1088 3259 1168 igitur
3314 1087 3510 1152 trium

237 1203 535 1269 codicum
582 1204 774 1270 ﬁdem
816 1204 940 1268 iste
988 1201 1303 1284 Prologus
1349 1221 1524 1267 nunc
1562 1206 1838 1285 primum
1877 1206 1945 1270 in
1997 1209 2209 1273 lucem
2258 1210 2491 1290 prodit.
2545 1211 2786 1284 Restat,
2839 1213 2910 1272 ut
2957 1224 3279 1283 moneam,
3319 1206 3509 1270 etiam

242 1322 309 1384 in
345 1321 570 1386 codice
623 1321 1160 1397 Darmstadiensi,
1204 1322 1359 1386 olim
1412 1322 1789 1389 Coloniensi
1838 1327 1949 1402 30,
2009 1330 2390 1405 membran.,
2424 1331 2627 1396 seculi
2676 1331 2832 1406 XII,
2873 1326 2992 1395 nec
3026 1348 3157 1394 non
3188 1332 3257 1394 in
3288 1331 3510 1394 codice

240 1450 617 1515 Monacensi
673 1451 976 1516 Othlonis
1014 1451 1218 1516 seculi
1272 1454 1399 1529 XI,
1452 1455 1566 1535 qui
1620 1453 1787 1520 infra
1843 1458 1872 1533 §
1924 1457 1998 1520 13
2031 1457 2510 1536 describentur,
2568 1460 2825 1542 Prologi
2882 1462 3075 1524 verba
3119 1483 3133 1523 :
3182 1460 3514 1523 Praecum‘

238 1575 513 1638 bentium
562 1576 992 1659 capitulorum
1040 1574 1389 1638 doctrinam
1441 1584 1561 1642 cet.
1622 1598 1816 1661 usque
1857 1577 1940 1641 ad
1990 1580 2217 1643 iterum
2269 1582 2550 1662 mysterii
2585 1600 2891 1663 synaxeos
2936 1581 3252 1662 exposito,
3290 1575 3510 1641 deinde
3602 1576 3607 1585 ’

251 1695 517 1758 Theoria
540 1697 675 1779 ejus
697 1695 872 1779 (vide
898 1697 1063 1762 infra
1095 1700 1220 1764 col.
1252 1700 1393 1765 268.
1425 1702 1543 1766 col.
1577 1703 1754 1784 1071)
1786 1703 1854 1765 in
1882 1703 2093 1767 fronte
2120 1704 2265 1767 libri
2292 1704 2372 1769 de
2394 1704 2709 1769 Ierarchia
2730 1706 3162 1770 ecclesiastica
3190 1701 3507 1770 exhiberi.

318 1826 348 1899 ς
389 1824 451 1885 ’1.
497 1824 767 1888 Joannis
820 1825 987 1889 Scoti
1027 1827 1517 1907 Expositionum
1567 1828 1633 1890 in
1675 1827 1912 1892 librum
1952 1829 2033 1892 de
2073 1829 2312 1893 divinis
2356 1831 2737 1895 Nominibus
2779 1828 2954 1893 nulla
2987 1844 3262 1910 usquam
3306 1825 3531 1919 vesti-

232 1942 342 2023 gia
380 1942 629 2007 inveni.
674 1946 914 2010 Verum
952 1949 1089 2029 ejus
1130 1951 1581 2033 Expositiones
1619 1971 1727 2014 seu
1770 1951 2010 2032 glossas
2054 1953 2122 2013 in
2158 1953 2480 2032 mysticam
2525 1953 2923 2034 Theologiam
2966 1950 3499 2031 Pseudo-Diony-

231 2060 323 2123 sii
372 2060 773 2142 deprehendi
830 2064 899 2127 in
951 2067 1169 2133 codice
1212 2069 1706 2134 Vindobonensi
1754 2086 1875 2133 ms.
1926 2060 2081 2133 hist.
2135 2072 2363 2136 eccles.
2419 2083 2486 2135 n°
2538 2072 2902 2146 CXXXVI,
2953 2071 3347 2145 membrum,
3401 2087 3506 2135 se-

230 2188 365 2253 culi
401 2189 578 2265 XIV,
629 2190 717 2267 Ιιο,
755 2188 1064 2254 foliorum
1110 2193 1221 2266 51,
1279 2192 1391 2255 ubi
1441 2196 1692 2255 exstant
1746 2189 2188 2271 expositiones
2237 2188 2349 2252 fol.
2411 2190 2600 2255 33-39
2649 2195 2774 2253 tam
2829 2185 2992 2251 male
3051 2193 3384 2261 exaratae,
3435 2191 3506 2249 ut

231 2310 633 2391 permultum
680 2311 989 2393 temporis
1028 2332 1100 2379 ac
1138 2313 1373 2378 laboris
1421 2315 1491 2377 in
1528 2313 1613 2376 iis
1665 2309 2109 2376 describendis
2153 2316 2349 2392 atque
2397 2308 2787 2375 edomandis
2835 2327 3217 2374 consumere
3269 2309 3506 2374 debue-

231 2436 382 2504 riui.
430 2414 561 2506 l‘iec
609 2446 821 2506 tamen
872 2453 1131 2522 Operam
1179 2433 1465 2517 perdidi,
1504 2449 1707 2515 quum
1768 2437 2017 2496 textum
2072 2429 2208 2494 fere
2251 2431 2494 2514 ubique
2541 2431 2886 2496 restituere
2931 2430 3092 2494 mihi
3131 2430 3498 2510 contigerit.

229 2557 667 2625 Continentur
710 2566 924 2625 autem
981 2555 1201 2624 codice
1256 2554 1487 2619 haecce
1528 2576 1544 2615 :

311 2683 452 2749 Fol.
490 2683 594 2747 i-lt
624 2682 1063 2765 Indulgentiae
1095 2688 1151 2744 et
1183 2678 1485 2761 reliquiae
1524 2676 1921 2768 ecclesiarum
1963 2675 2141 2738 urbis
2191 2676 2442 2753 Romae,
2486 2676 2597 2740 fol.
2650 2666 2797 2740 It-19
2852 2681 3161 2740 tractatus
3209 2664 3504 2755 magistri

230 2807 537 2872 Samuelis
585 2804 935 2880 Israelitae,
972 2820 1087 2884 per
1126 2818 1302 2882 quem
1357 2798 1504 2859 dare
1542 2797 1855 2876 probatur
1902 2796 2254 2870 adventum,
2301 2794 2413 2860 fol.
2461 2798 2654 2861 20-22
2689 2796 3013 2861 Clementis
3058 2788 3133 2859 P.
3174 2796 3255 2859 Vl
3286 2792 3507 2859 literae

230 2958 423 3022 super
472 2958 636 3003 anno
688 2936 967 3002 Jubilaei
1012 2934 1307 2998 Romanis
1359 2932 1600 3005 missae,
1652 2930 1765 2994 fol.
1820 2929 2010 2992 22-2lt
2064 2930 2329 3010 epistola
2369 2932 2734 2993 transmissa
2773 2951 2812 2991 a
2848 2922 3140 3014 Lucifero
3197 2928 3407 3012 Papae
3443 2936 3503 2993 et

230 3032 643 3154 Principibus
686 3068 1137 3143 ecclesiasticis,
1181 3065 1296 3130 fol.
1332 3064 1521 3127 25-26
1576 3038 2010 3126 Precatorium
2060 3064 2367 3145 scriptum
2418 3061 2501 3125 ad
2552 3063 2913 3127 Clementem
2958 3065 3033 3129 P.
3078 3062 3164 3127 VI
3203 3082 3280 3125 ea:
3317 3056 3505 3144 parte

230 3205 486 3269 Domini
543 3202 868 3267 Ludowici
921 3201 1332 3283 Imperatoris
1379 3218 1438 3262 a.
1480 3199 1633 3263 13’43
1671 3206 1827 3278 sept.
1887 3200 1985 3274 18,
2024 3197 2137 3262 fol.
2182 3199 2378 3263 26—27
2424 3200 2626 3281 Copia
2677 3186 3002 3281 cujusdam
3054 3198 3270 3261 literae
3312 3192 3501 3278 Regis

230 3336 499 3420 Anglice
529 3335 924 3399 transmissae
954 3351 1188 3396 summa
1216 3332 1516 3413 Pontiﬁci
1547 3330 1608 3395 d.
1644 3329 1705 3393 d.
1743 3338 1899 3410 sept.
1943 3348 2104 3392 anno
2138 3331 2317 3411 regni
2360 3331 2664 3393 Franciae
2697 3329 2808 3405 ιν,
2839 3327 3037 3410 Regni
3056 3306 3206 3389 pero
3236 3316 3501 3407 Angliae

229 3470 411 3535 XVII
448 3469 690 3552 (extant
721 3442 892 3547 apud
928 3464 1372 3548 Raynaldum),
1406 3463 1519 3527 fol.
1569 3464 1769 3525 27-29
1817 3463 2019 3543 Copia
2069 3462 2391 3525 citationis
2449 3440 2718 3523 Tribuni
2771 3459 2946 3523 electi
2996 3479 3110 3542 per
3151 3450 3497 3522 R'omanum

190 3598 193 3599 ⁷
229 3602 562 3688 populum,
598 3602 707 3685 qui
735 3600 955 3666 citavit
982 3600 1314 3663 Dominum
1342 3597 1768 3675 Ludowicum,
1806 3597 1916 3680 qui
1951 3617 2013 3659 se
2047 3596 2200 3660 dicit
2236 3597 2692 3677 imperatorem,
2730 3602 2786 3657 et
2815 3595 3147 3659 Dominum
3173 3594 3497 3658 Karulum

228 3755 430 3818 regem
478 3732 828 3806 Bohemiae,
877 3738 934 3795 et
979 3750 1182 3796 omnes
1216 3731 1537 3814 principes
1595 3738 1650 3793 et
1696 3729 2204 3811 areltiepiscopos
2269 3730 2560 3792 electores
2606 3731 2773 3810 regis
2824 3730 3112 3807 Romani,
3158 3729 3269 3794 fol.
3308 3730 3500 3793 29-33

237 3868 551 3951 Prologus
584 3838 886 3948 Sibyllae,
919 3865 1031 3930 fol.
1066 3866 1254 3931 33-39
1282 3865 1550 3929 Joannis
1577 3866 1753 3929 Scoti
1789 3863 2214 3945 expositiones
2247 3881 2286 3923 a
2333 3861 2514 3924 nobis
2551 3860 2770 3937 editae,
2821 3859 2933 3924 f0].
2974 3862 3158 3927 39-51
3200 3861 3389 3924 Liber
3427 3863 3498 3925 in

230 4025 349 4091 quo
376 4005 782 4071 continentur
807 3997 993 4062 multi
1024 3996 1356 4061 horribiles
1386 4004 1631 4059 eventus
1672 3996 1738 4057 in
1769 4002 2040 4076 tempore
2074 3994 2441 4075 propinquo
2465 4014 2486 4054 :
2518 3991 2678 4055 Vade
2715 4010 2948 4053 mecum
2976 3992 3044 4054 in
3081 3993 3497 4058 tribulatione

231 4146 456 4207 contra
497 4144 556 4202 et
590 4134 887 4200 adversus
926 4129 1383 4193 Antichristum
1407 4129 1835 4210 propinquum
1864 4134 1985 4192 cet.
2018 4130 2349 4191 Praeterea
2377 4124 2490 4189 fol.
2524 4126 2705 4188 28-29
2737 4125 3055 4188 insertum
3090 4133 3186 4190 est
3210 4127 3493 4193 Examen

223 4273 741 4340 Manichaeon
798 4264 987 4330 medii
1042 4266 1174 4327 aevi
1231 4263 1404 4328 haud
1457 4262 1927 4345 spernendum,
1989 4261 2165 4345 quod
2215 4261 2358 4326 data
2413 4260 2531 4326 hac
2588 4259 3070 4342 Opportunitate
3108 4259 3179 4324 in
3224 4264 3505 4342 gratiam

225 4411 541 4473 lectorum
582 4404 691 4470 hic
728 4422 766 4470 a
813 4401 1000 4467 nobis
1052 4398 1582 4465 communicatur.
1618 4399 1728 4460 Est
1763 4404 1982 4463 autem
2029 4396 2172 4460 talis
2206 4419 2222 4459 :

1484 4542 1552 4600 In
1585 4544 1969 4629 examinatione
1992 4543 2242 4615 alicujus.

288 4661 547 4729 Primum
571 4657 823 4716 iubeatur
844 4656 1045 4729 iurare,
1070 4656 1298 4724 scilicet,
1310 4655 1468 4729 Aquod
1493 4655 1616 4729 sine
1641 4655 1789 4712 omni
1818 4655 2031 4729 fallacia
2060 4663 2115 4711 et
2139 4656 2454 4729 deceptione
2482 4663 2539 4713 et
2565 4654 3171 4729 sensusduplicatione,
3197 4663 3253 4713 et
3287 4669 3488 4729 secun-

222 4731 351 4787 dum
401 4724 740 4788 intellectum
781 4737 837 4785 et
874 4724 1543 4797 audientiam,ad'omnia
1585 4726 1971 4797 interrogantis
2015 4724 2353 4797 respondeat.
2408 4724 2535 4784 Post
2582 4724 2904 4797 praestitum
2955 4734 3385 4794 sacramentum,
3436 4727 3488 4785 si

225 4736 351 4787 dum
401 4736 740 4788 intellectum
781 4737 837 4785 et
874 4736 1222 4792 audientiam,
1260 4736 1330 4781 ad
1360 4736 1543 4783 omnia
1585 4736 1756 4782 interr
1828 4736 1971 4781 antia
2015 4736 2353 4795 respondeat.
2408 4736 2535 4784 Post
2582 4736 2904 4797 praestitum
2955 4736 3385 4794 sacramentum,
3436 4736 3486 4785 si

225 4803 474 4874 literatus
497 4809 602 4864 est,
633 4800 999 4874 interrogetur
1023 4800 1090 4874 de
1112 4796 1357 4874 symbolo
1383 4797 1666 4874 Athanasii
1696 4798 1713 4829 ι
1736 4736 2093 4874 goauicunque
2115 4796 2225 4851 vult
2246 4817 2265 4852 ι
2290 4811 2387 4874 per
2411 4798 2650 4869 singulos
2673 4807 2941 4874 versus_et
2965 4799 3245 4874 articulos.
3269 4797 3486 4874 Postea,

225 4872 271 4928 si
301 4872 375 4929 sit
418 4870 671 4927 literatus
714 4868 831 4927 sive
848 4866 1003 4937 'non,
1040 4870 1107 4926 de
1142 4866 1602 4940 subsequentibus
1638 4868 1905 4940 articulis
1930 4866 2429 4940 interrogaturus,
2465 4866 2609 4934 cum,
2648 4878 2706 4925 ut
2734 4868 2972 4940 saepius,
3003 4868 3083 4940 de
3107 4868 3268 4940 modo
3295 4877 3350 4924 et
3378 4866 3489 4923 ﬁde

226 4882 271 4928 si
301 4882 375 4929 sit
418 4882 671 4927 literatus
714 4882 831 4927 sive
870 4886 1003 4937 non,
1040 4882 1107 4926 ae
1150 4882 1602 4995 subsequentibus
1648 4882 1893 4924 al'llc'tlls
1930 4882 2292 4939 interrogetur
2334 4882 2429 4933 ita,
2465 4884 2609 4934 cum,
2648 4882 2706 4925 ut
2734 4884 2972 4940 saepius,
3003 4882 3071 4927 ne
3107 4882 3268 4925 moao
3295 4882 3350 4924 et
3378 4882 3489 4923 nae

226 4940 858 5015 iuramenti__express_iu_s
886 4942 1237 5015 admoneatur
1249 4956 1281 5015 _:
1356 4941 1497 4997 redis
1544 4939 1603 5015 in
1635 4939 1828 5015 Deu_m,
1877 4937 2093 4993 Patrem
2131 4938 2575 5015 omnipotentem,
2630 4949 2686 4995 et
2728 4939 2948 5005 Filium,
2981 4952 3036 4999 et
3065 4939 3329 5015 Spiritum
3358 4952 3492 4994 san-

229 5008 393 5081 ctum,
421 5020 480 5068 et
517 5010 572 5068 in
610 5008 716 5068 hac
753 5008 1015 5068 Trinitate
1052 5024 1219 5066 unum
1248 5008 1438 5076 Deum,
1479 5010 1695 5066 unicum
1725 5009 2037 5081 Creatorem
2065 5021 2187 5081 esse
2222 5008 2358 5064 caeli
2395 5017 2451 5081 et
2490 5019 2689 5077 terrae,
2736 5024 3027 5079 corporum
3070 5008 3127 5067 ei
3158 5011 3489 5081 animarum,

230 5077 519 5149 visibilium
556 5096 747 5140 rerum
794 5090 850 5136 et
894 5081 1264 5151 invisibilium,
1308 5083 1544 5137 omnium
1592 5079 2021 5151 creatur-aranti
2058 5078 2271 5151 credis,
2313 5080 2457 5151 quod
2505 5081 2719 5137 animae
2763 5077 3047 5151 hominum
3095 5095 3200 5136 non
3243 5087 3368 5151 sunt
3405 5077 3492 5151 illi

231 5146 520 5234 daemones
558 5151 876 5234 etnspiritus
910 5151 1149 5234 maligni,
1180 5150 1271 5232 qui
1318 5150 1386 5206 de
1425 5151 1572 5234 caelo
1602 5149 1956 5234 ceciderunt?
1982 5148 2191 5218 Credis,
2236 5146 2730 5234 quod-daemonum
2770 5150 2948 5208 nullus
2983 5152 3231 5234 unquam,
3255 5146 3490 5234 salxabi:

230 5231 547 5297 muneque
582 5215 780 5297 aliquis
805 5221 1016 5297 illorum
1040 5215 1346 5297 hominum,
1376 5224 1470 5293 qui
1511 5225 1565 5297 in
1602 5220 1710 5297 illis
1750 5222 2002 5297 peccatis,
2017 5215 2185 5297 quae
2206 5215 2303 5278 nos
2328 5222 2580 5297 catholici
2608 5222 2840 5297 dicimus
2869 5215 3145 5297 mortalia,
3174 5215 3488 5297 decedunt?

231 5283 608 5368 Crédis,quod
637 5283 853 5368 animae
878 5293 1019 5361 illae,
1047 5307 1180 5364 quas
1204 5283 1449 5368 Christus
1467 5290 1729 5368 redemit,
1750 5283 1834 5346 'ab
1871 5283 2068 5368 inferis
2104 5307 2289 5348 secum
2318 5293 2549 5368 vexitin
2578 5289 2806 5368 caelum,
2838 5301 2898 5368 et
2926 5292 3071 5368 quod
3099 5283 3313 5368 animae

232 5361 499 5422 stolorum'
519 5374 577 5420 et
603 5363 835 5419 aliorum
863 5361 1168 5420 sanctorum
1198 5377 1321 5418 cum
1350 5363 1567 5422 Christo
1605 5369 1837 5430 regnant
1869 5361 1924 5415 in
1954 5362 2123 5427 caelo,
2153 5372 2209 5418 et
2239 5364 2383 5432 quod
2410 5363 2565 5420 nobis
2596 5364 2824 5432 interra
2849 5361 3156 5421 viventibus
3178 5361 3485 5432 patrocinia

233 5449 419 5507 parare
444 5434 708 5507 possunt?
736 5432 940 5507 Credis,
974 5434 1116 5506 quod
1142 5433 1414 5507 orationes
1439 5444 1492 5507 et
1523 5423 1924 5507 eleemosynae,
1955 5447 2086 5507 quas
2109 5423 2129 5465 ί
2160 5423 2387 5490 facimus
2418 5434 2515 5504 pro
2544 5431 2790 5507 fidelibus
2811 5432 3100 5507 detunctis,
3123 5423 3349 5507 prosunt
3376 5423 3496 5480 eis?

233 5496 611 5576 Credisfquod
637 5503 849 5576 mortui
867 5496 1179 5576 resurgant?
1205 5501 1269 5557 Et
1292 5508 1437 5573 quod
1462 5506 1549 5563 lex
1579 5502 1751 5573 Moysi
1767 5496 1808 5556 'a
1836 5496 1946 5558 Deo
1972 5496 2095 5576 data
2117 5514 2223 5574 est,
2251 5512 2315 5576 et
2336 5496 2446 5558 non
2471 5520 2504 5559 a
2537 5501 2785 5558 diabolo?
2811 5500 3023 5576 Credis,
3038 5496 3181 5576 quod
3204 5496 3492 5576 baptieans

234 5564 435 5654 et_veré
461 5564 719 5654 parvulos
750 5571 877 5629 facit
902 5564 1254 5649 Christianos,
1284 5564 1338 5629 εἰ
1370 5580 1515 5646 quod
1540 5564 1867 5654 baptismus,
1896 5571 2005 5654 qui.
2024 5571 2083 5654 ﬁt
2108 5564 2362 5654 parvulis
2386 5576 2442 5630 in
2460 5589 2627 5654 aqua,
2655 5586 2763 5627 non
2791 5570 2863 5654 sit
2892 5564 3491 5654 iterandus,_in"al_iq_no
