4056 6276
527 413 568 493 ἱ
1935 417 2363 478 PROOEMIUM.

529 543 800 611 dubium
843 558 988 608 esse
1031 537 1280 624 nequit.
1323 539 1540 604 Codex
1585 537 1872 602 numeris
1918 537 2221 600 foliorum
2285 541 2452 598 caret
2511 554 2527 594 :
2589 541 2837 598 constat
2872 533 3046 599 foliis
3089 537 3189 602 48.
3254 538 3446 604 Initio
3509 542 3775 610 mutilus

534 683 654 743 est.
699 665 771 742 In
813 679 987 743 foliis
1049 679 1329 743 sedecim
1374 675 1698 759 prioribus
1753 678 1958 737 exstat
2015 669 2440 749 fragmentum
2509 669 2830 748 primum,
2903 670 3371 736 characteribus
3443 679 3645 741 seculi
3717 682 3777 745 Χ

527 811 627 878 vel
648 814 764 891 XI,
788 817 1138 878 atramento
1179 811 1363 890 nigro
1386 807 1813 891 pulcherrime
1836 812 2168 868 exaratum
2205 824 2220 863 :
2260 801 2488 883 pagina
2509 801 2587 862 23
2609 800 2812 864 lineas
2856 801 3088 864 habere
3110 802 3295 867 solet.
3321 805 3502 871 Folia
3545 809 3774 889 viginti

528 962 683 1020 sex,
721 961 886 1026 quae
919 935 1322 1027 Sequuntur,
1382 942 1812 1022 fragmentum
1873 939 2145 1002 alterum
2208 934 2537 998 exhibent.
2610 936 2660 994 E
2732 933 2970 1013 quibus
3031 940 3174 997 octo
3248 935 3458 1015 priora
3503 947 3567 1003 et
3610 941 3782 1020 prior

525 1077 760 1156 pagina
796 1077 952 1142 noni
994 1083 1346 1143 atramento
1391 1076 1662 1140 multum
1706 1071 2045 1155 pallidiore
2089 1069 2312 1134 eadem
2346 1086 2536 1132 manu
2583 1073 2734 1131 sunt
2765 1075 3054 1146 exarata;
3109 1076 3313 1134 cetera
3353 1071 3507 1136 folia
3553 1075 3777 1140 eodem

527 1209 710 1288 nigro
759 1253 778 1284 ,
863 1225 993 1290 quo
1061 1206 1491 1288 fragmentum
1584 1206 1889 1285 primum.
1989 1201 2063 1264 In
2165 1202 2394 1281 pagina
2497 1201 2704 1264 lineae
2796 1201 2875 1262 2ιι
2961 1210 3400 1268 numerantur.
3489 1207 3776 1274 Tertium

523 1337 801 1419 denique
880 1337 1304 1418 fragmentum
1378 1337 1667 1418 quinque
1724 1335 1898 1398 foliis
1940 1339 2217 1408 constat,
2279 1333 2403 1398 alia
2462 1352 2656 1397 manu
2723 1335 2976 1416 aequali
3023 1337 3260 1402 arctius
3331 1358 3404 1405 ac
3447 1345 3781 1424 negligen-

525 1468 657 1533 tius
704 1468 1038 1550 scriptum.
1085 1468 1156 1531 In
1201 1467 1428 1549 pagina
1463 1467 1666 1531 lineas
1699 1468 1779 1530 29
1838 1466 2194 1530 numeravi.
2254 1465 2533 1546 Scriptor
2595 1473 2819 1547 quater
2862 1467 3143 1546 integras
3200 1474 3575 1552 sententias,
3621 1497 3784 1560 quas

531 1601 876 1675 emiserat,
935 1589 1101 1665 infra
1143 1607 1254 1664 aut
1298 1618 1490 1681 supra
1535 1598 1804 1678 margini
1861 1597 2220 1678 adscripsit.
2269 1597 2343 1658 In
2401 1597 2597 1659 altera
2641 1596 2853 1676 quinti
2892 1596 3032 1659 folii
3077 1599 3308 1678 pagina
3349 1600 3781 1682 fragmentum

524 1729 612 1794 ita
653 1731 933 1809 desinit,
981 1737 1050 1795 ut
1105 1733 1246 1813 ejus
1291 1734 1367 1796 10
1407 1737 1656 1795 tantum
1704 1729 1906 1792 lineas
1949 1734 2141 1809 tegat.

604 1859 778 1924 Haec
796 1860 1131 1941 igiturtria
1151 1857 1667 1938 fragmentaaM.
1704 1857 1772 1919 F.
1804 1855 2158 1917 Ravaisson
2203 1853 2372 1916 edita
2419 1852 2585 1933 typis
2630 1854 3075 1934 repetivimus.
3120 1856 3339 1924 Codex
3381 1878 3533 1926 vero
3577 1883 3781 1946 quum

525 2003 670 2054 sero
711 1990 780 2053 in
825 2007 1054 2055 manus
1095 2008 1269 2054 meas
1315 1987 1632 2062 venisset,
1681 1987 1887 2050 varias
1931 1985 2241 2049 lectiones
2283 1984 2770 2065 sententiasque
2829 1985 3110 2066 integras
3170 1989 3248 2052 ab
3300 1987 3412 2053 illo
3464 1989 3785 2070 neglectas

529 2127 640 2185 aut
694 2123 970 2186 omissas
1015 2124 1094 2189 ad
1171 2126 1407 2189 calcem
1452 2123 1754 2188 editionis
1818 2119 2270 2185 adscribendas
2330 2121 2568 2184 curavi.
2613 2121 2741 2185 Nec
2788 2139 2917 2185 non
2953 2131 3252 2204 quartum
3308 2125 3736 2208 fragmentum
3764 2181 3782 2212 ,

527 2253 962 2354 'quodwaeiem
1017 2254 1194 2319 illius
1259 2255 1524 2317 omnino
1603 2255 1952 2332 effugerat,
2017 2253 2256 2316 detexi.
2334 2253 2549 2333 Spatio
2621 2253 2791 2316 enim
2864 2255 3057 2319 trium
3130 2257 3445 2326 linearum
3517 2268 3782 2349 relicto,

533 2387 758 2452 eadem
803 2405 1035 2452 manus
1097 2387 1290 2469 primi
1352 2393 1412 2450 et
1474 2385 1741 2450 alterius
1803 2385 2139 2468 fragmenti
2203 2391 2554 2451 atramento
2624 2388 2891 2468 quidem
2951 2390 3331 2471 pallidiore,
3373 2395 3488 2461 sed
3549 2395 3784 2482 pariter

528 2519 736 2584 nitide
764 2519 904 2583 'hoc
939 2518 1368 2599 fragmentum
1413 2517 1768 2597 subjunxit.
1815 2517 2002 2592 Quod
2046 2517 2203 2597 quin
2249 2513 2540 2596 ejusdem
2587 2518 3030 2581 commertarii
3073 2517 3499 2598 fragmentum
3533 2527 3639 2604 sit,
3674 2531 3783 2595 vix

529 2651 864 2717 dubitaris.
927 2653 1138 2728 Quare
1224 2652 1386 2716 hanc
1467 2669 1726 2732 quoque
1799 2650 2173 2731 particulam
2245 2651 2324 2713 ad
2398 2649 2632 2712 calcem
2715 2649 3020 2714 editionis
3096 2651 3448 2720 addendam
3532 2659 3776 2738 putavi.

530 2787 831 2852 Ultimam
890 2787 1174 2871 denique
1233 2788 1471 2853 codicis
1529 2787 1822 2869 ‘paginam
1883 2788 2098 2852 tabula
2168 2787 2484 2869 paschalis
2542 2779 2739 2851 tenet.

531 2931 545 2972 ε
607 2908 1007 2991 QuaprOpter
1063 2927 1266 2991 quum
1327 2926 1429 2972 res
1479 2909 1566 2972 ita
1625 2926 1694 2971 se
1755 2908 2080 2982 habeant,
2145 2908 2448 2988 equidem
2509 2907 2824 2989 suspicor,
2893 2911 3270 2991 scriptorem
3310 2915 3576 2996 codicis,
3637 2907 3783 2985 cum

529 3025 850 3124 coepisset
913 3041 1440 3108 commentarium
1502 3041 1842 3120 diligenter
1904 3040 2310 3116 describere,
2359 3056 2510 3104 mox
2568 3043 2849 3129 suscepti
2909 3051 3272 3124 pertaesum
3333 3049 3445 3115 alii
3513 3052 3581 3116 id
3643 3071 3785 3118 mu-

532 3171 658 3237 nus
693 3164 1212 3255 peraequendum
1270 3171 1634 3248 tradidisse,
1683 3171 1794 3234 sed
1848 3171 1950 3234 ad.
1987 3171 2163 3235 locos
2211 3171 2291 3234 de
2369 3188 2543 3234 sacra
2605 3189 2803 3236 coena
2875 3174 3145 3254 (Joann.
3229 3178 3354 3258 VI,
3419 3185 3536 3266 11)
3583 3173 3784 3269 (μιυῶ

526 3304 584 3370 is
636 3307 1084 3388 pervenisset,
1142 3323 1224 3369 ne
1280 3305 1598 3398 ineptias,
1659 3324 1820 3387 quas
1869 3306 1948 3368 de
2001 3306 2097 3368 Ss.
2143 3305 2544 3370 Eucharistia
2596 3309 2877 3372 Joannes
2927 3310 3153 3374 Scotus
3209 3314 3508 3382 docuisse
3544 3295 3779 3403 ferturf,

523 3441 665 3522 ipse
731 3441 894 3503 tueri
958 3438 1310 3514 videretur,
1374 3441 1637 3502 omnino
1693 3446 1916 3521 coepto
1970 3439 2338 3512 destitisse,
2416 3439 2625 3503 solum
2703 3446 2916 3504 autem
2973 3441 3399 3524 fragmentum
3475 3457 3779 3530 quartum

525 3570 606 3634 de
672 3567 981 3634 sacrificio
1037 3573 1273 3636 missae
1333 3572 1398 3634 in
1460 3589 1648 3634 usum
1710 3589 1900 3635 suum
1949 3571 2387 3651 subjunxisse.
2445 3573 2670 3636 Postea
2725 3574 3132 3638 membranae
3187 3578 3565 3658 nonnullae,
3614 3601 3782 3663 qua-

529 3722 668 3768 rum
725 3711 1174 3785 argumentum
1231 3705 1444 3787 quoad
1498 3706 1848 3770 doctrinam
1908 3706 2150 3787 pariter
2207 3704 2550 3770 offensioni
2605 3711 2777 3780 erat,
2835 3706 3150 3771 abscissae
3206 3715 3378 3774 sunt.
3438 3710 3582 3785 Quo
3615 3711 3779 3778 facto

525 3857 608 3904 ne
671 3839 850 3922 plura
910 3839 1374 3922 perderentur,
1436 3842 1706 3922 ligatura
1779 3842 2132 3906 recentiore
2207 3847 2464 3905 cautum
2543 3847 2661 3903 est.
2730 3840 2933 3905 Probe
3011 3841 3182 3903 enim
3264 3840 3775 3923 animadvertas,

529 3971 648 4036 hoc
705 3971 846 4052 ipso
908 3973 1094 4050 loco,
1160 3975 1268 4037 ubi
1326 3973 1481 4038 falsa
1539 3973 1778 4055 peccati
1839 3973 2168 4054 originalis
2232 3971 2518 4035 doctrina
2597 3970 2923 4051 coeperit,
2979 3969 3259 4049 primum
3317 3971 3774 4053 fragmentum,

529 4108 590 4165 et
643 4105 880 4186 Evang.
958 4107 1139 4168 Joan.
1197 4107 1303 4180 1V,
1358 4108 1438 4169 28
1492 4105 1761 4170 alterum
1826 4103 2020 4168 finiri.
2101 4107 2317 4167 Restat
2401 4110 2470 4166 ut
2543 4119 2882 4178 moneam,
2943 4104 3009 4166 in
3077 4104 3202 4166 ﬁne
3275 4103 3614 4184 fragmenti
3690 4105 3778 4170 Ill

526 4235 722 4320 (infra
781 4231 902 4302 col.
973 4239 1151 4322 3&7),
1204 4258 1422 4304 vocem
1495 4231 1808 4302 cerebrum
1875 4239 2070 4300 manu
2132 4235 2461 4318 scriptoris
2526 4236 2593 4298 in
2678 4236 2920 4302 locum.
2963 4235 3258 4300 vocabuli
3340 4238 3466 4300 rasi
3535 4238 3778 4303 substi-

525 4365 733 4434 tutum
793 4372 1090 4436 distincte
1162 4371 1311 4450 legi.
1369 4369 1540 4433 Haec
1599 4368 1860 4459 quidem
1921 4366 2000 4430 de
2061 4367 2182 4429 hoc
2239 4365 2704 4430 commentario
2755 4363 3092 4428 sufﬁciant.

605 4503 632 4576 ς
679 4499 776 4562 10.
840 4497 1329 4562 Transeundum
1385 4503 1479 4561 est
1533 4495 1609 4558 ad
1670 4494 2115 4575 systematicos
2175 4494 2440 4557 Joannis
2499 4493 2669 4557 Scoti
2736 4493 2960 4559 libros.
3033 4498 3127 4560 Ex
3180 4499 3420 4579 quibus
3473 4501 3615 4577 ille,
3662 4521 3776 4591 qui

525 4627 599 4690 de
644 4626 1218 4692 Praedestinatione
1271 4627 1688 4706 inscribitur,
1747 4628 1956 4708 prodit
2013 4629 2090 4691 ad
2135 4627 2326 4691 ﬁdem
2391 4627 2630 4692 codicis
2687 4629 3070 4694 Parisiensis
3135 4632 3197 4695 S.
3237 4633 3546 4696 Germani
3581 4635 3774 4713 1311ι,

524 4755 676 4820 olim
768 4755 930 4829 63h,
978 4758 1369 4838 recognitus.
1441 4760 1553 4822 Est
1608 4765 1820 4822 autem
1873 4759 2076 4824 codex
2135 4760 2664 4824 membranaceus
2727 4763 2928 4826 seculi
2987 4764 3092 4839 X,
3150 4763 3233 4840 Iv,
3289 4766 3492 4832 nitide
3548 4787 3777 4833 exara-

525 4894 671 4966 tus,
725 4897 1103 4973 constatque
1176 4891 1355 4954 foliis
1423 4891 1567 4956 2οἱι.
1645 4891 1944 4955 Servatur
2019 4892 2087 4954 in
2159 4889 2548 4953 bibliotheca
2633 4892 2829 4970 Regia
2911 4892 3199 4956 Parisiis.
3267 4896 3534 4960 Joannis
3604 4899 3772 4964 Scoti

526 5015 689 5084 liber
775 5027 975 5084 exstat
1054 5019 1166 5084 fol.
1241 5023 1489 5096 96,1—
1533 5023 1746 5096 150,2.
1827 5022 2024 5084 Tituli
2096 5019 2373 5102 capitum
2465 5021 2531 5080 in
2614 5020 2832 5084 codice
2917 5021 3260 5100 leguntur;
3346 5027 3526 5090 solus
3587 5030 3773 5108 primi

525 5153 753 5236 capitis
820 5154 1047 5218 titulus
1123 5156 1545 5220 desideratur.
1604 5159 1920 5219 Numeros
1984 5156 2262 5236 capitum
2329 5155 2643 5218 recentior
2705 5173 2931 5216 manus
3020 5162 3373 5222 atramento
3455 5157 3774 5241 pallidiori

529 5287 796 5352 addidit.
861 5287 1126 5352 Librum
1200 5308 1234 5353 e
1302 5287 1526 5353 Codice
1573 5289 1949 5370 :corbeiensi
2025 5287 2424 5349 bibliothecae
2485 5287 2552 5348 s.
2627 5286 2919 5348 Germani
2970 5306 3008 5347 a
3070 5286 3285 5349 Pratis
3334 5290 3512 5354 solus
3578 5277 3777 5355 edidit

531 5419 840 5500 Maugm'n
914 5423 981 5484 in
1043 5421 1286 5502 sylloge
1345 5423 1448 5484 cui
1514 5421 1790 5485 titulus:
1853 5421 2128 5481 Veterum
2187 5420 2574 5495 Auctor-um,
2629 5421 2741 5501 qui
2800 5421 2904 5482 IX
2946 5421 3152 5484 seculo
3209 5421 3285 5484 de
3340 5421 3778 5484 Praedcstina-

532 5553 700 5616 tione
752 5562 810 5618 et
885 5556 1111 5618 Gratia
1188 5556 1615 5635 scripserunt,
1698 5570 1888 5632 opera
1967 5560 2020 5611 et
2075 5553 2420 5632 fragmenta
2486 5552 2696 5616 Paris.
2769 5556 2974 5630 1650,
3034 5556 3118 5631 δ’,
3170 5557 3352 5618 Tom.
3417 5541 3477 5628 ἰ,
3539 5573 3601 5634 p.
3663 5553 3779 5616 109

530 5703 676 5768 sqq.
732 5687 860 5751 Nec
913 5685 1206 5751 absimile
1277 5686 1413 5749 veri
1486 5702 1629 5748 esse
1678 5684 1974 5759 videtur,
2054 5685 2329 5748 eundem
2411 5685 2692 5748 codicem
2772 5703 2954 5760 esse,
3032 5702 3163 5768 quo
3225 5687 3524 5751 utebatur
3589 5686 3778 5748 Man-

535 5817 798 5897 guinus.
867 5818 997 5894 Qui
1056 5834 1258 5898 quum
1314 5832 1581 5879 munere
1612 5813 2164 5900 negligentissime
2201 5812 2461 5877 functus
2497 5812 2618 5894 sit,f
2650 5813 2729 5878 ad
2782 5811 3022 5881 codicis
3075 5813 3265 5882 fidem
3329 5817 3574 5902 textum
3627 5827 3776 5900 per-

2749 6017 2756 6022 .
2771 6017 2812 6026 κ
2851 6019 2853 6021 ,

537 5949 1008 6034 perpolivimus
1043 5965 1116 6012 ac
1149 5945 1610 6034 reparavimus.
