4056 6276
1680 421 2101 477 ιοιωυωυωι.
3017 407 3020 410 ’

1921 421 2101 477 suum.
3017 407 3020 410 ’
3467 445 3523 490 ι,

342 572 370 645 §
449 564 588 631 11.⁹
613 565 686 628 In
745 571 920 627 textu
981 562 1288 624 librorum
1335 559 1408 622 de
1470 559 1778 622 divisione
1846 557 2124 622 Naturae
2181 559 2553 624 adornando
2631 577 2931 640 magnum
3005 559 3524 625 emendatienum

265 706 323 764 et
377 698 717 776 .variarum
779 695 1134 760 lectionum
1198 713 1230 756 e
1290 692 1510 762 codice
1587 692 1933 756 Parisiensi
1998 693 2465 774 descriptarum
2520 699 2938 775 apparatum,
3005 694 3121 775 qui
3182 695 3257 758 ad
3290 692 3526 759 calcem

266 831 574 894 editionis
639 829 957 894 Galeanae
1022 827 1295 908 legitur,
1334 827 1541 890 multo
1574 844 1718 888 cum
1776 826 1988 890 fructu
2047 829 2485 892 adhibuimus.
2522 831 2732 910 Atque
2795 829 2921 891 dici
2989 828 3249 910 nequit,
3288 832 3528 908 quanto

263 960 485 1026 labore
521 962 855 1026 adornatio
918 961 1112 1042 hujus
1173 959 1450 1023 intricati
1516 967 1577 1024 et
1657 959 1906 1040 spinosi
1964 961 2112 1023 libri
2185 962 2373 1025 nobis
2451 961 2832 1024 constiterit.
2890 958 3334 1042 Interpunctio
3397 960 3530 1021 erat

261 1103 433 1160 recte
491 1095 980 1172 constituenda,
1050 1095 1309 1176 plurimi
1361 1094 1484 1158 loci
1550 1095 1833 1175 corrupti
1889 1093 2676 1169 emendandi,verborum
2747 1091 3107 1155 sententiae
3187 1088 3532 1154 enuclean-

260 1230 402 1294 dae.
463 1233 537 1294 In
600 1230 838 1314 quibus
909 1227 1213 1290 omnibus
1293 1245 1492 1308 quum
1557 1227 1822 1289 Thomas
1885 1227 2085 1301 Gate,
2163 1227 2277 1308 qui
2336 1227 2582 1308 primus
2651 1242 2795 1288 eum
2877 1223 3112 1285 librum
3191 1219 3392 1286 edidit
3445 1191 3562 1286 ita;

259 1360 649 1441 inscriptum
690 1381 706 1422 :
742 1359 1010 1421 Joannis
1041 1357 1215 1419 Scoti
1243 1357 1551 1436 Erigenae
1586 1357 1658 1420 de
1688 1359 2012 1421 Diuisione
2047 1359 2327 1423 Naturae
2373 1359 2526 1420 libri
2573 1359 2842 1440 quinque
2873 1355 2986 1418 diu
3029 1354 3383 1418 desiderati.
3415 1355 3536 1418 Ac-

262 1478 422 1540 cedit
463 1479 786 1560 appendix
816 1498 893 1540 ea:
923 1481 1250 1562 Ambiguis
1278 1483 1340 1545 S.
1358 1486 1630 1548 Maximi
1651 1487 1880 1549 Graece
1903 1497 1955 1549 et
1983 1489 2222 1565 Latine,
2245 1489 2484 1550 Oxonii
2518 1489 2694 1561 1681,
2736 1486 2893 1548 nihil
2926 1486 3060 1548 fere
3119 1481 3532 1565 praestiterit,

263 1609 449 1687 alter,
485 1611 597 1694 qui
634 1629 843 1692 nuper
879 1630 1026 1676 eum
1058 1616 1274 1679 denuo
1307 1617 1485 1698 prelo
1518 1619 1714 1693 dedit,
1749 1620 1814 1681 C.
1851 1622 1924 1682 Β.
1958 1621 2267 1693 Schlu'ter,
2309 1621 2427 1684 hoc
2461 1621 2646 1684 titulo
2681 1641 2695 1680 :
2732 1617 2999 1680 Joannis
3026 1615 3204 1679 Scoti
3231 1615 3539 1694 Erigonae

264 1732 336 1794 de
363 1735 694 1796 Diuisione
717 1735 995 1799 Naturae
1025 1736 1179 1799 libri
1211 1739 1502 1820 quinque.
1536 1740 1756 1802 Editio
1794 1744 2114 1820 recognita
2151 1751 2205 1803 et
2238 1741 2572 1803 emendata.
2599 1741 2974 1803 Monasterii
3007 1738 3538 1822 Guestphalorum

266 1854 447 1929 1838,
477 1857 562 1928 8°,
595 1871 726 1918 non
757 1855 968 1918 solum
1019 1856 1177 1920 nihil
1218 1862 1614 1940 recognovit,
1671 1881 1788 1927 nec
1841 1865 2226 1942 emendavit,
2264 1864 2396 1927 imo
2445 1865 2675 1927 menda
2735 1867 3193 1949 typographica
3240 1866 3442 1938 auxit,
3477 1874 3539 1928 et

263 1986 472 2045 totum
501 1980 683 2042 illum
722 1989 1093 2062 apparatum
1125 1983 1649 2048 emendationum
1684 1987 2133 2067 variarumque
2193 1986 2568 2060 lectionum,
2607 1988 2878 2052 editioni
2915 1990 3187 2072 principi
3220 1989 3534 2061 additum,

264 2105 529 2185 penitus
561 2107 863 2188 neglexit.
901 2108 1088 2182 Quod
1126 2125 1271 2171 cum
1308 2108 1515 2171 cuivis
1553 2109 1662 2172 alii
1700 2111 1945 2172 auctori
1979 2111 2326 2201 Opprobrio
2359 2113 2517 2174 verti
2551 2112 2802 2188 debeat,
2851 2112 2918 2174 in
2985 2110 3316 2173 Scliliitero
3360 2125 3421 2168 v.
3455 2107 3534 2170 cl.
3628 2090 3632 2094 ’

267 2225 706 2289 excusandum
742 2236 864 2305 est,
893 2230 1006 2310 qui
1039 2230 1178 2310 ipse
1207 2228 1544 2293 oculorum
1576 2229 1822 2292 lumine
1853 2229 2139 2310 privatus
2178 2246 2310 2294 non
2355 2231 2482 2292 nisi
2518 2247 2632 2310 per
2661 2227 2821 2292 alios
2849 2225 3065 2289 minus
3097 2223 3336 2304 peritos
3394 2221 3536 2285 edi~

266 2351 513 2416 tionem
546 2372 762 2434 parare
795 2358 1028 2437 potuit.
3295 2329 3302 2337 ἡ

345 2497 484 2560 Tali
527 2499 725 2578 igitur
747 2502 938 2566 modo
975 2522 1176 2584 quum
1212 2522 1342 2570 non
1395 2505 1784 2569 mediocrem
1817 2523 2076 2587 operam
2113 2525 2463 2589 curamque
2507 2508 2576 2570 in
2612 2504 3004 2572 recensendo
3037 2509 3214 2567 textu
3245 2515 3546 2564 consum-

267 2631 582 2712 psissem,
628 2634 886 2701 Parisiis
937 2640 1188 2704 codices
1239 2649 1544 2723 quattuor
1606 2642 1897 2720 insignes
1959 2641 2254 2705 invenire
2314 2641 2472 2703 mihi
2547 2641 2838 2719 contigit.
2883 2639 3017 2702 Jam
3071 2636 3221 2702 novi
3266 2634 3544 2711 labores,

269 2779 480 2826 novus
531 2765 762 2829 sudorl
810 2769 1140 2833 Premebat
1194 2777 1481 2852 tempus,
1535 2773 1796 2851 urgebat
1827 2773 2194 2854 redemptor
2237 2774 2419 2852 libri,
2448 2774 2769 2838 instabant
2811 2788 3075 2853 Operae,
3113 2765 3547 2846 impediebant

271 2899 521 2978 spinosi
569 2918 640 2964 ac
694 2901 897 2964 vitiati
957 2903 1171 2984 operis
1209 2903 1638 2969 difﬁcultates.
1700 2907 2001 2968 Attamen
2051 2925 2196 2987 spes
2246 2925 2347 2972 me
2397 2913 2601 2984 tenet,
2653 2907 2965 2987 gravioris
3019 2901 3326 2970 momenti
3383 2897 3546 2962 nihil

274 3030 672 3114 diligentiam
723 3055 927 3102 meam
987 3040 1312 3118 effugisse.
1358 3039 1630 3103 Codices
1690 3046 1905 3129 autem
1947 3040 2096 3104 illos
2137 3042 2379 3104 contuli
2418 3059 2668 3105 omnes.

353 3215 568 3294 Atque
609 3214 854 3295 primus
909 3225 1010 3282 est
1072 3220 1275 3284 codex
1333 3222 1394 3284 S.
1437 3221 1741 3286 Germani
1781 3223 1932 3296 309,
1991 3221 2143 3284 olim
2191 3223 2334 3296 5&8,
2375 3220 2488 3284 fol.
2537 3221 2711 3301 maj.,
2767 3220 3147 3294 membran.,
3183 3215 3382 3282 seculi
3432 3211 3547 3292 XI,

277 3349 637 3411 atramento
677 3347 861 3428 nigro
924 3350 1355 3430 pulcherrime
1401 3360 1725 3416 curatus.
1772 3353 2034 3416 Constat
2090 3354 2340 3434 paginis
2389 3353 2527 3416 M7.
2582 3354 2865 3428 Quarum
2908 3351 3130 3414 ultima
3185 3349 3260 3412 1h
3307 3354 3552 3412 tantum

278 3477 491 3542 lineas
544 3478 757 3544 habet.
793 3482 1048 3546 Finitur
1090 3485 1302 3548 verbis
1339 3508 1354 3548 :
1401 3486 1622 3563 Qualis
1667 3486 1909 3549 invidia
1956 3487 2260 3548 bonorum
2309 3485 2674 3567 angelorum
2702 3487 2774 3547 de
2805 3485 3005 3548 salute
3033 3483 3290 3546 humani
3316 3481 3556 3562 generis

283 3609 674 3691 intelligitur
699 3657 715 3687 ,
765 3610 954 3694 deque
1003 3615 1134 3694 ejus
1177 3614 1388 3678 reditu
1433 3615 1516 3677 ad
1575 3617 1817 3679 Patrem
1856 3636 2060 3692 suum,
2107 3618 2287 3698 cujus
2321 3617 2732 3680 substantiam
2757 3661 2772 3691 ,
2804 3617 2920 3677 hoc
2957 3623 3042 3677 est
3079 3614 3370 3695 imaginis
3403 3632 3556 3694 gra-

281 3742 435 3804 tiam
482 3743 548 3803 in
592 3743 747 3806 villa
782 3744 1068 3808 mortalis
1111 3745 1300 3828 hujus
1344 3748 1507 3810 vitae
1558 3750 1827 3811 serviens
1877 3748 2127 3811 diabolo
2173 3749 2530 3830 dissipavit.
2581 3749 2742 3813 Vide
2789 3749 2899 3812 lib.
2941 3750 3020 3824 V,
3061 3768 3196 3829 cap.
3245 3750 3357 3825 38,
3393 3746 3555 3810 infra

282 3876 403 3940 col.
455 3879 630 3940 1015.
691 3878 762 3941 In
817 3879 1026 3946 fronte
1064 3883 1306 3963 primae
1371 3885 1642 3963 paginae
1698 3884 1777 3944 ab
1829 3900 1961 3946 uno
2008 3884 2202 3946 latere
2258 3899 2487 3946 manus
2529 3882 2731 3946 seculi
2780 3881 2928 3944 XVI
2981 3880 3237 3962 scripsit
3278 3881 3344 3944 S.
3383 3876 3557 3942 Petri

287 4013 717 4091 Corbeiensis,
766 4014 843 4077 ab
892 4013 1087 4077 altero
1124 4014 1192 4077 in
1235 4016 1638 4078 extremitate
1695 4016 2101 4078 membranae
2153 4033 2380 4078 manus
2418 4016 2619 4079 seculi
2651 4015 2803 4077 XIII
2854 4011 2950 4076 vel
2985 4015 3134 4076 XIV
3170 4015 3381 4077 literis
3432 4016 3560 4077 mi—

287 4148 579 4210 nusculis
607 4167 622 4208 :
655 4147 782 4208 Istc
817 4146 973 4209 liber
1005 4154 1093 4207 est
1119 4153 1454 4208 conventus
1484 4146 1776 4226 Corbejae
1796 4166 1815 4213 ;
1839 4144 1942 4206 sed
1966 4145 2249 4206 monachi
2279 4145 2497 4206 habent
2525 4163 2715 4205 unum
2753 4163 2938 4204 memo
2977 4140 3031 4184 ιθ
3064 4163 3183 4225 pro
3224 4145 3344 4206 isto
3383 4143 3548 4206 libro

284 4279 422 4359 peri
445 4276 725 4358 phision,
763 4273 868 4337 sed
921 4292 1050 4336 non
1105 4281 1305 4336 totum
1346 4271 1516 4354 quod
1568 4272 1822 4333 memori
1862 4269 1914 4311 ιο
1940 4292 1960 4332 :
1988 4269 2083 4331 vel
2140 4269 2545 4332 comburatur
2577 4267 2672 4329 vel
2706 4266 3012 4330 reddatur
3037 4263 3352 4328 monachis
3385 4263 3550 4326 beati

293 4407 602 4472 Vincentii
641 4408 707 4470 in
743 4404 1093 4473 Lauduno;
1125 4403 1344 4465 melius
1393 4403 1553 4464 enim
1588 4409 1780 4476 esset,
1824 4409 1892 4462 ut
1949 4399 2166 4474 credo,
2231 4398 2399 4481 quod
2455 4397 2919 4461 combureretur
2969 4405 3235 4479 propter
3284 4395 3556 4460 haereses

289 4536 612 4598 damnatas
642 4553 796 4618 quae
827 4542 972 4594 sunt
1032 4533 1100 4593 in
1134 4551 1224 4593 eo.
1274 4532 1504 4593 Manus
1561 4530 1996 4603 seculiXVll,
2047 4537 2116 4592 ut
2171 4529 2446 4603 videtur,
2505 4530 2582 4592 ab
2619 4545 2748 4591 una
2785 4535 2963 4610 parte
3005 4529 3279 4592 Joannes
3330 4517 3560 4593 Scotus

293 4668 594 4748 Erigena,
628 4667 708 4730 ab
741 4666 936 4732 altera
969 4667 1170 4729 sancti
1210 4666 1499 4730 Germani
1531 4685 1570 4726 a
1609 4665 1826 4730 Pratis
1861 4665 2112 4744 adjecit.
2165 4663 2382 4728 Codex
2413 4665 2659 4728 orditur
2689 4684 2723 4727 a
2765 4663 2949 4727 titulo
2981 4663 3249 4728 miniato
3280 4685 3294 4726 :
3325 4664 3564 4744 Incipit

289 4800 531 4882 primus
569 4825 694 4882 περι
726 4823 928 4879 φυσαων
960 4797 1132 4876 Mog.
1182 4798 1373 4876 Saepe
1427 4796 1581 4858 mihi
1637 4796 1943 4875 cogitanti
1985 4803 2106 4858 cet.
2154 4796 2225 4858 In
2283 4797 2565 4874 margine
2623 4795 2725 4858 hic
2761 4795 2893 4858 illic
2927 4795 3176 4874 glossae
3210 4795 3567 4877 deprehen-

292 4933 558 4996 duntur.
617 4934 800 4999 Haud
841 4949 982 4997 raro
1064 4939 1516 5011 argumentum
1566 4931 1771 4994 literis
1830 4927 2114 4992 miniatis
2167 4930 2440 5008 margini
2501 4930 2888 5011 adscriptum
2931 4935 3049 4993 est.
3117 4927 3292 4992 Idem
3363 4927 3566 4991 codex

291 5067 672 5130 Parisiensis
703 5069 764 5130 S.
801 5065 1101 5130 Germani
1142 5081 1288 5127 esse
1327 5064 1600 5138 videtur,
1638 5079 1769 5144 quo
1808 5062 2151 5124 utebantur
2198 5063 2421 5122 Petrus
2479 5060 2771 5135 Alixius,
2811 5059 2956 5132 alii,
2988 5078 3023 5123 a
3062 5062 3298 5143 quibus
3357 5056 3562 5121 varias

295 5201 612 5266 lectiones
659 5221 693 5265 e
725 5201 945 5265 codice
981 5181 1042 5264 S.
1087 5199 1392 5264 Germani
1423 5199 1773 5280 descriptas
1807 5196 2084 5260 Thomas
2127 5196 2282 5259 Gate
2321 5197 2624 5260 obtinuit.
2661 5194 2845 5270 Quod
2885 5196 2938 5258 si
2975 5196 3140 5262 bene
3164 5190 3459 5274 conjicio,
3484 5188 3567 5267 is,

293 5333 406 5414 qui
437 5333 722 5397 codicem
759 5335 1064 5412 contulit,
1103 5353 1370 5398 munere
1435 5335 1589 5398 satis
1627 5333 2026 5412 negligenter
2070 5332 2330 5396 functus
2369 5341 2485 5396 est.
2520 5335 2775 5409 Restat,
2819 5339 2890 5396 ut
2947 5348 3266 5402 moneam,
3300 5328 3365 5390 in
3414 5325 3570 5392 folio

295 5459 632 5531 chartac'eo
693 5468 974 5550 praeﬁxo
1009 5485 1270 5530 manum
1320 5467 1742 5530 recentiorem
1772 5510 1788 5541 ,
1832 5466 2000 5530 Petri
2070 5464 2296 5541 Alixii,
2359 5473 2426 5529 ut
2476 5466 2808 5546 suspicor,
2858 5465 3234 5544 scripsisse:
3274 5462 3396 5526 Hic
3427 5480 3574 5525 cou-

295 5603 582 5664 tinentur
630 5604 903 5668 Joannis
944 5609 1120 5671 Scoti
1153 5608 1461 5688 It'rigenac
1496 5635 1619 5691 περι
1661 5635 1864 5700 φευσεων
1910 5606 2061 5670 libri
2120 5625 2322 5668 omnes
2372 5602 2648 5682 exceptis
2692 5601 2772 5662 22
2817 5599 3104 5680 paginis,
3154 5617 3306 5680 quae
3339 5594 3467 5660 alio
3507 5595 3573 5663 in

300 5725 467 5789 libro
490 5731 922 5810 reperiuntur.
950 5734 1154 5808 Quem
1198 5733 1392 5798 alium
1444 5736 1680 5798 librum
1731 5735 1994 5807 innuat,
2022 5732 2147 5796 nisi
2173 5731 2456 5796 codicem
2492 5747 2609 5795 ms.
2651 5729 2710 5792 S.
2743 5726 3043 5792 Germani
3080 5727 3219 5802 830,
3252 5723 3402 5788 olim
3429 5721 3570 5798 5&9,

299 5876 452 5924 mox
498 5860 991 5926 describendum
1023 5911 1038 5941 ,
1079 5865 1327 5945 ignoro.

387 5992 561 6064 Alter
609 6003 708 6062 est
741 5995 944 6064 codex
989 5996 1100 6062 lat.
1151 5996 1309 6063 bibl.
1366 6000 1518 6080 Reg.
1562 5998 1760 6063 Paris.
1798 5997 1985 6076 1761i,
2025 5995 2165 6073 fol.,
2209 5994 2384 6075 maj.,
2435 5991 2843 6073 membran..,
2883 5987 3277 6076 seculi_XlI,
3319 5984 3570 6058 duabus
