4036 5590
481 440 556 485 xu
1740 399 1780 408 ﬂ
1885 420 2075 478 PROOE

1740 399 1780 408 ’”
1885 420 2307 480 PROOEMIUM.

483 563 803 628 columnis
836 569 1155 628 exoratus.
1201 563 1496 626 Numeris
1537 562 1838 626 foliorum
1877 569 2068 627 caret.
2107 564 2407 627 Continet
2437 564 2608 629 varia
2651 566 2710 628 S.
2765 566 3122 644 Ambrosii,
3160 568 3448 643 Alcuini,
3498 571 3728 636 Hiero-

482 696 700 776 nymi,
742 695 1032 774 Gregorii
1094 711 1308 774 opera.
1368 694 1620 756 Ultimis
1686 696 1763 758 1ιὸ
1820 695 1995 758 foliis
2049 701 2249 759 exstat
2302 696 2464 759 liber
2510 699 2756 778 primus
2821 705 2881 761 et
2935 717 3080 778 pars
3137 701 3281 764 libri
3332 703 3598 765 secundi
3655 701 3728 765 de

481 827 786 889 divisione
839 826 1137 889 Naturae.
1172 824 1421 885 Desinit
1461 824 1713 886 verbis:
1762 826 2168 888 substantiam
2209 827 2469 908 ﬁliatam
2503 830 2717 908 genuit
2748 837 2802 891 et
2827 831 3255 911 procedentem
3291 833 3723 898 substantiam.

478 959 641 1020 Vide
670 957 834 1019 infra
864 956 977 1018 lib.
1008 956 1089 1030 Il,
1133 973 1269 1035 cap.
1301 955 1400 1016 23.
1449 955 1702 1018 Mendis
1743 962 1961 1020 scatet.
2016 959 2340 1038 Suspicor,
2387 959 2556 1023 hnnc
2590 978 2733 1024 esse
2797 963 3081 1026 codicem
3135 963 3478 1027 Thuanum
3533 965 3720 1028 valde

479 1091 774 1153 mutilum
803 1135 819 1166 ,
870 1089 948 1151 de
987 1103 1115 1166 quo
1143 1085 1414 1148 Thomas
1465 1087 1619 1148 Gale
1679 1088 1756 1149 ad
1815 1104 2038 1150 vocem
2105 1089 2280 1151 illam
2327 1113 2341 1150 :
2379 1097 2434 1150 et
2475 1090 2900 1170 procedentem
2957 1093 3253 1156 observat
3296 1115 3310 1154 :
3346 1095 3468 1156 Hic
3521 1094 3725 1174 deﬁcit

479 1217 711 1291 codex,
749 1219 859 1298 qui
892 1217 1040 1284 olim
1065 1223 1190 1304 fuit
1228 1222 1452 1283 Thuni.
1492 1224 1542 1282 E
1600 1221 1967 1286 Colbertina
1999 1223 2170 1286 enim
2200 1224 2267 1285 in
2308 1224 2758 1289 bibliothecam
2789 1225 3051 1304 Regiam
3088 1226 3417 1289 transiisse
3453 1224 3723 1286 videtur.

479 1351 576 1414 Ad
605 1351 840 1416 calcem
874 1352 1211 1433 fragmenti
1257 1353 1328 1416 de
1363 1355 1667 1418 divisione
1701 1357 1983 1422 Naturae
2016 1357 2236 1432 eadem
2276 1376 2501 1422 manus
2556 1378 2808 1424 carmen
2857 1359 3191 1443 subjunxit
3238 1357 3487 1423 detritis
3527 1355 3728 1419 literis

478 1478 649 1544 lectu
689 1479 1134 1545 difﬁcillimum
1185 1485 1417 1546 hocce:

1248 1607 1293 1681 Q
1322 1624 1475 1665 sacre
1501 1651 1513 1663 .
1541 1649 1555 1665 .
1577 1649 1591 1665 .
1621 1611 1782 1681 orsub
1809 1627 1977 1667 unum
2010 1613 2288 1669 molimine
2316 1615 2486 1681 salvo,

1255 1679 1349 1755 Qui
1382 1695 1516 1755 opus
1547 1680 1735 1755 rutilat
1760 1697 1881 1736 cum
1909 1684 2140 1755 gemmis
2171 1686 2437 1755 thureque
2465 1679 2714 1753 mixtum,

1252 1748 1446 1833 Nescio
1471 1750 1592 1833 quis
1620 1748 1996 1833 pugnoanu'od
2025 1755 2171 1833 vidit
2195 1748 2593 1833 dicerepossit.

1244 1819 1346 1896 Qlli
1372 1818 1800 1896 Christus'amor
1826 1818 1903 1888 iii,
1931 1823 2124 1890 virtus,
2156 1826 2348 1895 gloria,
2381 1818 2610 1896 fillgor‘,

1255 1889 1508 1965 Gorporis
1535 1905 1703 1965 osque
1734 1907 2049 1965 manusque,
2085 1889 2220 1964 apud
2252 1889 2408 1950 simul
2439 1889 2678 1965 ninnium
2704 1895 2973 1965 membra,

1257 1959 1505 2035 Carceris
1536 1959 1812 2035 inluviem,
1846 1959 2132 2035 rabiesque
2156 1966 2472 2035 rabiemque
2495 1965 2515 1996 ¹
2543 1964 2802 2034 ferarum,
2912 2007 2915 2011 .

1253 2030 1333 2104 Ac
1360 2039 1547 2104 tenues
1581 2031 1714 2104 telas
1733 2030 2116 2104 discriminans
2147 2033 2367 2090 fulmine
2386 2030 2639 2104 'pulchro.

1256 2100 1480 2171 aurium
1510 2101 1777 2171 ﬂorigeris
1807 2103 2134 2157 concordant
2169 2100 2408 2161 carmine
2433 2105 2600 2162 Musis

1255 2169 1387 2245 '[arn
1414 2170 1604 2245 doctos
1637 2169 1862 2245 texendi
1882 2174 2116 2245 sapliyro
2144 2173 2285 2229 fulva

1264 2237 1520 2308 Quisquis
1551 2241 1572 2271 ³
1603 2241 1892 2296 contulerit
1922 2237 2135 2308 faciem,
2166 2245 2268 2300 hac
2289 2246 2514 2302 sindone
2543 2247 2743 2304 munda

1255 2307 1518 2384 Xerbera,
1552 2310 1784 2376 vincula,
1813 2310 2038 2384 famem,
2065 2307 2264 2384 virgas,
2300 2324 2591 2383 tormenta,
2623 2327 2844 2375 catenas

1258 2377 1375 2434 Non
1413 2379 1571 2448 mala,
1605 2382 1868 2450 serpentis
1897 2381 1920 2413 ⁸
1945 2377 2052 2438 non
2078 2377 2317 2440 sentiunt
2347 2387 2461 2457 ipsa
2491 2377 2716 2445 venena.

485 2505 746 2568 Ioannis
800 2503 968 2568 Scoti
1014 2518 1267 2566 carmen
1315 2519 1456 2566 esse
1500 2503 1672 2566 haud
1730 2509 1968 2568 temere
2019 2507 2313 2588 conjicio.
2378 2509 2497 2571 Sed
2537 2510 2694 2590 quid
2746 2526 2971 2574 versus
3025 2510 3308 2591 corrupti
3345 2509 3469 2574 sibi
3503 2509 3730 2586 velint,

482 2651 614 2697 non
649 2633 835 2714 plane
873 2650 973 2696 me
1009 2632 1374 2714 perspicere
1408 2632 1632 2696 fateor.

561 2764 814 2828 Tertius
851 2770 946 2828 est
978 2764 1176 2828 codex
1213 2765 1274 2826 S.
1314 2764 1615 2827 Germani
1657 2765 1797 2838 280,
1831 2765 1981 2827 olim
2035 2766 2172 2838 166,
2211 2765 2323 2829 fol.
2399 2766 2573 2846 mai.,
2607 2732 2987 2843 membran.,
3039 2766 3242 2831 seculi
3283 2767 3426 2830 XII.
3478 2768 3740 2830 Constat

482 2898 658 2961 foliis
699 2900 840 2962 235.
882 2900 1023 2960 Duo
1057 2897 1407 2977 fragmenta
1465 2897 1778 2962 librorum
1834 2895 1905 2958 de
1955 2897 2258 2959 divisione
2287 2897 2564 2961 Naturae
2619 2903 2867 2960 exstant
2907 2897 3078 2958 foliis
3115 2898 3409 2967 192-235,
3459 2915 3736 2980 quorum

484 3046 688 3092 unum
726 3028 958 3109 incipit
994 3023 1209 3092 verbis
1244 3049 1258 3088 :
1290 3028 1634 3101 rationale,
1657 3027 1918 3088 mortale
1941 3072 1957 3101 ,
1982 3027 2227 3088 visibile
2251 3073 2266 3101 ,
2297 3029 2581 3108 profecto
2619 3026 2872 3104 angelus
2890 3045 3080 3108 neque
3109 3026 3338 3088 animal
3364 3027 3741 3090 rationabile

491 3168 622 3238 est,
657 3179 848 3244 neque
901 3161 1165 3225 mortale
1211 3180 1400 3244 neque
1435 3160 1680 3224 visibile
1735 3166 1854 3224 cet.
1883 3205 1898 3232 ,
1955 3159 2097 3221 vide
2161 3156 2328 3222 infra
2389 3157 2502 3222 lib.
2535 3158 2604 3233 Ι,
2679 3175 2813 3238 cap.
2867 3157 2947 3234 ιις
3000 3163 3060 3220 et
3106 3157 3344 3220 desinit
3378 3158 3490 3221 fol.
3525 3160 3666 3232 222,
3698 3161 3738 3222 2

486 3295 747 3359 verbis:
807 3293 1052 3357 videsne
1108 3312 1250 3374 ergo
1290 3293 1800 3374 quemadmodum
1857 3311 2003 3353 vera
2057 3291 2224 3351 ratio
2285 3291 2658 3369 categoriam
2716 3291 2874 3373 faci,
2939 3287 3084 3351 vide
3115 3285 3281 3350 infra
3332 3286 3441 3347 lib.
3476 3285 3536 3358 Ι,
3595 3301 3730 3363 cap.

489 3421 606 3496 7h;
644 3421 913 3484 alterum
973 3423 1203 3504 incipit
1250 3422 1376 3485 ~fol.
1417 3423 1558 3497 223,
1606 3427 1637 3485 1
1693 3421 1907 3485 verbis
1962 3443 1976 3483 :
2025 3422 2344 3483 Hactenus
2399 3420 2469 3480 de
2531 3420 2945 3483 divisionibus
3001 3421 3190 3502 deque
3250 3417 3741 3480 adunationibus

493 3561 648 3629 cot.,
688 3554 834 3620 vide
865 3553 1032 3619 infra
1061 3555 1174 3619 lib.
1219 3555 1308 3630 II,
1352 3572 1491 3634 cap.
1531 3555 1628 3629 13,
1664 3558 1723 3617 et
1752 3553 1988 3616 desinit
2025 3552 2136 3616 fol.
2174 3553 2314 3627 235,
2366 3555 2404 3614 2
2442 3552 2695 3615 verbis:
2742 3551 2883 3613 Non
2936 3551 3138 3613 solum
3187 3549 3450 3613 concedo
3477 3595 3492 3623 ,
3531 3567 3742 3610 verum

487 3683 671 3744 etiam
706 3684 986 3765 intelligo
1020 3684 1600 3748 excellentissimum
1629 3686 1869 3747 animae
1901 3692 2135 3746 motum
2178 3685 2347 3747 circa
2377 3687 2765 3764 incognitum
2793 3685 2982 3745 Deum
3007 3683 3179 3745 ultra
3211 3701 3443 3744 omnem
3482 3690 3740 3743 creatu-

486 3826 620 3869 ram
649 3810 964 3873 verissime
991 3815 1207 3875 vocari
1228 3817 1304 3898 ἐι,
1321 3815 1653 3877 subsistere
1684 3814 2084 3877 intellectum.
2130 3814 2252 3876 Sed
2306 3813 2613 3896 quomodo
2650 3814 2745 3874 vel
2780 3832 2903 3894 qua
2935 3812 3181 3873 ratione
3212 3809 3559 3872 intellectus
3597 3806 3744 3868 dum

503 3919 677 4000 intra
731 3941 1025 4002 terminos
1070 3943 1367 4031 humanae
1415 3953 1717 4011 naturae;
1781 3943 1926 4005 vide
1969 3943 2132 4006 infra
2189 3944 2303 4005 lib.
2332 3944 2412 4017 ll,
2448 3961 2584 4023 cap.
2638 3943 2737 4005 23.
2782 3943 2843 4004 Is
2873 3941 3069 4020 igitur
3116 3941 3314 4008 codex
3347 3959 3490 4005 cum
3523 3941 3769 4003 codice'

489 4071 696 4152 primo
732 4074 794 4136 S.
831 4074 1132 4137 Germani
1161 4075 1279 4135 309
1307 4074 1439 4138 fere
1476 4075 1720 4156 ubique
1753 4075 2117 4138 concordat.

569 4199 844 4274 Quartus
894 4199 1175 4282 denique
1220 4201 1418 4265 codex
1468 4203 1527 4264 S.
1561 4202 1862 4265 Germani
1887 4201 2029 4274 830,
2061 4201 2212 4263 olim
2248 4201 2387 4273 5&9,
2417 4199 2795 4270 membran.,
2833 4196 2974 4271 fol.,
3033 4197 3232 4260 seculi
3262 4200 3377 4272 ΧΙ,
3432 4197 3738 4278 pulcher-

488 4329 649 4392 rime
709 4331 984 4410 scriptus
1010 4374 1026 4403 ,
1059 4336 1305 4400 constat
1356 4330 1531 4393 foliis
1583 4334 1726 4405 207,
1763 4331 2000 4410 quibus
2052 4331 2465 4393 continentur
2515 4327 2666 4388 libri
2702 4327 2792 4387 IV
2824 4334 2876 4388 et
2917 4328 2967 4385 V
2992 4326 3063 4387 de
3088 4327 3396 4389 divisione
3429 4329 3729 4391 Naturae.

490 4461 671 4524 Folio
700 4463 842 4536 207,
872 4464 900 4522 1
935 4462 1141 4524 lineae
1159 4465 1212 4524 ὃ
1242 4469 1488 4525 tantum
1522 4463 1865 4526 habentur.
1919 4463 2304 4542 Saepissime
2355 4465 2802 4539 argumentum
2851 4461 2928 4523 ad
2967 4461 3314 4538 marginem
3353 4459 3738 4538 adscriptum

493 4600 614 4657 est.
646 4594 723 4655 In
765 4593 921 4656 folio
951 4593 1281 4657 chartaceo
1319 4595 1592 4673 praeﬁxo
1622 4593 1780 4657 haec
1827 4595 2169 4672 leguntur:
2204 4592 2390 4653 Liber
2421 4600 2681 4672 quartus
2720 4599 2774 4652 et
2806 4591 3060 4671 qui-ntus
3094 4617 3216 4674 περι
3246 4617 3446 4694 eseam
3475 4590 3742 4650 Joannis

488 4723 694 4785 Scotti
745 4724 1050 4803 Erigonae
1076 4769 1092 4799 ,
1130 4725 1348 4787 eadem
1401 4713 1612 4789 manu
1649 4728 1904 4814 scripta,
1938 4745 2130 4808 quam
2165 4726 2334 4790 Petri
2370 4725 2569 4787 Alixii
2605 4743 2746 4786 esse
2789 4743 2982 4805 supra
3013 4723 3405 4804 suspicabar.
3432 4723 3504 4783 In
3532 4721 3742 4784 fronte

489 4850 732 4928 primae
781 4855 1196 4920 membranae
1249 4875 1476 4920 manus
1530 4860 1732 4922 seculi
1775 4861 1924 4922 XIV
1963 4861 2256 4940 scripsit:
2291 4860 2376 4919 De
2429 4856 2930 4938 superessentiali
2963 4862 3214 4918 natura.
3249 4858 3496 4920 Recens
3534 4853 3736 4918 seculi

489 4978 666 5041 xvu
701 4998 970 5058 manus,
1008 4990 1078 5048 ut
1111 4951 1386 5062 videtur,
1427 4988 1710 5051 addidit:
1745 4991 1810 5052 s.
1847 4989 2022 5051 Petri
2059 4989 2446 5052 Corbeiensis

568 5115 644 5176 Et
679 5115 758 5177 de
794 5115 1122 5181 codicibus
1149 5161 1165 5191 ,
1201 5136 1365 5199 quos
1417 5121 1482 5182 in
1519 5122 1956 5200 perpoliendis
1990 5123 2166 5184 hisce
2202 5120 2380 5182 libris
2417 5117 2830 5181 adhibuimus
2855 5161 2872 5189 ,
2905 5115 3059 5178 haec
3093 5115 3356 5194 quidem
3393 5116 3725 5178 hactenus.

486 5243 781 5308 Codicem
849 5247 1001 5309 1976
1073 5248 1503 5314 bibliothecae
1565 5252 1840 5314 civitatis
1908 5253 2320 5315 Abrincatum
2381 5251 2752 5315 examinare
2809 5267 2939 5312 non
3000 5249 3202 5329 potui.
3253 5249 3458 5322 Quem
3521 5245 3612 5308 M.
3664 5244 3719 5304 F

505 5374 543 5384 .-
641 5376 694 5400 if
883 5378 895 5386 ο
977 5378 1045 5400 ‘0‘
1179 5382 1216 5390 —~
1315 5400 1342 5406 ﬂ
1442 5389 1454 5398 Α
1529 5401 1549 5403 Δ
1637 5383 1914 5418 .--—.dr..‘“1
1953 5390 2046 5416 ΔΛ.
2113 5399 2151 5416 ’Χ
2369 5382 2458 5418 βῖἠ
2494 5380 2691 5412 1³⁸⁸4.ᾼο
2784 5379 2820 5393 ιι
2912 5378 2966 5388 -σ
