4056 6276
1682 344 2109 404 PROOEMIUM.
3409 357 3507 400 xui

251 485 409 549 liber
431 486 680 565 primus
710 490 766 544 et
788 483 869 561 ῌ
914 481 1117 544 semis.
1164 480 1341 543 Fecit
1376 478 1538 543 enim
1564 479 1726 543 idem
1771 481 2045 542 Joannes
2086 480 2135 542 V
2158 476 2355 540 iibros
2392 476 2465 539 de
2487 476 2769 563 Naturae
2798 477 3155 553 Diuisione,
3187 478 3510 543 obscuris-

250 619 441 681 simos
474 624 533 679 et
555 623 732 678 caute
755 613 1063 695 legendos.

330 752 360 825 5
397 750 497 811 12.
531 747 677 811 Duo
711 745 869 809 haec
900 762 1097 825 opera
1146 745 1560 825 systematica
1613 761 1760 808 cum
1809 744 2059 823 integra
2115 744 2466 823 supersint,
2504 744 2679 807 tertii
2733 742 2813 808 de
2842 758 3090 824 egressu
3140 747 3193 803 et
3228 757 3517 821 regressu

252 879 498 941 animae
523 876 606 938 ad
642 878 832 939 Deum
868 894 1135 958 parvum
1174 883 1421 940 tantum
1456 846 1888 957 fragmentum
1924 882 2153 940 exstat.
2184 877 2305 940 Sed
2338 877 2393 940 is
2419 877 2582 941 liber
2616 879 2866 958 integer
2890 875 3047 941 olim
3080 874 3514 954 reperiebatur

255 1013 325 1074 in
362 1010 759 1075 bibliotheca
790 1009 1131 1075 Electorali
1195 1010 1601 1083 Treverensi,
1637 1016 1706 1073 ut
1762 1014 2030 1073 testatur
2064 1010 2140 1072 G.
2174 1009 2253 1072 de
2305 1008 2710 1073 Northausen
2737 1055 2754 1085 ,
2787 1010 2883 1073 vir
2910 1009 3139 1076 doctus
3165 1056 3183 1086 ,
3208 1013 3325 1092 qui
3357 1031 3413 1077 c.
3450 1030 3511 1077 a.

257 1139 416 1202 1591s
475 1140 728 1203 codices
768 1160 953 1218 mss.,
984 1141 1223 1224 quibus
1276 1141 1664 1205 bibliotheca
1718 1140 2025 1204 Vaticana
2078 1141 2604 1219 locupletaretur,
2657 1142 2723 1203 in
2782 1142 3119 1205 Germania
3153 1140 3514 1219 colligebat.

256 1271 320 1332 ls
368 1269 570 1350 igitur
621 1272 690 1335 in
746 1276 964 1340 codice
1013 1294 1135 1339 ms.
1184 1273 1620 1338 Vallieellensi
1674 1274 1743 1337 C.
1795 1272 1917 1349 28,
1952 1273 2056 1336 cui
2096 1271 2599 1336 tituluszlndea:
2633 1272 3058 1348 voluminum,
3096 1273 3207 1354 qui
3251 1280 3523 1353 tempore

259 1402 552 1465 Caesarei
607 1406 876 1469 Baronii
905 1408 973 1470 in
1005 1407 1204 1469 variis
1261 1405 1650 1468 bibliothecis
1708 1405 1931 1465 Romae
1968 1411 2021 1465 et
2056 1403 2212 1465 alibi
2246 1386 2646 1466 asservantur
2668 1449 2684 1479 ,
2719 1422 2780 1484 p.
2824 1405 2940 1466 192
2973 1403 3130 1467 haec
3175 1401 3521 1467 memoriae

266 1534 572 1597 tradidit:
607 1535 889 1612 Codices,
919 1537 1176 1619 inquit,
1225 1556 1370 1600 mss.
1422 1535 1885 1610 membranacei,
1918 1553 2074 1615 quos
2104 1553 2133 1595 e
2162 1533 2409 1596 cumulo
2467 1534 2781 1596 librorum
2831 1533 3115 1597 ecclesiae
3147 1533 3523 1614 Metropoli-

266 1673 447 1728 tanae
505 1669 900 1731 Treverensis
924 1687 1016 1729 me
1043 1666 1273 1730 vidisse
1325 1666 1574 1729 memini
1601 1712 1617 1742 ,
1650 1666 1716 1728 hi
1770 1673 1941 1729 sunt.
2001 1665 2305 1746 Sequitur
2339 1665 2667 1744 catalogus
2695 1711 2711 1741 ,
2740 1667 2809 1728 in
2843 1682 2974 1747 quo
3010 1666 3132 1729 sub
3164 1677 3230 1729 n°
3262 1668 3337 1728 15
3365 1665 3522 1729 haec

265 1795 616 1877 leguntur:
648 1799 916 1861 Joannis
944 1799 1116 1860 Scoti
1144 1796 1541 1861 Benedictini
1565 1842 1582 1874 ,
1616 1798 1725 1879 qui
1752 1798 1883 1880 fuit
1922 1817 2083 1862 unus
2111 1818 2188 1861 ea:
2227 1806 2530 1879 quattuor
2555 1799 2789 1881 primis
2816 1798 3264 1880 fundatoribus
3290 1797 3513 1861 acade-

264 1928 422 1991 miae
457 1930 839 1995 Parisiensis
863 1975 880 2008 ,
912 1950 1069 2012 opus
1098 1953 1126 1989 tt
1167 1929 1239 1992 de
1286 1949 1531 2011 egressu
1569 1939 1623 1991 et
1668 1949 1952 2010 regressu
1982 1931 2222 1993 animae
2248 1928 2331 1991 ad
2349 1933 2542 1993 Deum
2580 1954 2609 1989 »
2642 1930 2806 2010 ston
2837 1930 3141 2011 scriptum
3168 1929 3521 1994 Platonico.

268 2055 456 2131 Quod
486 2054 630 2119 licet
659 2075 870 2119 errore
907 2057 1118 2138 aliquo
1156 2058 1326 2119 circa
1367 2058 1464 2119 Ss.
1522 2056 1894 2119 Trinitatem
1917 2102 1935 2132 ,
1968 2067 2041 2118 ut
2080 2056 2437 2120 Alexander
2465 2056 2760 2120 Halensis
2791 2064 2847 2118 et
2886 2056 3003 2118 alii
3032 2065 3178 2138 post
3225 2079 3358 2121 eum
3406 2059 3528 2121 do-

272 2198 480 2251 ctores
517 2188 905 2269 Gymnastici
923 2196 1169 2263 notant,
1190 2189 1536 2268 inspersum
1569 2190 1675 2266 sit,
1702 2192 1941 2253 servari
1969 2199 2168 2252 tamen
2214 2199 2421 2271 potest
2442 2192 2510 2253 in
2536 2209 2717 2252 usum
2751 2188 3210 2269 Theologorum
3231 2233 3248 2264 ,
3280 2189 3525 2270 quando

267 2322 352 2384 ad
403 2321 750 2403 pleniorem
782 2323 1310 2386 Scholasticorum
1347 2324 1728 2386 intellectum
1762 2334 2039 2387 erratum
2069 2325 2389 2387 Scoticum
2417 2325 2486 2385 in
2535 2325 2677 2403 ipsa
2729 2320 3113 2400 scaturigine
3151 2320 3371 2384 vellent
3435 2323 3530 2385 in-

270 2452 531 2533 spicere.
570 2453 865 2516 Treveris
915 2455 1198 2518 codicem
1264 2455 1494 2519 frustra
1536 2457 1674 2535 ipse
1714 2456 2033 2536 quaesivi.
2090 2455 2508 2519 Mabillonius
2560 2454 2755 2535 hujus
2823 2453 2970 2517 libri
3033 2450 3316 2519 codicem
3373 2453 3531 2517 vidit

270 2577 848 2644 Claromiscensem
901 2597 1100 2661 prope
1155 2580 1766 2662 AudamarOpolim,
1824 2598 2017 2661 quem
2065 2580 2405 2660 descripsit
2464 2583 2604 2643 Act.
2659 2580 2812 2644 0rd.
2850 2581 2927 2649 S.
2963 2582 3202 2648 Bened.
3236 2585 3375 2648 Sec.
3417 2551 3528 2648 lV.

272 2709 341 2772 Ρ.
397 2708 483 2771 ll.
542 2726 604 2789 p.
640 2709 864 2771 LXVI.
921 2709 1145 2790 Neque
1200 2708 1305 2773 hic
1363 2713 1572 2776 codex
1631 2730 1974 2793 superesse
2032 2713 2310 2777 videtur.
2344 2716 2615 2779 Parvum
2672 2717 2890 2796 itaque
2923 2714 3352 2797 fragmentum
3386 2715 3533 2781 libri

274 2840 452 2904 illius
492 2858 527 2905 e
576 2840 793 2905 codice
843 2840 1095 2905 collect.
1145 2842 1263 2905 596
1287 2886 1305 2919 ,
1338 2844 1726 2918 membrum,
1765 2846 1850 2921 Ιιο,
1882 2845 2311 2911 bibliothecae
2342 2846 2740 2911 Christianae
2762 2853 3015 2913 erutum
3038 2863 3241 2928 quum
3275 2846 3535 2912 Carolus

277 2974 496 3038 Greith
552 2974 620 3036 in
675 2973 1014 3054 Spicilegio
1077 2973 1369 3036 Vaticano
1400 2974 1802 3056 Frauenfetd,
1862 2975 2041 3051 1838,
2066 2995 2138 3058 ρ.
2186 2978 2267 3039 80
2322 2994 2469 3058 sqq.
2531 2978 2845 3053 ediderit,
2898 2977 3063 3041 illud
3120 2979 3199 3043 ad
3249 2980 3535 3061 ejusdem

279 3103 523 3167 codicis
558 3102 749 3167 ﬁdem
780 3103 994 3167 denuo
1025 3105 1425 3184 recognitum
1457 3106 1591 3186 jam
1638 3105 1742 3170 hic
1778 3106 2185 3171 exhibemus.
2231 3109 2451 3171 Exstat
2507 3125 2657 3171 vero
2725 3107 2795 3171 in
2844 3107 3039 3189 hujus
3070 3110 3308 3176 codicis
3338 3127 3533 3177 mem-

275 3235 477 3299 brana
511 3252 681 3298 nona
712 3232 1077 3314 perpulchri
1107 3234 1430 3311 candoris,
1465 3254 1659 3301 manu
1688 3237 1892 3301 seculi
1925 3238 2009 3301 Χ.
2048 3247 2404 3304 exaratum.

358 3370 388 3443 ᾗ
420 3368 517 3430 13.
556 3368 692 3430 Jam
725 3367 804 3430 de
836 3367 1224 3431 versionibus
1260 3368 1528 3432 Joannis
1563 3371 1730 3433 Scoti
1783 3372 2128 3437 dicendum
2174 3381 2293 3438 est.
2349 3376 2504 3439 Nam
2537 3372 2706 3440 haud
2738 3393 2939 3456 pauca
2968 3374 3038 3438 in
3067 3374 3364 3438 Latinum
3397 3390 3535 3437 ser-

283 3514 542 3563 monem
571 3498 885 3562 convertit
918 3497 1151 3578 scripta
1211 3505 1502 3562 veterum
1556 3502 1974 3567 Graecorum.
2016 3504 2105 3565 Ex
2139 3504 2379 3583 quibus
2409 3506 2749 3587 maximam
2776 3504 2968 3570 facile
2999 3507 3282 3570 obtinuit
3306 3476 3585 3571 famamx
3657 3522 3665 3528 '

280 3627 490 3691 versio
544 3628 653 3691 illa
715 3645 970 3708 operum
1021 3626 1085 3689 S.
1122 3627 1416 3707 Dionysii
1482 3631 1922 3714 Areopagitae.
1987 3635 2279 3708 Quorum
2316 3612 2628 3701 Graecum
2688 3638 3016 3719 exemplar
3066 3655 3213 3704 cum
3268 3639 3538 3705 Michael

281 3755 516 3819 Balbus
568 3754 914 3834 imperator
950 3757 1275 3822 Ludovico
1331 3762 1445 3824 Pio
1511 3780 1568 3825 a.
1624 3763 1744 3826 827
1779 3765 1953 3829 dono
2015 3767 2663 3846 dedisset,Joaunes
2725 3770 2951 3834 Scelus
3009 3769 3280 3849 jubente
3316 3770 3539 3867 Carolo

282 3886 475 3952 Calvo
523 3889 807 3955 instituit
838 3894 1200 3957 versionem
1261 3895 1339 3958 ad
1398 3898 1665 3960 verbum
1725 3899 1996 3976 factam,
2031 3903 2145 3965 sed
2204 3903 2542 3985 obscuram
2577 3907 2637 3966 et
2693 3904 2769 3966 ad,
2833 3900 3320 3981 intelligendum
3375 3902 3538 3967 diffi-

288 4021 616 4087 cillimam.
681 4027 912 4091 Melior
974 4045 1125 4090 vero
1186 4046 1257 4092 ac
1315 4030 1564 4109 planior
1593 4052 1797 4113 quum
1850 4035 2144 4110 deesset,
2187 4037 2398 4099 versio
2429 4037 2695 4101 Joannis
2733 4036 2906 4100 Scoti
2945 4054 3058 4115 per
3087 4035 3285 4101 multa
3321 4035 3538 4101 secula

281 4147 444 4213 lecta
479 4158 617 4225 est,
645 4157 706 4212 et
763 4149 1310 4230 amplissimorum
1367 4154 1564 4217 medii
1622 4156 1764 4217 aevi
1804 4156 2248 4237 theologorum
2288 4161 2769 4223 commentariis
2825 4161 3167 4229 illustrata.
3198 4167 3377 4232 Unde
3433 4167 3540 4244 ﬁt,

281 4282 352 4338 ut
382 4294 523 4339 eam
581 4277 651 4339 in
706 4278 1116 4345 bibliothecis
1148 4282 1441 4347 codicum
1500 4302 1654 4347 mss.
1694 4285 2017 4368 hodieque
2055 4288 2281 4351 crebro
2312 4288 2631 4354 invenias.
2661 4291 2756 4353 Ex
2792 4291 3121 4358 codicibus
3153 4312 3306 4360 vero
3329 4340 3347 4372 ,
3380 4313 3541 4377 quos

281 4408 537 4484 evolvi,
584 4409 863 4489 primum
914 4411 1124 4475 locum
1182 4414 1431 4478 obtinet
1488 4417 1629 4480 cod.
1690 4419 2074 4483 Emmeram.
2132 4423 2203 4485 B.
2263 4422 2507 4496 XLIV,
2544 4421 2703 4497 fol.,
2743 4422 2938 4488 hodie
2997 4424 3345 4506 insignitus
3400 4426 3541 4490 cod.

280 4537 527 4601 Ratisb.
592 4540 653 4602 S.
716 4543 1107 4611 Emmeram.
1162 4547 1278 4609 137
1304 4594 1321 4624 ,
1355 4550 1783 4616 bibliothecae
1838 4554 2077 4634 Begiae
2134 4554 2544 4618 Monacensis
2569 4599 2587 4631 ,
2625 4526 2976 4621 membran.
3006 4603 3023 4634 ,
3046 4518 3167 4621 fol.
3192 4602 3212 4635 ,
3249 4557 3540 4633 seculi}

284 4669 611 4747 exeuntis,
643 4680 894 4738 constat
946 4676 1122 4740 foliis
1182 4681 1319 4743 113.
1383 4682 1584 4746 Tituli
1642 4690 1703 4747 et
1737 4685 2026 4751 initiales
2060 4687 2489 4767 capitulorum
2522 4697 2676 4754 sunt
2713 4689 2986 4754 miniati.
3018 4691 3212 4755 Initio
3249 4693 3541 4772 singulo-

280 4815 428 4861 rum
486 4801 801 4868 librorum
882 4808 1166 4875 initiales
1220 4830 1453 4876 aureae
1508 4817 1929 4898 perpulchrae
1992 4819 2226 4883 nitent.
2284 4820 2668 4884 Continetur
2713 4836 2791 4884 eo
2841 4819 2984 4913 sola
3035 4822 3237 4884 versio
3295 4841 3544 4904 operum

279 4925 865 5013 Pseudo-Dionysii.
922 4936 1139 5002 Codex
1210 4941 1606 5009 nitidissima
1687 4948 1826 5028 ipsa
1904 4967 2102 5014 manu
2177 4950 2475 5016 0thlonis
2535 4951 2924 5032 perillustris
2980 4954 3043 5018 S.
3091 4955 3546 5023 Emmerammi

280 5061 580 5125 monachi
608 5065 1091 5145 ltatisponensis
1126 5071 1404 5151 scriptus
1441 5081 1562 5151 est,
1590 5078 1777 5159 cujus
1810 5097 2035 5143 versus
2065 5080 2139 5143 in
2172 5084 2301 5145 ﬁne
2336 5081 2405 5145 hi
2439 5082 2776 5160 leguntur:

1042 5260 1124 5345 {In
1149 5275 1259 5345 ego.
1282 5264 1525 5345 tantillus
1546 5265 1706 5345 Qtloh
1734 5269 1895 5342 vulgo
1921 5271 2216 5345 vocitatus,

1036 5331 1291 5418 Quamvis
1316 5337 1616 5418 omnigenis
1641 5331 1928 5418 corrup‘iua
1954 5344 2063 5418 sim
2092 5331 2401 5418 malefactis

1039 5401 1136 5486 Sat
1159 5412 1336 5486 tam-gn
1373 5401 1519 5486 istu'd
1552 5424 1687 5480 opus
1712 5401 1987 5486 scribendi
2016 5412 2299 5486 _tuum__tibi
2332 5421 2633 5486 promptus,

1035 5472 1232 5556 Sancte
1258 5475 1499 5556 Dionysi,
1532 5472 1740 5556 martyr
1767 5481 2124 5556 celeberrime
2151 5472 2354 5539 Christi
2386 5501 2399 5538 :

1026 5540 1180 5621 ynde
1207 5546 1311 5600 mei
1342 5540 1542 5621 quaeso
1576 5540 1828 5619 precibus
1862 5554 2035 5609 sacris
2065 5569 2274 5609 memor
2301 5564 2441 5621 esto,

1023 5612 1132 5669 Vos
1155 5612 1375 5686 quoque
1395 5618 1488 5688 qui
1516 5612 1696 5691 legitis
1729 5623 1942 5679 veniam
1970 5623 2101 5680 mihi
2132 5638 2295 5695 posco
2318 5612 2522 5694 petatis

282 5759 496 5824 Gratia
538 5763 872 5844 regiminis
909 5771 1115 5834 nostri
1151 5772 1440 5840 codicem
1465 5780 1758 5849 Bonnam
1795 5787 1986 5851 nobis
2024 5790 2300 5855 missum
2338 5792 2679 5872 diligenter
2720 5802 3018 5860 excutere
3054 5795 3262 5860 licuit.
