4056 6276
541 227 636 271 xw
1955 206 2142 269 P800

2176 207 2385 268 lMlUM.
3707 207 3778 224 ’Ψ

624 349 1001 416 Secundum
1048 348 1262 412 locum
1295 347 1544 411 obtinet
1572 346 1774 410 codex
1807 347 1923 408 971
1964 346 2123 409 bibl.
2158 344 2465 419 Vindob.,
2504 346 2659 409 olim
2700 347 3210 428 Salisburgensis
3258 350 3399 430 157,
3428 354 3631 419 seculi
3668 359 3758 423 XI
3788 407 3804 436 ,

539 474 629 549 vi
651 471 952 536 foliorum
1000 469 1148 543 152',
1195 466 1263 528 in
1299 466 1483 547 cujus
1518 465 1841 529 interiore
1891 464 2180 546 operculi
2234 473 2409 546 parte
2464 467 2622 530 haec
2674 465 2979 545 leguntur
3028 489 3045 541 ε
3096 471 3221 533 Hic
3272 470 3430 535 liber
3469 483 3559 536 est
3603 482 3811 543 sancti

538 590 840 653 Radberti
870 594 927 652 et
951 587 1396 652 canonicorum
1422 583 1998 665 Salzburgensium,
2023 602 2197 665 quem
2233 585 2515 665 quisquis
2544 583 2900 661 abstulerit,
2936 585 3257 649 anathema
3283 587 3391 652 sit.
3430 589 3811 665 Continetur

539 715 665 785 hoc
697 713 920 787 codice
947 711 1111 789 nihil
1152 717 1401 793 praeter
1429 711 1797 789 versionem
1849 711 2021 776 illam
2077 712 2415 792 integram.
2454 712 2633 776 Libri
2679 712 2923 793 singuli
2982 713 3209 795 pictis,
3260 717 3470 795 capita
3527 718 3810 785 miniatis

540 836 903 903 initialibus
949 834 1293 921 incipiunt.
1326 832 1544 923 Codex
1572 833 1966 925 nitidissime
1997 832 2273 914 scriptus
2303 839 2423 910 est,
2452 832 2567 898 sed
2593 833 2716 897 sub
2751 833 2967 921 tinem,
2999 833 3068 898 id
3095 840 3191 900 est
3219 835 3287 899 in
3319 840 3589 918 mystica
3619 840 3804 907 theo-

547 956 719 1037 logia
753 965 818 1022 et
845 958 912 1020 in
950 955 1239 1045 epistolis
1276 955 1356 1017 S:
1389 954 1712 1034 Dionysii,
1748 954 1998 1017 mendis
2033 961 2260 1018 scatet.

619 1058 875 1150 Tertius
897 1091 995 1148 est
1025 1082 1167 1148 eod.
1198 1079 1723 1145 Vindobonensis
1746 1079 1887 1153 751i,
1921 1079 2075 1142 olim
2122 1080 2262 1143 cod.
2288 1081 2485 1145 theol.
2516 1079 2820 1155 CCXVII,
2856 1085 3236 1161 membran.,
3267 1085 3408 1164 fol.,
3448 1087 3652 1153 seculi
3683 1091 3806 1154 XII

537 1206 848 1282 ineuntis,
879 1211 1127 1269 constat
1160 1203 1335 1267 foliis
1364 1204 1501 1265 100.
1533 1201 1682 1263 Fuit
1710 1200 1888 1275 olim,
1916 1205 1988 1264 ut
2011 1218 2242 1264 manus
2272 1201 2477 1266 seculi
2504 1203 2654 1264 XIV
2700 1200 2815 1264 fol.
2846 1201 2947 1277 ιι5,
2975 1206 3015 1266 2
3044 1212 3338 1287 testatur,
3366 1211 3811 1273 canonicorum

536 1312 924 1404 regularium
969 1325 1035 1386 S.
1072 1324 1418 1405 Augustini
1446 1327 1514 1388 in
1539 1309 1709 1388 nova.
1733 1328 2006 1391 civitate.
2041 1328 2343 1394 Codicem
2374 1329 2546 1393 haud
2577 1331 2980 1410 spernendae
3018 1336 3421 1400 auctoritatis
3466 1335 3808 1415 descripsit

535 1445 726 1508 Denis
761 1444 959 1509 Codd.
993 1465 1137 1511 mss.
1177 1448 1328 1512 bibl.
1364 1449 1578 1516 Palat.
1618 1453 1881 1517 Vindob.
1917 1454 2028 1517 lat.
2067 1459 2251 1521 Tom.
2284 1460 2337 1534 I,
2366 1477 2428 1540 p.
2461 1461 2583 1523 677
2613 1477 2757 1542 sqq.
2783 1461 2995 1537 Quare
3030 1459 3224 1574 plura
3242 1459 3322 1523 de
3353 1475 3430 1522 eo
3462 1456 3569 1523 hic
3617 1455 3809 1522 verba

534 1561 742 1631 facere
773 1568 1296 1648 supersedemus.
2737 1578 2739 1581 ’

614 1688 947 1753 Accedunt
1004 1689 1133 1754 duo
1192 1694 1470 1771 codices,
1531 1698 2072 1765 Darmstadiensis
2132 1708 2192 1764 et
2248 1701 2675 1767 Monacensis.
2735 1704 2830 1767 Ex
2892 1703 3131 1785 quibus
3189 1702 3301 1767 ille
3352 1700 3534 1765 utin
3600 1698 3809 1766 fronte

535 1812 725 1894 primi
760 1812 903 1877 folii
959 1813 1213 1895 legitur,
1249 1815 1405 1880 olim
1452 1817 1576 1881 fuit
1609 1822 1869 1903 majoris
1921 1822 2205 1887 ecclesiae
2256 1825 2324 1886 in
2368 1824 2671 1901 Colonia,
2725 1825 2944 1913 deinde
2992 1844 3315 1888 concessus
3346 1824 3656 1907 fratribus
3688 1826 3809 1889 mi-

530 1935 816 1999 noribus.
849 1939 963 2000 Est
998 1945 1212 2002 autem
1244 1938 1445 2003 codex
1499 1942 1880 2019 membran.,
1910 1943 2051 2018 fol.,
2087 1944 2288 2009 seculi
2343 1947 2490 2011 XII.
2549 1947 2812 2013 Constat
2863 1947 3040 2011 foliis
3072 1948 3212 2022 103,
3265 1946 3505 2028 quibus
3560 1945 3808 2026 integra

532 2051 745 2116 versio
793 2051 1092 2142 habetur.
1130 2053 1433 2125 Codicem
1478 2063 1847 2126 Hartzheim
1883 2064 2223 2144 descripsit
2258 2065 2325 2126 in
2355 2065 2642 2146 catalogo
2701 2063 3264 2127 historico-critico
3323 2062 3609 2125 codicum
3658 2080 3804 2124 mss.

535 2173 687 2239 bibl.
755 2177 1041 2241 ecclesiae
1091 2181 1613 2262 metropolitanae
1676 2183 2065 2247 Coloniensis
2122 2184 2420 2247 Coloniae
2464 2188 2643 2261 1752,
2674 2188 2759 2261 Ιιο,
2823 2203 2884 2265 ρ.
2941 2184 3022 2246 20
3067 2181 3188 2245 sub
3253 2192 3323 2244 n“
3377 2179 3478 2244 30.
3531 2179 3806 2259 Margini

531 2303 775 2369 scholia
810 2312 1120 2387 perpetua
1149 2310 1212 2371 S.
1250 2283 1539 2384 Maximi,
1575 2307 1770 2372 latine
1826 2309 2106 2387 reddita,
2139 2311 2457 2390 adscripta
2485 2315 2661 2373 sunt.
2696 2306 3020 2390 Epistolae
3052 2306 3116 2369 S.
3146 2302 3455 2382 Dionysii»
3491 2302 3808 2371 ﬁniuntur

530 2427 642 2494 fol.
686 2432 825 2507 101,
858 2434 917 2508 1,
950 2432 1064 2497 ubi
1097 2424 1255 2501 haec
1284 2434 1446 2514 legis
1480 2434 1829 2515 :Ewpletac
1857 2443 2006 2501 sunt
2039 2435 2239 2500 decem
2265 2435 2560 2517 epistolae
2581 2433 2875 2515 Dionysii
2894 2431 3313 2511 Areopagitae
3341 2426 3807 2538 archiepiscopi

529 2551 686 2635 facti
716 2552 1118 2643 Athenarum.
1158 2556 1651 2637 Subjunguntur
1683 2574 1836 2639 pars
1880 2560 2181 2640 epistolae
2213 2560 2576 2642 Polycratis
2610 2559 2692 2622 ad
2725 2560 3034 2624 Victorem
3063 2569 3299 2635 papam
3331 2546 3592 2631 (Euseb.
3628 2547 3801 2612 Hist.

531 2671 705 2763 eccl.,
739 2674 818 2749 V,
853 2675 981 2758 24),
1014 2682 1076 2741 et
1103 2675 1374 2740 historia
1419 2678 1492 2742 de
1521 2680 1749 2762 juvene
1795 2680 2037 2743 latrone
2063 2728 2079 2757 ,
2123 2700 2300 2764 quem
2344 2702 2383 2743 a
2426 2680 2648 2744 scelere
2692 2685 3049 2743 revocatum
3099 2672 3372 2733 Joannes
3399 2666 3807 2747 Evangelista

532 2792 815 2857 ecclesiae
841 2797 1122 2859 restituit
1159 2797 1479 2877 (Clemens
1510 2800 1987 2865 Alexandrinus
2023 2804 2164 2884 quis
2195 2801 2362 2865 dives
2420 2789 2802 2875 salvetur,bc.
2835 2800 2950 2878 1&2;
2985 2799 3227 2863 Euseb.
3269 2798 3441 2860 Hist.
3481 2794 3656 2870 eccl.,
3688 2795 3803 2858 Ill’

526 2907 655 2988 23).
685 2888 959 2992 Reliqua
988 2929 1134 2992 pars
1182 2917 1593 2982 membranae
1622 2921 1817 2984 rebus
1862 2921 2108 2985 nullius
2161 2923 2471 2986 momenti
2527 2928 2897 3002 occupatur.
2951 2922 3130 2987 Alter
3161 2921 3363 2986 codex
3395 2919 3804 2984 Monacensis

528 3023 640 3091 lat;
678 3030 1106 3096 Fiirstenfeld.
1142 3019 1202 3109 9,
1242 3035 1382 3112 fol.,
1419 3040 1620 3103 seculi
1652 3006 1796 3119 XV,
1834 3045 2062 3124 partim
2118 3045 2492 3133 eliartaceus
2530 3046 2757 3127 partim
2794 3048 3354 3121 membranaceus,
3387 3045 3476 3107 ita
3505 3043 3801 3124 quidem,

530 3158 602 3215 ut
622 3160 926 3233 quattuor
951 3155 1105 3220 folia
1136 3157 1462 3227 ehartacea
1484 3166 1613 3229 duo
1638 3168 1957 3249 excipiant
1986 3171 2137 3236 folia
2161 3173 2669 3248 membranacea,
2695 3176 2943 3236 constat
2962 3169 3137 3235 foliis
3159 3170 3300 3246 359;
3324 3168 3535 3232 versio
3557 3166 3803 3246 integra

532 3273 927 3341 nitidissime
963 3280 1195 3359 scripta
1222 3279 1337 3344 fol.
1380 3286 1564 3348 1-109
1589 3285 1853 3366 legitur;
1887 3290 2201 3373 reliquam
2258 3301 2504 3373 partem
2533 3291 2773 3358 codicis
2811 3286 3255 3354 Commentarii
3291 3274 3531 3348 domini
3554 3280 3804 3345 Alberti

533 3389 816 3471 episcopi
850 3392 1317 3462 Ratisbonensis
1350 3400 1419 3463 in
1458 3402 1655 3468 libros
1691 3408 2285 3492 Pseudo-Dionysii
2325 3429 2661 3494 occupant.

612 3522 950 3613 Superest,
989 3546 1061 3603 ut
1090 3540 1255 3605 duos
1290 3548 1541 3612 codices
1576 3571 2070 3619 commemorem
2103 3559 2447 3624 Vaticanos
2483 3562 2598 3623 177
2634 3568 2697 3627 et
2730 3564 2867 3639 176,
2905 3578 3072 3645 quos
3101 3558 3563 3640 descripsimus
3600 3572 3798 3637 supra

530 3655 655 3730 §5.
702 3654 1239 3740 Quibus'pariter
1287 3667 1497 3730 versio
1546 3670 1794 3749 integra
1844 3676 2233 3754 continetur,
2285 3681 2397 3756 ita,
2442 3688 2510 3745 ut
2559 3684 2935 3749 monuimus
2973 3751 2977 3755 ,
3031 3681 3372 3764 disposita,
3409 3687 3484 3744 ιιι
3520 3675 3797 3758 εἱηειιιίε

531 3777 844 3857 capitibus
874 3787 1321 3850 commentarii
1353 3790 1676 3855 variorum
1709 3797 2092 3877 scriptorum
2135 3802 2634 3883 subjungantur.

549 3944 564 3958 '
610 3930 710 3994 Ad
740 3930 927 3996 fidem
964 3933 1162 4014 igitur
1195 3936 1427 4000 horum
1469 3948 1720 4022 septem
1773 3947 2064 4011 codicum
2109 3953 2378 4017 Joannis
2407 3956 2576 4019 Scoti
2620 3956 3079 4040 Praefationem
3137 3963 3195 4018 et
3235 3971 3465 4015 ‘versus
3510 3950 3797 4020 versioni

530 4052 944 4133 praemissos,
1009 4073 1260 4121 necnon
1318 4060 1585 4138 pessimi
1631 4072 1990 4146 argumenti
2048 4076 2127 4139 ad
2163 4078 2401 4142 calcem
2454 4081 2775 4147 versionis
2818 4084 3046 4149 obvios
3098 4095 3610 4160 recognowmus.
3672 4076 3793 4140 Sed

527 4184 597 4249 in
646 4192 823 4251 textu
894 4187 1105 4268 ipsius
1157 4188 1463 4252 versionis
1515 4201 1910 4264 recensendo
1982 4212 2111 4270 tres
2189 4217 2435 4275 tantum
2510 4213 2763 4277 codices
2826 4212 3283 4290 adhibuimus,
3342 4215 3795 4277 Monacensem

527 4305 853 4384 Othlonis,
885 4308 1507 4387 Darmstadiensem,
1560 4321 1620 4377 et
1668 4318 2324 4394 Fi‘irstenfeldensem.
2379 4333 2603 4414 Neque
2659 4334 2891 4397 horum
2930 4333 3308 4398 varietatem
3356 4332 3653 4397 lectionis
3705 4337 3799 4395 to-

522 4432 655 4489 tam
703 4426 1038 4508 descripsi,
1079 4429 1191 4492 sed
1223 4431 1389 4496 solas
1424 4439 1734 4515 gravioris
1771 4455 2077 4516 momenti
2107 4457 2313 4520 varias
2344 4457 2656 4522 lectiones
2692 4458 3017 4524 addendas
3051 4461 3296 4542 putavi.

526 4560 566 4600 ’ρ
605 4547 941 4613 Praeterea
993 4550 1630 4639 inspeximusistius
1679 4574 1995 4637 versionis
2046 4578 2331 4642 codicem
2368 4581 2771 4660 Lipsiensem
2798 4586 2936 4661 188,
2992 4584 3597 4660 membranaeeum,
3649 4583 3793 4662 fol.,

526 4671 734 4736 seculi
761 4673 940 4751 XIII,
971 4693 1165 4756 quem
1196 4697 1388 4765 supra
1424 4692 1452 4767 ς
1488 4692 1528 4754 6
1573 4693 2010 4776 laudavimus,
2049 4702 2334 4766 codicem
2370 4704 2815 4772 Florentinum
2865 4709 3032 4773 Plut.
3068 4710 3401 4773 LXXXIX
3425 4756 3442 4787 ,
3483 4712 3637 4793 Sup.
3675 4713 3790 4787 15,

525 4794 913 4874 membran.,
946 4800 1060 4866 fol.
1094 4805 1274 4887 maj.,
1298 4811 1503 4873 seculi
1530 4815 1620 4877 XI
1656 4817 1751 4880 vel
1788 4819 1908 4879 XII
1944 4818 2258 4896 ineuntis,
2289 4821 2597 4887 foliorum
2628 4827 2772 4902 253,
2797 4826 2909 4889 ubi
2940 4829 3153 4894 versio
3188 4838 3395 4895 exstat
3422 4828 3533 4893 fol.
3569 4831 3790 4907 1-1οῐι,

528 4916 785 5005 codices
818 4922 1306 5003 Candavense‘m
1333 4974 1350 5005 ,
1383 4934 1778 5002 Parisienses
1804 4985 1821 5016 ,
1870 4959 2123 5007 necnon
2158 4945 2472 5025 plurimos
2507 4947 2668 5011 alios
2709 4951 2977 5015 minoris
3015 4953 3202 5032 pretii
3266 4952 3522 5018 codices
3553 4997 3571 5030 ,
3622 4968 3788 5033 quos

527 5040 791 5120 quidem
822 5043 929 5109 hic
960 5064 1337 5118 enumerare
1369 5063 1430 5121 ct
1465 5058 1728 5140 longum
1767 5068 1828 5127 et
1869 5084 1904 5129 a
1936 5084 2005 5129 re
2035 5066 2317 5131 alienum
2353 5086 2496 5133 esse
2533 5070 2810 5136 videtur.

607 5190 911 5256 Versioui
970 5199 1268 5274 praemisi
1323 5205 1647 5283 epistolam
1680 5212 2002 5274 Anastasii
2040 5212 2499 5277 bibliothecarii
2524 5260 2540 5290 ,
2562 5216 2631 5278 in
2658 5216 2989 5280 codicibus
3019 5218 3392 5287 Florentino
3422 5223 3678 5289 laudato
3712 5232 3777 5288 et

528 5315 781 5379 duobus
812 5318 1135 5383 Vaticanis
1168 5324 1283 5385 176
1314 5330 1372 5387 et
1411 5327 1547 5405 177,
1588 5348 1707 5395 nee
1741 5350 1871 5396 non
1906 5336 1971 5397 in
2002 5336 2389 5418 quibusdam
2412 5339 2578 5415 aliis,
2627 5357 2791 5421 quos
2826 5342 3263 5425 inspeximus,
3316 5349 3472 5411 item
3505 5350 3790 5414 versioni

530 5450 1173 5529 praeﬁxam.Textum
1203 5470 1349 5519 vero
1371 5451 1565 5534 hujus
1582 5457 1891 5536 epistolae
1905 5462 1981 5524 ad
1996 5463 2185 5525 ﬁdem
2208 5463 2513 5527 editionis
2527 5465 2762 5529 Usserii
2781 5467 2846 5527 in
2860 5467 3789 5546 EpistolarumHibernicarum

526 5572 785 5654 syllogc,
811 5577 1112 5641 editionis
1139 5577 1629 5656 Argentinensis
1653 5597 1920 5662 eperum
1943 5584 2403 5666 S.Diony51ia.
2429 5586 2607 5661 1503,
2631 5592 2692 5647 et
2710 5585 2969 5650 illorum
2994 5591 3285 5652 codicum
3313 5591 3779 5655 recensuimus.

530 5693 652 5758 Sed
673 5695 991 5777 dolemus,
1014 5699 1185 5781 quod
1212 5700 1393 5788 lapsu
1416 5705 1763 5789 memoriae
1795 5708 2162 5774 varietatem
2196 5708 2524 5784 lectionis,
2563 5726 2596 5772 e
2627 5709 2830 5773 tribus
2854 5710 3182 5776 codicibus
3205 5712 3639 5795 desumptam,
3670 5715 3780 5779 uni
