4056 6276
1688 259 2117 319 PROOEMIUM.
3458 271 3528 312 xv

278 409 654 475 Florentino
686 409 1058 473 tribuimus.
1097 410 1288 474 Hunc
1333 411 1533 490 igitur
1569 427 1886 486 errorem,
1919 429 2115 492 quem
2146 411 2464 490 corrigere
2493 410 2626 491 jam
2655 425 2786 474 non
2822 408 2992 485 licet,
3031 408 3134 472 hic
3188 408 3387 474 libere
3439 407 3531 473 fa-

282 542 533 600 teamur
566 553 830 600 necesse
870 541 990 599 est.

353 660 691 721 Praeterea
725 654 1118 718 monendum
1151 661 1270 728 est,
1303 653 1670 718 versionem
1700 651 2023 733 adjunctis
2060 651 2535 716 commentariis
2569 650 2891 736 variorum
2923 651 3236 732 prodiissc
3272 655 3518 734 Argen-

280 785 453 848 tinae
486 784 642 846 1503
667 781 788 845 hoc
818 779 1005 843 titulo
1039 800 1054 838 :
1103 778 1306 859 Opera
1341 780 1632 858 Dionysii
1659 778 1879 839 veteris
1915 785 1971 839 et
1995 795 2189 839 novae
2215 776 2685 853 translationis,
2720 776 2901 839 etiam
2927 777 3296 868 novissimae
3324 777 3527 858 ipsius

276 902 562 965 Manilii
589 901 821 976 Ficini,
845 917 982 960 cum
1012 898 1467 960 commentariis
1489 897 1805 976 Hugonis,
1828 897 2093 970 Alberti,
2119 897 2408 973 Thomas,
2430 897 2745 960 Ambrosii
2767 899 3066 974 oratoris,
3093 898 3524 964 Linconiensis

279 1033 333 1086 et
348 1021 768 1087 Vercellensis.
783 1019 958 1082 Nova
979 1017 1174 1082 editio
1195 1022 1376 1079 aucta
1397 1014 1631 1096 prodiit
1653 1014 1952 1077 Coloniae
1976 1012 2094 1076 hoc
2119 1012 2301 1076 titulo
2328 1034 2342 1072 :
2367 1013 2432 1076 S.
2453 1013 2745 1094 Dionysii
2763 1014 3176 1106 Areopagitae
3196 1017 3519 1096 martyris,

277 1149 562 1230 episcopi
581 1144 994 1219 Atheniensis,
1025 1147 1080 1202 et
1137 1137 1462 1201 Gallorum
1497 1135 1774 1215 apostoli
1806 1153 2026 1214 opera,
2059 1152 2212 1215 quae
2240 1133 2486 1213 quidem
2519 1141 2782 1208 exstent,
2839 1133 3078 1208 omnia,
3137 1133 3522 1216 quintuplici

279 1274 696 1338 translatione
727 1288 928 1341 versa,
974 1271 1029 1328 et
1065 1260 1522 1324 commentariis
1550 1259 1626 1319 D.
1669 1257 1966 1337 Dionysii
1989 1277 2027 1318 a
2053 1255 2231 1320 Rikel
2274 1256 2678 1319 Carthusiani
2711 1273 2876 1320 nunc
2907 1255 3135 1317 iterum
3186 1255 3532 1337 diligentis-

277 1399 427 1460 sime
449 1393 632 1456 editis
646 1389 978 1464 elucidata,
1001 1387 1074 1449 ab
1100 1385 1463 1458 innumeris,
1493 1383 1716 1465 quibus
1742 1383 1995 1444 antehac
2023 1383 2359 1460 scatebunt,
2383 1383 2616 1445 mendis
2635 1382 2847 1448 sedulo
2870 1383 3211 1449 vindicata.
3239 1385 3537 1450 Coloniae

279 1535 441 1579 anno
481 1511 717 1577 Christi
744 1510 881 1573 nati
909 1509 1064 1574 1556
1090 1526 1286 1570 mense
1313 1506 1637 1579 Ianuarii,
1673 1503 1786 1568 fol.
1821 1505 2099 1569 Alteram
2131 1504 2294 1568 hanc
2332 1504 2680 1569 editionem
2715 1505 2788 1570 in
2818 1504 3064 1570 edenda
3099 1505 3397 1572 versione
3427 1507 3538 1571 ad-

280 1635 647 1701 hibuimus.

362 1763 520 1823 Data
546 1763 667 1822 hac
698 1755 1174 1838 opportunitate
1212 1752 1428 1815 licebit
1457 1751 1538 1815 de
1569 1753 1847 1815 Othlone
1878 1751 2225 1828 monacho,
2257 1753 2442 1834 cujus
2481 1753 2764 1818 codicem
2796 1753 3118 1836 insignem
3175 1759 3366 1820 modo
3399 1757 3540 1820 lau-
3635 1787 3640 1792 ι

282 1881 606 1955 davimus,
631 1879 708 1942 ad
736 1879 925 1942 ﬁdem
953 1879 1244 1942 codicum
1269 1879 1752 1942 Monacensium
1780 1881 2088 1944 nonnulla
2109 1882 2524 1964 subjungere.
2562 1884 2623 1947 Is
2657 1883 2832 1947 enim
2864 1879 3165 1944 coenobii
3191 1881 3254 1943 S.
3283 1882 3542 1945 Emme-

283 2003 517 2068 rammi
571 2000 1066 2064 Ratisbonensis
1112 1998 1465 2062 monachus
1495 1998 1640 2062 fuit.
1672 1999 1845 2062 Vixit
1883 2007 2162 2064 exeunte
2198 2001 2417 2066 seculo
2445 2003 2510 2066 X
2545 2007 2604 2066 et
2633 2003 2905 2066 ineunte
2952 2001 3069 2064 XI.
3097 1991 3303 2082 Cujus
3351 2017 3544 2082 Opera

281 2157 362 2204 ex
395 2133 810 2214 autographis
859 2128 1060 2194 edidit
1101 2124 1224 2187 Pez
1258 2125 1476 2190 Novus
1513 2125 1866 2187 Thesaurus
1899 2125 2382 2200 Anccdotorum,
2423 2128 2608 2190 Tom.
2649 2127 2737 2188 IIl
2767 2127 2834 2189 P.
2868 2127 2950 2203 Il,
2989 2145 3052 2209 p.
3087 2126 3203 2189 1&2
3236 2144 3379 2208 sqq.
3418 2125 3545 2188 Au-

282 2260 590 2343 tographa
618 2259 943 2339 hodieque
975 2261 1228 2321 exstant
1265 2255 1333 2317 in
1371 2255 1763 2319 bibliotheca
1791 2255 1990 2334 Regia
2043 2255 2414 2318 Monacensi
2448 2253 2633 2317 codd.
2666 2255 2941 2316 Emmer.
2977 2254 3050 2314 E.
3082 2251 3317 2328 CXIII,
3349 2251 3446 2326 ιιο,
3485 2257 3548 2314 et

280 2383 348 2446 b.
390 2384 504 2457 10,
541 2382 626 2445 8°.
661 2380 735 2442 In
780 2396 1058 2459 quorum
1117 2376 1318 2440 altero
1356 2375 1514 2449 hoc,
1549 2375 1663 2439 fol.
1697 2377 1842 2450 112,
1882 2374 2074 2437 Othlo
2110 2375 2345 2449 libros,
2383 2391 2548 2454 quos
2602 2391 2716 2437 sua
2769 2392 2968 2442 manu
3021 2375 3391 2454 descripsit,
3427 2374 3548 2438 hos

283 2511 673 2570 enumerat:
723 2503 870 2564 Tres
922 2519 1164 2584 quoque
1221 2498 1417 2561 libros
1476 2496 1992 2577 Evangeliorum,
2048 2504 2103 2558 et
2163 2497 2319 2559 duos
2367 2515 2504 2559 cum
2573 2493 2856 2574 epistolis
2924 2499 2979 2554 et
3035 2492 3400 2575 evangeliis,
3435 2489 3547 2572 qui

284 2635 643 2698 lectionarii
675 2643 1012 2704 vocantur,
1043 2646 1307 2707 suosque
1337 2625 1657 2706 ofﬁciales,
1688 2644 1796 2687 nec
1832 2643 1959 2687 non
2007 2625 2324 2686 volumina
2358 2626 2481 2686 duo
2525 2624 2726 2685 sancti
2755 2618 3137 2701 Augustini,
3170 2619 3238 2680 in
3271 2633 3542 2697 quorum

284 2777 410 2822 uno
477 2755 678 2830 VIII,
721 2755 787 2816 in
823 2753 950 2814 alio
996 2752 1042 2811 γ
1097 2749 1248 2812 libri
1304 2749 1728 2823 continentur,
1783 2748 2267 2830 collationesque
2299 2747 2563 2809 Patrum
2594 2755 2649 2808 et
2693 2745 3074 2809 Ierarchiam
3127 2743 3378 2823 scripsi.
3446 2743 3540 2804 Ex

289 2879 521 2944 eodem
557 2873 951 2954 autographo
986 2871 1401 2936 Mabillonius
1431 2872 1600 2935 Vett.
1637 2871 1938 2937 Analecta
1971 2873 2072 2935 ed.
2104 2873 2304 2934 Paris.
2332 2873 2507 2945 1723,
2548 2892 2612 2952 p.
2653 2873 2769 2936 108
2797 2891 2937 2954 sqq.
2983 2871 3278 2935 Othlonis
3314 2870 3550 2934 librum

289 3001 492 3066 edidit
540 2998 700 3062 falso
754 2997 874 3062 hoc
925 2993 1157 3058 titulo:
1205 2994 1516 3072 Anonymi
1544 2991 1830 3054 monachi
1882 2992 2354 3054 Ratisbonensis
2396 2992 2642 3054 libellus
2685 2991 2757 3054 de
2811 2994 3013 3074 ipsius
3065 2993 3548 3067 tentationibus,

291 3129 476 3190 varia
501 3128 784 3208 fortuna,
826 3131 881 3186 et
909 3125 1191 3205 scriptis.
1227 3125 1418 3188 Liber
1449 3124 1516 3185 in
1549 3123 1770 3186 codice
1806 3120 2180 3186 inscribitur
2219 3139 2234 3179 :
2280 3118 2522 3199 Incipit
2559 3116 2714 3180 liber
2750 3116 2823 3179 de
2852 3117 3189 3179 tentatione
3223 3112 3549 3195 cujusdam

290 3248 596 3312 monachi.
645 3246 1004 3310 Mabillonii
1040 3252 1257 3312 tes-tus
1289 3248 1533 3311 mensis
1569 3245 1844 3310 refertus
1899 3253 1960 3309 et
1998 3247 2063 3308 in
2099 3245 2224 3308 ﬁne
2260 3251 2594 3308 truncatus
2628 3251 2760 3320 est,
2790 3244 2910 3319 ita,
2942 3248 3012 3306 ut
3043 3258 3206 3306 nova
3243 3240 3440 3305 editio
3471 3241 3552 3304 ad

293 3374 675 3456 autographi
730 3375 920 3438 ﬁdem
971 3374 1292 3454 recognita
1342 3379 1671 3455 perOptata
1722 3390 1864 3436 esse
1897 3371 2211 3435 videatur.
2236 3370 2456 3433 Altero
2493 3378 2706 3434 autem
2735 3369 3127 3452 autographo
3159 3370 3299 3435 cod.
3325 3369 3553 3447 CXIII,

290 3495 406 3558 fol.
456 3494 627 3568 1-16,
664 3493 937 3557 habetur
967 3495 1268 3558 Othlonis
1307 3495 1552 3557 libellus
1582 3495 1888 3556 manualis
1921 3493 1992 3556 de
2038 3493 2463 3556 admonitione
2501 3493 3047 3585 clericorumhqui
3096 3495 3238 3560 sine
3291 3497 3555 3562 nomine

292 3616 576 3682 auctoris
608 3615 844 3696 prodiit
873 3615 942 3680 in
971 3618 1133 3699 Opp.
1169 3619 1376 3683 Bedae
1408 3619 1710 3682 Coloniae
1748 3617 1924 3695 1688,
1959 3619 2140 3682 Tom.
2181 3619 2262 3694 II,
2297 3637 2358 3698 p.
2392 3619 2510 3680 200
2547 3636 2716 3700 sqq.,
2752 3618 2840 3680 ita
2871 3615 3218 3696 inscriptus
3251 3636 3266 3676 :
3307 3615 3380 3678 de
3406 3616 3557 3680 Sub-

291 3740 549 3802 stantiis
582 3737 854 3801 libellus.
903 3741 1200 3806 Monachi
1232 3744 1634 3807 Benedictini
1656 3791 1671 3821 ,
1709 3745 1820 3825 qui
1877 3743 2096 3806 seculo
2128 3742 2347 3802 XIvel
2384 3741 2504 3802 XII
2538 3740 2865 3820 antiquior
2909 3755 3038 3838 non
3068 3739 3183 3814 sit,
3217 3756 3378 3822 Opus
3410 3759 3550 3806 esse

294 3866 702 3946 conjecerant
736 3865 950 3928 Oudin
981 3867 1059 3931 de
1108 3869 1334 3951 Seript.
1386 3872 1610 3952 eccles.
1652 3874 1723 3934 Τ.
1778 3873 1828 3945 I,
1879 3873 2000 3935 col.
2053 3872 2247 3946 1687,
2298 3873 2492 3946 1706,
2540 3878 2601 3934 et
2654 3866 2985 3932 Fabricius
3043 3863 3201 3928 bibl.
3256 3883 3314 3928 ν.
3357 3865 3532 3928 Beda.

297 3985 615 4048 Libellum
648 3985 881 4067 excipit
914 3985 1024 4051 fol.
1061 3989 1254 4053 16-18
1301 4009 1554 4055 carmen
1593 3991 1920 4070 Othlonis,
1956 3993 2042 4056 ita
2066 3993 2445 4074 inscriptum
2478 4015 2493 4054 :
2532 3995 2746 4057 Sermo
2807 3993 3098 4053 metricus
3151 3988 3233 4052 ad
3285 3990 3545 4054 clericos

301 4113 658 4194 specialiter
715 4114 945 4188 dictus,
983 4132 1017 4178 a
1051 4113 1240 4178 Pezio
1273 4115 1656 4192 neglectum.
1705 4115 1891 4188 Quod
1946 4133 2148 4194 quum
2197 4115 2477 4178 instante
2535 4133 2704 4178 anno
2765 4113 3135 4188 millesimo,
3185 4133 3316 4194 quo
3363 4115 3557 4178 finem

301 4238 528 4303 mundi
574 4239 1064 4318 exspectabant,
1105 4240 1345 4304 clerum
1390 4239 1466 4302 ad
1504 4241 1971 4320 poenitentiam
2029 4246 2322 4317 revocet,
2376 4240 2524 4306 illos
2577 4258 2800 4308 versus
2850 4244 2916 4306 in
2947 4243 3208 4324 gratiam
3249 4243 3554 4309 lectorum

302 4363 426 4429 hoc
455 4364 599 4428 loco
629 4363 1090 4429 adscribendos
1120 4364 1510 4428 curavimus.
1545 4363 1704 4426 Sunt
1733 4369 1949 4428 autem
1971 4361 2113 4427 hice
2148 4387 2162 4425 :

983 4519 1274 4583 Othlonis
1301 4538 1496 4581 sermo
1528 4521 1820 4582 metricus
1848 4519 1930 4580 ad
1965 4520 2222 4582 clericos
2255 4519 2610 4600 specialiter
2644 4520 2873 4585 dictus.

1018 4659 1064 4733 ρ
1089 4661 1284 4733 fratres
1318 4660 1454 4726 cari,
1480 4661 1918 4733 doctoresatque
1955 4663 2201 4733 magistri

1019 4729 1296 4790 Ecclesiae
1319 4741 1537 4788 sanctae
1575 4732 1675 4789 sub
1699 4729 2181 4800 cleri'conditi'one,

1019 4801 1311 4873 Deprecor,
1342 4803 1551 4868 audite,
1581 4817 1718 4873 quae
1737 4803 1847 4873 jam
1877 4803 2001 4858 volo
2025 4805 2186 4858 verba
2220 4805 2441 4861 referre.

1018 4869 1152 4944 Cum
1178 4887 1342 4944 prope
1371 4873 1442 4944 sit
1468 4869 1697 4944 tempus,
1724 4869 1831 4943 quo
1854 4875 2084 4928 mundus
2108 4873 2212 4928 erit
2238 4877 2499 4943 ruiturus,

945 4942 980 4998 5
1019 4941 1148 5013 Eos,
1175 4941 1517 5012 qui’diligitis
1541 4941 1680 4998 vitae
1705 4941 1966 5011 promissa
1992 4945 2266 5013 perennis,

1025 5011 1217 5082 Fortes
1252 5011 1505 5077 athletae,
1535 5028 1748 5070 sursum
1775 5030 1922 5082 spem
1951 5011 2145 5069 mentis
2174 5015 2386 5074 habete.

1019 5081 1098 5154 Ije
1124 5083 1252 5152 quid
1279 5082 1332 5154 in
1361 5083 1464 5138 hoc
1487 5086 1686 5154 mundo
1709 5081 1819 5152 jam
1845 5085 2164 5154 possideatis
2187 5087 2436 5145 amando.

1025 5153 1214 5224 gestat
1242 5153 1384 5224 enim
1416 5154 1567 5210 vobis
1594 5152 1801 5209 fructus
1826 5152 2030 5223 patriae
2059 5155 2315 5224 melioris,

1032 5220 1091 5277 Si
1118 5225 1278 5278 modo
1305 5222 1510 5284 sinceri
1541 5225 1803 5280 studeatis
1827 5220 1936 5280 rite
1968 5227 2185 5281 mereri.

925 5293 993 5350 10
1031 5293 1306 5368 {tauquam
1345 5295 1704 5368 quaerendam
1734 5305 2068 5368 praesentem
2097 5298 2334 5368 spernite
2364 5309 2551 5368 Vitam,

1031 5360 1231 5436 ysibus
1256 5360 1517 5436 exceptis,
1547 5378 1643 5436 per
1672 5360 1808 5434 quos
1843 5365 1971 5421 illuc
1997 5360 2316 5436 properatis,

1028 5431 1095 5508 ξι
1124 5433 1316 5502 quibus
1342 5431 1561 5508 interea
1575 5431 1859 5508 foveantur
1883 5431 2113 5508 corpora
2135 5431 2335 5494 vestra.

1034 5501 1154 5576 litori
1179 5505 1542 5576 vosscducat,
1572 5505 1615 5560 si
1654 5520 1847 5562 census
1875 5501 2026 5576 copia
2056 5509 2321 5576 abundat;

1032 5572 1090 5648 _S_i
1120 5582 1245 5648 sunt
1271 5573 1510 5648 divitiae,
1541 5591 1639 5644 per
1662 5589 1753 5630 eas
1787 5572 1957 5632 nolite
1980 5578 2177 5648 perire.

926 5645 993 5700 15
1029 5643 1161 5722 Ijam
1188 5643 1460 5722 Deus_has_
1481 5643 1740 5722 tribuens,
1773 5648 1826 5702 in
1851 5649 1930 5704 eis
1958 5643 2252 5722 interrogat
2275 5667 2482 5721 omnes,

1030 5713 1161 5786 Quis
1188 5714 1312 5786 velit
1339 5715 1408 5786 in_
1429 5716 1584 5771 donis
1613 5719 1790 5786 potius
1819 5731 2066 5777 constare
2095 5713 2287 5778 ﬁdélis.

1031 5784 1148 5841 Non
1185 5783 1317 5841 alias
1340 5783 1434 5840 ulli
1461 5783 1783 5857 subiguntur
1811 5793 2090 5848 commoda
2121 5795 2326 5862 mundi,
