4056 6276
1670 307 2096 365 PROOEMIUM.
3392 317 3516 368 xm

873 454 942 510 95
981 455 1086 532 Sed
1117 471 1330 529 quoque
1354 457 1647 514 multorum
1679 469 1967 532 cernentes
1993 470 2140 532 gesta
2160 459 2396 532 aliorum
2422 509 2434 522 ,

969 527 1255 600 Quaedam
1273 532 1569 600 composita
1600 544 1700 599 pro
1733 531 1969 585 vindicta
1997 527 2346 600 improborum
2371 567 2386 593 ,

976 599 1248 669 Quaedam
1279 613 1374 665 pro
1401 599 1588 654 bravio
1615 601 1883 669 sperando
1913 599 2287 669 dicta’piomm
2307 637 2324 662 ,

979 668 1132 738 Scire
1157 669 1374 738 quidem
1409 668 1680 724 transacta
1714 669 1860 723 velut
1881 668 2184 736 praesentia
2211 669 2428 738 quimus
2452 705 2468 731 ,

975 736 1086 790 Nec
1117 736 1295 792 tamen
1321 752 1352 792 a
1376 738 1596 805 paribus
1624 740 1770 793 vitiis
1799 753 2014 794 cessare
2047 736 2315 792 timemus.

838 803 941 860 100
979 806 1088 877 llos
1113 803 1453 874 execramur,
1483 808 1625 877 quod
1654 817 1762 862 tam
1792 822 2042 876 perversa
2079 808 2385 869 studebant,

977 873 1092 930 Nan
1126 877 1463 932 attendentes
1482 873 1644 942 [quia
1670 889 1769 931 nos
1795 873 1938 932 idem
1969 887 2112 932 tenet
2140 892 2312 940 error,

976 945 1077 1016 Qui
1100 957 1384 1016 praecepta
1407 947 1500 1001 Dei
1521 946 1678 1002 labiis
1701 955 1904 1001 tantum
1925 961 2264 1016 veneramur.

971 1015 1074 1081 ipsi
1105 1015 1335 1083 namque
1364 1017 1530 1071 lleum
1556 1025 1808 1085 tanquam
1837 1030 1937 1071 nos
1962 1029 2056 1070 ore
2083 1015 2350 1081 colebant,

973 1087 1276 1141 Attestante
1304 1085 1413 1141 Deo
1440 1099 1536 1155 per
1569 1085 1740 1155 Isaiae
1760 1085 2221 1155 dicta-prophetae
2239 1125 2256 1151 ,

833 1155 936 1210 105
972 1155 1118 1225 Quae
1144 1155 1348 1224 pariter
1371 1153 1620 1210 Christus
1645 1153 1864 1225 Iudaeis
1884 1153 2070 1225 pustea
2091 1155 2266 1210 dixit:

975 1224 1118 1279 llaec
1145 1223 1296 1293 plebs
1327 1225 1599 1280 tne-labiis
1629 1224 1789 1288 colit,
1821 1223 2064 1280 et'cortte
2089 1234 2171 1277 est
2201 1223 2385 1293 procul
2411 1239 2442 1281 a
2471 1237 2578 1280 me.

979 1295 1148 1364 Saepe
1182 1294 1400 1362 quidem
1431 1295 1703 1364 loquimur
1728 1295 1794 1348 dc
1819 1302 2004 1348 sancta
2032 1293 2322 1364 religione.

985 1364 1050 1435 Et
1077 1379 1200 1435 cum
1229 1364 1530 1435 inagniilcis
1558 1365 1906 1435 perhibemus
1932 1364 2134 1418 caelica
2164 1365 2346 1435 verbis
2373 1405 2388 1426 ,

987 1433 1229 1487 Pondera
1257 1430 1522 1502 ponentes
1550 1430 1734 1504 gravia
1767 1433 1820 1487 in
1853 1430 2106 1488 humeros
2132 1431 2359 1488 aliorum
2386 1471 2403 1496 ,
2644 1464 2654 1500 ι

848 1505 950 1559 ΗΟ
989 1503 1145 1574 Quae,
1163 1518 1274 1574 nec
1291 1518 1412 1557 cum
1443 1503 1609 1574 digito
1635 1503 1885 1574 volumus
1906 1505 2215 1574 contingere
2243 1513 2430 1560 nostro
2449 1507 2473 1568 ,'

983 1570 1094 1630 Ceu
1125 1572 1353 1628 Domino
1382 1570 1526 1627 cura'
1547 1588 1654 1627 non
1683 1573 1754 1626 sit
1782 1585 1880 1640 pro
1907 1570 2233 1627 talibus—ulla
2257 1611 2274 1640 ,

981 1645 1060 1701 Ac
1087 1651 1500 1712 nos-peccantes
1527 1640 1685 1698 solita
1711 1657 1818 1696 non
1849 1641 2040 1712 arguat
2065 1641 2166 1712 ira.

984 1711 1180 1782 Eligite
1207 1711 1335 1781 ergo
1360 1711 1537 1782 locum
1556 1752 1570 1775 ,
1603 1726 1711 1780 quo
1734 1711 2069 1766 conveniatis
2093 1711 2149 1766 in
2175 1728 2337 1768 unum
2364 1750 2382 1777 ,

975 1780 1104 1854 Vjos‘,
1136 1780 1442 1854 quibusest
1461 1780 1672 1837 licitum
1691 1820 1708 1847 ,
1737 1793 1839 1834 nec
1866 1795 1973 1835 non
1999 1793 2255 1854 concessa
2283 1790 2542 1854 potestas,

838 1853 942 1909 1ιὸ
981 1852 1092 1907 Sub
1120 1850 1377 1921 pastorali
1404 1865 1534 1905 cura
1563 1858 1878 1921 convertere
1907 1850 2161 1906 mundum
2185 1891 2201 1917 ,

978 1922 1082 1986 Ut,
1114 1919 1236 1975 cum
1266 1920 1339 1975 sit
1369 1931 1578 1990 tempus
1602 1919 1824 1990 veniae,
1850 1933 2030 1974 mores
2053 1933 2376 1976 renovemus
2397 1961 2413 1987 ,

975 1993 1042 2047 Et
1072 1991 1212 2046 sicut
1234 2005 1334 2060 per
1355 2004 1456 2060 nos
1474 1988 1710 2060 primum
1747 1989 2040 2059 frigescere
2054 1992 2272 2060 coepit,

981 2062 1074 2117 Sic
1103 2058 1252 2116 nunc
1268 2075 1298 2114 a
1325 2059 1483 2114 nobis
1512 2058 1809 2114 recalescat
1830 2058 1990 2129 amor
2014 2058 2250 2129 pietatis.

907 2129 910 2132 ’
977 2131 1112 2186 Num
1141 2131 1319 2185 varios
1341 2143 1530 2193 casus,
1557 2143 1694 2199 quos
1720 2127 1926 2198 profert
1950 2127 2040 2184 hic
2063 2132 2222 2186 modo
2251 2129 2502 2196 mundu=,

840 2203 944 2261 120
980 2202 1232 2280 arbitror
1259 2214 1324 2280 ex
1343 2199 1560 2280 nostris
1596 2199 2364 2280 prorsusucontingereculpis
2390 2240 2405 2265 ,

979 2272 1084 2339 Qui
1113 2285 1212 2341 pro
1237 2268 1498 2341 subjectis
1520 2267 1933 2341 curamnullam
1960 2267 2289 2341 retinentes,

983 2336 1396 2408 Illos'exempl'is
1413 2338 1686 2408 jactamus
1709 2336 1764 2392 in
1793 2337 1990 2408 intima
2005 2339 2204 2407 pravis.

988 2412 1081 2466 Sic
1107 2410 1267 2480 igitur
1295 2407 1440 2464 totus
1469 2408 1832 2480 corrumpitur
1865 2407 2102 2480 undique
2131 2409 2362 2466 mundus
2381 2451 2397 2472 .

987 2481 1081 2536 Sic
1105 2477 1318 2549 quoque
1343 2479 1644 2549 contingit,
1669 2477 1731 2532 tit
1757 2491 1855 2546 pro
1880 2477 2408 2549 nihiloqreputemur,

845 2553 948 2609 19.5
985 2547 1272 2622 Cum‘cleri
1300 2547 1538 2622 cilicium
1566 2547 2254 2622 sectaturopushlaicorum
2280 2587 2297 2617 ,

990 2622 1058 2677 Et
1086 2619 1290 2691 pariter
1317 2618 1439 2691 laici
1463 2625 1778 2673 statuuntur
1806 2616 2075 2673 in'ordine
2108 2616 2260 2675 cleri.

987 2687 1306 2760 Sed'rdispar
1335 2687 1492 2759 longe
1521 2693 1801 2756 peccatum
1827 2697 2040 2760 constat
2056 2699 2375 2760 utrumque.

987 2756 1232 2827 Denique
1257 2759 1378 2829 plus
1407 2756 1635 2829 peccant
1653 2797 1669 2819 ,
1693 2759 1782 2827 qui
1806 2756 1961 2827 plura
1989 2759 2211 2829 sciendo
2229 2756 2567 2829 probabant,

998 2831 1210 2902 Cuique
1234 2827 1395 2884 datur
1426 2827 1686 2895 multum,
1710 2835 2004 2898 quaeretur
2028 2829 2095 2884 ab
2119 2827 2467 2902 boc'quoque
2492 2830 2741 2888 multum.

369 2989 400 3062 ᾗ
441 2983 543 3049 llo.
584 2975 853 3045 Joannis
910 2971 1080 3038 Secti
1131 2969 1474 3032 versionem
1510 2967 1962 3048 Ambiguorum
1992 2969 2059 3030 S.
2097 2969 2371 3032 Maximi
2403 2987 2440 3032 a
2469 2970 2844 3033 Mabillomo
2897 2987 2959 3033 v.
2999 2969 3078 3033 cl.
3119 2971 3222 3048 [cf.
3267 2972 3403 3036 Act.
3443 2976 3545 3036 SS.

288 3107 444 3170 0rd.
479 3105 542 3166 S.
577 3096 816 3163 Bened.
851 3111 981 3158 sec.
1014 3093 1098 3155 ιν
1134 3093 1202 3153 Ρ.
1241 3090 1296 3151 ll
1329 3107 1391 3169 p.
1433 3089 1656 3166 LXVI]
1689 3096 2008 3169 acceptam
2034 3089 2325 3152 mutilam
2360 3088 2558 3153 edidit
2599 3088 2862 3150 Thomas
2895 3086 3049 3150 Gala
3096 3089 3160 3150 in
3194 3090 3551 3171 Appendice

287 3223 376 3286 ad
410 3222 609 3285 libros
647 3219 720 3281 de
753 3213 1064 3280 divisione
1095 3209 1397 3283 Naturae,
1430 3229 1494 3290 p.
1527 3209 1704 3274 1-65.
1754 3211 2023 3274 Codices
2062 3210 2257 3291 hujus
2287 3212 2608 3275 versionis
2646 3211 2859 3277 nullos
2896 3217 3161 3281 offendi.
3217 3219 3547 3299 Suspicor,

289 3341 357 3402 in
395 3339 621 3404 codice
656 3332 1081 3399 bibliothecae
1121 3329 1598 3392 armamentarii
1636 3329 2043 3408 Parisiensis,
2082 3350 2117 3396 e
2146 3349 2278 3414 quo
2307 3333 2394 3394 M.
2443 3332 2514 3396 F.
2567 3333 2922 3398 Ravaisson
2964 3337 3080 3400 tria
3130 3338 3410 3402 carmina
3465 3331 3549 3403 de

291 3456 359 3520 S.
394 3454 703 3530 Maximo,
731 3467 900 3532 quae
931 3447 1109 3512 illam
1138 3446 1506 3527 versionem
1539 3447 1916 3528 respiciunt,
1945 3449 2143 3511 edidit
2185 3449 2501 3530 Rapporls
2531 3455 2651 3513 cet.
2694 3469 2756 3531 p.
2794 3452 2914 3516 356
2956 3471 3125 3536 sqq.,
3175 3456 3365 3518 etiam
3404 3473 3546 3518 ver-

292 3575 552 3639 sionem
603 3574 917 3651 integram
970 3567 1262 3649 reperiri.
1297 3567 1526 3643 Doleo,
1574 3567 1743 3648 quod
1783 3585 2014 3650 nuper,
2061 3587 2207 3632 cum
2241 3567 2502 3633 Parisiis
2535 3587 2770 3646 essem,
2803 3573 2883 3636 ad
2931 3576 3184 3640 codices
3221 3575 3414 3656 hujus
3446 3579 3546 3642 bi—

294 3697 662 3760 bliothecae
693 3694 907 3757 aditus
946 3708 1079 3755 non
1126 3691 1402 3772 patebat.
1435 3692 1710 3754 Textum
1772 3691 1970 3769 igitur
2015 3708 2130 3772 pro
2169 3692 2343 3755 virili
2415 3701 2617 3774 parte,
2655 3694 2959 3760 adhibitis
3011 3699 3201 3762 etiam
3267 3700 3548 3766 'l‘homae

288 3822 448 3888 Gale
474 3818 1042 3885 emendationihus
1088 3815 1167 3879 ad
1214 3817 1451 3879 calcem
1488 3814 1789 3882 editionis
1827 3833 1983 3879 suae
2023 3815 2407 3898 subjunctis,
2444 3818 2682 3900 passim
2715 3819 3088 3898 castigatum
3124 3819 3546 3885 reddidimus.
3596 3855 3610 3862 ιη

375 3946 404 4020 ε
444 3945 546 4007 15.
591 3943 671 4005 Ut
717 3940 850 4003 illis
881 3939 1276 4020 temporibus
1313 3955 1453 4002 mos
1499 3938 1619 4002 fuit
1667 3938 1951 4000 virorum
2001 3939 2358 4016 doctorum,
2390 3941 2588 4021 quiin
2625 3942 2773 4005 aula
2803 3941 2998 4019 Regia
3033 3939 3449 4003 versabantur
3473 3975 3548 3988 —-

301 4063 514 4130 solum
562 4063 629 4126 in
663 4067 946 4124 mentem
984 4075 1214 4123 revoco
1245 4059 1591 4122 Alcuinum
1623 4091 1697 4104 —-
1730 4057 1912 4121 festis
1949 4059 2180 4121 diebus
2228 4068 2338 4122 aut
2385 4060 2506 4123 alia
2543 4061 2688 4124 data
2740 4060 3220 4143 Opportunitate
3269 4060 3553 4124 carmina

297 4194 602 4269 condere,
633 4194 991 4263 laudesque
1023 4193 1194 4272 regis
1229 4201 1339 4258 aut
1369 4194 1652 4273 reginae,
1677 4192 1943 4269 Christi,
1972 4194 2344 4258 Sanctorum
2375 4211 2628 4268 canere,
2659 4198 2745 4258 ita
2774 4194 3002 4258 Scotus
3035 4211 3298 4277 quoque
3325 4203 3550 4257 noster

297 4311 520 4372 Versus
547 4309 721 4386 fecit,
751 4329 866 4391 qui
897 4328 963 4374 tn
995 4312 1325 4377 codicibus
1364 4315 1686 4378 Vaticanis
1717 4314 1876 4378 bibl.
1907 4314 2267 4380 Christinae
2299 4317 2453 4380 1587
2482 4323 2543 4381 et
2569 4317 2724 4381 1709
2753 4315 3196 4381 inveniuntur.
3227 4309 3278 4378 E
3310 4316 3552 4397 quibus

294 4446 496 4508 quum
518 4429 1064 4494 Eminentissimus
1085 4433 1446 4524 Cardinalis
1467 4434 1702 4516 Angela
1728 4435 1870 4499 Mai
1916 4436 2026 4500 illa
2053 4437 2330 4500 carmina
2364 4435 2784 4499 Classicorum
2809 4441 3158 4503 Auctorum
3179 4460 3206 4501 ο
3233 4438 3555 4502 codicibus

299 4549 616 4611 Vaticanis
649 4549 961 4614 editorum
994 4554 1168 4616 Tom.
1208 4554 1274 4629 ν,
1305 4575 1373 4637 p.
1406 4557 1524 4619 626
1551 4576 1682 4638 sqq.
1725 4558 1970 4638 primus
1999 4557 2295 4636 ediderit,
2316 4557 2450 4640 jam
2481 4559 2558 4623 ad
2589 4551 2936 4625 eorundem
2969 4559 3263 4624 codicum
3299 4558 3486 4624 ﬁdem
3517 4576 3552 4620 a

297 4687 397 4735 me
434 4676 758 4753 recognita
797 4685 990 4758 atque
1041 4681 1376 4744 emendata
1411 4680 1629 4744 denuo
1687 4682 2028 4762 prodeunt.
2083 4681 2301 4747 Codex
2355 4684 2509 4747 1587
2561 4685 2914 4747 membran.
2967 4682 3169 4747 seculi
3201 4681 3264 4747 Χ
3296 4680 3552 4765 νει,ΧΙ,

291 4793 377 4867 8',
415 4801 660 4859 constat
691 4793 865 4858 foliis
891 4797 993 4860 66.
1030 4797 1322 4862 Carmina
1351 4799 1660 4879 leguntur
1703 4799 1817 4864 fol.
1860 4800 2252 4878 (ml—65,2.
2311 4799 2529 4866 Altero
2575 4801 2792 4866 codice
2841 4801 2996 4866 1709
3043 4799 3422 4879 membran.,
3453 4817 3554 4864 se-

291 4913 422 4978 culi
442 4917 532 4978 XI
561 4917 648 4990 8°,
680 4919 960 4983 carmina
999 4927 1253 4984 exstant
1296 4919 1409 4983 fol.
1449 4921 1841 4994 16,2—18,1.
1877 4921 1967 4984 Ex
2006 4923 2219 5002 priore
2266 4922 2446 4986 lubet
2495 4921 2667 4985 aliud
2712 4937 2965 4986 carmen
3006 4919 3340 5000 anonymi,
3377 4921 3554 5001 quod

290 5036 403 5100 fol.
447 5037 492 5100 ιι
525 5038 821 5116 habetur,
857 5040 1162 5123 proferre.
1197 5044 1307 5104 Est
1341 5059 1492 5105 vero
1525 5039 1671 5104 tale.

1131 5185 1354 5246 Versus
1383 5183 1632 5247 collecti
1661 5182 1744 5244 ad
1775 5159 2124 5263 exemplum
2154 5182 2570 5244 communium
2609 5181 2710 5246 sil.

1004 5321 1154 5397 pletis
1185 5325 1470 5397 tenebrosa
1499 5332 1705 5391 tumet,
1734 5328 1927 5382 mortis
1961 5329 2191 5384 obscura
2224 5327 2496 5397 tenebris,

998 5393 1092 5448 Vir
1117 5393 1336 5450 humilis
1372 5405 1582 5452 moesto
1611 5397 1820 5452 caelum
1861 5398 2177 5454 conscendit
2201 5398 2271 5454 ab
2300 5393 2484 5457 humo.

1001 5460 1183 5544 Eegna
1213 5465 1371 5520 beata
1409 5465 1516 5536 poli
1547 5466 1626 5521 sic
1648 5466 1869 5544 jamque
1895 5468 2156 5544 scandere
2176 5483 2301 5540 spes
2328 5476 2450 5534 est,

999 5532 1162 5608 (iuius
1192 5549 1360 5608 amor
1382 5532 1595 5608 maneat
1611 5577 1624 5599 ,
1649 5532 1804 5608 cujus
1828 5538 1880 5593 in
1906 5539 2069 5594 corde
2092 5553 2188 5608 per
2205 5532 2340 5595 'eum

1001 5603 1233 5681 Sanctae
1252 5645 1267 5671 ,
1291 5620 1324 5660 ο
1340 5603 1556 5674 juvenis
1574 5645 1590 5672 ,
1623 5603 1732 5662 tibi
1748 5608 1820 5663 sit
1847 5603 2146 5681 sapientiae
2173 5611 2356 5665 ardor.

1000 5671 1146 5747 Soph
1172 5689 1203 5729 a
1231 5671 1357 5730 nota
1388 5685 1510 5747 tuae
1541 5671 1597 5732 et
1627 5691 1780 5732 mens
1811 5671 1936 5732 nota
1967 5678 2189 5747 sophiae
2216 5717 2229 5731 .

1009 5742 1121 5800 Hoc
1152 5755 1233 5804 est
1263 5747 1426 5804 decus
1451 5785 1466 5814 ,
1493 5746 1594 5802 hoc
1617 5748 1830 5804 animae
1857 5742 2060 5812 virtus,
2099 5749 2212 5823 hoc
2237 5759 2320 5806 est
2346 5749 2580 5821 inclytus
2607 5750 2764 5806 ordo.
2807 5801 2820 5811 .

582 5833 822 5891 ΡΑτιιοι..
859 5834 1066 5893 CXXII.
1288 5839 1305 5848 "
1347 5915 1356 5922 ‘
1454 5813 1457 5814 ν
2201 5817 2212 5823 ’
2457 5813 2473 5821 ⁷
3091 5813 3094 5816 ’
3133 5845 3165 5895 υ
