4056 6276
530 327 665 396 xvlil
1888 390 1898 396 _
1955 282 2379 366 PROOEMIUM.

1237 427 1464 498 Condite
1493 441 1627 498 gaza
1653 390 2031 498 polotsaccos
2070 432 2302 498 vacuata
2326 434 2579 498 gazarum
2594 460 2612 487 ,

1233 496 1372 555 Aula
1401 489 1550 554 tenét
1571 489 1772 553 Christi
1798 489 2073 552 Christum
2103 495 2157 549 in
2180 489 2398 564 pectore
2420 499 2476 547 et
2494 489 2665 546 aula.-

1914 589 1994 646 De
2033 589 2176 660 galla
2216 585 2412 658 puella.

1236 689 1344 744 Das
1370 702 1650 757 nunquam
1673 727 1688 748 .
1717 699 1937 756 semper
1957 683 2271 757 promittis,
2301 682 2455 738 Galla
2475 721 2491 748 ,
2522 680 2732 752 rcganti
2758 694 2776 712 '

1319 757 1378 814 Si
1405 752 1620 829 semper
1643 757 1810 823 fallis,
1831 752 1942 828 iam
1962 752 2118 824 rogo,
2147 752 2318 816 Galla,
2348 766 2502 822 nega.

1981 848 2055 902 De
2119 847 2336 902 tineoso.

1235 949 1418 1016 Turpe
1438 962 1624 1018 pecus,
1654 948 1867 1018 inutile,
1897 955 2074 1017 turpe,
2101 945 2219 1018 sine
2242 943 2486 1018 gramine
2513 956 2678 1012 capus

1327 1014 1544 1104 Fit-sine
1565 1017 1756 1074 fronde
1783 1014 2065 1084 frutex,’et
2092 1015 2212 1071 sine
2243 1014 2394 1068 crine
2421 1021 2600 1084 caput.

1985 1111 2068 1165 Ad
2122 1107 2340 1165 ebrium.

1241 1211 1343 1267 Dic
1368 1209 1524 1274 mihi,
1553 1208 1662 1275 dic,
1688 1208 1859 1275 ebrie,
1880 1207 2019 1262 vivis
2050 1221 2120 1261 an
2147 1213 2322 1259 morte
2346 1201 2634 1275 gravaris?

1237 1280 1480 1336 Pallidus
1508 1272 1635 1334 ecce
1648 1272 1991 1348 ’jaces,’ecce
2017 1277 2137 1348 sine
2164 1272 2602 1348 mente’quiescis
2629 1289 2646 1339 ;

1235 1351 1354 1406 Non
1381 1349 1545 1414 bona,
1580 1339 1686 1403 non
1715 1339 2014 1416 mala,ﬂnon
2044 1345 2201 1410 dura,
2229 1339 2546 1416 nonmollia
2566 1339 2756 1398 sentis.

1231 1421 1347 1476 Hoc
1376 1411 1584 1473 tantum
1615 1418 1784 1471 distas
1813 1431 1844 1470 a
1867 1414 1962 1470 fati
1989 1423 2137 1471 sorte
2165 1411 2360 1482 sepulti
2374 1450 2399 1482 ί,

1237 1488 1393 1556 Quod
1423 1487 1600 1544 tenuis
1625 1487 1854 1542 miseros
1882 1483 2174 1556 subpungit
2209 1481 2477 1537 aulreliaus
2502 1488 2672 1537 artus.

2036 1578 2114 1633 De
2155 1578 2293 1632 vino.

1233 1677 1459 1749 Magnus
1491 1685 1571 1741 tu,
1607 1674 1839 1741 Bacche,
1868 1687 2062 1744 magna
2090 1671 2380 1749 tuapvirtus
2412 1670 2648 1749 ubique_,

1237 1739 1441 1804 Contra
1470 1755 1524 1800 te
1549 1739 1833 1801 certantes
1854 1752 1911 1798 tu
1939 1739 2153 1812 scmper
2179 1743 2416 1812 palmam
2446 1739 2655 1796 levasti.

605 1879 876 1946 Joannis
908 1877 1078 1942 Scoti
1121 1891 1336 1937 versus
1367 1869 1439 1932 de
1471 1869 1533 1932 S.
1568 1869 1853 1930 Maximo
1905 1884 1940 1929 e
1982 1865 2203 1928 codice
2249 1862 2724 1928 armamentarii
2771 1863 2938 1926 eruit
2984 1863 3069 1926 Μ.
3105 1863 3174 1927 F.
3207 1864 3586 1929 Ravaisson.
3620 1866 3807 1941 Quos

525 2003 595 2065 in
626 2003 819 2076 libro,
858 2001 965 2064 cui
1006 1997 1232 2061 titulus
1265 2016 1278 2055 :
1314 1993 1636 2073 Rapporls
1674 1995 1796 2052 cet.
1831 2007 1895 2068 p.
1927 1986 2218 2062 356-358,
2253 1986 2462 2050 editos
2500 2003 2674 2049 nunc
2702 1985 3125 2049 reddidimus.
3159 1983 3376 2049 Codex
3425 1985 3638 2067 qualis
3685 1988 3800 2062 sit,

523 2119 742 2184 editor
771 2135 906 2181 non
936 2114 1268 2179 indicavit.
1659 2166 1663 2171 .
3127 2109 3140 2119 '

609 2243 850 2305 Versus
863 2236 1133 2301 Joannis
1156 2232 1328 2299 Scoti
1353 2208 1602 2296 exstare
1634 2233 1702 2294 in
1733 2233 1874 2294 cod.
1898 2230 2428 2296 ms.Bencdictino
2453 2231 2625 2312 apud
2643 2231 3202 2312 Cantabrigienses,
3224 2237 3498 2296 testatur
3519 2230 3802 2294 Thomas

526 2362 680 2425 Gala
731 2360 798 2422 in
853 2355 1245 2438 praefatione
1295 2354 1379 2415 ad
1414 2353 1720 2417 librosde
1753 2355 2061 2435 divisione
2092 2354 2395 2418 Naturae.
2434 2357 2572 2418 Nec.
2607 2355 2877 2418 dubium
2928 2361 3048 2430 est,
3091 2354 3252 2435 quin
3302 2354 3359 2416 is
3407 2353 3804 2418 intellexerit

528 2476 790 2570 eosdem
837 2489 1106 2546 versus,
1161 2487 1327 2552 quos
1361 2471 1586 2536 beatus
1641 2471 1726 2563 υτ,
1767 2469 2006 2536 Oehler
2056 2477 2205 2536 ante
2262 2472 2384 2536 hos
2440 2473 2577 2538 fere
2632 2474 2854 2538 decem
2910 2490 3115 2539 annos
3171 2477 3509 2558 descripsit
3561 2495 3597 2540 e
3653 2477 3797 2540 cod.

527 2593 897 2673 Cantabrig.
948 2590 1206 2671 collegii
1254 2590 1446 2672 Corp.
1479 2590 1716 2655 Christi
1762 2592 1838 2654 N°
1866 2592 1986 2654 223
2021 2591 2226 2656 seculi
2263 2593 2378 2656 IX.
2419 2593 2618 2674 Cujus
2653 2594 2928 2675 c0piam,
2979 2595 3100 2658 etsi
3142 2594 3401 2660 fratrem
3455 2596 3798 2662 haeredem

534 2713 886 2779 identidem
916 2727 1269 2791 rogassem,
1295 2714 1370 2770 ut
1400 2707 1563 2771 mihi
1589 2708 1659 2771 in
1681 2724 1876 2771 usum
1911 2708 2109 2792 hujus
2146 2707 2450 2773 editionis
2479 2709 2882 2787 concederet,
2904 2727 3035 2774 non
3065 2713 3344 2790 obtinui,
3367 2717 3500 2778 imo
3535 2734 3804 2796 respon-
3838 2682 3861 2756 ε

526 2854 676 2901 sum
711 2834 964 2898 nullum
994 2834 1237 2914 accepi.
1269 2838 1491 2920 Neque
1511 2835 2070 2917 Cantabrigienses
2105 2838 2490 2914 votis'meis,
2521 2845 2592 2902 ut
2620 2855 2875 2902 carmen
2906 2839 2974 2900 in
3001 2853 3191 2900 usum
3222 2853 3437 2899 meum
3469 2837 3802 2901 describe-

539 2964 736 3022 retur.
768 2955 1054 3019 obsecuti
1090 2959 1265 3018 sunt.
1301 2956 1513 3030 Quare
1550 2956 1759 3020 solum
1797 2957 2098 3021 carminis
2128 2958 2346 3033 ﬁnem,
2377 2975 2569 3038 quem
2599 2959 2676 3020 D'
2702 2956 2939 3020 Oehler
2971 2973 3117 3020 cum
3137 2958 3343 3022 amico
3368 2957 3803 3022 communica-

537 3091 731 3162 verat,
764 3083 953 3147 edere
992 3082 1192 3162 potui.
1224 3079 1484 3144 Constat
1514 3080 1657 3160 ipso
1686 3085 1851 3146 teste
1900 3099 2158 3146 carmen
2198 3083 2564 3164 argumenti
2601 3083 3260 3163 dogmatico-ascetici
3309 3081 3607 3144 versibus
3647 3081 3785 3143 101.

619 3208 836 3268 Versus
873 3202 946 3264 de
974 3203 1041 3265 S.
1072 3202 1379 3282 Dionysio
1411 3200 1601 3264 initio
1649 3209 1712 3266 et
1740 3202 1807 3264 in
1842 3202 1970 3266 ﬁne
2002 3202 2317 3266 versionis
2353 3219 2619 3284 operum
2657 3204 2797 3285 ejus
2834 3204 3266 3284 reperiuntur.
3316 3204 3556 3267 Pariter
3586 3220 3800 3264 versus

533 3306 850 3410 quattuor,
888 3325 1089 3389 initio-
1128 3321 1280 3387 libri
1327 3319 1409 3384 de
1461 3317 2058 3384 Praedestinatione
2111 3327 2477 3384 occurrunt.
2525 3323 2698 3384 Duos
2745 3341 2962 3385 vorsus
3014 3341 3050 3386 e
3093 3322 3313 3386 codice
3368 3321 3796 3385 bibliothecae

527 3450 763 3542 Begiae
786 3447 953 3512 eruit
975 3445 1622 3525 Cousin,Fragments
1667 3443 2205 3524 philosophiques,
2258 3444 2434 3507 Tom.
2466 3443 2579 3506 III
2609 3443 2895 3524 Append.
2929 3462 2992 3524 p.
3025 3445 3165 3506 3‘26.
3202 3443 3380 3517 Quos
3417 3441 3583 3504 infra
3615 3422 3800 3504 addi-

536 3570 775 3633 dimus.
809 3568 936 3630 Alii
970 3584 1218 3644 versus,
1255 3565 1370 3647 qui
1403 3565 1637 3629 Joanni
1679 3565 1868 3628 Scoto
1897 3563 2239 3628 tribuenda
2277 3582 2420 3628 esse
2468 3565 2873 3642 videbantur,
2912 3581 3105 3644 supra
3137 3567 3164 3639 §
3197 3563 3267 3623 11
3306 3559 3796 3639 adscripsimus.

617 3685 949 3749 Accedunt
979 3684 1249 3747 Joannis
1297 3683 1465 3747 Scoti
1494 3683 1704 3764 graeci
1734 3701 1949 3746 versus
1980 3681 2292 3763 incompti
2323 3689 2385 3748 et
2417 3683 2688 3760 horridi,
2725 3683 2840 3764 qui
2887 3700 2924 3745 e
2953 3683 3172 3745 codice
3207 3683 3269 3744 S.
3303 3679 3604 3743 Germani
3655 3693 3799 3758 pro-

532 3803 791 3867 dierunt
819 3786 1024 3867 literis
1058 3802 1418 3866 uncialibus
1450 3820 1581 3866 una
1616 3820 1759 3868 cum
1796 3801 2030 3882 glossis
2062 3803 2276 3867 latinis
2306 3803 2374 3867 in
2407 3803 2806 3886 Praefatione
2832 3801 2915 3864 ad
2944 3801 3015 3866 Ο.
3049 3799 3277 3863 Labbei
3288 3797 3639 3878 ‘glossaria.
3672 3793 3796 3870 Qui

535 3927 657 3990 etsi
684 3932 807 3988 tam
836 3923 1115 4003 corrupti
1141 3922 1295 3997 sint,
1321 3927 1388 3985 ut
1423 3922 1566 4001 ipso
1597 3921 1847 4002 Angelo
1872 3923 2001 3986 Mai
2033 3928 2195 3987 teste
2225 3923 2268 3986 l.
2297 3923 2338 3985 l.
2370 3943 2432 4004 p.
2459 3924 2574 3986 ιι51
2598 3923 2812 3986 sanari
2835 3922 2942 3986 vix
2973 3939 3161 4002 posse
3199 3918 3562 3991 videantur,
3586 3923 3797 3985 tamen
3855 3995 3858 3998 ἢ

532 4050 599 4110 in
623 4048 708 4109 iis
733 4044 1154 4109 emendandis
1186 4061 1260 4107 ac
1290 4045 1662 4125 reparandis
1691 4065 1823 4112 non
1855 4049 2002 4113 sine
2030 4048 2246 4114 fructu
2275 4049 2466 4114 nobis
2496 4049 2820 4113 laborasse
2851 4046 3168 4110 videmur.
3189 4041 3402 4114 Quare
3432 4039 3480 4101 ii
3513 4017 3800 4117 castigati

534 4168 640 4230 hic
675 4167 892 4230 denuo
931 4163 1234 4229 eduntur.
1281 4165 1587 4230 Codicem
1627 4170 1689 4230 S.
1723 4169 2027 4234 Germani
2059 4171 2127 4232 in
2173 4169 2565 4234 bibliotheca
2602 4169 2799 4250 Regia
2827 4163 3173 4236 Parisiensi
3211 4161 3445 4224 frustra
3482 4157 3793 4238 quaesivi.

555 4378 557 4380 η
615 4288 785 4350 Casu
832 4285 899 4348 in
928 4304 1158 4349 manus
1189 4304 1361 4351 meas
1394 4291 1572 4354 venit
1605 4308 1858 4355 carmen
1892 4308 2218 4370 graecum,
2243 4293 2450 4356 literis
2472 4291 2692 4354 latinis
2719 4289 2927 4353 seculi
2958 4290 3048 4351 IX
3079 4293 3432 4362 exaratum,
3455 4283 3792 4364 adscriptis

540 4405 775 4494 glossis
824 4403 1074 4466 latinis.
1129 4404 1318 4478 Quod
1350 4412 1567 4486 ‘quum
1613 4408 1917 4494 ante'hos
1954 4410 2246 4490 quinque
2295 4426 2499 4474 annos
2547 4411 2621 4471 D'
2670 4409 2758 4471 M.
2811 4408 2882 4470 C.
2918 4408 2988 4469 B.
3035 4406 3204 4470 Bock
3252 4425 3312 4468 v.
3363 4405 3444 4468 cl.
3495 4422 3528 4467 e
3583 4403 3798 4467 codice

537 4523 973 4589 bibliothecae
992 4525 1442 4625 Burgundicae
1469 4527 1914 4596 Bruxellensrs
1944 4529 2335 4620 descriptum
2369 4529 2673 4612 Lerscbic
2695 4535 2916 4592 nostro
2942 4527 3142 4592 eheu!
3179 4536 3576 4612 praematura
3600 4531 3798 4590 morte

542 4651 732 4714 nobis
764 4648 983 4730 erepto
1033 4640 1346 4725 misisset,
1381 4661 1454 4715 ut
1492 4653 1772 4732 primum
1813 4632 2396 4736 inspexrﬁoanniS
2442 4655 2612 4718 Scoti
2675 4669 2897 4718 versus
2940 4668 3082 4715 esse
3130 4652 3424 4737 cognovi.
3475 4648 3797 4723 Codicem,

543 4772 754 4853 nuper
785 4763 1288 4836 cum'Bruxellis
1333 4795 1642 4854 versarer,
1695 4780 1762 4841 in
1797 4779 2129 4844 Franciam
2168 4777 2833 4858 missumfsinSpicere
2880 4791 3011 4840 non
3049 4773 3254 4852 potui.
3301 4773 3412 4834 Est
3457 4786 3610 4836 vero
3659 4769 3797 4834 eod.

542 4879 993 4984 {0078400815
1015 4879 1402 4972 membrum,
1438 4895 1578 4972 fol.,
1615 4897 1818 4960 seculi
1849 4899 1994 4960 ΧΠ.
2029 4896 2456 4962 Continentur
2491 4913 2568 4960 eo
2601 4893 2952 4975 Virgilium
2995 4889 3316 4970 Futgentii
3361 4894 3422 4951 et
3458 4886 3702 4966 glossae
3733 4883 3802 4944 de

545 5025 856 5087 abstrusis
887 5005 1300 5085 sermonibus.
1356 5017 1428 5076 lu
1457 5017 1697 5095 quibus
1734 5017 1972 5094 glossis
2023 5023 2085 5079 ct
2118 5017 2314 5080 hosce
2343 5031 2588 5091 versus,
2622 5015 2688 5076 in
2738 5013 3048 5076 honorem
3085 5012 3147 5072 S.
3197 5009 3500 5089 Dionysii
3547 5024 3801 5086 compo-

542 5147 726 5221 sitos,
760 5143 1088 5206 numerari
1124 5137 1439 5220 suspicor.
1939 5216 1949 5222 _

621 5271 649 5344 ς
680 5266 778 5330 16.
807 5265 1035 5350 Nuper
1057 5259 1386 5344 pollicitus
1411 5259 1511 5323 est
1538 5261 1616 5323 D.
1645 5261 1812 5325 Pitra
1847 5279 1904 5325 v.
1939 5262 2046 5335 cl.,
2087 5259 2411 5351 Spicilegii
2442 5259 2870 5348 Solesrnensis
2929 5262 3105 5325 Tom.
3147 5263 3202 5326 ΙΙ
3232 5278 3303 5325 se
3333 5261 3601 5326 Joannis
3631 5263 3794 5325 Scoti

543 5396 1016 5491 commentarios
1060 5389 1127 5448 in
1174 5384 1566 5448 Martianum
1623 5385 1938 5466 Capellam
1984 5384 2456 5463 evulgaturum.
2519 5385 2701 5459 Quos
2747 5385 2937 5449 doleo
2997 5388 3286 5451 nondum
3330 5391 3789 5468 comparuisse.

544 5515 922 5596 anerrime
951 5529 1152 5595 quum
1189 5511 1449 5574 Parisiis
1479 5512 1804 5586 versabar,
1849 5511 1918 5573 in
1955 5510 2175 5574 codice
2222 5528 2340 5574 ms.
2380 5513 2442 5574 S.
2476 5505 2798 5576 Germani
2831 5515 3005 5589 1110,
3043 5513 3194 5575 olim
3244 5512 3385 5584 589,
3421 5511 3794 5587 membrum,

546 5638 666 5701 hos
694 5637 1185 5701 commentarios
1219 5632 1544 5696 detexisse
1566 5631 1724 5693 mihi
1751 5631 1992 5695 videor.
2027 5633 2154 5694 Nec
2177 5637 2386 5695 tamen
2406 5633 2608 5696 otium
2638 5634 2794 5696 mihi
2825 5632 3208 5714 suppetebat
3231 5649 3344 5695 eos
3365 5631 3770 5696 describendi

550 5764 758 5834 Quare
787 5761 1056 5846 D..Pitra
1079 5759 1279 5826 literis
1301 5777 1414 5841 per
1434 5755 2113 5843 manus_redemptoris
2136 5756 2328 5838 hujus
2359 5757 2504 5820 libri
2529 5758 2777 5822 traditis
2801 5775 3001 5839 quum
3027 5775 3376 5844 rogassem,
3408 5769 3478 5826 ut
3511 5763 3670 5826 milii
3699 5780 3794 5828 co-
