  <div class='ocr_page' id='page_1' title='image "/cluster/home/n/w/nwhite01/storage/ocr_20150623/122/hvd.32044015471659/028.png"; bbox 0 0 4056 6276; ppageno 0'>
   <div class='ocr_carea' id='block_1_1' title="bbox 1701 320 3547 384">
    <p class='ocr_par' dir='ltr' id='par_1_1' title="bbox 1701 320 3547 384">
     <span class='ocr_line' id='line_1_1' title="bbox 1701 320 3547 384; baseline 0.005 -9"><span class='ocrx_word' id='word_1_1' title='bbox 1701 320 2106 378; x_wconf 73' lang='lat' dir='ltr'><strong>PROOEMIUM</strong></span> <span class='ocrx_word' id='word_1_2' title='bbox 2117 340 2126 384; x_wconf 75' lang='grc' dir='ltr'><em>ς</em></span> <span class='ocrx_word' id='word_1_3' title='bbox 3457 344 3547 384; x_wconf 73' lang='lat' dir='ltr'><strong>xix</strong></span> 
     </span>
    </p>
   </div>
   <div class='ocr_carea' id='block_1_2' title="bbox 279 462 3550 546">
    <p class='ocr_par' dir='ltr' id='par_1_2' title="bbox 279 462 3550 546">
     <span class='ocr_line' id='line_1_2' title="bbox 279 462 3550 546; baseline 0.001 -22"><span class='ocrx_word' id='word_1_4' title='bbox 279 464 451 541; x_wconf 85' lang='lat' dir='ltr'><strong>piam</strong></span> <span class='ocrx_word' id='word_1_5' title='bbox 487 472 671 528; x_wconf 81' lang='lat' dir='ltr'><strong>suam</strong></span> <span class='ocrx_word' id='word_1_6' title='bbox 708 467 774 530; x_wconf 89' lang='lat' dir='ltr'><strong>u‘t</strong></span> <span class='ocrx_word' id='word_1_7' title='bbox 802 466 1292 546; x_wconf 86' lang='lat' dir='ltr'><strong>comparandam</strong></span> <span class='ocrx_word' id='word_1_8' title='bbox 1327 467 1392 529; x_wconf 89' lang='lat' dir='ltr'><strong>in</strong></span> <span class='ocrx_word' id='word_1_9' title='bbox 1427 481 1618 530; x_wconf 88' lang='lat' dir='ltr'><strong>usum</strong></span> <span class='ocrx_word' id='word_1_10' title='bbox 1645 466 1838 546; x_wconf 87' lang='lat' dir='ltr'><strong>hujus</strong></span> <span class='ocrx_word' id='word_1_11' title='bbox 1872 465 2180 528; x_wconf 77' lang='lat' dir='ltr'><strong>editionis</strong></span> <span class='ocrx_word' id='word_1_12' title='bbox 2203 462 2604 538; x_wconf 87' lang='lat' dir='ltr'><strong>concederet,</strong></span> <span class='ocrx_word' id='word_1_13' title='bbox 2627 481 2704 527; x_wconf 88' lang='lat' dir='ltr'><strong>ne</strong></span> <span class='ocrx_word' id='word_1_14' title='bbox 2731 464 2808 526; x_wconf 90' lang='lat' dir='ltr'><strong>ab</strong></span> <span class='ocrx_word' id='word_1_15' title='bbox 2839 463 2958 525; x_wconf 83' lang='lat' dir='ltr'><strong>hoc</strong></span> <span class='ocrx_word' id='word_1_16' title='bbox 2981 463 3244 542; x_wconf 87' lang='lat' dir='ltr'><strong>quidem</strong></span> <span class='ocrx_word' id='word_1_17' title='bbox 3271 479 3550 544; x_wconf 83' lang='lat' dir='ltr'><strong>rcSpon-</strong></span> 
     </span>
    </p>
   </div>
   <div class='ocr_carea' id='block_1_3' title="bbox 280 590 3550 679">
    <p class='ocr_par' dir='ltr' id='par_1_3' title="bbox 280 590 3550 679">
     <span class='ocr_line' id='line_1_3' title="bbox 280 590 3550 679; baseline 0.001 -29"><span class='ocrx_word' id='word_1_18' title='bbox 280 604 426 650; x_wconf 89' lang='lat' dir='ltr'><strong>sum</strong></span> <span class='ocrx_word' id='word_1_19' title='bbox 450 609 696 670; x_wconf 83' lang='lat' dir='ltr'><strong>accepi.</strong></span> <span class='ocrx_word' id='word_1_20' title='bbox 723 593 1024 657; x_wconf 80' lang='lat' dir='ltr'><strong>Attamen</strong></span> <span class='ocrx_word' id='word_1_21' title='bbox 1047 596 1333 666; x_wconf 85' lang='lat' dir='ltr'><strong>codicem</strong></span> <span class='ocrx_word' id='word_1_22' title='bbox 1356 597 1418 660; x_wconf 92' lang='lat' dir='ltr'><strong>S.</strong></span> <span class='ocrx_word' id='word_1_23' title='bbox 1445 594 1751 658; x_wconf 80' lang='lat' dir='ltr'><strong>Germani</strong></span> <span class='ocrx_word' id='word_1_24' title='bbox 1778 594 1977 657; x_wconf 90' lang='lat' dir='ltr'><strong>istum</strong></span> <span class='ocrx_word' id='word_1_25' title='bbox 2009 593 2289 657; x_wconf 87' lang='lat' dir='ltr'><strong>breviter</strong></span> <span class='ocrx_word' id='word_1_26' title='bbox 2309 593 2673 655; x_wconf 84' lang='lat' dir='ltr'><strong>describere</strong></span> <span class='ocrx_word' id='word_1_27' title='bbox 2695 607 2824 653; x_wconf 91' lang='lat' dir='ltr'><strong>non</strong></span> <span class='ocrx_word' id='word_1_28' title='bbox 2847 590 3165 664; x_wconf 88' lang='lat' dir='ltr'><strong>omittam,</strong></span> <span class='ocrx_word' id='word_1_29' title='bbox 3183 596 3250 652; x_wconf 93' lang='lat' dir='ltr'><strong>ut</strong></span> <span class='ocrx_word' id='word_1_30' title='bbox 3272 590 3381 652; x_wconf 90' lang='lat' dir='ltr'><strong>ille</strong></span> <span class='ocrx_word' id='word_1_31' title='bbox 3404 607 3550 679; x_wconf 72' lang='lat' dir='ltr'><strong>eym</strong></span> 
     </span>
    </p>
   </div>
   <div class='ocr_carea' id='block_1_4' title="bbox 280 707 3552 793">
    <p class='ocr_par' dir='ltr' id='par_1_4' title="bbox 280 707 3552 793">
     <span class='ocr_line' id='line_1_4' title="bbox 280 707 3552 793; baseline 0.002 -26"><span class='ocrx_word' id='word_1_32' title='bbox 280 707 345 768; x_wconf 91' lang='lat' dir='ltr'><strong>in</strong></span> <span class='ocrx_word' id='word_1_33' title='bbox 385 726 577 771; x_wconf 89' lang='lat' dir='ltr'><strong>usum</strong></span> <span class='ocrx_word' id='word_1_34' title='bbox 622 729 813 775; x_wconf 89' lang='lat' dir='ltr'><strong>suum</strong></span> <span class='ocrx_word' id='word_1_35' title='bbox 849 719 1227 777; x_wconf 74' lang='lat' dir='ltr'><strong>convertere</strong></span> <span class='ocrx_word' id='word_1_36' title='bbox 1267 712 1491 793; x_wconf 80' lang='lat' dir='ltr'><strong>possit.</strong></span> <span class='ocrx_word' id='word_1_37' title='bbox 1523 713 1634 773; x_wconf 91' lang='lat' dir='ltr'><strong>Est</strong></span> <span class='ocrx_word' id='word_1_38' title='bbox 1665 716 1879 774; x_wconf 82' lang='lat' dir='ltr'><strong>autem</strong></span> <span class='ocrx_word' id='word_1_39' title='bbox 1909 711 2110 773; x_wconf 88' lang='lat' dir='ltr'><strong>codex</strong></span> <span class='ocrx_word' id='word_1_40' title='bbox 2146 710 2528 783; x_wconf 70' lang='lat' dir='ltr'><strong>membrum,</strong></span> <span class='ocrx_word' id='word_1_41' title='bbox 2554 707 2695 782; x_wconf 85' lang='lat' dir='ltr'><strong>fol.,</strong></span> <span class='ocrx_word' id='word_1_42' title='bbox 2725 708 2979 772; x_wconf 88' lang='lat' dir='ltr'><strong>duabus</strong></span> <span class='ocrx_word' id='word_1_43' title='bbox 3007 709 3324 772; x_wconf 89' lang='lat' dir='ltr'><strong>columnis</strong></span> <span class='ocrx_word' id='word_1_44' title='bbox 3354 727 3552 773; x_wconf 87' lang='lat' dir='ltr'><strong>manu</strong></span> 
     </span>
    </p>
   </div>
   <div class='ocr_carea' id='block_1_5' title="bbox 280 829 3552 912">
    <p class='ocr_par' dir='ltr' id='par_1_5' title="bbox 280 829 3552 912">
     <span class='ocr_line' id='line_1_5' title="bbox 280 829 3552 912; baseline 0.001 -23"><span class='ocrx_word' id='word_1_45' title='bbox 280 829 487 891; x_wconf 90' lang='lat' dir='ltr'><strong>seculi</strong></span> <span class='ocrx_word' id='word_1_46' title='bbox 518 832 668 893; x_wconf 79' lang='lat' dir='ltr'>XIII</span> <span class='ocrx_word' id='word_1_47' title='bbox 702 840 1024 908; x_wconf 88' lang='lat' dir='ltr'><strong>exaratus,</strong></span> <span class='ocrx_word' id='word_1_48' title='bbox 1061 833 1126 895; x_wconf 91' lang='lat' dir='ltr'><strong>in</strong></span> <span class='ocrx_word' id='word_1_49' title='bbox 1152 833 1280 896; x_wconf 83' lang='lat' dir='ltr'><strong>ﬁne</strong></span> <span class='ocrx_word' id='word_1_50' title='bbox 1313 832 1610 895; x_wconf 81' lang='lat' dir='ltr'><strong>mutilus.</strong></span> <span class='ocrx_word' id='word_1_51' title='bbox 1649 831 1912 894; x_wconf 76' lang='lat' dir='ltr'><strong>Constat</strong></span> <span class='ocrx_word' id='word_1_52' title='bbox 1942 829 2118 894; x_wconf 86' lang='lat' dir='ltr'><strong>foliis</strong></span> <span class='ocrx_word' id='word_1_53' title='bbox 2153 833 2292 905; x_wconf 77' lang='grc'><strong>125,</strong></span> <span class='ocrx_word' id='word_1_54' title='bbox 2315 830 2558 912; x_wconf 89' lang='lat' dir='ltr'><strong>quibus</strong></span> <span class='ocrx_word' id='word_1_55' title='bbox 2603 830 2769 893; x_wconf 87' lang='lat' dir='ltr'><strong>varia</strong></span> <span class='ocrx_word' id='word_1_56' title='bbox 2793 830 3120 908; x_wconf 79' lang='lat' dir='ltr'><strong>leguntur.</strong></span> <span class='ocrx_word' id='word_1_57' title='bbox 3155 830 3292 892; x_wconf 90' lang='lat' dir='ltr'><strong>Fol.</strong></span> <span class='ocrx_word' id='word_1_58' title='bbox 3343 831 3444 905; x_wconf 80' lang='lat' dir='ltr'><strong>3t,</strong></span> <span class='ocrx_word' id='word_1_59' title='bbox 3481 835 3552 892; x_wconf 79' lang='lat' dir='ltr'><strong>t-</strong></span> 
     </span>
    </p>
   </div>
   <div class='ocr_carea' id='block_1_6' title="bbox 278 950 3550 1033">
    <p class='ocr_par' dir='ltr' id='par_1_6' title="bbox 278 950 3550 1033">
     <span class='ocr_line' id='line_1_6' title="bbox 278 950 3550 1033; baseline 0.001 -22"><span class='ocrx_word' id='word_1_60' title='bbox 278 951 428 1023; x_wconf 74' lang='lat'><strong>38,2</strong></span> <span class='ocrx_word' id='word_1_61' title='bbox 457 959 668 1014; x_wconf 86' lang='lat' dir='ltr'><strong>exstat</strong></span> <span class='ocrx_word' id='word_1_62' title='bbox 724 953 948 1016; x_wconf 81' lang='lat' dir='ltr'><strong>liber!</strong></span> <span class='ocrx_word' id='word_1_63' title='bbox 995 956 1076 1018; x_wconf 90' lang='lat' dir='ltr'><strong>de</strong></span> <span class='ocrx_word' id='word_1_64' title='bbox 1123 953 1448 1017; x_wconf 86' lang='lat' dir='ltr'><strong>divisione</strong></span> <span class='ocrx_word' id='word_1_65' title='bbox 1508 955 1783 1018; x_wconf 76' lang='lat' dir='ltr'><strong>Natu-rae</strong></span> <span class='ocrx_word' id='word_1_66' title='bbox 1841 969 2047 1032; x_wconf 87' lang='lat' dir='ltr'><strong>usque</strong></span> <span class='ocrx_word' id='word_1_67' title='bbox 2103 953 2186 1015; x_wconf 83' lang='lat' dir='ltr'><strong>ad</strong></span> <span class='ocrx_word' id='word_1_68' title='bbox 2241 969 2379 1033; x_wconf 90' lang='lat' dir='ltr'><strong>cap.</strong></span> <span class='ocrx_word' id='word_1_69' title='bbox 2417 954 2520 1026; x_wconf 75' lang='lat'><strong>32,</strong></span> <span class='ocrx_word' id='word_1_70' title='bbox 2575 952 2641 1013; x_wconf 92' lang='lat' dir='ltr'><strong>in</strong></span> <span class='ocrx_word' id='word_1_71' title='bbox 2701 952 2886 1032; x_wconf 82' lang='lat' dir='ltr'><strong>cujus</strong></span> <span class='ocrx_word' id='word_1_72' title='bbox 2929 951 3070 1013; x_wconf 82' lang='lat' dir='ltr'><strong>‘fine</strong></span> <span class='ocrx_word' id='word_1_73' title='bbox 3122 950 3550 1029; x_wconf 72' lang='lat' dir='ltr'><strong>fragmentum</strong></span> 
     </span>
    </p>
   </div>
   <div class='ocr_carea' id='block_1_7' title="bbox 279 1069 3550 1152">
    <p class='ocr_par' dir='ltr' id='par_1_7' title="bbox 279 1069 3550 1152">
     <span class='ocr_line' id='line_1_7' title="bbox 279 1069 3550 1152; baseline 0.001 -26"><span class='ocrx_word' id='word_1_74' title='bbox 279 1070 550 1133; x_wconf 80' lang='lat' dir='ltr'><strong>verbis:</strong></span> <span class='ocrx_word' id='word_1_75' title='bbox 591 1072 809 1134; x_wconf 85' lang='lat' dir='ltr'><strong>Omnis</strong></span> <span class='ocrx_word' id='word_1_76' title='bbox 842 1070 1150 1152; x_wconf 74' lang='lat' dir='ltr'><strong>siquidem</strong></span> <span class='ocrx_word' id='word_1_77' title='bbox 1194 1079 1430 1133; x_wconf 68' lang='lat' dir='ltr'><strong>natura</strong></span> <span class='ocrx_word' id='word_1_78' title='bbox 1477 1090 1584 1132; x_wconf 83' lang='lat' dir='ltr'><strong>seu</strong></span> <span class='ocrx_word' id='word_1_79' title='bbox 1639 1071 2047 1140; x_wconf 79' lang='lat' dir='ltr'><strong>essentiarum</strong></span> <span class='ocrx_word' id='word_1_80' title='bbox 2090 1090 2197 1132; x_wconf 85' lang='lat' dir='ltr'><strong>seu</strong></span> <span class='ocrx_word' id='word_1_81' title='bbox 2249 1071 2665 1134; x_wconf 81' lang='lat' dir='ltr'><strong>accidentium</strong></span> <span class='ocrx_word' id='word_1_82' title='bbox 2711 1069 3118 1143; x_wconf 72' lang='lat' dir='ltr'><strong>immutabilis</strong></span> <span class='ocrx_word' id='word_1_83' title='bbox 3169 1079 3256 1130; x_wconf 85' lang='lat' dir='ltr'><strong>est</strong></span> <span class='ocrx_word' id='word_1_84' title='bbox 3311 1071 3550 1132; x_wconf 79' lang='lat' dir='ltr'><strong>finitur.</strong></span> 
     </span>
    </p>
   </div>
   <div class='ocr_carea' id='block_1_8' title="bbox 273 1191 3555 1277">
    <p class='ocr_par' dir='ltr' id='par_1_8' title="bbox 273 1191 3555 1277">
     <span class='ocr_line' id='line_1_8' title="bbox 273 1191 3555 1277; baseline 0 -24"><span class='ocrx_word' id='word_1_85' title='bbox 273 1192 468 1266; x_wconf 85' lang='lat' dir='ltr'><strong>Quod</strong></span> <span class='ocrx_word' id='word_1_86' title='bbox 503 1193 631 1256; x_wconf 92' lang='lat' dir='ltr'><strong>iam</strong></span> <span class='ocrx_word' id='word_1_87' title='bbox 669 1193 897 1268; x_wconf 89' lang='lat' dir='ltr'><strong>tribus,</strong></span> <span class='ocrx_word' id='word_1_88' title='bbox 926 1209 1096 1277; x_wconf 83' lang='lat' dir='ltr'><strong>quos</strong></span> <span class='ocrx_word' id='word_1_89' title='bbox 1129 1211 1320 1274; x_wconf 83' lang='lat' dir='ltr'><strong>supra</strong></span> <span class='ocrx_word' id='word_1_90' title='bbox 1353 1197 1381 1268; x_wconf 83' lang='lat'><strong>§</strong></span> <span class='ocrx_word' id='word_1_91' title='bbox 1415 1194 1483 1254; x_wconf 90' lang='grc'><strong>11</strong></span> <span class='ocrx_word' id='word_1_92' title='bbox 1534 1191 1814 1263; x_wconf 81' lang='lat' dir='ltr'><strong>laudavi,</strong></span> <span class='ocrx_word' id='word_1_93' title='bbox 1855 1191 2184 1254; x_wconf 77' lang='lat' dir='ltr'><strong>codicibus</strong></span> <span class='ocrx_word' id='word_1_94' title='bbox 2216 1191 2597 1254; x_wconf 80' lang='lat' dir='ltr'><strong>examinatis</strong></span> <span class='ocrx_word' id='word_1_95' title='bbox 2668 1192 2948 1271; x_wconf 78' lang='lat' dir='ltr'><strong>neglexi.</strong></span> <span class='ocrx_word' id='word_1_96' title='bbox 3007 1194 3143 1255; x_wconf 87' lang='lat' dir='ltr'><strong>Fol.</strong></span> <span class='ocrx_word' id='word_1_97' title='bbox 3195 1193 3555 1268; x_wconf 57' lang='lat' dir='ltr'><strong>IVLI-115,2</strong></span> 
     </span>
    </p>
   </div>
   <div class='ocr_carea' id='block_1_9' title="bbox 275 1313 3556 1396">
    <p class='ocr_par' dir='ltr' id='par_1_9' title="bbox 275 1313 3556 1396">
     <span class='ocr_line' id='line_1_9' title="bbox 275 1313 3556 1396; baseline 0 -22"><span class='ocrx_word' id='word_1_98' title='bbox 275 1319 502 1377; x_wconf 80' lang='lat' dir='ltr'><strong>extant</strong></span> <span class='ocrx_word' id='word_1_99' title='bbox 554 1313 1010 1375; x_wconf 73' lang='lat' dir='ltr'><strong>Annotattones</strong></span> <span class='ocrx_word' id='word_1_100' title='bbox 1059 1317 1127 1376; x_wconf 84' lang='lat' dir='ltr'><strong>in</strong></span> <span class='ocrx_word' id='word_1_101' title='bbox 1172 1315 1596 1386; x_wconf 85' lang='lat' dir='ltr'><strong>Martianum,</strong></span> <span class='ocrx_word' id='word_1_102' title='bbox 1636 1331 1796 1394; x_wconf 80' lang='lat' dir='ltr'><strong>quas</strong></span> <span class='ocrx_word' id='word_1_103' title='bbox 1843 1314 2109 1374; x_wconf 82' lang='lat' dir='ltr'><strong>Joannis</strong></span> <span class='ocrx_word' id='word_1_104' title='bbox 2147 1313 2314 1375; x_wconf 86' lang='lat' dir='ltr'><strong>Scoti</strong></span> <span class='ocrx_word' id='word_1_105' title='bbox 2365 1330 2508 1376; x_wconf 88' lang='lat' dir='ltr'><strong>esse</strong></span> <span class='ocrx_word' id='word_1_106' title='bbox 2561 1314 2878 1389; x_wconf 86' lang='lat' dir='ltr'><strong>suspicor.</strong></span> <span class='ocrx_word' id='word_1_107' title='bbox 2918 1315 3242 1393; x_wconf 85' lang='lat' dir='ltr'><strong>Incipiunt</strong></span> <span class='ocrx_word' id='word_1_108' title='bbox 3280 1336 3296 1373; x_wconf 90' lang='lat'><strong>:</strong></span> <span class='ocrx_word' id='word_1_109' title='bbox 3346 1316 3556 1396; x_wconf 78' lang='lat' dir='ltr'><strong>Hujus</strong></span> 
     </span>
    </p>
   </div>
   <div class='ocr_carea' id='block_1_10' title="bbox 273 1434 3552 1522">
    <p class='ocr_par' dir='ltr' id='par_1_10' title="bbox 273 1434 3552 1522">
     <span class='ocr_line' id='line_1_10' title="bbox 273 1434 3552 1522; baseline -0.001 -24"><span class='ocrx_word' id='word_1_110' title='bbox 273 1437 529 1522; x_wconf 76' lang='lat' dir='ltr'><strong>fabulae</strong></span> <span class='ocrx_word' id='word_1_111' title='bbox 546 1445 861 1499; x_wconf 79' lang='lat' dir='ltr'><strong>auctorem</strong></span> <span class='ocrx_word' id='word_1_112' title='bbox 887 1438 1277 1500; x_wconf 86' lang='lat' dir='ltr'><strong>Martianum</strong></span> <span class='ocrx_word' id='word_1_113' title='bbox 1299 1436 1713 1516; x_wconf 75' lang='lat' dir='ltr'><strong>comperimus</strong></span> <span class='ocrx_word' id='word_1_114' title='bbox 1739 1435 1940 1516; x_wconf 78' lang='lat' dir='ltr'><strong>fuisse</strong></span> <span class='ocrx_word' id='word_1_115' title='bbox 1971 1434 2542 1513; x_wconf 69' lang='lat' dir='ltr'><strong>Carthaginiensem</strong></span> <span class='ocrx_word' id='word_1_116' title='bbox 2573 1456 2810 1516; x_wconf 78' lang='lat' dir='ltr'><strong>genere,</strong></span> <span class='ocrx_word' id='word_1_117' title='bbox 2835 1457 2942 1498; x_wconf 79' lang='lat' dir='ltr'><strong>nec</strong></span> <span class='ocrx_word' id='word_1_118' title='bbox 2969 1455 3097 1498; x_wconf 88' lang='lat' dir='ltr'><strong>non</strong></span> <span class='ocrx_word' id='word_1_119' title='bbox 3124 1445 3178 1496; x_wconf 85' lang='lat' dir='ltr'><strong>et</strong></span> <span class='ocrx_word' id='word_1_120' title='bbox 3207 1437 3552 1498; x_wconf 82' lang='lat' dir='ltr'><strong>Romanum</strong></span> 
     </span>
    </p>
   </div>
   <div class='ocr_carea' id='block_1_11' title="bbox 271 1556 3550 1635">
    <p class='ocr_par' dir='ltr' id='par_1_11' title="bbox 271 1556 3550 1635">
     <span class='ocr_line' id='line_1_11' title="bbox 271 1556 3550 1635; baseline -0.001 -15"><span class='ocrx_word' id='word_1_121' title='bbox 271 1560 496 1632; x_wconf 81' lang='lat' dir='ltr'><strong>civem,</strong></span> <span class='ocrx_word' id='word_1_122' title='bbox 522 1557 686 1619; x_wconf 85' lang='lat' dir='ltr'><strong>unde</strong></span> <span class='ocrx_word' id='word_1_123' title='bbox 707 1567 762 1618; x_wconf 90' lang='lat' dir='ltr'><strong>et</strong></span> <span class='ocrx_word' id='word_1_124' title='bbox 793 1557 1016 1620; x_wconf 84' lang='lat' dir='ltr'><strong>latiari</strong></span> <span class='ocrx_word' id='word_1_125' title='bbox 1042 1560 1178 1620; x_wconf 87' lang='lat' dir='ltr'><strong>ritu</strong></span> <span class='ocrx_word' id='word_1_126' title='bbox 1217 1567 1622 1631; x_wconf 89' lang='lat' dir='ltr'><strong>tetronomos,</strong></span> <span class='ocrx_word' id='word_1_127' title='bbox 1645 1556 1760 1617; x_wconf 85' lang='lat' dir='ltr'><strong>hoc</strong></span> <span class='ocrx_word' id='word_1_128' title='bbox 1790 1563 1903 1630; x_wconf 86' lang='lat' dir='ltr'><strong>est,</strong></span> <span class='ocrx_word' id='word_1_129' title='bbox 1941 1562 2246 1635; x_wconf 79' lang='lat' dir='ltr'><strong>quattuor</strong></span> <span class='ocrx_word' id='word_1_130' title='bbox 2271 1557 2630 1618; x_wconf 74' lang='lat' dir='ltr'><strong>nominibus</strong></span> <span class='ocrx_word' id='word_1_131' title='bbox 2651 1559 3013 1621; x_wconf 88' lang='lat' dir='ltr'><strong>nominatus</strong></span> <span class='ocrx_word' id='word_1_132' title='bbox 3043 1566 3152 1633; x_wconf 88' lang='lat' dir='ltr'><strong>est,</strong></span> <span class='ocrx_word' id='word_1_133' title='bbox 3190 1559 3550 1622; x_wconf 83' lang='lat' dir='ltr'><strong>Martianus</strong></span> 
     </span>
    </p>
   </div>
   <div class='ocr_carea' id='block_1_12' title="bbox 269 1674 3545 1758">
    <p class='ocr_par' dir='ltr' id='par_1_12' title="bbox 269 1674 3545 1758">
     <span class='ocr_line' id='line_1_12' title="bbox 269 1674 3545 1758; baseline 0.003 -21"><span class='ocrx_word' id='word_1_134' title='bbox 269 1694 532 1758; x_wconf 79' lang='lat' dir='ltr'><strong>quippe,</strong></span> <span class='ocrx_word' id='word_1_135' title='bbox 565 1676 836 1749; x_wconf 82' lang='lat' dir='ltr'><strong>Mineus,</strong></span> <span class='ocrx_word' id='word_1_136' title='bbox 871 1674 1062 1737; x_wconf 80' lang='lat' dir='ltr'><strong>Felix</strong></span> <span class='ocrx_word' id='word_1_137' title='bbox 1097 1683 1152 1737; x_wconf 89' lang='lat' dir='ltr'><strong>et</strong></span> <span class='ocrx_word' id='word_1_138' title='bbox 1185 1675 1436 1756; x_wconf 78' lang='lat' dir='ltr'><strong>Capella</strong></span> <span class='ocrx_word' id='word_1_139' title='bbox 1465 1683 1747 1738; x_wconf 82' lang='lat' dir='ltr'><strong>vocatus.</strong></span> <span class='ocrx_word' id='word_1_140' title='bbox 1805 1675 2169 1737; x_wconf 81' lang='lat' dir='ltr'><strong>Martianus</strong></span> <span class='ocrx_word' id='word_1_141' title='bbox 2199 1674 2446 1753; x_wconf 82' lang='lat' dir='ltr'><strong>quidem</strong></span> <span class='ocrx_word' id='word_1_142' title='bbox 2485 1678 2755 1756; x_wconf 81' lang='lat' dir='ltr'><strong>proprio</strong></span> <span class='ocrx_word' id='word_1_143' title='bbox 2799 1684 3086 1753; x_wconf 84' lang='lat' dir='ltr'><strong>nomine;</strong></span> <span class='ocrx_word' id='word_1_144' title='bbox 3123 1685 3371 1746; x_wconf 84' lang='lat' dir='ltr'><strong>Mineus</strong></span> <span class='ocrx_word' id='word_1_145' title='bbox 3401 1703 3545 1747; x_wconf 86' lang='lat' dir='ltr'><strong>vero</strong></span> 
     </span>
    </p>
   </div>
   <div class='ocr_carea' id='block_1_13' title="bbox 273 1796 3559 1884">
    <p class='ocr_par' dir='ltr' id='par_1_13' title="bbox 273 1796 3559 1884">
     <span class='ocr_line' id='line_1_13' title="bbox 273 1796 3559 1884; baseline 0.001 -20"><span class='ocrx_word' id='word_1_146' title='bbox 273 1822 354 1865; x_wconf 81' lang='lat' dir='ltr'><strong>ex</strong></span> <span class='ocrx_word' id='word_1_147' title='bbox 383 1802 623 1877; x_wconf 88' lang='lat' dir='ltr'><strong>colore,</strong></span> <span class='ocrx_word' id='word_1_148' title='bbox 659 1809 731 1863; x_wconf 89' lang='lat' dir='ltr'><strong>ut</strong></span> <span class='ocrx_word' id='word_1_149' title='bbox 763 1800 973 1874; x_wconf 86' lang='lat' dir='ltr'><strong>aiunt,</strong></span> <span class='ocrx_word' id='word_1_150' title='bbox 1003 1799 1153 1880; x_wconf 86' lang='lat' dir='ltr'><strong>quia</strong></span> <span class='ocrx_word' id='word_1_151' title='bbox 1186 1800 1374 1879; x_wconf 81' lang='lat' dir='ltr'><strong>rufus</strong></span> <span class='ocrx_word' id='word_1_152' title='bbox 1406 1805 1572 1866; x_wconf 88' lang='lat' dir='ltr'><strong>erat;</strong></span> <span class='ocrx_word' id='word_1_153' title='bbox 1604 1797 1791 1858; x_wconf 88' lang='lat' dir='ltr'><strong>Felix</strong></span> <span class='ocrx_word' id='word_1_154' title='bbox 1823 1797 2154 1872; x_wconf 82' lang='lat' dir='ltr'><strong>nescimus,</strong></span> <span class='ocrx_word' id='word_1_155' title='bbox 2201 1796 2547 1877; x_wconf 79' lang='lat' dir='ltr'><strong>[eliciterne</strong></span> <span class='ocrx_word' id='word_1_156' title='bbox 2587 1800 2757 1861; x_wconf 86' lang='lat' dir='ltr'><strong>vixit</strong></span> <span class='ocrx_word' id='word_1_157' title='bbox 2789 1820 3012 1870; x_wconf 87' lang='lat' dir='ltr'><strong>necne;</strong></span> <span class='ocrx_word' id='word_1_158' title='bbox 3050 1802 3324 1884; x_wconf 79' lang='lat' dir='ltr'><strong>Capella</strong></span> <span class='ocrx_word' id='word_1_159' title='bbox 3355 1810 3559 1866; x_wconf 83' lang='lat' dir='ltr'><strong>autem</strong></span> 
     </span>
    </p>
   </div>
   <div class='ocr_carea' id='block_1_14' title="bbox 280 1917 3558 2003">
    <p class='ocr_par' dir='ltr' id='par_1_14' title="bbox 280 1917 3558 2003">
     <span class='ocr_line' id='line_1_14' title="bbox 280 1917 3558 2003; baseline -0 -19"><span class='ocrx_word' id='word_1_160' title='bbox 280 1924 431 2003; x_wconf 87' lang='lat' dir='ltr'><strong>quia</strong></span> <span class='ocrx_word' id='word_1_161' title='bbox 468 1923 560 1985; x_wconf 88' lang='lat' dir='ltr'><strong>sic</strong></span> <span class='ocrx_word' id='word_1_162' title='bbox 600 1921 897 2003; x_wconf 85' lang='lat' dir='ltr'><strong>quaedam</strong></span> <span class='ocrx_word' id='word_1_163' title='bbox 928 1925 1169 1998; x_wconf 82' lang='lat' dir='ltr'><strong>satyro,</strong></span> <span class='ocrx_word' id='word_1_164' title='bbox 1217 1917 1346 1978; x_wconf 87' lang='lat' dir='ltr'><strong>sive</strong></span> <span class='ocrx_word' id='word_1_165' title='bbox 1389 1917 1620 1979; x_wconf 88' lang='lat' dir='ltr'><strong>nutrix</strong></span> <span class='ocrx_word' id='word_1_166' title='bbox 1669 1917 1801 1997; x_wconf 85' lang='lat' dir='ltr'><strong>ejus</strong></span> <span class='ocrx_word' id='word_1_167' title='bbox 1847 1917 1974 1978; x_wconf 85' lang='lat' dir='ltr'><strong>sive</strong></span> <span class='ocrx_word' id='word_1_168' title='bbox 2013 1917 2409 1980; x_wconf 86' lang='lat' dir='ltr'><strong>admonitrix</strong></span> <span class='ocrx_word' id='word_1_169' title='bbox 2434 1921 2658 2000; x_wconf 75' lang='lat' dir='ltr'><strong>fuerit,</strong></span> <span class='ocrx_word' id='word_1_170' title='bbox 2691 1921 2828 1983; x_wconf 84' lang='lat' dir='ltr'><strong>suis</strong></span> <span class='ocrx_word' id='word_1_171' title='bbox 2875 1923 3132 2002; x_wconf 84' lang='lat' dir='ltr'><strong>scriptis</strong></span> <span class='ocrx_word' id='word_1_172' title='bbox 3179 1942 3320 1985; x_wconf 86' lang='lat' dir='ltr'><strong>nam</strong></span> <span class='ocrx_word' id='word_1_173' title='bbox 3341 1932 3558 2003; x_wconf 81' lang='lat' dir='ltr'><strong>aperte</strong></span> 
     </span>
    </p>
   </div>
   <div class='ocr_carea' id='block_1_15' title="bbox 271 2043 3556 2126">
    <p class='ocr_par' dir='ltr' id='par_1_15' title="bbox 271 2043 3556 2126">
     <span class='ocr_line' id='line_1_15' title="bbox 271 2043 3556 2126; baseline -0.002 -19"><span class='ocrx_word' id='word_1_174' title='bbox 271 2054 478 2126; x_wconf 80' lang='lat' dir='ltr'><strong>patet,</strong></span> <span class='ocrx_word' id='word_1_175' title='bbox 521 2067 655 2110; x_wconf 88' lang='lat' dir='ltr'><strong>eum</strong></span> <span class='ocrx_word' id='word_1_176' title='bbox 703 2046 1052 2109; x_wconf 82' lang='lat' dir='ltr'><strong>nominavit</strong></span> <span class='ocrx_word' id='word_1_177' title='bbox 1106 2052 1227 2109; x_wconf 89' lang='lat' dir='ltr'><strong>cet.</strong></span> <span class='ocrx_word' id='word_1_178' title='bbox 1294 2045 1428 2110; x_wconf 86' lang='lat' dir='ltr'><strong>Fol.</strong></span> <span class='ocrx_word' id='word_1_179' title='bbox 1467 2047 1569 2120; x_wconf 87' lang='lat'><strong>67,</strong></span> <span class='ocrx_word' id='word_1_180' title='bbox 1625 2047 1666 2107; x_wconf 81' lang='grc'>2</span> <span class='ocrx_word' id='word_1_181' title='bbox 1713 2045 1996 2124; x_wconf 78' lang='lat' dir='ltr'><strong>legitur:</strong></span> <span class='ocrx_word' id='word_1_182' title='bbox 2028 2045 2270 2125; x_wconf 75' lang='lat' dir='ltr'><strong>Incipit</strong></span> <span class='ocrx_word' id='word_1_183' title='bbox 2327 2048 2643 2126; x_wconf 75' lang='lat' dir='ltr'><strong>expositio</strong></span> <span class='ocrx_word' id='word_1_184' title='bbox 2685 2045 2940 2111; x_wconf 71' lang='lat' dir='ltr'><strong>srcundi</strong></span> <span class='ocrx_word' id='word_1_185' title='bbox 2987 2043 3139 2106; x_wconf 84' lang='lat' dir='ltr'><strong>libri</strong></span> <span class='ocrx_word' id='word_1_186' title='bbox 3187 2043 3556 2122; x_wconf 80' lang='lat' dir='ltr'><strong>nuptiarum</strong></span> 
     </span>
    </p>
   </div>
   <div class='ocr_carea' id='block_1_16' title="bbox 273 2161 3556 2247">
    <p class='ocr_par' dir='ltr' id='par_1_16' title="bbox 273 2161 3556 2247">
     <span class='ocr_line' id='line_1_16' title="bbox 273 2161 3556 2247; baseline -0.002 -20"><span class='ocrx_word' id='word_1_187' title='bbox 273 2164 674 2246; x_wconf 80' lang='lat' dir='ltr'><strong>Philologiae</strong></span> <span class='ocrx_word' id='word_1_188' title='bbox 719 2176 777 2228; x_wconf 83' lang='lat' dir='ltr'><strong>et</strong></span> <span class='ocrx_word' id='word_1_189' title='bbox 807 2163 1150 2232; x_wconf 79' lang='lat' dir='ltr'><strong>Mercurii;</strong></span> <span class='ocrx_word' id='word_1_190' title='bbox 1199 2162 1310 2226; x_wconf 88' lang='lat' dir='ltr'><strong>fol.</strong></span> <span class='ocrx_word' id='word_1_191' title='bbox 1343 2165 1443 2237; x_wconf 85' lang='lat'><strong>89,</strong></span> <span class='ocrx_word' id='word_1_192' title='bbox 1474 2165 1514 2225; x_wconf 80' lang='lat'><strong>2</strong></span> <span class='ocrx_word' id='word_1_193' title='bbox 1559 2164 1741 2225; x_wconf 83' lang='lat' dir='ltr'><strong>Finit</strong></span> <span class='ocrx_word' id='word_1_194' title='bbox 1777 2161 1849 2225; x_wconf 87' lang='lat' dir='ltr'><strong>de</strong></span> <span class='ocrx_word' id='word_1_195' title='bbox 1878 2163 2228 2233; x_wconf 82' lang='lat' dir='ltr'><strong>rethorica;</strong></span> <span class='ocrx_word' id='word_1_196' title='bbox 2286 2164 2398 2228; x_wconf 87' lang='lat' dir='ltr'><strong>fol.</strong></span> <span class='ocrx_word' id='word_1_197' title='bbox 2433 2167 2535 2238; x_wconf 83' lang='lat'><strong>90,</strong></span> <span class='ocrx_word' id='word_1_198' title='bbox 2575 2167 2615 2226; x_wconf 75' lang='lat'><strong><em>2</em></strong></span> <span class='ocrx_word' id='word_1_199' title='bbox 2661 2167 2989 2247; x_wconf 84' lang='lat' dir='ltr'><strong>Incipiunt</strong></span> <span class='ocrx_word' id='word_1_200' title='bbox 3044 2166 3190 2226; x_wconf 87' lang='lat' dir='ltr'><strong>haec</strong></span> <span class='ocrx_word' id='word_1_201' title='bbox 3222 2180 3432 2243; x_wconf 80' lang='lat' dir='ltr'><strong>pauca</strong></span> <span class='ocrx_word' id='word_1_202' title='bbox 3488 2163 3556 2223; x_wconf 85' lang='lat' dir='ltr'><strong>in</strong></span> 
     </span>
    </p>
   </div>
   <div class='ocr_carea' id='block_1_17' title="bbox 273 2293 3546 2384">
    <p class='ocr_par' dir='ltr' id='par_1_17' title="bbox 273 2293 3546 2384">
     <span class='ocr_line' id='line_1_17' title="bbox 273 2293 3546 2384; baseline -0 -29"><span class='ocrx_word' id='word_1_203' title='bbox 273 2295 590 2357; x_wconf 74' lang='lat' dir='ltr'><strong>Mart-iani</strong></span> <span class='ocrx_word' id='word_1_204' title='bbox 639 2295 1068 2375; x_wconf 79' lang='lat' dir='ltr'><strong>geometriam;</strong></span> <span class='ocrx_word' id='word_1_205' title='bbox 1110 2295 1223 2360; x_wconf 80' lang='lat' dir='ltr'><strong>fol.</strong></span> <span class='ocrx_word' id='word_1_206' title='bbox 1263 2299 1365 2384; x_wconf 63' lang='lat'><strong>97,</strong></span> <span class='ocrx_word' id='word_1_207' title='bbox 1394 2299 1434 2357; x_wconf 76' lang='grc'>2</span> <span class='ocrx_word' id='word_1_208' title='bbox 1467 2297 1640 2357; x_wconf 84' lang='lat' dir='ltr'><strong>Finit</strong></span> <span class='ocrx_word' id='word_1_209' title='bbox 1675 2293 1748 2355; x_wconf 90' lang='lat' dir='ltr'><strong>de</strong></span> <span class='ocrx_word' id='word_1_210' title='bbox 1777 2295 2162 2374; x_wconf 77' lang='lat' dir='ltr'><strong>geometria:</strong></span> <span class='ocrx_word' id='word_1_211' title='bbox 2195 2295 2426 2375; x_wconf 83' lang='lat' dir='ltr'><strong>incipit</strong></span> <span class='ocrx_word' id='word_1_212' title='bbox 2469 2295 2542 2358; x_wconf 87' lang='lat' dir='ltr'><strong>de</strong></span> <span class='ocrx_word' id='word_1_213' title='bbox 2585 2297 3026 2366; x_wconf 78' lang='lat' dir='ltr'><strong>arithmetica;</strong></span> <span class='ocrx_word' id='word_1_214' title='bbox 3065 2295 3175 2360; x_wconf 87' lang='lat' dir='ltr'><strong>fol.</strong></span> <span class='ocrx_word' id='word_1_215' title='bbox 3212 2297 3350 2368; x_wconf 81' lang='grc'><strong>107,</strong></span> <span class='ocrx_word' id='word_1_216' title='bbox 3379 2296 3422 2356; x_wconf 75' lang='grc'>2</span> <span class='ocrx_word' id='word_1_217' title='bbox 3469 2295 3546 2354; x_wconf 85' lang='lat' dir='ltr'><strong>In</strong></span> 
     </span>
    </p>
   </div>
   <div class='ocr_carea' id='block_1_18' title="bbox 272 2423 3553 2506">
    <p class='ocr_par' dir='ltr' id='par_1_18' title="bbox 272 2423 3553 2506">
     <span class='ocr_line' id='line_1_18' title="bbox 272 2423 3553 2506; baseline -0.002 -18"><span class='ocrx_word' id='word_1_218' title='bbox 272 2427 576 2488; x_wconf 84' lang='lat' dir='ltr'><strong>musicam</strong></span> <span class='ocrx_word' id='word_1_219' title='bbox 631 2423 945 2486; x_wconf 83' lang='lat' dir='ltr'><strong>Martiani</strong></span> <span class='ocrx_word' id='word_1_220' title='bbox 990 2424 1136 2487; x_wconf 88' lang='lat' dir='ltr'><strong>haec</strong></span> <span class='ocrx_word' id='word_1_221' title='bbox 1183 2445 1414 2506; x_wconf 87' lang='lat' dir='ltr'><strong>pauca.</strong></span> <span class='ocrx_word' id='word_1_222' title='bbox 1470 2426 1825 2488; x_wconf 87' lang='lat' dir='ltr'><strong>Finiuntur</strong></span> <span class='ocrx_word' id='word_1_223' title='bbox 1873 2425 2323 2488; x_wconf 83' lang='lat' dir='ltr'><strong>commentarii</strong></span> <span class='ocrx_word' id='word_1_224' title='bbox 2382 2425 2494 2490; x_wconf 87' lang='lat' dir='ltr'><strong>fol.</strong></span> <span class='ocrx_word' id='word_1_225' title='bbox 2537 2428 2675 2502; x_wconf 77' lang='grc'><strong>115,</strong></span> <span class='ocrx_word' id='word_1_226' title='bbox 2707 2430 2748 2489; x_wconf 75' lang='lat'><strong>2</strong></span> <span class='ocrx_word' id='word_1_227' title='bbox 2796 2428 2896 2490; x_wconf 87' lang='lat' dir='ltr'><strong>his</strong></span> <span class='ocrx_word' id='word_1_228' title='bbox 2930 2427 3191 2491; x_wconf 82' lang='lat' dir='ltr'><strong>verbis:</strong></span> <span class='ocrx_word' id='word_1_229' title='bbox 3225 2427 3553 2487; x_wconf 77' lang='lat' dir='ltr'><strong>Decertum</strong></span> 
     </span>
    </p>
   </div>
   <div class='ocr_carea' id='block_1_19' title="bbox 278 2549 3546 2641">
    <p class='ocr_par' dir='ltr' id='par_1_19' title="bbox 278 2549 3546 2641">
     <span class='ocr_line' id='line_1_19' title="bbox 278 2549 3546 2641; baseline -0.002 -21"><span class='ocrx_word' id='word_1_230' title='bbox 278 2561 322 2620; x_wconf 87' lang='lat' dir='ltr'><strong>i.</strong></span> <span class='ocrx_word' id='word_1_231' title='bbox 367 2579 417 2620; x_wconf 90' lang='lat' dir='ltr'><strong>e.</strong></span> <span class='ocrx_word' id='word_1_232' title='bbox 479 2565 880 2631; x_wconf 77' lang='lat' dir='ltr'><strong>decertatum.</strong></span> <span class='ocrx_word' id='word_1_233' title='bbox 941 2565 1096 2630; x_wconf 85' lang='lat' dir='ltr'><strong>Urbs</strong></span> <span class='ocrx_word' id='word_1_234' title='bbox 1129 2560 1339 2627; x_wconf 87' lang='lat' dir='ltr'><strong>Elisac</strong></span> <span class='ocrx_word' id='word_1_235' title='bbox 1377 2565 1422 2626; x_wconf 92' lang='lat' dir='ltr'><strong>i.</strong></span> <span class='ocrx_word' id='word_1_236' title='bbox 1461 2583 1508 2625; x_wconf 88' lang='lat' dir='ltr'><strong>e.</strong></span> <span class='ocrx_word' id='word_1_237' title='bbox 1546 2559 1886 2641; x_wconf 85' lang='lat' dir='ltr'><strong>Carthago.</strong></span> <span class='ocrx_word' id='word_1_238' title='bbox 1942 2549 2361 2638; x_wconf 76' lang='lat' dir='ltr'><strong>Iugariorum</strong></span> <span class='ocrx_word' id='word_1_239' title='bbox 2409 2561 2455 2622; x_wconf 46' lang='lat' dir='ltr'><strong>i».</strong></span> <span class='ocrx_word' id='word_1_240' title='bbox 2499 2581 2548 2623; x_wconf 87' lang='lat' dir='ltr'><strong>e.</strong></span> <span class='ocrx_word' id='word_1_241' title='bbox 2601 2560 2674 2621; x_wconf 84' lang='lat' dir='ltr'><strong>de</strong></span> <span class='ocrx_word' id='word_1_242' title='bbox 2717 2561 2990 2641; x_wconf 86' lang='lat' dir='ltr'><strong>Jugaria</strong></span> <span class='ocrx_word' id='word_1_243' title='bbox 3039 2557 3374 2640; x_wconf 83' lang='lat' dir='ltr'><strong>provincia</strong></span> <span class='ocrx_word' id='word_1_244' title='bbox 3419 2555 3546 2636; x_wconf 81' lang='lat' dir='ltr'><strong>fuit</strong></span> 
     </span>
    </p>
   </div>
   <div class='ocr_carea' id='block_1_20' title="bbox 276 2669 3543 2782">
    <p class='ocr_par' dir='ltr' id='par_1_20' title="bbox 276 2669 3543 2782">
     <span class='ocr_line' id='line_1_20' title="bbox 276 2669 3543 2782; baseline -0.002 -35"><span class='ocrx_word' id='word_1_245' title='bbox 276 2669 660 2754; x_wconf 81' lang='lat' dir='ltr'><strong>Martianus.</strong></span> <span class='ocrx_word' id='word_1_246' title='bbox 692 2689 1051 2759; x_wconf 85' lang='lat' dir='ltr'><strong>Marcidam</strong></span> <span class='ocrx_word' id='word_1_247' title='bbox 1083 2713 1130 2758; x_wconf 75' lang='grc' dir='ltr'><strong>ι.</strong></span> <span class='ocrx_word' id='word_1_248' title='bbox 1171 2713 1223 2755; x_wconf 81' lang='lat' dir='ltr'><strong>c.</strong></span> <span class='ocrx_word' id='word_1_249' title='bbox 1256 2695 1598 2774; x_wconf 84' lang='lat' dir='ltr'><strong>antiquam.</strong></span> <span class='ocrx_word' id='word_1_250' title='bbox 1628 2692 1978 2766; x_wconf 78' lang='lat' dir='ltr'><strong>Veternum,</strong></span> <span class='ocrx_word' id='word_1_251' title='bbox 2011 2691 2364 2771; x_wconf 86' lang='lat' dir='ltr'><strong>antiquum.</strong></span> <span class='ocrx_word' id='word_1_252' title='bbox 2399 2689 2692 2770; x_wconf 86' lang='lat' dir='ltr'><strong>Explicit</strong></span> <span class='ocrx_word' id='word_1_253' title='bbox 2732 2691 2874 2752; x_wconf 88' lang='lat' dir='ltr'><strong>item</strong></span> <span class='ocrx_word' id='word_1_254' title='bbox 2911 2690 3135 2752; x_wconf 87' lang='lat' dir='ltr'><strong>Glossa</strong></span> <span class='ocrx_word' id='word_1_255' title='bbox 3161 2687 3237 2749; x_wconf 85' lang='lat' dir='ltr'><strong>de</strong></span> <span class='ocrx_word' id='word_1_256' title='bbox 3275 2685 3543 2782; x_wconf 75' lang='lat' dir='ltr'><strong>Musica.</strong></span> 
     </span>
    </p>
   </div>
   <div class='ocr_carea' id='block_1_21' title="bbox 277 2820 2965 2906">
    <p class='ocr_par' dir='ltr' id='par_1_21' title="bbox 277 2820 2965 2906">
     <span class='ocr_line' id='line_1_21' title="bbox 277 2820 2965 2906; baseline -0.006 -13"><span class='ocrx_word' id='word_1_257' title='bbox 277 2833 392 2898; x_wconf 62' lang='grc' dir='ltr'><strong>Θαίς»</strong></span> <span class='ocrx_word' id='word_1_258' title='bbox 414 2849 606 2904; x_wconf 75' lang='grc' dir='ltr'><strong>χαρις.</strong></span> <span class='ocrx_word' id='word_1_259' title='bbox 648 2823 826 2898; x_wconf 87' lang='lat' dir='ltr'><strong>Quae</strong></span> <span class='ocrx_word' id='word_1_260' title='bbox 859 2844 1067 2906; x_wconf 88' lang='lat' dir='ltr'><strong>usque</strong></span> <span class='ocrx_word' id='word_1_261' title='bbox 1102 2826 1179 2889; x_wconf 90' lang='lat' dir='ltr'><strong>ad</strong></span> <span class='ocrx_word' id='word_1_262' title='bbox 1211 2825 1399 2888; x_wconf 83' lang='lat' dir='ltr'><strong>ﬁnem</strong></span> <span class='ocrx_word' id='word_1_263' title='bbox 1438 2821 1677 2886; x_wconf 89' lang='lat' dir='ltr'><strong>codicis</strong></span> <span class='ocrx_word' id='word_1_264' title='bbox 1715 2827 2102 2901; x_wconf 84' lang='lat' dir='ltr'><strong>sequuntur,</strong></span> <span class='ocrx_word' id='word_1_265' title='bbox 2133 2820 2257 2884; x_wconf 88' lang='lat' dir='ltr'><strong>alia</strong></span> <span class='ocrx_word' id='word_1_266' title='bbox 2294 2838 2488 2883; x_wconf 90' lang='lat' dir='ltr'><strong>manu</strong></span> <span class='ocrx_word' id='word_1_267' title='bbox 2523 2820 2757 2899; x_wconf 82' lang='lat' dir='ltr'><strong>scripta</strong></span> <span class='ocrx_word' id='word_1_268' title='bbox 2794 2824 2965 2881; x_wconf 88' lang='lat' dir='ltr'><strong>sunt.</strong></span> 
     </span>
    </p>
   </div>
   <div class='ocr_carea' id='block_1_22' title="bbox 1846 3006 1964 3086">
    <p class='ocr_par' dir='ltr' id='par_1_22' title="bbox 1846 3006 1964 3086">
     <span class='ocr_line' id='line_1_22' title="bbox 1846 3006 1964 3086; baseline -0.017 0"><span class='ocrx_word' id='word_1_269' title='bbox 1846 3006 1964 3086; x_wconf 82' lang='lat' dir='ltr'><strong>III</strong></span> 
     </span>
    </p>
   </div>
   <div class='ocr_carea' id='block_1_23' title="bbox 635 3193 3174 3265">
    <p class='ocr_par' dir='ltr' id='par_1_23' title="bbox 635 3193 3174 3265">
     <span class='ocr_line' id='line_1_23' title="bbox 635 3193 3174 3265; baseline -0.002 -3"><span class='ocrx_word' id='word_1_270' title='bbox 635 3199 748 3262; x_wconf 87' lang='lat' dir='ltr'><strong>DE</strong></span> <span class='ocrx_word' id='word_1_271' title='bbox 789 3197 1012 3262; x_wconf 81' lang='lat' dir='ltr'><strong>VITA</strong></span> <span class='ocrx_word' id='word_1_272' title='bbox 1059 3200 1169 3263; x_wconf 87' lang='grc' dir='ltr'><strong>ΕΤ</strong></span> <span class='ocrx_word' id='word_1_273' title='bbox 1215 3199 1632 3265; x_wconf 82' lang='lat' dir='ltr'><strong>SCRIPTIS</strong></span> <span class='ocrx_word' id='word_1_274' title='bbox 1674 3200 2061 3265; x_wconf 82' lang='lat' dir='ltr'><strong>JOANNIS</strong></span> <span class='ocrx_word' id='word_1_275' title='bbox 2102 3199 2368 3264; x_wconf 85' lang='lat' dir='ltr'><strong>SCOTI</strong></span> <span class='ocrx_word' id='word_1_276' title='bbox 2409 3193 3174 3261; x_wconf 77' lang='lat' dir='ltr'><strong>OBSERVATIONES.</strong></span> 
     </span>
    </p>
   </div>
   <div class='ocr_carea' id='block_1_24' title="bbox 273 3341 3538 3427">
    <p class='ocr_par' dir='ltr' id='par_1_24' title="bbox 273 3341 3538 3427">
     <span class='ocr_line' id='line_1_24' title="bbox 273 3341 3538 3427; baseline -0 -24"><span class='ocrx_word' id='word_1_277' title='bbox 273 3399 278 3403; x_wconf 87' lang='lat'><strong>.</strong></span> <span class='ocrx_word' id='word_1_278' title='bbox 346 3349 508 3427; x_wconf 57' lang='grc' dir='ltr'><strong>ξιτ.</strong></span> <span class='ocrx_word' id='word_1_279' title='bbox 566 3348 642 3408; x_wconf 92' lang='lat' dir='ltr'><strong>Et</strong></span> <span class='ocrx_word' id='word_1_280' title='bbox 671 3345 751 3408; x_wconf 93' lang='lat' dir='ltr'><strong>de</strong></span> <span class='ocrx_word' id='word_1_281' title='bbox 781 3344 1136 3417; x_wconf 87' lang='lat' dir='ltr'><strong>codicibus,</strong></span> <span class='ocrx_word' id='word_1_282' title='bbox 1164 3343 1501 3425; x_wconf 88' lang='lat' dir='ltr'><strong>quibusin</strong></span> <span class='ocrx_word' id='word_1_283' title='bbox 1537 3343 1813 3422; x_wconf 88' lang='lat' dir='ltr'><strong>paranda</strong></span> <span class='ocrx_word' id='word_1_284' title='bbox 1846 3343 1962 3407; x_wconf 89' lang='lat' dir='ltr'><strong>hac</strong></span> <span class='ocrx_word' id='word_1_285' title='bbox 1996 3345 2283 3407; x_wconf 86' lang='lat' dir='ltr'><strong>editione</strong></span> <span class='ocrx_word' id='word_1_286' title='bbox 2335 3343 2433 3406; x_wconf 89' lang='lat' dir='ltr'><strong>usi</strong></span> <span class='ocrx_word' id='word_1_287' title='bbox 2490 3358 2743 3412; x_wconf 90' lang='lat' dir='ltr'><strong>sumus,</strong></span> <span class='ocrx_word' id='word_1_288' title='bbox 2785 3341 3116 3404; x_wconf 86' lang='lat' dir='ltr'><strong>hactenus.</strong></span> <span class='ocrx_word' id='word_1_289' title='bbox 3161 3341 3400 3413; x_wconf 83' lang='lat' dir='ltr'><strong>Restat,</strong></span> <span class='ocrx_word' id='word_1_290' title='bbox 3465 3347 3538 3402; x_wconf 90' lang='lat' dir='ltr'><strong>ut</strong></span> 
     </span>
    </p>
   </div>
   <div class='ocr_carea' id='block_1_25' title="bbox 269 3435 3550 3544">
    <p class='ocr_par' dir='ltr' id='par_1_25' title="bbox 269 3460 3550 3544">
     <span class='ocr_line' id='line_1_25' title="bbox 269 3460 3550 3544; baseline -0.005 -5"><span class='ocrx_word' id='word_1_291' title='bbox 269 3471 586 3539; x_wconf 88' lang='lat' dir='ltr'><strong>nonnulla</strong></span> <span class='ocrx_word' id='word_1_292' title='bbox 619 3469 696 3532; x_wconf 88' lang='lat' dir='ltr'><strong>de</strong></span> <span class='ocrx_word' id='word_1_293' title='bbox 727 3468 853 3531; x_wconf 89' lang='lat' dir='ltr'><strong>vita</strong></span> <span class='ocrx_word' id='word_1_294' title='bbox 889 3472 950 3531; x_wconf 83' lang='lat' dir='ltr'><strong>et</strong></span> <span class='ocrx_word' id='word_1_295' title='bbox 985 3463 1240 3544; x_wconf 91' lang='lat' dir='ltr'><strong>scriptis</strong></span> <span class='ocrx_word' id='word_1_296' title='bbox 1266 3460 1533 3524; x_wconf 83' lang='lat' dir='ltr'><strong>Joannis</strong></span> <span class='ocrx_word' id='word_1_297' title='bbox 1563 3461 1731 3524; x_wconf 85' lang='lat' dir='ltr'><strong>Scoti</strong></span> <span class='ocrx_word' id='word_1_298' title='bbox 1757 3477 2182 3542; x_wconf 82' lang='lat' dir='ltr'><strong>exponamus,</strong></span> <span class='ocrx_word' id='word_1_299' title='bbox 2219 3461 2282 3524; x_wconf 90' lang='lat' dir='ltr'><strong>in</strong></span> <span class='ocrx_word' id='word_1_300' title='bbox 2316 3461 2558 3542; x_wconf 86' lang='lat' dir='ltr'><strong>quibus</strong></span> <span class='ocrx_word' id='word_1_301' title='bbox 2580 3478 2614 3523; x_wconf 87' lang='lat' dir='ltr'><strong>a</strong></span> <span class='ocrx_word' id='word_1_302' title='bbox 2651 3461 2960 3541; x_wconf 77' lang='lat' dir='ltr'><strong>scriptore</strong></span> <span class='ocrx_word' id='word_1_303' title='bbox 2983 3460 3550 3524; x_wconf 79' lang='lat' dir='ltr'><strong>commentationis</strong></span> 
     </span>
    </p>
   </div>
   <div class='ocr_carea' id='block_1_26' title="bbox 266 3581 1742 3672">
    <p class='ocr_par' dir='ltr' id='par_1_26' title="bbox 266 3581 1742 3672">
     <span class='ocr_line' id='line_1_26' title="bbox 266 3581 1742 3672; baseline -0.012 -13"><span class='ocrx_word' id='word_1_304' title='bbox 266 3597 435 3660; x_wconf 80' lang='lat' dir='ltr'><strong>infra</strong></span> <span class='ocrx_word' id='word_1_305' title='bbox 469 3596 821 3672; x_wconf 87' lang='lat' dir='ltr'><strong>impressae</strong></span> <span class='ocrx_word' id='word_1_306' title='bbox 854 3587 1040 3653; x_wconf 88' lang='lat' dir='ltr'><strong>nobis</strong></span> <span class='ocrx_word' id='word_1_307' title='bbox 1075 3581 1592 3646; x_wconf 88' lang='lat' dir='ltr'><strong>dissentiendum</strong></span> <span class='ocrx_word' id='word_1_308' title='bbox 1625 3586 1742 3643; x_wconf 89' lang='lat' dir='ltr'><strong>est.</strong></span> 
     </span>
    </p>
   </div>
   <div class='ocr_carea' id='block_1_27' title="bbox 343 3705 3549 3802">
    <p class='ocr_par' dir='ltr' id='par_1_27' title="bbox 343 3705 3549 3802">
     <span class='ocr_line' id='line_1_27' title="bbox 343 3705 3549 3802; baseline -0.003 -21"><span class='ocrx_word' id='word_1_309' title='bbox 343 3722 440 3781; x_wconf 72' lang='lat' dir='ltr'><strong>Ac</strong></span> <span class='ocrx_word' id='word_1_310' title='bbox 466 3716 745 3798; x_wconf 86' lang='lat' dir='ltr'><strong>primum</strong></span> <span class='ocrx_word' id='word_1_311' title='bbox 775 3711 1038 3794; x_wconf 89' lang='lat' dir='ltr'><strong>quidem</strong></span> <span class='ocrx_word' id='word_1_312' title='bbox 1069 3709 1136 3770; x_wconf 92' lang='lat' dir='ltr'><strong>in</strong></span> <span class='ocrx_word' id='word_1_313' title='bbox 1168 3705 1549 3786; x_wconf 83' lang='lat' dir='ltr'><strong>explicando</strong></span> <span class='ocrx_word' id='word_1_314' title='bbox 1579 3705 1893 3785; x_wconf 82' lang='lat' dir='ltr'><strong>Erigenae</strong></span> <span class='ocrx_word' id='word_1_315' title='bbox 1928 3708 2216 3781; x_wconf 88' lang='lat' dir='ltr'><strong>nomine,</strong></span> <span class='ocrx_word' id='word_1_316' title='bbox 2249 3715 2572 3789; x_wconf 87' lang='lat' dir='ltr'><strong>quotquot</strong></span> <span class='ocrx_word' id='word_1_317' title='bbox 2606 3709 2943 3789; x_wconf 86' lang='lat' dir='ltr'><strong>hucusque</strong></span> <span class='ocrx_word' id='word_1_318' title='bbox 2972 3707 3052 3772; x_wconf 85' lang='lat' dir='ltr'><strong>de</strong></span> <span class='ocrx_word' id='word_1_319' title='bbox 3083 3709 3328 3794; x_wconf 78' lang='lat' dir='ltr'><strong>Joanne</strong></span> <span class='ocrx_word' id='word_1_320' title='bbox 3363 3709 3549 3802; x_wconf 77' lang='lat' dir='ltr'><strong>Scoto</strong></span> 
     </span>
    </p>
   </div>
   <div class='ocr_carea' id='block_1_28' title="bbox 265 3829 3548 3920">
    <p class='ocr_par' dir='ltr' id='par_1_28' title="bbox 265 3829 3548 3920">
     <span class='ocr_line' id='line_1_28' title="bbox 265 3829 3548 3920; baseline -0.003 -17"><span class='ocrx_word' id='word_1_321' title='bbox 265 3837 706 3919; x_wconf 83' lang='lat' dir='ltr'><strong>scripserunt,</strong></span> <span class='ocrx_word' id='word_1_322' title='bbox 743 3833 914 3896; x_wconf 87' lang='lat' dir='ltr'><strong>haud</strong></span> <span class='ocrx_word' id='word_1_323' title='bbox 952 3832 1198 3920; x_wconf 23' lang='lat' dir='ltr'><strong>leviter!</strong></span> <span class='ocrx_word' id='word_1_324' title='bbox 1241 3834 1638 3894; x_wconf 87' lang='lat' dir='ltr'><strong>erraverunt.</strong></span> <span class='ocrx_word' id='word_1_325' title='bbox 1676 3829 1900 3909; x_wconf 88' lang='lat' dir='ltr'><strong>Neque</strong></span> <span class='ocrx_word' id='word_1_326' title='bbox 1957 3830 2018 3891; x_wconf 92' lang='lat' dir='ltr'><strong>id</strong></span> <span class='ocrx_word' id='word_1_327' title='bbox 2065 3829 2333 3904; x_wconf 90' lang='lat' dir='ltr'><strong>mirum,</strong></span> <span class='ocrx_word' id='word_1_328' title='bbox 2391 3847 2593 3911; x_wconf 89' lang='lat' dir='ltr'><strong>quum</strong></span> <span class='ocrx_word' id='word_1_329' title='bbox 2656 3829 2931 3911; x_wconf 84' lang='lat' dir='ltr'><strong>Erigena</strong></span> <span class='ocrx_word' id='word_1_330' title='bbox 2967 3831 3349 3894; x_wconf 77' lang='lat' dir='ltr'><strong>vocabulum</strong></span> <span class='ocrx_word' id='word_1_331' title='bbox 3389 3830 3548 3920; x_wconf 81' lang='lat' dir='ltr'><strong>nihil</strong></span> 
     </span>
    </p>
   </div>
   <div class='ocr_carea' id='block_1_29' title="bbox 268 3947 3547 4034">
    <p class='ocr_par' dir='ltr' id='par_1_29' title="bbox 268 3947 3547 4034">
     <span class='ocr_line' id='line_1_29' title="bbox 268 3947 3547 4034; baseline 0.001 -14"><span class='ocrx_word' id='word_1_332' title='bbox 268 3957 398 4020; x_wconf 81' lang='lat' dir='ltr'><strong>nisi</strong></span> <span class='ocrx_word' id='word_1_333' title='bbox 432 3952 706 4034; x_wconf 77' lang='lat' dir='ltr'><strong>genuini</strong></span> <span class='ocrx_word' id='word_1_334' title='bbox 743 3949 1031 4022; x_wconf 81' lang='lat' dir='ltr'><strong>nominis</strong></span> <span class='ocrx_word' id='word_1_335' title='bbox 1067 3949 1406 4028; x_wconf 85' lang='lat' dir='ltr'><strong>Ierugenae</strong></span> <span class='ocrx_word' id='word_1_336' title='bbox 1433 3947 1806 4027; x_wconf 84' lang='lat' dir='ltr'><strong>depravatio</strong></span> <span class='ocrx_word' id='word_1_337' title='bbox 1842 3947 1950 4023; x_wconf 87' lang='lat' dir='ltr'><strong>sit,</strong></span> <span class='ocrx_word' id='word_1_338' title='bbox 1985 3955 2128 4011; x_wconf 85' lang='lat' dir='ltr'><strong>nata</strong></span> <span class='ocrx_word' id='word_1_339' title='bbox 2164 3948 2297 4023; x_wconf 81' lang='lat' dir='ltr'><strong>itla,</strong></span> <span class='ocrx_word' id='word_1_340' title='bbox 2334 3954 2403 4012; x_wconf 89' lang='lat' dir='ltr'><strong>ut</strong></span> <span class='ocrx_word' id='word_1_341' title='bbox 2431 3950 2688 4029; x_wconf 81' lang='lat' dir='ltr'><strong>Opinor,</strong></span> <span class='ocrx_word' id='word_1_342' title='bbox 2728 3952 2951 4018; x_wconf 89' lang='lat' dir='ltr'><strong>seculo</strong></span> <span class='ocrx_word' id='word_1_343' title='bbox 2983 3954 3242 4020; x_wconf 88' lang='lat' dir='ltr'><strong>demum</strong></span> <span class='ocrx_word' id='word_1_344' title='bbox 3295 3959 3435 4020; x_wconf 81' lang='lat' dir='ltr'><strong>XV.</strong></span> <span class='ocrx_word' id='word_1_345' title='bbox 3477 3959 3547 4022; x_wconf 87' lang='lat' dir='ltr'><strong>Id</strong></span> 
     </span>
    </p>
   </div>
   <div class='ocr_carea' id='block_1_30' title="bbox 265 4068 1496 4155">
    <p class='ocr_par' dir='ltr' id='par_1_30' title="bbox 265 4068 1496 4155">
     <span class='ocr_line' id='line_1_30' title="bbox 265 4068 1496 4155; baseline -0.007 -18"><span class='ocrx_word' id='word_1_346' title='bbox 265 4074 443 4155; x_wconf 84' lang='lat' dir='ltr'><strong>quod</strong></span> <span class='ocrx_word' id='word_1_347' title='bbox 476 4071 772 4137; x_wconf 86' lang='lat' dir='ltr'><strong>codicum</strong></span> <span class='ocrx_word' id='word_1_348' title='bbox 803 4069 924 4133; x_wconf 81' lang='lat' dir='ltr'><strong>fide</strong></span> <span class='ocrx_word' id='word_1_349' title='bbox 959 4068 1150 4133; x_wconf 85' lang='lat' dir='ltr'><strong>facile</strong></span> <span class='ocrx_word' id='word_1_350' title='bbox 1185 4069 1496 4149; x_wconf 88' lang='lat' dir='ltr'><strong>probatur</strong></span> 
     </span>
    </p>
   </div>
   <div class='ocr_carea' id='block_1_31' title="bbox 269 4185 3548 4272">
    <p class='ocr_par' dir='ltr' id='par_1_31' title="bbox 269 4185 3548 4272">
     <span class='ocr_line' id='line_1_31' title="bbox 269 4185 3548 4272; baseline 0.002 -12"><span class='ocrx_word' id='word_1_351' title='bbox 269 4232 276 4240; x_wconf 62' lang='grc' dir='ltr'><strong>ν</strong></span> <span class='ocrx_word' id='word_1_352' title='bbox 343 4195 664 4260; x_wconf 88' lang='lat' dir='ltr'><strong>Omnibus</strong></span> <span class='ocrx_word' id='word_1_353' title='bbox 701 4209 898 4265; x_wconf 84' lang='lat' dir='ltr'><strong>enim,</strong></span> <span class='ocrx_word' id='word_1_354' title='bbox 931 4190 1047 4272; x_wconf 86' lang='lat' dir='ltr'><strong>qui</strong></span> <span class='ocrx_word' id='word_1_355' title='bbox 1081 4193 1456 4270; x_wconf 87' lang='lat' dir='ltr'><strong>supersunt,</strong></span> <span class='ocrx_word' id='word_1_356' title='bbox 1488 4185 1757 4250; x_wconf 86' lang='lat' dir='ltr'><strong>Joannis</strong></span> <span class='ocrx_word' id='word_1_357' title='bbox 1792 4185 1962 4248; x_wconf 89' lang='lat' dir='ltr'><strong>Scoti</strong></span> <span class='ocrx_word' id='word_1_358' title='bbox 1994 4186 2250 4267; x_wconf 83' lang='lat' dir='ltr'><strong>scriptis</strong></span> <span class='ocrx_word' id='word_1_359' title='bbox 2288 4187 2358 4250; x_wconf 89' lang='lat' dir='ltr'><strong>in</strong></span> <span class='ocrx_word' id='word_1_360' title='bbox 2389 4189 2724 4256; x_wconf 89' lang='lat' dir='ltr'><strong>codicibus</strong></span> <span class='ocrx_word' id='word_1_361' title='bbox 2760 4197 2974 4261; x_wconf 86' lang='lat' dir='ltr'><strong>solum</strong></span> <span class='ocrx_word' id='word_1_362' title='bbox 3010 4218 3247 4266; x_wconf 90' lang='lat' dir='ltr'><strong>nomen</strong></span> <span class='ocrx_word' id='word_1_363' title='bbox 3279 4185 3548 4267; x_wconf 48' lang='lat' dir='ltr'><strong>lloanm&#39;s</strong></span> 
     </span>
    </p>
   </div>
   <div class='ocr_carea' id='block_1_32' title="bbox 263 4309 3548 4409">
    <p class='ocr_par' dir='ltr' id='par_1_32' title="bbox 263 4309 3548 4409">
     <span class='ocr_line' id='line_1_32' title="bbox 263 4309 3548 4409; baseline 0.002 -27"><span class='ocrx_word' id='word_1_364' title='bbox 263 4319 440 4382; x_wconf 85' lang='lat' dir='ltr'><strong>Scoti</strong></span> <span class='ocrx_word' id='word_1_365' title='bbox 477 4316 829 4397; x_wconf 80' lang='lat' dir='ltr'><strong>praefixum</strong></span> <span class='ocrx_word' id='word_1_366' title='bbox 860 4323 978 4378; x_wconf 88' lang='lat' dir='ltr'><strong>est.</strong></span> <span class='ocrx_word' id='word_1_367' title='bbox 1011 4313 1116 4376; x_wconf 90' lang='lat' dir='ltr'><strong>Sic</strong></span> <span class='ocrx_word' id='word_1_368' title='bbox 1152 4314 1220 4375; x_wconf 93' lang='lat' dir='ltr'><strong>in</strong></span> <span class='ocrx_word' id='word_1_369' title='bbox 1251 4311 1750 4392; x_wconf 85' lang='lat' dir='ltr'><strong>Expositionum</strong></span> <span class='ocrx_word' id='word_1_370' title='bbox 1799 4309 2094 4374; x_wconf 90' lang='lat' dir='ltr'><strong>caelestis</strong></span> <span class='ocrx_word' id='word_1_371' title='bbox 2132 4311 2492 4376; x_wconf 79' lang='lat' dir='ltr'><strong>Ierarchiae</strong></span> <span class='ocrx_word' id='word_1_372' title='bbox 2542 4315 2876 4385; x_wconf 87' lang='lat' dir='ltr'><strong>codicibus</strong></span> <span class='ocrx_word' id='word_1_373' title='bbox 2910 4323 3144 4404; x_wconf 81' lang='lat' dir='ltr'><strong>legitur</strong></span> <span class='ocrx_word' id='word_1_374' title='bbox 3171 4349 3186 4388; x_wconf 90' lang='lat'><strong>:</strong></span> <span class='ocrx_word' id='word_1_375' title='bbox 3217 4328 3548 4409; x_wconf 80' lang='lat' dir='ltr'><strong>Incipiunt</strong></span> 
     </span>
    </p>
   </div>
   <div class='ocr_carea' id='block_1_33' title="bbox 265 4430 3546 4527">
    <p class='ocr_par' dir='ltr' id='par_1_33' title="bbox 265 4430 3546 4527">
     <span class='ocr_line' id='line_1_33' title="bbox 265 4430 3546 4527; baseline 0.003 -28"><span class='ocrx_word' id='word_1_376' title='bbox 265 4437 692 4519; x_wconf 81' lang='lat' dir='ltr'><strong>expositiones</strong></span> <span class='ocrx_word' id='word_1_377' title='bbox 727 4435 996 4496; x_wconf 78' lang='lat' dir='ltr'><strong>Joannis</strong></span> <span class='ocrx_word' id='word_1_378' title='bbox 1029 4435 1226 4508; x_wconf 87' lang='lat' dir='ltr'><strong>Scoti,</strong></span> <span class='ocrx_word' id='word_1_379' title='bbox 1261 4433 1326 4495; x_wconf 91' lang='lat' dir='ltr'><strong>in</strong></span> <span class='ocrx_word' id='word_1_380' title='bbox 1378 4431 1602 4495; x_wconf 91' lang='lat' dir='ltr'><strong>codice</strong></span> <span class='ocrx_word' id='word_1_381' title='bbox 1629 4430 2125 4511; x_wconf 88' lang='lat' dir='ltr'><strong>Expositionum</strong></span> <span class='ocrx_word' id='word_1_382' title='bbox 2175 4431 2482 4512; x_wconf 70' lang='lat' dir='ltr'><strong>mysticae</strong></span> <span class='ocrx_word' id='word_1_383' title='bbox 2518 4434 2876 4518; x_wconf 82' lang='lat' dir='ltr'><strong>theologiae</strong></span> <span class='ocrx_word' id='word_1_384' title='bbox 2907 4461 2921 4500; x_wconf 93' lang='lat'><strong>:</strong></span> <span class='ocrx_word' id='word_1_385' title='bbox 2965 4440 3205 4523; x_wconf 84' lang='lat' dir='ltr'><strong>Incipit</strong></span> <span class='ocrx_word' id='word_1_386' title='bbox 3234 4445 3546 4527; x_wconf 82' lang='lat' dir='ltr'><strong>prologus</strong></span> 
     </span>
    </p>
   </div>
   <div class='ocr_carea' id='block_1_34' title="bbox 261 4544 3544 4634">
    <p class='ocr_par' dir='ltr' id='par_1_34' title="bbox 261 4544 3544 4634">
     <span class='ocr_line' id='line_1_34' title="bbox 261 4544 3544 4634; baseline 0.002 -11"><span class='ocrx_word' id='word_1_387' title='bbox 261 4561 532 4624; x_wconf 78' lang='lat' dir='ltr'><strong>Joannis</strong></span> <span class='ocrx_word' id='word_1_388' title='bbox 584 4559 760 4622; x_wconf 83' lang='lat' dir='ltr'><strong>Scoti</strong></span> <span class='ocrx_word' id='word_1_389' title='bbox 789 4566 913 4623; x_wconf 90' lang='lat' dir='ltr'><strong>cet.</strong></span> <span class='ocrx_word' id='word_1_390' title='bbox 970 4569 1196 4619; x_wconf 89' lang='lat' dir='ltr'><strong>versus</strong></span> <span class='ocrx_word' id='word_1_391' title='bbox 1255 4549 1499 4614; x_wconf 89' lang='lat' dir='ltr'><strong>codicis</strong></span> <span class='ocrx_word' id='word_1_392' title='bbox 1556 4547 1847 4611; x_wconf 87' lang='lat' dir='ltr'><strong>Vaticani</strong></span> <span class='ocrx_word' id='word_1_393' title='bbox 1885 4548 2331 4613; x_wconf 87' lang='lat' dir='ltr'><strong>inscribuntur</strong></span> <span class='ocrx_word' id='word_1_394' title='bbox 2381 4551 2647 4614; x_wconf 82' lang='lat' dir='ltr'><strong>Joannis</strong></span> <span class='ocrx_word' id='word_1_395' title='bbox 2676 4569 2977 4634; x_wconf 73' lang='lat' dir='ltr'><strong>cxoeel,</strong></span> <span class='ocrx_word' id='word_1_396' title='bbox 3035 4579 3260 4626; x_wconf 84' lang='lat' dir='ltr'><strong>versus</strong></span> <span class='ocrx_word' id='word_1_397' title='bbox 3307 4544 3544 4632; x_wconf 80' lang='lat' dir='ltr'><strong>codicis</strong></span> 
     </span>
    </p>
   </div>
   <div class='ocr_carea' id='block_1_35' title="bbox 263 4664 3546 4756">
    <p class='ocr_par' dir='ltr' id='par_1_35' title="bbox 263 4664 3546 4756">
     <span class='ocr_line' id='line_1_35' title="bbox 263 4664 3546 4756; baseline -0 -19"><span class='ocrx_word' id='word_1_398' title='bbox 263 4675 812 4756; x_wconf 80' lang='lat' dir='ltr'><strong>Cantabrigiensis</strong></span> <span class='ocrx_word' id='word_1_399' title='bbox 849 4688 1086 4738; x_wconf 87' lang='lat' dir='ltr'><strong>nomen</strong></span> <span class='ocrx_word' id='word_1_400' title='bbox 1121 4685 1270 4750; x_wconf 85' lang='lat' dir='ltr'><strong>prae</strong></span> <span class='ocrx_word' id='word_1_401' title='bbox 1301 4685 1371 4730; x_wconf 91' lang='lat' dir='ltr'><strong>se</strong></span> <span class='ocrx_word' id='word_1_402' title='bbox 1405 4665 1622 4728; x_wconf 89' lang='lat' dir='ltr'><strong>ferunt</strong></span> <span class='ocrx_word' id='word_1_403' title='bbox 1655 4665 1924 4726; x_wconf 87' lang='lat' dir='ltr'><strong>Joannis</strong></span> <span class='ocrx_word' id='word_1_404' title='bbox 1963 4664 2137 4726; x_wconf 89' lang='lat' dir='ltr'><strong>Scoti</strong></span> <span class='ocrx_word' id='word_1_405' title='bbox 2162 4711 2178 4741; x_wconf 97' lang='lat'><strong>,</strong></span> <span class='ocrx_word' id='word_1_406' title='bbox 2213 4665 2482 4730; x_wconf 88' lang='lat' dir='ltr'><strong>homilia</strong></span> <span class='ocrx_word' id='word_1_407' title='bbox 2526 4669 2904 4742; x_wconf 74' lang='lat' dir='ltr'><strong>inscribitur</strong></span> <span class='ocrx_word' id='word_1_408' title='bbox 2941 4702 2954 4740; x_wconf 70' lang='grc' dir='ltr'>ε</span> <span class='ocrx_word' id='word_1_409' title='bbox 2989 4683 3252 4746; x_wconf 61' lang='lat' dir='ltr'><strong>hamata</strong></span> <span class='ocrx_word' id='word_1_410' title='bbox 3277 4689 3546 4751; x_wconf 62' lang='lat' dir='ltr'><strong>10mm,</strong></span> 
     </span>
    </p>
   </div>
   <div class='ocr_carea' id='block_1_36' title="bbox 260 4790 3544 4881">
    <p class='ocr_par' dir='ltr' id='par_1_36' title="bbox 260 4790 3544 4881">
     <span class='ocr_line' id='line_1_36' title="bbox 260 4790 3544 4881; baseline 0.001 -18"><span class='ocrx_word' id='word_1_411' title='bbox 260 4800 456 4864; x_wconf 87' lang='lat' dir='ltr'><strong>Scoti.</strong></span> <span class='ocrx_word' id='word_1_412' title='bbox 520 4803 593 4864; x_wconf 92' lang='lat' dir='ltr'><strong>In</strong></span> <span class='ocrx_word' id='word_1_413' title='bbox 673 4800 809 4864; x_wconf 88' lang='lat' dir='ltr'><strong>sola</strong></span> <span class='ocrx_word' id='word_1_414' title='bbox 865 4799 1169 4863; x_wconf 84' lang='lat' dir='ltr'><strong>versione</strong></span> <span class='ocrx_word' id='word_1_415' title='bbox 1237 4811 1505 4881; x_wconf 85' lang='lat' dir='ltr'><strong>operum</strong></span> <span class='ocrx_word' id='word_1_416' title='bbox 1557 4793 2154 4872; x_wconf 76' lang='lat' dir='ltr'><strong>Pseudo-Dionysii</strong></span> <span class='ocrx_word' id='word_1_417' title='bbox 2210 4795 2635 4876; x_wconf 85' lang='lat' dir='ltr'><strong>AreOpagitae</strong></span> <span class='ocrx_word' id='word_1_418' title='bbox 2707 4816 2821 4877; x_wconf 88' lang='lat' dir='ltr'><strong>pro</strong></span> <span class='ocrx_word' id='word_1_419' title='bbox 2875 4797 3049 4860; x_wconf 87' lang='lat' dir='ltr'><strong>Scoti</strong></span> <span class='ocrx_word' id='word_1_420' title='bbox 3096 4800 3273 4863; x_wconf 88' lang='lat' dir='ltr'><strong>aliud</strong></span> <span class='ocrx_word' id='word_1_421' title='bbox 3338 4790 3544 4867; x_wconf 87' lang='lat' dir='ltr'><strong>exstat</strong></span> 
     </span>
    </p>
   </div>
   <div class='ocr_carea' id='block_1_37' title="bbox 261 4915 3542 5013">
    <p class='ocr_par' dir='ltr' id='par_1_37' title="bbox 261 4915 3542 5013">
     <span class='ocr_line' id='line_1_37' title="bbox 261 4915 3542 5013; baseline 0.001 -22"><span class='ocrx_word' id='word_1_422' title='bbox 261 4942 656 5008; x_wconf 76' lang='lat' dir='ltr'><strong>cognomen,</strong></span> <span class='ocrx_word' id='word_1_423' title='bbox 712 4941 840 4988; x_wconf 90' lang='lat' dir='ltr'><strong>non</strong></span> <span class='ocrx_word' id='word_1_424' title='bbox 893 4923 1157 5004; x_wconf 89' lang='lat' dir='ltr'><strong>quidem</strong></span> <span class='ocrx_word' id='word_1_425' title='bbox 1195 4922 1502 5000; x_wconf 84' lang='lat' dir='ltr'><strong>Erigena,</strong></span> <span class='ocrx_word' id='word_1_426' title='bbox 1544 4919 1659 4982; x_wconf 90' lang='lat' dir='ltr'><strong>sed</strong></span> <span class='ocrx_word' id='word_1_427' title='bbox 1711 4919 2039 4997; x_wconf 83' lang='lat' dir='ltr'><strong>Ierugena.</strong></span> <span class='ocrx_word' id='word_1_428' title='bbox 2082 4920 2253 4984; x_wconf 86' lang='lat' dir='ltr'><strong>Haec</strong></span> <span class='ocrx_word' id='word_1_429' title='bbox 2301 4921 2473 4984; x_wconf 89' lang='lat' dir='ltr'><strong>enim</strong></span> <span class='ocrx_word' id='word_1_430' title='bbox 2535 4922 2699 5004; x_wconf 82' lang='lat' dir='ltr'><strong>legis</strong></span> <span class='ocrx_word' id='word_1_431' title='bbox 2749 4925 2814 4986; x_wconf 89' lang='lat' dir='ltr'><strong>in</strong></span> <span class='ocrx_word' id='word_1_432' title='bbox 2856 4927 3340 5007; x_wconf 87' lang='lat' dir='ltr'><strong>vetustissimis,</strong></span> <span class='ocrx_word' id='word_1_433' title='bbox 3375 4915 3542 5013; x_wconf 83' lang='lat' dir='ltr'><strong>quos</strong></span> 
     </span>
    </p>
   </div>
   <div class='ocr_carea' id='block_1_38' title="bbox 260 5016 3543 5128">
    <p class='ocr_par' dir='ltr' id='par_1_38' title="bbox 260 5038 3543 5128">
     <span class='ocr_line' id='line_1_38' title="bbox 260 5038 3543 5128; baseline 0.001 -17"><span class='ocrx_word' id='word_1_434' title='bbox 260 5049 653 5120; x_wconf 77' lang='lat' dir='ltr'><strong>evolnmus,</strong></span> <span class='ocrx_word' id='word_1_435' title='bbox 703 5044 1064 5116; x_wconf 83' lang='lat' dir='ltr'><strong>codicibus,</strong></span> <span class='ocrx_word' id='word_1_436' title='bbox 1123 5040 1496 5104; x_wconf 86' lang='lat' dir='ltr'><strong>Mouacensi</strong></span> <span class='ocrx_word' id='word_1_437' title='bbox 1528 5038 1851 5107; x_wconf 81' lang='lat' dir='ltr'><strong>Ottilonis.</strong></span> <span class='ocrx_word' id='word_1_438' title='bbox 1903 5045 1968 5101; x_wconf 89' lang='lat' dir='ltr'><strong>et</strong></span> <span class='ocrx_word' id='word_1_439' title='bbox 2018 5038 2275 5104; x_wconf 87' lang='lat' dir='ltr'><strong>duobus</strong></span> <span class='ocrx_word' id='word_1_440' title='bbox 2321 5041 2982 5108; x_wconf 73' lang='lat' dir='ltr'><strong>Vindobonensibus:</strong></span> <span class='ocrx_word' id='word_1_441' title='bbox 3023 5048 3353 5128; x_wconf 84' lang='lat' dir='ltr'><strong>Incipiunt</strong></span> <span class='ocrx_word' id='word_1_442' title='bbox 3392 5047 3543 5113; x_wconf 81' lang='lat' dir='ltr'><strong>libri</strong></span> 
     </span>
    </p>
   </div>
   <div class='ocr_carea' id='block_1_39' title="bbox 260 5163 3537 5248">
    <p class='ocr_par' dir='ltr' id='par_1_39' title="bbox 260 5163 3537 5248">
     <span class='ocr_line' id='line_1_39' title="bbox 260 5163 3537 5248; baseline 0.001 -16"><span class='ocrx_word' id='word_1_443' title='bbox 260 5178 462 5233; x_wconf 71' lang='lat' dir='ltr'><strong>sancti</strong></span> <span class='ocrx_word' id='word_1_444' title='bbox 521 5164 818 5248; x_wconf 71' lang='lat' dir='ltr'><strong>Dionysii</strong></span> <span class='ocrx_word' id='word_1_445' title='bbox 874 5165 1312 5246; x_wconf 77' lang='lat' dir='ltr'><strong>Areopagitae,</strong></span> <span class='ocrx_word' id='word_1_446' title='bbox 1371 5181 1525 5244; x_wconf 89' lang='lat' dir='ltr'><strong>quos</strong></span> <span class='ocrx_word' id='word_1_447' title='bbox 1594 5163 1869 5224; x_wconf 82' lang='lat' dir='ltr'><strong>Joannes</strong></span> <span class='ocrx_word' id='word_1_448' title='bbox 1924 5163 2230 5244; x_wconf 84' lang='lat' dir='ltr'><strong>lerugena</strong></span> <span class='ocrx_word' id='word_1_449' title='bbox 2288 5167 2616 5229; x_wconf 86' lang='lat' dir='ltr'><strong>transtulit</strong></span> <span class='ocrx_word' id='word_1_450' title='bbox 2672 5168 2744 5230; x_wconf 88' lang='lat' dir='ltr'><strong>de</strong></span> <span class='ocrx_word' id='word_1_451' title='bbox 2797 5168 3032 5232; x_wconf 85' lang='lat' dir='ltr'><strong>Graeco</strong></span> <span class='ocrx_word' id='word_1_452' title='bbox 3096 5189 3162 5233; x_wconf 71' lang='lat' dir='ltr'><strong>in</strong></span> <span class='ocrx_word' id='word_1_453' title='bbox 3222 5173 3537 5236; x_wconf 88' lang='lat' dir='ltr'><strong>Latinum.</strong></span> 
     </span>
    </p>
   </div>
   <div class='ocr_carea' id='block_1_40' title="bbox 260 5281 3536 5375">
    <p class='ocr_par' dir='ltr' id='par_1_40' title="bbox 260 5281 3536 5375">
     <span class='ocr_line' id='line_1_40' title="bbox 260 5281 3536 5375; baseline 0.002 -20"><span class='ocrx_word' id='word_1_454' title='bbox 260 5293 505 5356; x_wconf 83' lang='lat' dir='ltr'><strong>Pariter</strong></span> <span class='ocrx_word' id='word_1_455' title='bbox 550 5291 754 5356; x_wconf 88' lang='lat' dir='ltr'><strong>codex</strong></span> <span class='ocrx_word' id='word_1_456' title='bbox 806 5283 1398 5360; x_wconf 76' lang='lat' dir='ltr'><strong>Fiirstenfeldensis</strong></span> <span class='ocrx_word' id='word_1_457' title='bbox 1451 5281 1822 5358; x_wconf 85' lang='lat' dir='ltr'><strong>Monachii,</strong></span> <span class='ocrx_word' id='word_1_458' title='bbox 1873 5300 1993 5375; x_wconf 88' lang='lat' dir='ltr'><strong>nec</strong></span> <span class='ocrx_word' id='word_1_459' title='bbox 2023 5300 2155 5348; x_wconf 89' lang='lat' dir='ltr'><strong>non</strong></span> <span class='ocrx_word' id='word_1_460' title='bbox 2204 5287 2393 5351; x_wconf 88' lang='lat' dir='ltr'><strong>ambo</strong></span> <span class='ocrx_word' id='word_1_461' title='bbox 2423 5289 2711 5354; x_wconf 86' lang='lat' dir='ltr'><strong>Vaticani</strong></span> <span class='ocrx_word' id='word_1_462' title='bbox 2764 5289 3004 5356; x_wconf 86' lang='lat' dir='ltr'><strong>habent</strong></span> <span class='ocrx_word' id='word_1_463' title='bbox 3038 5294 3366 5375; x_wconf 83' lang='lat' dir='ltr'><strong>Ierugena.</strong></span> <span class='ocrx_word' id='word_1_464' title='bbox 3408 5298 3536 5364; x_wconf 89' lang='lat' dir='ltr'><strong>Soli</strong></span> 
     </span>
    </p>
   </div>
   <div class='ocr_carea' id='block_1_41' title="bbox 261 5405 2278 5505">
    <p class='ocr_par' dir='ltr' id='par_1_41' title="bbox 261 5405 2278 5505">
     <span class='ocr_line' id='line_1_41' title="bbox 261 5405 2278 5505; baseline -0.004 -26"><span class='ocrx_word' id='word_1_465' title='bbox 261 5414 518 5479; x_wconf 80' lang='lat' dir='ltr'><strong>codices</strong></span> <span class='ocrx_word' id='word_1_466' title='bbox 551 5412 966 5482; x_wconf 83' lang='lat' dir='ltr'><strong>Florentinus</strong></span> <span class='ocrx_word' id='word_1_467' title='bbox 997 5416 1060 5474; x_wconf 91' lang='lat' dir='ltr'><strong>et</strong></span> <span class='ocrx_word' id='word_1_468' title='bbox 1090 5405 1636 5505; x_wconf 73' lang='lat' dir='ltr'><strong>Darmstadiensis</strong></span> <span class='ocrx_word' id='word_1_469' title='bbox 1666 5405 1904 5470; x_wconf 87' lang='lat' dir='ltr'><strong>habent</strong></span> <span class='ocrx_word' id='word_1_470' title='bbox 1934 5408 2278 5498; x_wconf 80' lang='lat' dir='ltr'><strong>Eriugena.</strong></span> 
     </span>
    </p>
   </div>
   <div class='ocr_carea' id='block_1_42' title="bbox 333 5509 3535 5627">
    <p class='ocr_par' dir='ltr' id='par_1_42' title="bbox 333 5526 3535 5627">
     <span class='ocr_line' id='line_1_42' title="bbox 333 5526 3535 5627; baseline 0.003 -28"><span class='ocrx_word' id='word_1_471' title='bbox 333 5535 521 5611; x_wconf 77' lang='lat' dir='ltr'><strong>Quae</strong></span> <span class='ocrx_word' id='word_1_472' title='bbox 556 5553 759 5618; x_wconf 74' lang='lat' dir='ltr'><strong>quam</strong></span> <span class='ocrx_word' id='word_1_473' title='bbox 803 5534 890 5598; x_wconf 84' lang='lat' dir='ltr'><strong>ita</strong></span> <span class='ocrx_word' id='word_1_474' title='bbox 921 5532 1234 5612; x_wconf 82' lang='lat' dir='ltr'><strong>sint,jam</strong></span> <span class='ocrx_word' id='word_1_475' title='bbox 1281 5533 1641 5613; x_wconf 85' lang='lat' dir='ltr'><strong>quaeritur,</strong></span> <span class='ocrx_word' id='word_1_476' title='bbox 1696 5532 2008 5613; x_wconf 86' lang='lat' dir='ltr'><strong>quidnam</strong></span> <span class='ocrx_word' id='word_1_477' title='bbox 2047 5535 2170 5598; x_wconf 90' lang='lat' dir='ltr'><strong>hoc</strong></span> <span class='ocrx_word' id='word_1_478' title='bbox 2233 5553 2594 5622; x_wconf 77' lang='lat' dir='ltr'><strong>cognomen</strong></span> <span class='ocrx_word' id='word_1_479' title='bbox 2630 5541 2934 5626; x_wconf 84' lang='lat' dir='ltr'><strong>Ierugena</strong></span> <span class='ocrx_word' id='word_1_480' title='bbox 2967 5545 3309 5627; x_wconf 81' lang='lat' dir='ltr'><strong>signiﬁcet.</strong></span> <span class='ocrx_word' id='word_1_481' title='bbox 3348 5526 3535 5624; x_wconf 57' lang='lat' dir='ltr'><strong>Quod</strong></span> 
     </span>
    </p>
   </div>
   <div class='ocr_carea' id='block_1_43' title="bbox 263 5631 3540 5768">
    <p class='ocr_par' dir='ltr' id='par_1_43' title="bbox 263 5636 3540 5768">
     <span class='ocr_line' id='line_1_43' title="bbox 263 5636 3540 5768; baseline 0.005 -47"><span class='ocrx_word' id='word_1_482' title='bbox 263 5657 430 5722; x_wconf 83' lang='lat' dir='ltr'><strong>haud</strong></span> <span class='ocrx_word' id='word_1_483' title='bbox 467 5660 606 5725; x_wconf 87' lang='lat' dir='ltr'><strong>scio</strong></span> <span class='ocrx_word' id='word_1_484' title='bbox 653 5676 742 5726; x_wconf 75' lang='lat' dir='ltr'><strong>an</strong></span> <span class='ocrx_word' id='word_1_485' title='bbox 771 5675 900 5730; x_wconf 80' lang='lat' dir='ltr'><strong>nDn</strong></span> <span class='ocrx_word' id='word_1_486' title='bbox 934 5663 1022 5730; x_wconf 88' lang='lat' dir='ltr'><strong>sit</strong></span> <span class='ocrx_word' id='word_1_487' title='bbox 1049 5662 1312 5751; x_wconf 79' lang='lat' dir='ltr'><strong>difﬁcile</strong></span> <span class='ocrx_word' id='word_1_488' title='bbox 1359 5663 1437 5727; x_wconf 89' lang='lat' dir='ltr'><strong>ad</strong></span> <span class='ocrx_word' id='word_1_489' title='bbox 1493 5663 1988 5728; x_wconf 85' lang='lat' dir='ltr'><strong>inveniendum.</strong></span> <span class='ocrx_word' id='word_1_490' title='bbox 2047 5665 2496 5754; x_wconf 87' lang='lat' dir='ltr'><strong>Compositum</strong></span> <span class='ocrx_word' id='word_1_491' title='bbox 2544 5679 2652 5768; x_wconf 73' lang='lat' dir='ltr'><strong>est</strong></span> <span class='ocrx_word' id='word_1_492' title='bbox 2691 5675 2862 5748; x_wconf 90' lang='lat' dir='ltr'><strong>enim</strong></span> <span class='ocrx_word' id='word_1_493' title='bbox 2915 5692 2992 5737; x_wconf 87' lang='lat' dir='ltr'><strong>ex</strong></span> <span class='ocrx_word' id='word_1_494' title='bbox 3043 5636 3242 5759; x_wconf 45' lang='lat' dir='ltr'><strong>“lepori,</strong></span> <span class='ocrx_word' id='word_1_495' title='bbox 3271 5645 3540 5762; x_wconf 80' lang='lat' dir='ltr'><strong>scilicet</strong></span> 
     </span>
    </p>
   </div>
   <div class='ocr_carea' id='block_1_44' title="bbox 262 5783 3536 5876">
    <p class='ocr_par' dir='ltr' id='par_1_44' title="bbox 262 5783 3536 5870">
     <span class='ocr_line' id='line_1_44' title="bbox 262 5783 3536 5870; baseline 0.001 -26"><span class='ocrx_word' id='word_1_496' title='bbox 262 5788 446 5857; x_wconf 71' lang='grc' dir='ltr'><strong>νᾶσον,</strong></span> <span class='ocrx_word' id='word_1_497' title='bbox 477 5787 538 5844; x_wconf 90' lang='lat' dir='ltr'><strong>et</strong></span> <span class='ocrx_word' id='word_1_498' title='bbox 570 5799 746 5862; x_wconf 84' lang='lat' dir='ltr'><strong>gena,</strong></span> <span class='ocrx_word' id='word_1_499' title='bbox 783 5783 865 5849; x_wconf 87' lang='lat' dir='ltr'><strong>ita</strong></span> <span class='ocrx_word' id='word_1_500' title='bbox 899 5792 965 5848; x_wconf 89' lang='lat' dir='ltr'><strong>ut</strong></span> <span class='ocrx_word' id='word_1_501' title='bbox 1004 5785 1083 5847; x_wconf 87' lang='lat' dir='ltr'><strong>sit</strong></span> <span class='ocrx_word' id='word_1_502' title='bbox 1116 5783 1785 5869; x_wconf 48' lang='lat' dir='ltr'><strong>oriundusrxinsula</strong></span> <span class='ocrx_word' id='word_1_503' title='bbox 1839 5794 2215 5848; x_wconf 79' lang='lat' dir='ltr'><strong>sanctorum.</strong></span> <span class='ocrx_word' id='word_1_504' title='bbox 2266 5791 2420 5864; x_wconf 86' lang='lat' dir='ltr'><strong>Quo</strong></span> <span class='ocrx_word' id='word_1_505' title='bbox 2462 5792 2723 5858; x_wconf 78' lang='lat' dir='ltr'><strong>nomine</strong></span> <span class='ocrx_word' id='word_1_506' title='bbox 2757 5800 3147 5865; x_wconf 61' lang='lat' dir='ltr'><strong>auaellalum</strong></span> <span class='ocrx_word' id='word_1_507' title='bbox 3199 5821 3340 5866; x_wconf 72' lang='lat' dir='ltr'><strong>esse</strong></span> <span class='ocrx_word' id='word_1_508' title='bbox 3403 5805 3536 5870; x_wconf 55' lang='lat' dir='ltr'><strong>ag,“</strong></span> 
     </span>
    </p>
   </div>
  </div>
