4036 5442
529 390 603 434 ιι
1944 358 2350 423 ιηιοοειιωι

529 510 757 588 quitus
786 502 1156 565 Hiberniam
1190 498 1405 562 sciunt
1438 512 1689 562 omnes.
1741 507 1892 580 ιοροῖι
1938 498 2197 564 aucitur
2230 498 2309 561 ab
2365 502 2524 578 εερός,
2573 503 2659 568 sa,
2694 495 3140 579 fozvmturque
3187 463 3451 565 nomen-
3484 503 3791 584 Ierugena

529 640 639 699 ex.
660 619 946 703 genitivo
1022 625 1170 701 ιιροῠ
1216 632 1397 681 more
1436 615 1824 680 Latinorum
1861 617 2340 693 eodem-modo,
2371 634 2502 699 quo
2531 617 2910 700 Grajugena,
2942 635 3080 701 quo
3105 619 3370 685 nomine
3398 620 3538 703 ipse
3564 621 3793 687 Scotus

518 751 750 807 noster
777 742 840 805 S.
874 740 1221 805 Maximum
1241 738 1532 816 .bonorat
1560 738 1630 802 in
1656 738 1779 803 hoc
1813 755 2047 805 versu:

1146 878 1165 921 Γ
1241 856 1508 948 Quisquis
1534 889 1680 935 amat
1708 879 1935 938 formam
1961 882 2220 955 pulchrae
2242 882 2470 942 laudare
2493 881 2748 955 Sophiae,

1236 970 1317 1031 Te
1343 971 1489 1046 legat
1512 974 1762 1044 assidue,
1792 974 2023 1053 Maxime
2056 974 2379 1048 Graiugena.

607 1105 705 1167 En
762 1104 1330 1186 simplicissimum,
1383 1125 1659 1190 eamque
1718 1108 1886 1173 Haud
1939 1109 2141 1176 dubie
2193 1129 2410 1175 veram
2449 1113 2636 1176 istius
2688 1115 2971 1179 nominis
3024 1117 3570 1200 explanationem.
3600 1120 3785 1197 Quod

528 1250 731 1312 quum
788 1233 1051 1323 posteri,
1100 1232 1215 1312 qui
1267 1230 1633 1295 versionem
1686 1231 2197 1312 descripserunt,
2231 1234 2446 1297 minus
2493 1232 2950 1314 intelligerent,
2997 1236 3064 1300 in
3118 1238 3444 1320 Eriugena
3496 1232 3670 1318 ideo,
3718 1250 3788 1308 ut

532 1351 813 1428 videtur,
850 1356 1316 1426 mutarunt,"ut
1361 1349 1441 1413 ad
1491 1366 1731 1413 nomen
1782 1349 1946 1413 Erin
1995 1349 2332 1414 alluderet;
2387 1352 2642 1426 Postea,
2682 1366 2881 1432 quum
2912 1350 3083 1414 haud
3115 1344 3258 1418 raro
3288 1374 3333 1417 u
3370 1356 3553 1421 litera
3589 1361 3788 1440 magis

535 1475 608 1537 in
631 1473 899 1537 formam
925 1492 965 1554 ῃ
998 1473 1221 1535 literae
1243 1479 1636 1547 exararetur,
1659 1490 1774 1554 pro
1795 1474 2101 1553 Ierugena
2132 1471 2445 1538 viridocti
2482 1473 2773 1554 legerunt
2792 1473 3434 1556 Erygena,"Erigena,
3452 1477 3521 1540 in
3541 1477 3785 1559 quibus

498 1591 778 1654 ‘nrimus
806 1590 943 1654 fere
980 1588 1375 1653 Trithemins
1404 1586 1616 1651 fuisse
1641 1589 1927 1654 videtur.

607 1709 837 1788 Itaque
869 1707 1277 1773 acutissimae
1314 1706 1602 1775 virorum
1626 1708 1971 1773 doctorum
2006 1709 2434 1791 conjecturae,
2466 1711 2900 1792 Opinantium,
2922 1713 3244 1779 Joannem
3272 1715 3536 1780 Scotum
3560 1723 3788 1787 eterra

522 1827 789 1908 Ergene,
822 1847 859 1893 e
881 1844 1042 1910 pago
1066 1827 1375 1904 Ennaea,
1410 1830 1509 1892 vel
1551 1846 1629 1893 ex
1674 1830 1839 1893 urbe
1863 1830 2019 1893 Aire
2066 1830 2411 1895 oriundum
2443 1830 2671 1906 fuisse,
2703 1839 2765 1895 et
2797 1847 2966 1912 quae
3012 1833 3271 1914 cOpiose
3305 1834 3470 1900 inira
3508 1836 3576 1899 in
3607 1854 3791 1901 com-

524 1950 920 2016 mentatione
972 1949 1053 2013 de
1105 1948 1228 2013 hoc
1273 1951 1539 2016 nomine
1595 1952 1917 2035 disputata
1962 1948 2408 2027 inveniuntur,
2450 1961 2518 2017 ut
2556 1970 2711 2016 vana
2765 1952 3192 2019 collabantur.
3238 1956 3464 2037 Neque
3495 1958 3619 2022 hoc
3647 1958 3788 2023 loco

520 2070 1170 2154 praetermittendum
1194 2087 1339 2134 esse
1361 2076 1641 2146 vxoetur,
1664 2088 1697 2133 a
1721 2071 2141 2150 scriptoribus
2154 2071 2536 2151 aequalibus
2556 2071 2869 2135 Joannem
2891 2088 3221 2153 nunquam
3255 2075 3383 2139 alio
3403 2078 3789 2157 cognomine

517 2189 650 2256 nisi
673 2189 852 2252 Scoti
889 2189 986 2253 vel
1017 2191 1381 2272 Scotigenae
1408 2195 1762 2272 nominari,
1789 2212 2004 2278 neque
2032 2196 2100 2259 in
2125 2195 2456 2260 codicibus
2500 2214 2785 2279 unquam
2815 2196 3121 2258 Joannem
3137 2197 3394 2259 Scotum
3420 2199 3790 2278 Ierugenam

522 2330 652 2376 ulla
683 2320 745 2375 et
775 2314 1170 2395 conjunctim
1220 2316 1374 2396 legi,
1411 2317 1550 2391 sed,
1585 2326 1654 2381 ut
1704 2317 2102 2394 monuimus,
2130 2323 2242 2380 aut
2267 2316 2571 2378 Joannem
2612 2315 2892 2390 Scotum,
2921 2319 3031 2377 aut
3060 2314 3366 2376 Joannem
3390 2316 3785 2395 Ianigenam.

515 2432 593 2500 ιιι
628 2433 830 2499 altero
859 2443 1108 2502 tantum
1155 2455 1511 2504 carminum
1548 2438 1766 2507 codice
1798 2438 2106 2530 Vaticano
2137 2444 2201 2501 et
2228 2437 2294 2501 in
2328 2436 2514 2501 titulo
2546 2405 2867 2501 versionis
2899 2435 3369 2514 Ambiguorum
3412 2436 3482 2498 S.
3517 2437 3787 2502 Maximi

521 2557 882 2637 appellatur
914 2560 1188 2622 Joannes
1219 2561 1741 2641 sapientissimus,
1776 2560 1874 2623 vel
1904 2558 2288 2639 simpliciter
2314 2558 2610 2622 Joannes.
2874 2582 2905 2603 ιη

602 2674 734 2737 Nec
769 2674 1036 2741 obstare
1090 2675 1425 2753 videntur,
1482 2693 1649 2756 quae
1701 2692 1909 2756 nuper
1950 2672 2227 2755 scriptor
2283 2689 2648 2753 anonymus
2698 2672 2764 2735 in
2819 2653 3326 2757 Encyclomedia
3365 2675 3470 2739 cui
3508 2674 3780 2739 titulus:

524 2793 1051 2858 Kirchenlexicon
1104 2795 1255 2859 oder
1308 2787 1799 2880 Encyclopaedie
1849 2797 1958 2859 der
2013 2770 2447 2859 catholischen
2503 2775 2849 2873 Theologie‘
2883 2810 3008 2854 von
3079 2793 3164 2857 Η.
3227 2793 3292 2857 S.
3356 2776 3598 2861 Wetzer
3652 2796 3790 2858 und

518 2917 597 2979 Β.
649 2916 838 2982 Welte
888 2919 965 2982 V.
1023 2917 1297 2980 Joannes
1347 2918 1572 2981 Scelus
1601 2918 1872 2998 Erigena
1928 2916 2202 2998 objccit,
2255 2916 2427 2978 illam
2490 2912 2877 2977 sententiam
2935 2930 3141 2976 meam
3176 2931 3303 2977 non
3337 2915 3551 2980 minus
3588 2934 3786 2998 quam

519 3018 881 3102 ceterorum
915 3038 1174 3103 dubiam
1207 3055 1375 3114 esse,
1405 3046 1468 3102 et
1497 3038 1732 3102 limites
1763 3038 2272 3121 conjecturarum
2310 3053 2441 3100 non
2479 3036 2813 3100 excedere.
2848 3034 2986 3098 lmo
3023 3052 3173 3100 vero
3208 3038 3529 3103 sententia
3559 3046 3780 3106 nostra

520 3156 644 3218 tide
680 3155 977 3219 codicum
1009 3155 1259 3233 nititur,
1295 3158 1359 3220 in
1393 3159 1632 3240 quibus
1661 3160 1934 3221 Joannes
1975 3158 2279 3241 lerugena
2309 3156 2549 3220 diserte
2581 3162 2867 3219 vocatur.
2892 3154 3312 3235 Cognominis
3334 3175 3486 3224 vero
3516 3175 3783 3226 sensum

518 3296 658 3344 non
694 3280 1086 3361 conjectura,
1120 3280 1233 3345 sed
1267 3299 1411 3345 vera
1446 3280 1621 3344 verbi
1651 3281 2082 3360 originatione
2117 3286 2453 3344 assecutus
2486 3295 2628 3340 esse
2661 3277 2820 3341 mihi
2855 3277 3097 3339 videor.
3184 3278 3189 3285 ’

602 3401 785 3463 Nunc
823 3383 975 3464 vero
1012 3401 1255 3481 optime
1288 3401 1603 3483 quadrent
1641 3402 1835 3465 verba
1864 3400 2194 3465 Prudentii
2230 3374 2484 3464 Scotum
2518 3398 2907 3480 increpantis
2957 3380 3186 3461 baecce
3212 3416 3234 3456 τ
3272 3394 3358 3455 Te
3403 3390 3606 3454 solum
3650 3411 3788 3453 om-

517 3522 693 3582 nium
727 3520 1155 3583 acutissimum
1183 3520 1427 3584 Galliae
1478 3521 1825 3583 transmisit
1862 3520 2192 3595 Hibernia,
2247 3529 2341 3595 ut,
2391 3539 2544 3601 quae
2569 3518 2785 3581 nullus
2813 3517 3039 3600 absque
3080 3520 3137 3580 te
3161 3504 3321 3580 scire
3344 3506 3617 3596 poterat,
3647 3515 3783 3578 tuis

519 3639 988 3703 eruditionibus
1021 3639 1346 3705 obtineret.
1383 3643 1509 3707 Nec
1536 3643 1670 3724 jam
1707 3641 2034 3707 offendere
2088 3649 2322 3723 potest,
2355 3640 2526 3721 quod
2564 3638 2927 3703 Guilelmus
2959 3635 3554 3700 Malmesbnriensis
3588 3641 3788 3699 testa-

512 3769 648 3835 ‘tur,
683 3761 750 3824 in
777 3760 996 3826 codice
1029 3760 1345 3825 versionis
1370 3781 1440 3826 se
1470 3763 1728 3845 legisse,
1761 3765 2073 3828 Joannem
2102 3762 2358 3827 Scotum
2393 3753 2836 3843 Heruligenam
2856 3759 3198 3822 nominari.
3234 3756 3577 3837 Erutigena
3608 3756 3784 3820 enim

516 3879 679 3943 nihil
714 3878 889 3943 aliud
917 3887 1039 3953 est,
1070 3879 1199 3942 nisi
1232 3881 1600 3961 Ert'nigena,
1641 3883 1707 3946 id
1744 3889 1865 3960 est,
1906 3882 2214 3946 oriundus
2250 3903 2327 3944 ex
2356 3883 2563 3944 insula
2591 3881 2789 3955 Erin,
2826 3896 2994 3962 quae
3038 3882 3133 3940 est
3165 3873 3300 3937 fere
3334 3873 3548 3937 versio
3582 3871 3782 3936 latina

513 4006 813 4070 vocabuli
874 4006 1209 4085 lerugena.
1266 4004 1614 4086 Eruligena
1671 4012 1884 4069 autem
1918 4014 1981 4070 et
2034 4005 2379 4086 Erinigena
2434 4004 2749 4085 scriptura
2805 3998 3097 4065 codicum
3140 3997 3253 4060 vix
3314 3994 3661 4070 ditl‘erunt,
3715 3995 3787 4059 in

518 4127 760 4210 quibus
797 4127 892 4191 uti
926 4136 988 4193 et
1025 4128 1118 4191 ini
1151 4129 1307 4192 satis
1341 4134 1633 4192 accurate
1670 4126 2083 4192 conveniunt.
2311 4134 2325 4144 ‘
2780 4134 2783 4139 ‘

606 4257 634 4331 δ
680 4255 776 4317 18.
823 4255 966 4320 Alia
995 4263 1092 4320 est
1125 4252 1446 4336 quaestio,
1483 4270 1650 4332 quae
1690 4248 1863 4313 haud
1914 4247 2134 4311 minus
2171 4243 2451 4308 virorum
2483 4242 2814 4307 doctorum
2843 4240 3102 4321 ingenia
3130 4254 3476 4312 excercurt,
3510 4237 3592 4301 de
3620 4237 3784 4301 libro

521 4380 791 4443 Joannis
818 4378 1021 4455 Scoti,
1053 4395 1249 4459 quem
1274 4374 1346 4436 de
1366 4374 1478 4437 SS.
1510 4363 1919 4435 Eucharistia
1948 4366 2283 4448 scripsisse
2312 4363 2538 4429 fertur.
2563 4366 2651 4428 Ex
2686 4367 3106 4449 scriptoribus
3136 4371 3519 4451 aequauibus
3554 4367 3786 4431 librum

525 4492 1237 4581 lieentiaremeloannis
1269 4492 1439 4557 Scoti
1489 4491 1568 4555 de
1603 4485 2006 4553 Eucliaristia
2043 4483 2262 4549 nullus
2314 4493 2794 4552 commemorat.
2852 4488 3238 4553 Hincmarus
3285 4489 3457 4553 enim
3494 4504 3624 4553 non
3657 4486 3785 4551 nisi

524 4636 799 4688 errorem
816 4622 1194 4705 perstringit
1222 4642 1238 4682 :
1262 4615 1430 4701 quod
1452 4620 1899 4679 sacramentum
1926 4608 2151 4672 altaris
2177 4626 2306 4670 non
2329 4624 2540 4671 verum
2568 4626 2798 4688 corpus
2823 4615 2879 4672 et
2903 4610 3084 4671 verus
3112 4609 3369 4690 sanguis
3396 4595 3479 4671 sit
3508 4596 3784 4683 Domini,

522 4748 632 4813 sed
668 4752 911 4811 tantum
943 4747 1241 4810 memoria
1266 4743 1398 4806 ceri
1429 4738 1715 4823 corporis
1748 4745 1802 4799 et
1833 4733 2160 4817 sanguinis
2193 4733 2346 4815 ejus,
2383 4749 2660 4812 eumque
2692 4733 2848 4794 satis
2878 4736 3097 4812 aperte
3131 4729 3363 4793 Joanni
3407 4728 3785 4807 Scotigenae

511 4870 824 4958 imputat.
853 4872 1096 4937 Pariter
1125 4865 1524 4934 Adrevaldus
1575 4857 1935 4925 monachus
1982 4853 2405 4920 Floriacensis
2455 4851 2658 4915 seculi
2703 4852 2795 4912 1x
2856 4868 3046 4914 suum
3083 4854 3278 4931 quem
3314 4849 3694 4939 decerpere
3723 4853 3786 4912 et

514 4994 836 5077 Sanguine
865 4991 1126 5058 Domini
1162 4990 1397 5053 librum
1429 4979 1744 5056 condidit,
1772 4984 1994 5040 contra
2026 4971 2296 5053 ineptias
2346 4967 2614 5030 Joannis
2643 4966 2823 5029 Secti
2856 4966 3209 5048 inscripsit.
3261 4969 3614 5032 Gerbertus
3666 4981 3782 5028 seu

523 5117 824 5202 quisquis
853 5114 974 5181 fuit
1006 5127 1370 5191 anonymus
1404 5105 1517 5171 ille
1545 5102 1965 5176 Cellotianus,
1997 5095 2114 5179 qui
2168 5093 2388 5156 seculo
2422 5092 2486 5154 Χ
2538 5091 2619 5155 de
2665 5088 3106 5154 controversia
3152 5088 3575 5154 Paschasiana
3628 5085 3785 5149 seri.

523 5253 673 5326 pSll,
709 5249 960 5307 ceteros
980 5235 1113 5302 fere
1147 5249 1398 5305 omnes,
1429 5228 1541 5311 qui
1575 5242 1653 5290 eo
1681 5222 1968 5303 tempero
2014 5216 2213 5279 libros
2240 5213 2320 5277 de
2349 5230 2617 5294 corpore
2646 5220 2710 5276 et
2764 5211 3079 5290 sanguine
3108 5208 3370 5272 Domini
3412 5205 3781 5278 ediderunt,

680 5366 689 5383 ν·
787 5370 859 5404 ,οι
918 5366 1203 5410 nostrum
1225 5354 1529 5414 Joannem
1558 5348 1816 5402 Scotum
1846 5334 2319 5402 praetermittit.
2350 5335 2603 5392 Primus
2638 5332 2897 5395 demum
2928 5330 3352 5388 Beroncarius
3381 5324 3780 5388 Turonensis
