4036 5464
1606 366 2037 429 Ριιοοειιιυκ.
2059 320 2106 334 θ
3347 379 3455 419 ιη

226 554 229 557 -
269 517 502 577 Verum
542 526 647 573 res
682 506 769 571 ita
819 490 1165 573 seihabere
1201 507 1473 571 videtur.
1526 507 1605 570 lno
1646 503 2015 583 Berengarii
2048 502 2216 564 libro
2256 501 2328 562 de
2375 520 2553 563 sacra
2592 520 2802 575 coena,
2856 502 2968 582 qui
3015 500 3257 583 prodiit
3306 500 3473 564 hoe-

196 634 371 699 titulo
400 654 418 695 :
449 630 816 710 Berengarii
859 630 1246 691 Turonensis
1286 627 1359 689 de
1386 646 1566 689 sacra
1600 644 1788 688 coena
1816 622 2113 685 adversus
2159 622 2578 704 Lanfrancum
2609 619 2766 682 liber
2798 623 3122 702 posterior
3160 643 3188 683 e
3227 621 3455 685 codice

200 752 662 835 Guelferbytano
690 750 965 830 primum
1002 749 1330 813 ediderunt
1382 752 1458 812 Α.
1508 747 1585 808 F.
1628 754 1691 807 et
1714 745 1789 808 F.
1835 744 1946 806 Th.
1996 742 2244 803 Vischer
2272 740 2559 802 Berolini
2592 739 2773 814 183's,
2810 758 2872 819 p.
2908 740 2989 800 3'1
3026 739 3182 803 haec
3217 739 3443 818 legun-

201 881 294 936 tur
346 870 577 933 verba:
625 870 774 931 «De
820 868 1080 931 Joanne
1124 873 1347 931 autem
1386 883 1500 929 cur
1541 862 1919 928 conscissus
1940 859 2172 934 fuerit,
2224 868 2285 923 te
2351 858 2568 938 ipsum
2623 860 3015 945 quibusdam
3074 867 3479 924 narrantem.
3536 839 3545 854 ’

198 1006 442 1061 causam
479 986 945 1052 conscissionis
998 984 1239 1062 audivi,
1296 983 1450 1066 quia
1514 984 1586 1046 in
1637 981 1919 1063 quodam
1971 980 2192 1060 scripti
2253 979 2357 1043 sui
2414 979 2552 1043 loco
2603 978 2949 1060 posuisset,
2997 996 3094 1052 ea,
3150 995 3314 1059 quae
3374 978 3477 1040 in

201 1106 371 1173 altari
429 1112 907 1180 consecrantur,
940 1123 1065 1168 esse
1098 1105 1391 1184 ﬁguram,
1439 1103 1711 1183 signum,
1762 1103 2005 1183 pignus
2051 1104 2344 1181 corporis
2406 1110 2465 1163 et
2508 1101 2834 1181 sanguinis
2884 1099 3158 1162 Domini.
3186 1122 3219 1157 ιο
3277 1099 3459 1163 Haec.

201 1229 403 1295 omn-’a
452 1226 763 1307 quadrant
816 1227 885 1289 in
916 1224 1154 1331 librum
1203 1223 1283 1287 de
1343 1240 1610 1304 corpore
1658 1230 1722 1286 et
1759 1223 2079 1302 sanguine
2122 1221 2417 1297 Domini,
2454 1222 2569 1304 qui
2630 1221 2752 1285 sub
2802 1220 3067 1285 nomine
3122 1219 3468 1299 Batraan

203 1342 571 1424 saepissime
619 1342 831 1405 editus
899 1348 1017 1405 est.
1078 1342 1171 1405 lbi
1218 1342 1390 1406 enim
1443 1343 1566 1405 sub
1627 1342 1819 1406 ﬁnem
1867 1342 2089 1406 eadem
2143 1342 2451 1406 vocabula
2499 1343 2850 1410 identidem
2904 1353 3272 1410 occurrunt.
3333 1349 3467 1409 Acm

202 1463 356 1527 cedit
416 1460 595 1542 quod
660 1457 948 1522 Ascelini
984 1459 1175 1523 verba
1224 1477 1301 1522 ex
1342 1459 1456 1522 illo
1495 1458 1661 1523 libro
1695 1461 1964 1524 Joannis
2010 1462 2180 1524 Scoti
2214 1461 2411 1541 petita
2442 1461 2597 1527 haec
2638 1486 2653 1525 :
2704 1465 2919 1545 specie,
2950 1472 3257 1545 geruntur
3304 1464 3469 1542 ἰδία.-

197 1606 313 1649 non
340 1587 625 1657 veritate,
658 1586 725 1647 in
770 1584 881 1647 illo
917 1582 1244 1645 Ratramni
1284 1582 1449 1645 libro
1490 1581 1569 1646 ad
1604 1582 1869 1645 verbum
1902 1581 2225 1661 leguntur.
2267 1582 2430 1645 Sane
2488 1583 2698 1663 potuit
2729 1584 2891 1658 ﬁeri,
2928 1590 2997 1646 ut
3026 1550 3452 1664 duo‘scripto-

202 1730 318 1786 res,
352 1713 527 1775 inter
579 1728 745 1792 quos
791 1728 1017 1791 magna
1071 1711 1497 1776 intercederet
1532 1711 1942 1791 ingeniorum
1994 1711 2381 1786 similitudo,
2420 1711 2554 1775 illis
2599 1709 2975 1791 praesertim
3030 1706 3487 1789 temporibus...

203 1838 379 1900 etiam
414 1837 490 1899 in
541 1836 760 1899 eadem
809 1832 1116 1898 vocabula
1169 1838 1230 1897 et
1281 1833 1603 1911 integrum
1661 1832 2065 1895 enuntiatum
2101 1848 2250 1896 casu
2281 1831 2639 1894 inciderent
2666 1832 2977 1905 fortuito;
3012 1836 3074 1894 at
3124 1846 3347 1911 reapse
3392 1829 3460 1892 id

197 1958 417 2021 factum
458 1974 601 2020 esse
638 1956 705 2017 in
738 1954 867 2030 his,
898 1954 977 2018 de
1012 1954 1252 2037 quibus
1282 1954 1558 2033 agimus,
1592 1950 1808 2015 verbis
1860 1958 1987 2014 tam
2038 1949 2335 2013 absimile
2368 1959 2466 2012 est
2514 1951 2673 2025 veri,
2708 1959 2778 2014 ut
2826 1952 3137 2033 ampliore
3189 1953 3463 2016 demon-

201 2078 507 2141 stratione
538 2074 1101 2157 supersedeamus.
1128 2073 1351 2153 Neque
1383 2071 1667 2152 profecto
1701 2072 1824 2135 ista
1856 2070 2051 2135 verba
2082 2042 2333 2135 veritati
2364 2072 2453 2136 ita
2482 2080 2869 2153 congruunt,
2908 2080 3003 2151 ut,
3031 2073 3203 2155 quod
3227 2090 3462 2153 Oppro-

196 2199 327 2263 brio
358 2197 529 2262 verti
562 2196 839 2279 potuerit
873 2196 1194 2276 scriptori,
1238 2195 1399 2257 nihil
1432 2195 1838 2259 contineant.
1902 2208 1905 2211 '

265 2321 491 2403 Itaque
528 2318 637 2381 vix
665 2317 939 2381 dubium
984 2334 1129 2381 esse
1164 2316 1439 2391 videtur,
1468 2317 1932 2395 Berengarium
1964 2332 2155 2378 usum
2198 2332 2339 2377 esse
2394 2314 2560 2377 libro
2592 2316 2916 2380 Ratramni
2971 2317 3052 2381 de
3088 2334 3354 2398 corpore
3399 2311 3486 2382 ei

197 2444 499 2525 sanguine
536 2440 818 2515 Domini,
853 2458 1134 2522 eumque
1166 2440 1494 2504 Ratramni
1525 2439 1764 2503 librum
1803 2439 1873 2501 in
1912 2437 2181 2518 synodis
2210 2437 2605 2510 damnatum,
2639 2438 3065 2512 conscissum,
3097 2455 3465 2503 concrema-
3496 2484 3499 2485 ν

199 2569 321 2625 tum
354 2580 526 2627 esse.
570 2562 894 2624 Ratramni
924 2567 1137 2624 autem
1175 2559 1358 2622 illum
1393 2558 1630 2622 librum
1663 2576 1804 2623 esse
1852 2564 2166 2622 testantur
2196 2556 2474 2633 codices,
2505 2575 2539 2621 e
2565 2557 2804 2638 quibus
2862 2556 3072 2620 evolvi
3103 2556 3255 2620 olim
3291 2558 3468 2620 Lob-

201 2682 511 2761 biensem,
566 2699 739 2745 nunc
773 2681 1035 2745 Domini
1070 2683 1472 2760 Vergauwen
1503 2680 1966 2755 Gandavensis,
1998 2678 2204 2743 seculi
2240 2680 2324 2754 X,
2364 2695 2559 2760 quem
2613 2678 2953 2760 descripsit
2988 2681 3297 2745 Mabillon
3328 2683 3471 2743 AA.

199 2809 296 2871 SS.
353 2810 495 2874 ord.
551 2809 757 2874 sancti
809 2807 1049 2872 Bened.
1108 2808 1291 2868 Tom.
1349 2806 1467 2879 Vl,
1520 2802 1721 2885 praef.
1755 2804 1881 2866 Nro
1911 2804 2012 2866 83.
2056 2803 2194 2865 129.
2244 2804 2382 2876 130,
2438 2803 3048 2883 Heidelbergensem
3078 2805 3139 2867 8.
3183 2806 3330 2867 XX.
3364 2821 3468 2867 80-.

201 2932 320 2995 culi
347 2936 471 3010 XI,
495 2936 619 3016 qui
654 2935 813 2999 olim
851 2935 1159 3016 pertinuit
1213 2932 1289 2998 ad
1328 2930 1643 2996 abbatiam
1677 2928 1903 3003 Solem,
1944 2946 1978 2990 a
2013 2926 2386 2990 Mabillonio
2436 2926 2765 2991 laudatum
2814 2927 2883 2989 in
2917 2929 3247 2992 itinerario
3292 2930 3471 2991 Ana-

199 3050 343 3115 lecta
370 3056 589 3119 Paris.
644 3058 801 3121 1733
840 3058 957 3125 fol.
1009 3078 1070 3140 p.
1106 3060 1203 3124 th.
1241 3060 1339 3131 17,
1392 3064 1457 3122 et
1507 3057 1673 3121 duos
1723 3055 1978 3119 codices
2002 3052 2471 3117 Gottwicenses
2502 3062 2567 3115 n°
2596 3053 2674 3116 58
2703 3058 2762 3116 et
2793 3055 2933 3117 312.
2966 3054 3092 3129 Qui
3135 3056 3214 3118 ad
3260 3069 3493 3118 unum-

199 3188 412 3240 omnes
451 3178 803 3242 Ratramno
837 3180 1069 3243 librum
1101 3180 1485 3255 inscribunt,
1514 3177 1898 3242 Lobbiensis
1934 3176 2202 3257 quidem
2224 3174 2335 3239 ille
2367 3173 2468 3237 his
2508 3174 2772 3239 verbis:

794 3334 1087 3399 INCIPIT
1131 3338 1365 3400 LIBER
1406 3327 1766 3400 RATRXNI
1809 3335 1917 3396 DE
1957 3332 2163 3396 CORP
2205 3336 2312 3396 ΕΤ
2351 3322 2579 3396 δΑΝίῖ
2600 3321 2765 3397 DN}.

274 3476 352 3533 At
380 3471 493 3553 qui
523 3471 769 3536 factum
802 3481 923 3551 est,
956 3477 1239 3558 inquies,
1272 3484 1343 3541 ut
1375 3479 1442 3541 in
1474 3478 1587 3541 illo
1618 3476 1965 3541 certamine
1997 3476 2472 3555 Berengariano
2504 3493 2696 3540 nemo
2736 3478 3042 3552 extiterit,
3079 3478 3193 3561 qui
3228 3478 3501 3542 librum~

200 3591 269 3653 ad
306 3612 529 3659 verum
573 3597 783 3678 ipsius
811 3607 1135 3666 auctorem
1162 3605 1577 3667 Retramnum
1608 3602 1873 3666 referret
1895 3603 1923 3663 ἵ
1945 3602 2068 3677 Qui
2102 3600 2337 3665 factum
2366 3609 2485 3679 est,
2525 3608 2600 3664 ut
2624 3579 2860 3682 synodi
2891 3609 3504 3666 verumlauctorem.

201 3733 321 3785 non
360 3720 973 3801 deprehenderint?

269 3842 527 3918 Quibus
569 3847 1065 3927 quaestionibus
1104 3870 1372 3918 occurro
1401 3854 1892 3936 quaestionibus
1926 3852 2130 3928 hisce,
2158 3871 2325 3934 quae
2356 3870 2485 3918 non
2519 3852 2735 3918 minus
2773 3861 2928 3934 apte
2968 3853 3152 3915 ﬁunt.
3190 3853 3251 3915 Si
3302 3851 3481 3916 libro

200 3964 456 4032 Ioannis
491 3970 668 4033 Scoti
702 3972 1002 4037 utebatur
1041 3972 1489 4051 Berengarius,
1523 3973 1638 4053 qui
1668 3972 1906 4036 factum
1939 3979 2058 4047 est,
2097 3980 2165 4035 ut
2196 3973 2295 4037 vel
2329 3973 2469 4054 ipse
2505 3974 2599 4037 vel
2635 3974 2852 4037 schola
2888 3975 3092 4053 ipsius
3129 3992 3470 4055 nunquam

200 4083 271 4147 ad
302 4089 1318 4166 persimilemRatramnilibrum,
1345 4094 1545 4154 errori
1575 4110 1707 4156 suo
1723 4095 2157 4175 maximopere
2186 4094 2532 4169 faventem,
2566 4096 3005 4174 provocaverit
3027 4095 3197 4168 ?Qui
3229 4094 3478 4156 factum

201 4212 313 4279 est,
358 4214 428 4270 ut
464 4208 743 4271 omnino
776 4210 846 4271 in
880 4214 1007 4273 tota
1043 4210 1165 4273 ista
1213 4210 1654 4273 controversia
1706 4210 1855 4273 libri
1899 4209 2341 4274 Ratramniani
2386 4209 2565 4273 nulla
2614 4227 2891 4292 usquam
2948 4210 3193 4273 mentio
3245 4210 3481 4273 ﬁeret?

202 4321 429 4403 Synodi
480 4326 755 4408 quidem
806 4328 885 4392 de
937 4327 1103 4392 libro
1146 4330 1562 4412 judicarunt,
1594 4346 1724 4394 non
1761 4331 1840 4395 de
1869 4340 2152 4395 auctore.
2184 4328 2512 4392 Ratramni
2544 4336 2757 4391 autem
2797 4328 2961 4392 liber
2992 4334 3119 4391 tam
3168 4328 3481 4401 intricato

203 4459 269 4504 ac
297 4445 623 4526 singulari
654 4447 909 4511 dicendi
941 4466 1175 4527 genere
1209 4453 1449 4527 utitur,
1477 4460 1547 4516 ut
1584 4452 1705 4515 viri
1732 4453 1903 4517 docti
1935 4469 2085 4517 eum
2119 4449 2353 4514 Joanni
2391 4451 2579 4512 Scoto
2607 4448 3024 4526 tribui‘facile
3060 4454 3462 4529 paterentur.

200 4557 410 4641 Neque
442 4570 669 4626 tamen
705 4582 991 4651 unquam
1021 4572 1193 4650 apud
1224 4580 1469 4637 veteres
1488 4573 1617 4637 duo
1638 4572 1785 4637 libri
1817 4573 1896 4637 de
1923 4573 2027 4637 SS.
2061 4571 2495 4647 Eucharistia,
2516 4570 2786 4634 Joannis
2818 4570 2985 4636 Scoti
3016 4577 3076 4634 et
3113 4569 3493 4644 Ratramniu

100 4667 102 4670 ’
205 4679 278 4743 ab
312 4700 442 4747 uno
476 4684 849 4768 eodemque
880 4690 1190 4771 scriptore
1222 4693 1598 4759 laudantur.

271 4824 408 4889 Iam
432 4846 592 4893 vero
624 4829 685 4891 si
718 4828 886 4895 recte
917 4832 1267 4911 dubitatur,
1296 4838 1611 4903 Joannem
1637 4838 1900 4902 Scotum
1934 4837 2326 4918 peculiarem
2352 4835 2592 4901 librum
2620 4833 2700 4898 de
2731 4833 2839 4896 SS.
2869 4829 3273 4895 Eucharistia
3305 4831 3484 4894 scri-

200 4952 428 5032 psisse;
488 4957 765 5021 ubinam
821 4959 971 5038 ipse.
992 4977 1235 5022 errores
1261 4975 1416 5023 suos
1450 4968 1644 5043 atque
1675 4959 1945 5041 ineptias
1975 4961 2057 5025 de
2102 4960 2518 5028 sanctissimo
2548 4954 2835 5039 corporis
2867 4962 2933 5018 et
2962 4953 3297 5033 sanguinis
3350 4950 3485 5012 Doa

200 5072 351 5138 mini
412 5081 825 5141 sacramento
881 5080 1113 5160 sparsit
1139 5082 1169 5143 ἲ

271 5199 514 5278 Sparsit
544 5200 617 5261 in
651 5205 1110 5269 commentario
1140 5204 1209 5268 in
1240 5203 1300 5266 S.
1333 5203 1755 5287 Evangelium
1791 5204 2154 5267 secundum
2190 5196 2693 5280 Joannem,qui=
2714 5195 2921 5276 capite
2955 5196 3066 5269 Vl,
3105 5199 3203 5272 11,
3239 5192 3345 5259 ubi
3400 5190 3497 5254 de:

201 5317 297 5386 SS.
327 5320 747 5387 Eucharistia
771 5320 943 5404 loqui
974 5330 1291 5407 coeperat,
1327 5324 1397 5391 in
1432 5329 1653 5394 codice
1689 5324 1795 5387 dm

1887 5324 1953 5387 it.
1990 5327 2252 5408 Sparsit,
2294 5323 2550 5404 opinor,
2588 5321 2655 5382 iu
2689 5317 3231 5395 Expositionibus
3278 5315 3481 5375 lerar-

915 5445 953 5458 νδ
1098 5447 1109 5452 -
1196 5445 1270 5456 φ·
1455 5452 1490 5464 ,,
1560 5451 1570 5460 ,
2051 5447 2061 5452 ι
2447 5443 2459 5450 ο

2051 5447 2061 5452 .
2447 5443 2459 5450 -
2552 5442 2563 5448 ’
2650 5439 2659 5441 λ
2769 5438 2780 5448 ·
2930 5436 2986 5464 1,.
3022 5436 3102 5464 ea
3164 5428 3472 5464 n.‘nhnl§:_
