4056 6276
546 403 578 440 1
595 400 665 437 xu
1929 357 2364 420 PROOEMIUM.

529 512 630 567 rit.
664 507 874 578 Quare
907 502 1048 564 illas
1082 504 1317 580 pariter
1347 490 1791 578 expositiones
1823 497 2124 563 rescissas
2155 497 2527 578 deletasque
2563 514 2730 572 esse,
2764 485 3040 576 ideoque
3062 492 3129 559 in
3158 491 3486 556 codicibus
3504 491 3635 570 jam
3666 491 3773 554 de-

525 625 792 688 siderari
829 623 1141 705 suspicor.

538 767 550 774 -
606 746 724 807 His
758 746 955 824 igitur
984 742 1240 824 scriptis
1274 741 1542 804 uberius
1574 737 1851 819 prolatos
1884 737 2151 801 Joannis
2181 737 2350 800 Scoti
2380 736 2462 801 de
2499 751 2766 816 corpore
2796 742 2856 798 et
2892 733 3206 811 sanguine
3232 730 3493 793 Domini
3533 750 3792 795 errores

521 864 907 926 Hincmarus
957 859 1350 942 perstringit,
1391 859 1492 922 his
1533 859 1786 937 scriptis
1836 876 2001 938 quae
2058 859 2581 933 continebantur,
2650 859 2922 938 ineptias
2974 857 3370 923 Adrevaldus
3418 858 3792 923 monachus

523 987 853 1049 refutavit.
893 987 1115 1048 Postea
1169 990 1413 1057 autem,
1470 1001 1668 1064 quum
1719 985 2143 1063 Berengarius
2203 985 2611 1048 Turonensis
2647 985 2715 1047 in
2750 985 2984 1046 librum
3023 978 3350 1042 Ratramni
3407 978 3778 1054 incidisset,

521 1120 668 1169 eum
707 1105 973 1169 Joannis
1021 1104 1189 1169 Scoti
1239 1123 1406 1182 esse,
1464 1110 1525 1166 et
1557 1105 1679 1166 sibi
1713 1110 1773 1167 et
1805 1106 1950 1168 aliis
1990 1110 2332 1185 persuasnt.
2384 1104 2509 1168 Hic
2571 1108 2782 1169 autem
2821 1101 2985 1164 liber
3015 1101 3135 1164 etsi
3172 1117 3422 1166 errores
3457 1090 3779 1184 Berenga-

521 1229 740 1290 rienes
764 1244 900 1290 non
927 1231 1144 1308 aperte
1174 1227 1434 1308 profert,
1461 1234 1672 1290 tamen
1703 1228 2005 1301 incertae,
2043 1243 2210 1309 quae
2245 1226 2303 1289 ei
2344 1228 2592 1298 insunt,
2625 1225 3091 1306 ambiguaeque
3137 1228 3545 1293 definitiones
3585 1230 3671 1293 ita
3706 1249 3781 1295 se

520 1349 776 1426 habent,
811 1353 881 1414 ut
933 1367 1077 1415 cum
1113 1348 1642 1428 Berengarianae,
1695 1355 1830 1410 tum
1877 1347 2329 1412 Calvinisticae
2376 1347 2454 1411 de
2507 1363 2770 1426 corpore
2829 1354 2890 1414 et
2937 1348 3251 1427 sanguine
3305 1351 3568 1415 Domini
3622 1351 3775 1416 hae-

521 1488 739 1534 reseos
773 1474 958 1552 quasi
991 1470 1215 1533 matrix
1252 1475 1421 1532 recte
1455 1468 1660 1550 possit
1693 1468 1930 1532 vocari.

541 1613 544 1616 ’
600 1612 822 1690 Neque
890 1625 1042 1672 vero
1079 1607 1199 1670 loci
1234 1607 1362 1670 duo
1407 1604 1848 1674 commentarii
1888 1605 1954 1666 i'n
2002 1607 2063 1668 S.
2101 1608 2524 1686 Evangelium‘
2554 1626 2680 1674 sec.
2719 1611 2931 1688 Joan.,
2981 1625 3145 1692 quos
3179 1611 3265 1673 M.
3305 1612 3375 1673 F.
3425 1610 3780 1673 Ravaisson

522 1730 671 1791 citat
727 1727 827 1809 (cf.
877 1732 905 1804 ς
955 1727 1044 1807 9),
1111 1726 1656 1806 ejusmodisunt,
1710 1725 1821 1806 qui
1858 1725 2124 1789 Joannis

2176 1727 2343 1792 Secti
2405 1728 2732 1793 doctrinae
2791 1730 2871 1795 de
2931 1733 3036 1795 SS.
3085 1735 3512 1807 Eucharistia.
3547 1753 3776 1801 novam

524 1861 726 1921 lucem
763 1856 1114 1918 aﬂ'undant.
1152 1833 1304 1918 Nam
1356 1855 1524 1918 Scoti
1575 1853 1760 1917 verba
1789 1876 1802 1915 :
1831 1861 1884 1915 et
1933 1854 2358 1935 spiritualiter
2402 1875 2533 1918 eum
2565 1855 2968 1938 (Salvatorem
3016 1859 3113 1922 vel
3146 1832 3375 1936 agnum
3420 1855 3772 1936 mysticum)

520 1979 928 2053 immolemus,
983 1984 1041 2038 et
1088 1977 1588 2041 intellectualitcr
1621 1986 1838 2052 mente,
1869 1997 1995 2038 non
2043 1977 2218 2038 dente
2270 1975 2663 2052 comedimus,
2718 1981 2840 2043 etsi
2892 1982 3222 2044 veritatem
3278 1983 3472 2040 totam
3505 1991 3633 2038 non
3665 1992 3778 2037 ex-

520 2094 795 2189 primere
841 2104 1199 2176 videantur,
1260 2117 1481 2179 reapse
1535 2104 1747 2161 tamen
1805 2080 2094 2162 veritatis
2151 2095 2389 2160 limites
2449 2115 2576 2160 non
2633 2098 2929 2178 migrant.
2992 2101 3129 2163 Imo
3185 2102 3411 2164 Scotus
3466 2098 3782 2164 immolari

521 2223 848 2287 Christum
901 2224 1233 2303 profitetur
1269 2221 1636 2303 :quomodo
1683 2237 1834 2284 vero
1869 2219 2260 2295 immolemr,
2315 2219 2370 2282 si
2416 2221 2671 2284 realiter
2718 2237 3019 2302 praesens
3064 2239 3192 2285 non
3242 2222 3366 2284 sit?
3400 2221 3776 2286 lmmolatur

518 2348 730 2404 autem
783 2341 1199 2421 spiritualiter
1247 2349 1303 2403 et
1349 2339 1626 2415 realiter,
1686 2339 2044 2404 comeditur
2098 2337 2615 2403 intellectualiter
2651 2346 2706 2401 et
2761 2338 3038 2415 realiter,
3087 2344 3302 2403 mente
3349 2347 3404 2400 et
3457 2357 3584 2415 ore,
3645 2356 3776 2402 non

520 2463 731 2524 (lente.
778 2462 839 2524 Is
875 2461 1072 2540 igitur
1117 2461 1298 2524 locus
1347 2461 1692 2542 persimilis
1742 2467 1836 2525 est
1877 2462 2041 2541 ejus,
2081 2461 2197 2541 qui
2227 2460 2295 2522 in
2341 2459 2870 2540 Expositionibus
2918 2463 2984 2524 in
3017 2459 3401 2524 lerarchiam
3436 2458 3775 2523 caelestem

518 2585 678 2648 infra
716 2587 835 2648 col.
877 2586 991 2650 “to
1026 2586 1323 2650 occurrit.
1364 2583 1537 2646 Idem
1587 2581 1720 2644 fere
1769 2581 1845 2644 de
1881 2580 2081 2644 altero
2110 2581 2252 2645 loco
2310 2580 2503 2646 hocce
2555 2581 2756 2646 valet:
2783 2580 3141 2663 spiritualis
3180 2580 3437 2642 homo...
3478 2580 3612 2661 jam
3653 2597 3780 2639 non

517 2704 718 2765 solum
759 2712 940 2784 negat
989 2704 1306 2767 Christum
1359 2719 1602 2763 carnem
1659 2719 1802 2773 esse,
1863 2718 2044 2780 quam
2069 2701 2204 2781 jam
2241 2702 2308 2762 in
2363 2702 2661 2780 spiritum
2720 2719 2955 2764 versam
3009 2721 3132 2764 esse
3183 2701 3526 2780 intelligit,
3569 2719 3779 2761 rerum

518 2825 700 2886 etiam
739 2826 938 2905 ipsum
998 2823 1248 2905 depellit
1292 2821 1727 2886 rationabilem
1767 2822 2038 2883 animum
2081 2843 2222 2884 esse.
2261 2823 2335 2886 Ut
2375 2825 2531 2884 enim
2575 2836 2720 2886 caro
2773 2825 2976 2904 ipsius
3007 2823 3283 2886 exaltata
3329 2831 3416 2885 est
3455 2830 3511 2884 et
3540 2829 3779 2883 mutata

518 2946 584 3005 in
625 2946 891 3006 animam
917 2945 1376 3014 rationabilem.
1410 2949 1501 3008 ita
1533 2944 1935 3007 rationabilis
1971 2946 2171 3024 ipsius
2204 2945 2409 3007 anima
2447 2947 2508 3008 in
2543 2946 2919 3007 intellectum
2954 2953 3006 3005 et
3038 2945 3314 3026 subjecta
3357 2955 3442 3009 est
3484 2954 3539 3006 et
3575 2963 3772 3005 versa.

514 3066 1116 3150 Quomodocunqnc
1163 3070 1240 3132 de
1278 3070 1376 3132 liis
1419 3069 1666 3150 placitis
1715 3069 1942 3143 sentis,
1979 3075 2189 3134 tamen
2223 3068 2551 3136 Christum
2586 3071 2718 3152 jam
2768 3088 2909 3134 esse
2957 3090 3223 3152 corpore
3270 3072 3674 3146 destitutum,
3709 3080 3773 3133 et

519 3192 859 3260 humanam
889 3201 1176 3256 naturam
1217 3188 1518 3272 integram
1548 3210 1676 3254 non
1707 3191 1980 3272 amplius
2030 3191 2285 3266 habere,
2327 3209 2406 3254 ex
2447 3191 2525 3253 iis
2557 3208 2684 3252 non
2717 3193 3012 3272 sequitur
3047 3215 3061 3255 :
3096 3193 3207 3256 sed
3241 3195 3518 3256 Joannes
3553 3192 3783 3255 Scotus.

514 3314 577 3376 id
634 3315 1042 3394 potissimum
1096 3332 1281 3392 agere
1313 3315 1586 3389 videtur,
1626 3322 1718 3391 ut,
1765 3332 1969 3397 quum
2006 3315 2088 3378 sit
2124 3315 2526 3383 adversarius
2565 3315 2914 3392 Paschasii,
2953 3317 3186 3396 corpus
3221 3315 3511 3379 naturale
3545 3321 3605 3378 et
3639 3331 3779 3378 cor-

519 3453 636 3517 pus
673 3434 1088 3510 gloriﬁcatum
1130 3438 1323 3515 probe
1355 3438 1697 3501 discernat.

528 3641 534 3649 ,
596 3577 733 3640 Noli
771 3584 982 3648 autem
1048 3579 1283 3652 mirari,
1339 3581 1520 3661 quod,
1569 3582 1992 3663 fragmentum
2031 3583 2110 3645 de
2147 3583 2248 3644 SS.
2283 3584 2674 3648 Eucharistia
2723 3605 2756 3650 a
2793 3589 2885 3649 Μ.
2936 3589 3010 3652 F.
3072 3589 3417 3650 Ravaisson
3451 3607 3487 3652 e
3548 3590 3768 3654 codice

516 3697 964 3760 Abrinealensi
1021 3696 1264 3765 editum
1320 3707 1634 3786 Rapports
1681 3714 1800 3770 cet.
1839 3727 1897 3787 p.
1936 3709 2055 3770 372
2107 3729 2276 3791 sqq.,
2319 3720 2380 3775 et
2433 3731 2468 3775 a
2531 3714 2891 3778 Tallandier
2916 3718 3066 3780 Scot
3100 3716 3365 3795 Erigéne
3393 3724 3515 3779 cet.
3551 3735 3612 3796 p.
3662 3716 3782 3779 325

517 3829 730 3892 denuo
766 3826 936 3905 typis
982 3825 1377 3896 mandatum,
1429 3825 1494 3886 in
1559 3823 1676 3886 hac
1734 3823 2020 3888 editione
2083 3827 2354 3889 omnino
2391 3816 2817 3908 negleximus.
2875 3835 2969 3900 De
3021 3854 3152 3918 quo
3207 3840 3557 3903 Ravaisson
3623 3839 3780 3902 haec

516 3951 705 4023 verba
756 3950 1126 4014 facitzC’est
1160 3949 1457 4031 peut-dtre
1506 3963 1592 4006 un
1623 3945 1932 4026 fragment
1981 3946 2053 4008 de
2109 3947 2413 4028 Be’renger
2443 3948 2514 4010 de
2546 3951 2774 4029 Tours,
2827 3961 3136 4036 peut-étre
3193 3962 3265 4024 de
3314 3964 3462 4025 Scot
3513 3964 3785 4043 Erigéne

517 4069 666 4132 dant
703 4069 758 4132 le
810 4095 838 4129 α
871 4071 945 4132 de
990 4088 1256 4151 corpore
1300 4065 1558 4129 Domini
1594 4089 1621 4122 ι)
1664 4071 1752 4126 est
1785 4064 2010 4144 perdu.
2052 4071 2132 4128 At
2181 4066 2389 4128 virum
2421 4067 2499 4130 cl.
2533 4085 2680 4148 spes
2713 4071 2964 4137 fefellit.
3008 4079 3158 4141 Nam
3198 4086 3292 4142 est
3340 4080 3773 4158 fragmentum

515 4192 661 4258 libri
700 4191 1136 4257 Ratramniani
1173 4186 1414 4254 centies
1455 4182 1625 4265 typis
1673 4183 1953 4264 repetiti,
1991 4201 2123 4271 quo
2179 4183 2314 4246 fere
2366 4186 2578 4254 medio
2609 4188 2684 4254 ad
2729 4193 2992 4256 verbum
3047 4205 3276 4268 exstat.
3321 4199 3389 4264 Id
3425 4204 3602 4284 quod
3647 4203 3784 4269 edi-

517 4325 691 4396 tores
719 4312 799 4376 cl.
835 4327 1100 4392 prorsus
1132 4308 1381 4389 fugisse
1414 4307 1697 4373 videtur.
1847 4366 1852 4370 .
2826 4313 2831 4317 ’

621 4450 778 4528 §t9.
814 4450 952 4515 Jam
1003 4447 1192 4512 tertio
1234 4448 1374 4512 loco
1397 4449 1458 4510 id
1506 4444 1998 4528 expendendum
2031 4451 2249 4520 restat,
2285 4449 2462 4526 quod
2496 4464 2626 4512 non
2675 4451 2890 4517 minus
2939 4465 3037 4520 est
3100 4458 3358 4526 difficile
3424 4463 3728 4545 expedita
3759 4500 3778 4529 ι

517 4574 730 4656 qualis
759 4576 1071 4637 Joannem
1106 4571 1363 4634 Scotum
1399 4571 1566 4632 inter
1597 4575 1658 4631 et
1679 4565 2071 4647 Byzantinos
2108 4568 2252 4647 ejus
2289 4571 2596 4650 temporis
2641 4577 3050 4640 necessuudo
3081 4583 3418 4666 exstiterit.
3457 4586 3594 4648 Hoc
3627 4587 3774 4665 qui-

524 4699 670 4762 dem
719 4695 841 4757 sub
898 4693 1138 4758 nullam
1197 4687 1666 4754 dubitationem
1711 4685 1903 4760 cadit,
1955 4685 2264 4747 Joannem
2317 4684 2576 4751 Scotum
2608 4688 2674 4753 in
2732 4688 2898 4754 libro
2933 4690 3006 4754 de
3035 4693 3341 4763 divisione
3383 4701 3658 4766 Naturae
3700 4707 3781 4768 de

519 4817 934 4897 processione
967 4817 1030 4878 S.
1076 4813 1351 4895 Spiritus
1408 4809 1607 4887 magis
1661 4808 1790 4872 fere
1821 4809 2212 4872 Graecorum
2263 4808 2642 4890 adstipulari
2701 4811 3062 4890 doctrinae,
3114 4835 3308 4898 quam
3366 4823 3771 4886 Latinorum.

515 4945 740 5022 Neque
772 4960 899 5006 non
929 4942 1173 5023 ubique
1201 4941 1584 5002 Graecorum
1617 4935 2000 5016 sapientiam
2024 4936 2324 4999 laudibus
2357 4935 2633 4999 extollit.
2666 4937 2930 5018 Semper
2963 4956 3147 5004 suam
3179 4960 3323 5005 cum
3355 4945 3604 5022 graecis
3636 4944 3781 5008 lite-

515 5067 608 5130 ris
635 5063 1131 5128 familiaritatem
1167 5063 1233 5125 in
1262 5062 1514 5140 scriptis
1553 5061 1689 5124 suis
1737 5079 1884 5141 prae
1935 5079 2004 5124 se
2056 5060 2200 5136 fert,
2231 5069 2292 5126 et
2328 5062 2514 5142 quasi
2543 5081 2580 5126 a
2607 5064 2870 5128 Graecis
2899 5070 3114 5132 omnis
3147 5071 3415 5136 omnino
3464 5073 3780 5152 sapientia

513 5191 792 5273 petenda
823 5189 931 5263 sit,
968 5188 1196 5277 horum
1229 5186 1481 5250 laudem
1513 5186 1752 5268 ubique
1787 5186 2148 5266 praeconiis
2179 5187 2598 5268 amplissimis
2629 5190 2982 5268 praedicat.

595 5342 812 5417 Quum
871 5338 1065 5418 igitur
1110 5337 1390 5399 Joannes
1414 5335 1635 5398 Scotus
1666 5331 1833 5413 apud
1859 5332 2157 5398 Carolum
2192 5332 2458 5396 Calvum
2495 5334 2870 5397 auctoritate
2932 5351 3047 5398 sua
3083 5336 3437 5416 plurimum
3471 5337 3770 5418 polleret,

515 5455 696 5539 quid,
728 5456 782 5517 si
813 5456 1102 5530 Pltotius,
1133 5454 1288 5536 quid
1343 5452 1398 5516 si
1434 5453 1793 5534 Byzantini,
1826 5453 1940 5532 qui
1995 5468 2071 5516 eo
2105 5461 2392 5533 tempore
2439 5452 2718 5516 schisma
2756 5452 3211 5527 moliebantur,
3266 5454 3546 5517 aulicum
3586 5455 3784 5517 Grae-

515 5591 738 5640 corum
776 5574 1292 5637 amantissimum
1352 5582 1412 5638 et
1468 5579 1972 5655 praepotentem,
2029 5574 2097 5636 in
2136 5591 2284 5638 suas
2317 5579 2528 5652 partes
2573 5573 2827 5638 trahere
2877 5575 3086 5638 conati
3127 5565 3310 5640 sint?
3344 5579 3479 5640 Etsi
3518 5578 3781 5658 quidem

516 5693 596 5758 de
651 5694 766 5758 hac
823 5712 892 5757 re
937 5694 1091 5758 certi
1147 5688 1236 5757 fiil
1269 5701 1537 5769 constet,
1581 5693 1702 5756 hoc
1759 5698 1965 5756 tamen
2005 5693 2157 5756 satis
2226 5699 2622 5773 compertum
2660 5699 2775 5767 est,
2837 5694 3148 5759 Joannem
3181 5700 3491 5773 Scotum,
3543 5701 3596 5762 si
3653 5718 3783 5763 non

515 5839 763 5906 reapse,
799 5828 1009 5889 tamen
1059 5824 1471 5890 inclinatione
1515 5824 1745 5888 mentis
1803 5840 1837 5886 a
1893 5820 2114 5886 Photii'
2153 5819 2438 5902 partibus
2489 5819 2764 5884 stetisse.
2794 5819 2980 5896 Quod
3019 5838 3242 5886 versus
3292 5820 3557 5901 pessimi
3593 5835 3782 5898 argu-
