4056 6276
1692 347 2072 448 ΡὶιοΕΜευΜ.
2319 455 2324 458 ί
2395 457 2398 462 _
2625 454 2634 460 ν
2717 457 2720 460 ἢ
2959 453 2966 462 ε
3181 453 3186 458 ἴ
3367 360 3501 434 mu

256 507 477 592 menti,
516 536 678 600 quos
717 523 998 586 versioni
1029 513 1296 601 cperam
1333 505 1716 603 S.Dionysii
1745 524 2101 607 subiunxit,
2142 520 2540 608 apertissime
2575 516 2874 598 produnt.
2909 514 3065 575 Sunt
3090 509 3260 574 enim
3294 506 3496 572 tales:

1033 673 1312 746 Nobilibus
1335 674 1605 745 quondam
1635 673 1812 731 fueras
1847 681 2154 746 constructa
2181 673 2448 746 patronis,

989 793 992 795 Α
1113 742 1514 800 Subdita'nunc
1538 746 1708 801 servis
1730 746 1860 800 ben!
1890 744 2048 807 male,
2086 742 2439 809 Roma,-ruis.

1046 812 1342 886 Deseruere
1366 815 1453 886 tui_
1472 823 1622 886 tanto
1650 823 1703 870 te
1728 823 2171 886 temporereges,

1115 883 1292 938 Cessit
1315 891 1370 938 et
1391 884 1457 938 ad
1487 883 1724 939 Graecos
1751 899 1945 940 nomen
1982 883 2260 953 honosque
2282 889 2423 935 tuus.

1041 952 1536 1023 Constantinopolis
1567 953 1930 1010 ﬂoreusvuova
1959 953 2127 1008 Roma
2157 952 2400 1023 vocatur,

1113 1020 1347 1077 Moribus
1370 1020 1426 1077 et
1453 1025 1621 1079 muris
1647 1023 1818 1080 Roma
1845 1031 2052 1078 vetusta
2082 1022 2250 1078 cadis.

1039 1091 1276 1163 Transiit
1303 1092 1607 1163 imperium,
1638 1093 1942 1162 mansitque
1967 1093 2219 1163 superbia
2251 1099 2448 1156 teeum,

1111 1160 1588 1233 Gultusgaiaritiae
1611 1172 1664 1217 te
1695 1160 1918 1218 nimium
1945 1160 2183 1233 superat.
2257 1218 2262 1224 _

1024 1230 1250 1302 ,Vujgus
1276 1231 1346 1287 ab
1372 1234 1631 1289 extremis
1657 1234 1978 1302 distractum
2004 1229 2247 1302 partibus
2271 1229 2443 1296 orbis.

1111 1298 1404 1356 servorum
1425 1302 1588 1367 servi,
1619 1318 1761 1358 nunc
1787 1301 1884 1357 tibi
1915 1298 2041 1358 sunt
2068 1302 2293 1357 domini.

1040 1369 1098 1427 lu
1129 1378 1181 1426 te
1210 1370 1492 1436 nobilium,
1518 1383 1790 1428 rectorum
1819 1387 1978 1428 nemo
2006 1372 2287 1438 remansit,

1113 1440 1436 1512 lngenuique
1461 1442 1535 1496 tui
1568 1457 1694 1497 rura
1731 1442 1945 1512 pelasga
1973 1442 2179 1498 colunt.

1040 1509 1324 1566 Trudcasti
1350 1509 1505 1567 ’vivos
1527 1509 1744 1567 crudeli
1767 1509 1988 1567 vulnere
2017 1518 2256 1576 sanctos,

1113 1579 1355 1635 Vendere
1380 1597 1523 1636 nunc
1553 1582 1744 1636 horum
1775 1591 1987 1636 mortua
2016 1583 2259 1636 membra
2283 1578 2443 1635 soles.

1045 1649 1162 1719 Jam
1191 1649 1246 1703 ni
1276 1659 1329 1704 te
1354 1653 1602 1704 meritum
1622 1651 1765 1706 Petri
1789 1650 2045 1719 Paulique
2076 1650 2303 1712 foveret,
2351 1681 2358 1688 -

1116 1718 1378 1790 Tempore
1399 1719 1510 1790 jam
1537 1721 1697 1793 longo
1724 1720 1895 1777 Roma
1926 1718 2133 1776 misella
2161 1719 2324 1776 fores.

336 1831 477 1894 Hos
533 1847 783 1895 versus.
849 1832 989 1895 sine
1036 1835 1364 1916 scriptoris
1397 1839 1658 1903 nomine
1697 1838 1905 1903 editos
1933 1855 2004 1902 1n
2033 1854 2181 1920 app.
2209 1838 2416 1903 Bedae
2453 1835 2554 1900 ed.
2585 1831 2774 1896 Basil.
2799 1844 2857 1892 a.
2894 1827 3050 1892 1563
3086 1810 3186 1884 Τ.’
3227 1863 3246 1897 ,
3281 1835 3341 1899 p.
3385 1815 3524 1878 538.

257 1951 363 2013 ed.
426 1951 654 2015 Coron.
689 1954 760 2015 T.
809 1957 862 2028 Ι,
901 1972 962 2035 p.
1005 1953 1145 2029 M9,
1180 1973 1247 2020 re
1283 1974 1432 2021 vera
1459 1958 1724 2022 Joannis
1761 1959 1930 2024 Scoti
1963 1977 2133 2034 esse,
2168 1965 2464 2024 auctores
2499 1960 2650 2019 sunt
2699 1949 2954 2014 codices
3006 1957 3254 2007 veteres
3287 1937 3529 2014 Mona-

257 2079 481 2142 censis
511 2079 850 2157 Othlonis,
875 2082 1005 2144 duo
1039 2078 1600 2154 Vindobonenses,
1627 2086 1689 2144 et
1735 2081 2352 2154 Fiirstenfeldensis,
2389 2096 2582 2160 supra
2637 2056 2922 2138 laudati!
2952 2061 3205 2140 Quibus
3259 2055 3525 2138 quidem

257 2195 575 2260 omnibus
609 2198 688 2261 ad
720 2199 959 2263 calcem
985 2199 1302 2264 versionis
1335 2198 1501 2263 illud
1532 2209 1789 2264 carmen
1829 2202 2120 2266 additum
2153 2207 2272 2265 est.
2309 2202 2532 2280 Neque
2570 2197 2638 2260 id
2688 2200 2750 2257 te
2783 2203 3046 2254 movere
3075 2182 3319 2256 ‘-.debet.
3351 2173 3528 2258 quod

258 2315 428 2394 legis
451 2358 470 2390 ,
505 2315 732 2397 vulgus
760 2316 835 2380 ab
865 2318 1156 2380 extremis
1181 2317 1551 2380 distractum
1571 2320 1865 2400 partibus
1887 2321 2085 2399 orbis,
2116 2339 2436 2382 servorum
2463 2336 2694 2390 servos,
2728 2315 2952 2376 Romae
3001 2305 3339 2370 dominari.
3371 2295 3534 2373 Qui-

257 2439 390 2502 bus
418 2438 524 2500 vix
554 2437 826 2502 dubium
865 2445 983 2514 est,
1020 2438 1180 2520 quin
1208 2437 1644 2517 intelligantur
1678 2441 2000 2516 Saraceni,
2036 2440 2155 2522 qui
2179 2457 2256 2504 eo
2295 2445 2586 2520 tempore
2619 2435 2880 2516 saepius
2907 2431 3151 2496 ferrum
3181 2426 3534 2489 ﬂammam-

257 2575 398 2636 que
423 2559 666 2620 Romae
694 2556 1180 2620 minitabantur.
1219 2554 1384 2618 Vide
1408 2555 1742 2632 Muratori,
1777 2548 2014 2620 Hnnali
2043 2559 2315 2633 d’ltalia,
2351 2559 2429 2621 T.
2463 2559 2541 2621 V.

345 2681 413 2742 Si
431 2687 643 2744 autem
665 2647 943 2745 Joannes
963 2679 1188 2740 Scotus
1216 2675 1272 2738 is
1295 2674 1440 2749 fuit,
1466 2676 1528 2738 id
1553 2678 1724 2758 quod
1745 2678 1879 2758 jam
1912 2679 2022 2743 vix
2041 2680 2318 2742 dubitari
2348 2695 2537 2759 posse
2559 2677 2834 2746 videtur,
2865 2669 2980 2752 qui
3002 2665 3261 2731 Graecis
3275 2666 3536 2725 sanctae

261 2798 660 2881 apostolicae
702 2797 842 2862 sedi
892 2797 1352 2862 reluctantibus
1405 2797 1473 2858 in
1509 2798 1658 2862 aula
1702 2800 1897 2880 Regia
1939 2801 2292 2865 Parisiensi
2338 2798 2608 2874 faveret,
2641 2798 2804 2879 quia
2846 2797 3110 2872 mirum,
3147 2791 3323 2875 quod
3353 2787 3542 2852 Nico-

265 2919 319 2991 la
333 2935 412 2980 us
441 2918 510 2979 P.
546 2917 574 2978 Ι
606 2916 742 2997 regi
796 2919 1141 2998 opprobrio
1173 2917 1385 2992 vertit,
1417 2917 1597 2998 quod
1640 2919 1790 2984 libri
1844 2922 1906 2984 S.
1936 2921 2239 3002 Dionysii
2273 2922 2353 2985 ab
2383 2923 2631 2984 Joanne
2663 2920 2854 2981 Scoto
2880 2916 2952 2977 in
2986 2913 3259 2976 latinum
3288 2920 3541 2972 sermo-

266 3055 424 3102 nem
482 3036 783 3100 conversi
831 3037 973 3101 sine
1018 3037 1478 3119 approbatione
1533 3040 1884 3118 apostolica
1927 3041 1997 3103 in
2048 3041 2282 3120 vulgus
2347 3039 2572 3103 emissi
2619 3035 3266 3123 sint,lpostulatque.
3313 3035 3384 3092 ut
3431 3024 3541 3088 ille

265 3164 582 3234 Joannes,
619 3162 729 3229 oui
755 3179 882 3222 non
916 3178 1059 3221 sane
1085 3179 1298 3240 sapere
1325 3162 1392 3224 in
1424 3161 1792 3243 quibusdam
1827 3162 2134 3242 frequenti
2159 3177 2408 3222 rumore
2428 3157 2706 3234 dicatur,
2731 3157 2970 3219 Romae
3001 3150 3542 3232 repraesentetur,

269 3290 388 3345 aut
418 3291 592 3344 certe
628 3300 663 3343 a
691 3279 917 3343 Studio
953 3276 1323 3353 Parisiensi,
1364 3279 1544 3360 cujus
1598 3277 1835 3359 capital
1881 3278 2031 3340 olim
2074 3278 2268 3358 fuisse
2319 3275 2746 3358 perhibeatur,
2797 3277 3225 3346 removeatur,
3276 3285 3352 3328 ne
3401 3279 3544 3367 cum

271 3401 498 3463 tritico
546 3402 714 3463 sacri
742 3400 978 3481 eloquii
1011 3417 1210 3479 grana
1245 3403 1532 3466 zizaniae
1561 3413 1614 3465 et
1647 3403 1789 3466 lolii
1816 3404 2066 3465 miscere
2101 3401 2534 3480 dignoscatur,
2569 3408 2624 3459 et
2654 3415 2874 3478 panem
2904 3391 3340 3476 quaerentibus
3371 3404 3548 3450 vene-

273 3539 435 3582 num
461 3520 777 3600 porrigat.
813 3519 981 3594 Quid
1014 3520 1312 3586 Nicolaus
1349 3524 1528 3590 hisce
1563 3525 1765 3589 literis
1800 3525 1938 3588 suis
1977 3519 2718 3604 profecerit,_memoriae
2748 3532 2884 3580 non
2923 3514 3248 3596 proditur.

363 3642 587 3721 Neque
624 3640 747 3704 hoc
782 3641 922 3704 loco
953 3643 1594 3722 praetermittendum
1646 3664 1789 3711 esse
1847 3646 2121 3720 videtur,
2161 3660 2257 3719 ea,
2293 3660 2458 3719 quae
2492 3639 2572 3705 de
2624 3637 2836 3734 longis
2884 3638 3227 3702 itineribus
3277 3629 3550 3696 Joannis

280 3757 458 3833 Βροιί
508 3784 619 3846 per
659 3768 983 3832 Graeciam
1059 3777 1122 3836 et
1156 3773 1487 3840 Orientem
1540 3778 1858 3859 susceptis
1904 3775 2170 3839 fabulati
2214 3780 2367 3838 sunt
2398 3771 2722 3846 nonnulli,
2757 3763 3177 3845 argumentis,
3210 3775 3376 3840 quae
3407 3755 3553 3836 qui-

281 3887 434 3950 dem
469 3883 645 3946 ﬁrma
682 3882 833 3956 sint,
867 3883 1118 3963 probari
1160 3889 1378 3953 nullis.
1412 3894 1503 3956 Ac
1555 3894 1849 3976 Labbeus
1885 3893 2147 3974 quidem
2200 3893 2272 3956 in
2299 3891 2693 3972 praefatione
2726 3887 2805 3950 ad
2843 3881 3170 3947 Glossaria
3223 3883 3393 3940 recte
3425 3873 3550 3936 ob-

289 4008 532 4083 servat,
562 4008 863 4071 Joann—rm
891 4009 1143 4070 Scotum
1175 4027 1245 4069 ac
1284 4015 1513 4072 ceteros
1548 4011 1677 4090 eius
1714 4013 1850 4075 aevi
1887 4012 1954 4073 in
1985 4012 2224 4091 graecis
2256 4011 2460 4072 literis
2510 4006 2892 4089 magistellos
2922 4001 3035 4064 hac
3066 4001 3133 4062 in
3168 3998 3386 4076 lingua
3426 4005 3556 4054 non

285 4138 443 4200 adeo
476 4143 754 4198 versatos
783 4135 999 4216 fuisse,
1044 4139 1115 4192 ut
1152 4133 1216 4195 in
1253 4133 1584 4194 Franciam
1614 4131 1931 4194 Carolinis
1967 4131 2349 4210 temporibus
2398 4148 2699 4210 migrasse
2742 4128 3014 4189 Athenas
3066 4117 3552 4186 existimandum

287 4263 394 4335 sit,
431 4259 522 4333 id,
554 4258 727 4339 quod
758 4274 903 4320 cum
938 4255 1120 4319 rudia
1155 4255 1436 4319 carmina
1471 4272 1692 4334 graeca
1735 4255 2000 4318 Joannis
2036 4255 2229 4329 Scoti,
2270 4261 2406 4318 tum
2459 4256 2672 4336 ipsius
2702 4246 3064 4318 versiones.
3115 4238 3355 4322 quibus
3385 4251 3456 4296 δθ
3487 4232 3556 4293 in

288 4383 556 4449 Graecis
594 4397 843 4445 merum
879 4379 1221 4442 verborum
1272 4372 1661 4453 mancipium
1693 4370 1926 4451 prodit,
1955 4371 2110 4434 satis
2145 4373 2586 4450 comprobant.
2628 4371 2932 4433 Ceterum
2991 4361 3133 4442 ipse
3181 4369 3552 4436 graecarum

292 4504 627 4568 literarum
653 4495 1134 4579 interaequales
1166 4489 1599 4573 peritissimus
1630 4489 2009 4564 habebatur,
2034 4505 2152 4552 nec
2174 4488 2630 4568 dubitaverim,
2654 4489 2816 4573 quin
2847 4490 3066 4549 noster
3093 4475 3558 4557 intelligendus

296 4629 381 4690 sit
411 4627 716 4697 Joannes,
777 4619 860 4684 de
921 4633 1056 4684 auo
1091 4615 1157 4678 in
1193 4611 1473 4674 Psilotro
1523 4609 1606 4672 ad
1656 4610 1888 4672 noxios
1922 4627 2197 4690 quosque
2247 4608 2534 4670 humores
2592 4609 2980 4670 extrinsecus
3035 4603 3461 4670 desiccanaos,
3501 4603 3557 4656 et

296 4731 468 4830 pilos
520 4748 629 4827 qui
676 4743 1006 4823 displicent
1049 4735 1462 4819 extirpandos
1495 4734 1736 4799 codicis
1764 4733 1947 4808 29.50,
1980 4732 2065 4807 ω’,
2103 4731 2307 4795 seculi
2336 4732 2452 4807 XI,
2479 4730 2912 4796 bibliothecae
2942 4725 3218 4791 civitatis
3253 4721 3563 4785 Abrinca-

301 4882 476 4948 tum,
512 4871 665 4934 haec
701 4871 953 4932 exstant
989 4887 1004 4926 :
1040 4863 1224 4924 «Non
1261 4857 1468 4921 solum
1503 4860 1740 4922 autem,
1781 4858 1851 4915 ut
1882 4851 2181 4931 superius
2216 4851 2462 4917 dictum
2511 4856 2632 4927 est,
2666 4849 2832 4930 pilos
2879 4849 3075 4924 delet,
3109 4840 3560 4922 verumgetiam

303 4997 577 5062 noxium
605 4995 952 5058 humerum
985 4990 1297 5068 impetum
1334 4978 1644 5061 reprimit,
1684 4992 1814 5057 quo
1850 4979 1912 5038 et
1945 4973 2319 5054 frequenter
2359 4973 2674 5037 Pardulus
2724 4973 3024 5036 utebatur
3073 4965 3444 5046 episcOpus,
3500 4963 3564 5019 et

305 5121 554 5196 Fregus
582 5111 1059 5195 grammaticus,
1091 5105 1202 5185 qui
1237 5109 1297 5166 et
1328 5100 1578 5164 dicebat
1604 5119 1617 5157 :
1642 5097 2033 5176 Quicunque
2067 5093 2185 5157 hoc
2217 5093 2404 5157 tertio
2436 5111 2596 5157 usus
2625 5092 2824 5157 fuerit
2855 5093 2925 5154 in
2953 5087 3205 5159 Martio,
3239 5099 3369 5146 non
3401 5075 3564 5159 opus

306 5241 370 5301 ei
401 5236 678 5301 febrium
715 5232 1078 5298 molestiam
1126 5225 1351 5287 timere
1381 5219 1448 5280 in
1486 5233 1676 5281 anno.
1707 5214 1949 5278 Graeci
1995 5230 2236 5294 quoque
2289 5211 2616 5292 sapientes,
2648 5220 2718 5272 ut
2773 5213 2992 5275 audivi
3051 5229 3089 5270 a
3137 5208 3401 5274 Joanne,
3443 5199 3557 5259 hoc

312 5359 578 5420 maxime
606 5363 875 5417 utuntur
910 5346 1324 5414 medicamine.
1371 5341 1492 5405 Nec
1535 5335 1874 5418 aliquando
1936 5333 2225 5418 fortassis
2284 5331 2542 5393 alteram
2591 5349 2711 5412 pro
2765 5326 3143 5394 desiccandis
3191 5315 3558 5383 humoribus

316 5480 564 5541 curavit
596 5477 874 5557 accipere
906 5474 1228 5555 potionem
1252 5491 1307 5528 ι).
1355 5466 1440 5528 Μ.
1477 5465 1545 5526 F.
1594 5461 1940 5525 Ravaisson
1987 5443 2304 5538 Roppdrts
2334 5463 2457 5519 cet.
2497 5474 2557 5536 p.
2596 5457 2732 5518 132.
3080 5555 3095 5558 Δ
3360 5549 3382 5558 Λ
3433 5547 3444 5558 .

400 5605 427 5678 §
454 5600 556 5661 20.
603 5599 694 5659 De
725 5549 1108 5677 parentibus
1149 5599 1209 5653 et
1237 5584 1518 5667 cognatis
1540 5578 1803 5644 Joannis
1833 5576 1998 5640 Scoti
2033 5574 2192 5637 nihil
2225 5578 2618 5652 compertum
2666 5575 2784 5644 est,
2816 5567 2942 5629 nisi
2972 5563 3029 5624 ei
3066 5555 3322 5619 fratrem
3354 5549 3562 5612 fuisse

287 5718 290 5720 ⁷
323 5730 710 5795 Aldelmum.
739 5727 942 5801 Quem
975 5722 1209 5787 indicat
1257 5718 1456 5782 codex
1496 5715 1556 5776 S.
1595 5708 1917 5782 Germani,
1948 5706 2123 5777 1108,
2159 5704 2312 5766 olim
2343 5700 2480 5775 M2,
2506 5697 2615 5761 fol.
2655 5697 2754 5770 ω,
2795 5698 2849 5770 t,
2884 5689 2993 5753 ubi
3029 5688 3093 5750 in
3124 5685 3336 5748 fronte
3364 5692 3563 5742 mem-

328 5863 600 5939 branae,
663 5878 826 5944 quae
867 5856 1076 5923 tabula
1123 5850 1484 5917 dominicali
1539 5846 1794 5928 tegitur,
1847 5855 2073 5906 manus
2118 5836 2278 5900 forte
2320 5831 2518 5898 seculi
2575 5830 2664 5890 IX
2707 5826 2784 5890 ad
2823 5820 3175 5901 marginem
3225 5811 3563 5888 adscnpsxt
