4056 6276
465 340 593 383 xxtv
1873 310 2301 370 PROOEMIUM.

463 434 693 498 haecce
717 455 732 495 :
757 431 982 494 Frater
999 425 1310 491 Johannis
1327 425 1532 489 Scotti
1557 421 1872 486 Aldelmus
1899 421 2047 502 fecit
2083 420 2266 481 istam
2290 418 2592 498 paginam
2627 417 2639 495 ι
2779 417 3022 479 literam
3054 425 3185 478 tene
3203 433 3365 477 anno
3387 415 3639 478 Domini
3670 419 3682 496 ε

461 561 947 630 DCCC°XCVI°;
975 559 1250 640 sequenti
1268 576 1431 620 anno
1453 554 1732 617 tenebrae
1765 554 1776 632 |
1811 552 1944 614 ΧῚΙ
1969 551 2063 612 ιίιι

2082 569 2294 612 rarum
2311 550 2385 611 ab
2409 549 2499 611 M.
2527 549 2600 610 F.
2626 549 2698 608 Ζ.
2735 550 2748 622 1
2786 557 2838 610 et
2861 546 3114 628 sictdein
3149 551 3160 628 ι
3195 566 3333 628 cepa
3369 551 3380 626 |
3415 548 3641 627 incipit
3675 550 3684 625 Ι

462 691 660 756 salt...
699 694 712 770 ι
748 691 856 754 ubi
882 688 1079 752 ΧΗΙ·
1117 689 1129 767 |
1165 685 1325 750 linea
1357 688 1370 765 1
1404 684 1606 765 accip.
1644 684 1656 761 ι
1695 700 1847 746 ..ur.
1885 683 1897 760 |
1931 679 2232 764 Codicem
2253 677 2468 741 laudat
2489 676 2746 753 Cousin,
2771 676 3086 758 Ouvrages
3115 675 3342 740 ine’dite
3367 675 3719 750 d’Abelard,

465 821 758 904 append.,
790 840 853 903 p.
885 822 1025 884 622.

546 954 577 1028 §
606 952 706 1012 21.
729 951 946 1029 Nuper
968 951 1040 1010 D'
1059 949 1124 1009 J.
1149 947 1223 1010 Β.
1251 947 1444 1012 Weiss
1469 947 1536 1009 in
1558 946 1722 1008 libro
1744 968 1758 1007 :
1777 942 2130 1007 Geschichte
2149 939 2398 1024 Alfred:
2425 939 2528 1002 des
2555 938 2822 1002 Grossen
2840 938 3280 1020 Schaffhausen
3302 941 3478 1013 1852,
3501 943 3726 1002 auctor

471 1081 827 1144 sentcntiae
852 1079 997 1154 fuit,
1021 1081 1332 1143 Joannem
1360 1081 1618 1142 Scotum
1665 1078 1744 1140 ab
1785 1074 2045 1138 Alfredo
2091 1091 2243 1154 rege
2299 1080 2595 1136 vocatum
2628 1091 2662 1135 e
2691 1072 2897 1135 Gallia
2923 1072 2990 1133 in
3027 1070 3319 1150 Angliam
3350 1069 3630 1142 venisse,
3663 1074 3726 1131 et

470 1229 528 1274 a.
565 1210 674 1272 89t
715 1207 1158 1273 Malmesburii
1192 1214 1516 1272 mortuum
1545 1207 1711 1271 esse.
1747 1177 1988 1270 Nititur
2022 1205 2495 1285 argumentatio
2554 1204 2695 1284 ejus
2727 1203 2980 1267 duobus
3015 1201 3359 1275 chronicis,
3407 1197 3730 1261 Petribur—

471 1341 655 1420 gensi
685 1339 980 1420 Angliae,
1029 1338 1297 1402 Tbuano
1325 1337 1651 1401 Franciae.
1694 1316 1858 1399 Illud
1899 1336 2042 1399 edd.
2075 1335 2309 1416 Ioseph
2336 1334 2594 1415 Sparke,
2629 1335 2956 1396 Historiae
2981 1332 3363 1412 Anglicanae
3387 1330 3729 1410 scriptores

473 1477 642 1539 varii
669 1496 698 1538 e
728 1473 910 1538 codd.
941 1492 1085 1536 mss.
1114 1491 1278 1535 nunc
1306 1474 1582 1554 primum
1618 1473 1770 1535 editi
1801 1473 1981 1546 1723,
2029 1477 2093 1533 et
2140 1471 2314 1534 Giles
2361 1470 2665 1560 Londinii
2703 1471 2880 1534 1855.
2913 1470 3030 1533 Ubi
3069 1469 3145 1532 ad
3177 1485 3235 1530 a.
3272 1454 3387 1528 891
3432 1465 3587 1526 haec
3621 1479 3732 1524 ex-

477 1613 643 1669 stant
673 1627 689 1668 :
715 1605 1062 1670 Normanni
1082 1601 1464 1670 Wormaciae
1491 1603 1850 1682 episcopum
1874 1597 2190 1662 occidunt.
2212 1600 2485 1661 Joannes
2503 1600 2730 1662 Scotus
2747 1599 3080 1661 monachus
3099 1594 3529 1659 Malmesburii
3549 1592 3728 1664 obiit,

479 1741 909 1822 confossus,ut
936 1736 1195 1811 dicitur,
1218 1735 1504 1815 graphiis
1528 1737 1892 1814 puerorum,
1915 1734 2495 1821 quorum‘magister
2517 1741 2670 1793 erat.
2701 1733 3060 1794 Chronicon
3085 1728 3512 1793 bibliothecae
3528 1724 3736 1788 Thua-

481 1889 599 1935 nae
629 1871 750 1952 (Du
784 1867 1035 1931 Chesne
1067 1862 1346 1942 Scriptt.,
1371 1864 1555 1925 Tom.
1594 1863 1705 1935 lll,
1735 1879 1799 1942 p.
1829 1861 1969 1924 359.
2003 1861 2300 1942 Bouquet
2329 1859 2610 1940 Scriptt.,
2639 1863 2822 1922 Tom.
2851 1861 2990 1936 VII,
3015 1880 3075 1942 p.
3099 1863 3239 1942 253)
3264 1863 3420 1924 haec
3451 1857 3727 1941 profert:

477 2000 726 2079 Rogata
758 1993 1002 2077 Elfredi
1030 1994 1303 2055 Joannes
1321 1993 1546 2054 Scotus
1583 1991 1772 2054 rediit
1828 2010 1866 2050 a
1920 1991 2218 2068 Francia,
2250 1991 2362 2053 ubi
2417 1999 2548 2052 erat
2606 2011 2744 2054 cum
2789 1991 3018 2054 Carolo
3059 1993 3275 2056 Calvo.
3325 1991 3445 2056 Sed
3503 1991 3731 2056 horum

478 2126 927 2191 chronicorum
982 2139 1149 2204 quae
1206 2125 1288 2184 sit
1331 2120 1674 2184 auctoritas
1703 2165 1720 2196 ,
1767 2119 2265 2198 expendendum
2302 2127 2458 2183 erat.
2513 2119 2878 2212 Cbronicon
2912 2121 3254 2186 Thuanum
3313 2123 3379 2184 in
3430 2122 3551 2186 hoc
3594 2122 3733 2185 loco

479 2259 798 2324 Guilelmo
828 2253 1384 2319 Malmesburiensi
1413 2253 1632 2326 inniti,
1656 2269 1804 2332 quis
1827 2267 1957 2314 non
1986 2251 2380 2332 suSpiceturl
2412 2251 2711 2315 Cbronici
2739 2238 2951 2316 autem
2979 2253 3492 2333 Petriburgen'sis
3522 2253 3732 2316 locum

480 2405 565 2452 ex
602 2385 830 2450 eodem
865 2381 1044 2446 fonte
1078 2381 1368 2459 ﬂuxisse,
1397 2380 1531 2462 jam
1565 2379 1784 2445 fabula
1815 2381 1894 2444 de
1915 2380 2211 2462 graphiis
2249 2398 2626 2462 puerorum.
2661 2382 2876 2445 verbis
2897 2390 2968 2444 ut
2995 2381 3233 2445 dicitur
3270 2381 3528 2454 additis,
3564 2380 3737 2442 haud

481 2520 754 2582 obscure
777 2516 1115 2580 indicatur.
1141 2519 1436 2598 Demque
1467 2533 1598 2599 quo
1621 2518 1772 2598 jure
1798 2515 1909 2580 ille
1938 2515 2334 2580 contendere
2360 2515 2591 2597 possit,
2628 2527 2840 2579 locum
2871 2513 3137 2578 Assueri
3167 2514 3247 2577 de
3274 2513 3520 2574 Joanne
3544 2508 3740 2570 Eald-

480 2665 718 2710 saxone
741 2646 1222 2728 supposititium
1246 2664 1414 2723 esse,
1449 2661 1604 2711 sane
1625 2663 1758 2709 non
1785 2661 2122 2726 assequar.
2151 2646 2307 2708 Nam
2338 2644 2574 2725 posito,
2611 2651 2682 2706 ut
2711 2643 2892 2705 locus
2923 2640 3212 2715 Assueri,
3237 2639 3350 2720 qui
3381 2637 3607 2717 incipit
3638 2661 3666 2694 α
3699 2657 3739 2697 a

479 2778 746 2859 quodam
785 2786 1109 2859 tempore»
1138 2821 1155 2852 ,
1192 2777 1523 2856 genuinus
1567 2793 1701 2841 non
1745 2777 1854 2852 sit,
1902 2783 2118 2840 tamen
2153 2776 2294 2857 ejus
2330 2775 2681 2840 narrationi
2713 2762 2796 2838 de
2823 2775 3066 2836 Joanne
3099 2771 3500 2834 Ealdsaxone
3527 2770 3736 2851 primo

480 2905 902 2988 Aethelingiae
933 2910 1172 2986 abbate,
1208 2929 1372 2992 quae
1409 2910 1597 2990 paulo
1625 2915 1774 2974 ante
1811 2909 2155 2990 praecedit,
2194 2907 2351 2972 ﬁdes
2389 2923 2518 2970 non
2553 2912 2648 2971 est
2684 2904 3066 2983 abroganda.
3117 2906 3399 2966 Joannes
3449 2915 3599 2962 vero
3657 2899 3736 2960 ab

479 3035 742 3100 Alfredo
775 3053 924 3115 rege
963 3052 1087 3098 una
1119 3051 1263 3097 cum
1300 3031 1667 3095 Grimbaldo
1698 3035 1764 3094 in
1798 3031 2093 3112 Angliam
2129 3040 2411 3107 vocatus,
2444 3030 2621 3111 quin
2662 3029 2744 3092 sit
2779 3029 2951 3091 idem
2995 3027 3100 3090 hic
3137 3026 3450 3090 Ealdsaxo
3505 3023 3739 3091 Aethe-
3787 3124 3797 3127 Α

484 3164 721 3248 lingiae
751 3169 969 3241 abbas,
1006 3168 1114 3230 vix
1143 3149 1567 3230 dubitandum
1605 3167 1745 3230 erit.
1781 3167 2079 3231 Fortasse
2111 3163 2618 3228 scrutationibus
2646 3162 2954 3227 accuratis
2989 3162 3057 3224 in
3106 3160 3336 3239 Anglia
3385 3159 3736 3237 continget,

481 3300 558 3359 ut
587 3274 998 3356 inveniantur
1033 3307 1199 3354 nova
1230 3294 1578 3363 momenta,
1603 3291 1840 3370 quibus
1871 3291 2027 3355 haec
2057 3291 2353 3373 quaestio
2383 3291 2463 3354 de
2498 3289 2763 3373 Joannis
2794 3289 2963 3354 Scoti
2991 3290 3059 3353 in
3091 3257 3386 3369 Angliam
3421 3289 3631 3354 reditu
3659 3290 3739 3352 ad

480 3415 803 3499 liquidum
838 3415 1244 3496 perducatur.

564 3537 593 3609 ς
624 3535 724 3598 22.
757 3505 1027 3596 Joannis
1062 3533 1231 3595 Scoti
1273 3533 1451 3609 libri,
1481 3535 1595 3616 qui
1633 3541 2004 3617 supersunt,
2044 3554 2174 3616 quo
2222 3535 2449 3598 ordine
2485 3535 2707 3617 scripti
2760 3536 2891 3599 sint
2947 3543 3011 3599 et
3046 3535 3113 3598 in
3161 3535 3370 3598 lucem
3406 3532 3588 3606 editi,
3631 3533 3742 3596 vix

484 3669 692 3743 potest
721 3663 1000 3727 deliniri.
1031 3666 1169 3730 Hoc
1205 3668 1414 3730 solum
1446 3673 1716 3741 constat,
1757 3691 1786 3726 α
1810 3633 2266 3747 Expositiones
2296 3667 2651 3732 Ierarchiae
2681 3668 2975 3731 caelestis
3000 3691 3029 3725 »
3079 3673 3221 3748 post
3253 3666 3453 3728 libros
3485 3664 3613 3726 «'de
3650 3664 3744 3726 di-

483 3792 736 3857 visione
763 3795 1035 3859 Naturae
1054 3820 1082 3854 »
1119 3798 1509 3878 compositos
1541 3815 1708 3873 esse,
1737 3799 1814 3860 ad
1843 3816 2008 3878 quos
2039 3799 2413 3879 respiciunt.
2450 3799 2674 3865 Libros
2707 3824 2738 3857 α
2762 3799 2841 3864 de
2863 3799 3184 3864 divisione
3209 3798 3485 3861 Naturae
3509 3821 3538 3854 n
3567 3795 3742 3861 Wal-

481 3921 630 4004 fado
667 3924 995 3988 dedicatos
1029 3944 1197 4002 esse,
1227 3945 1261 3992 e
1297 3928 1420 3993 (ine
1451 3946 1672 3993 eorum
1702 3929 1778 3992 ad
1813 3930 1999 3993 fidem
2037 3929 2278 3994 codicis
2315 3931 2377 3994 S.
2417 3930 2782 3993 Germania
2817 3931 3006 3994 nobis
3033 3932 3366 4011 recognito
3389 3930 3737 4012 colligitur.

482 4056 832 4122 Wult‘adus
861 4057 1169 4153 ecclesiae
1189 4060 1526 4123 Remensis
1552 4077 1945 4134 oeconomus
1969 4061 2263 4125 interfuit
2284 4061 2558 4124 concilio
2587 4060 3014 4124 Carisiacensi
3039 4069 3258 4126 contra
3285 4065 3735 4130 Gotescalcum

485 4172 703 4239 habito
737 4194 770 4238 a
795 4177 936 4240 8&9.
971 4177 1068 4238 Ab
1095 4177 1359 4241 Ebbone
1389 4179 1722 4241 ordinatus
1753 4179 1818 4242 in
1860 4179 2136 4243 concilio
2159 4182 2612 4245 Suessionensi
2636 4201 2695 4246 a.
2717 4184 2836 4246 853
2857 4183 3058 4262 gradu
3088 4183 3396 4262 privatur.
3438 4186 3684 4264 Deinde
3705 4207 3743 4254 a

484 4293 712 4358 Carolo
737 4293 931 4357 Calvo
966 4295 1336 4368 arcessitus,
1374 4296 1442 4358 in
1474 4298 1620 4361 aula
1645 4300 1840 4378 Regia
1859 4299 2426 4377 Carolomannum,
2454 4303 2620 4382 regis
2651 4303 2880 4377 ﬁlium,
2911 4302 3219 4366 instituit.
3245 4304 3360 4367 Ubi
3389 4281 3738 4371 amicitiam

483 4429 629 4476 cum
672 4413 921 4475 Joanne
974 4413 1162 4475 Scoto
1195 4413 1421 4477 iniisse
1458 4415 1731 4480 videtur.
1786 4416 2090 4481 Nicolaus
2143 4421 2210 4490 Β.
2245 4420 2295 4483 Ι.
2331 4438 2393 4484 a.
2419 4422 2540 4485 863
2587 4419 2856 4485 clericos
2893 4423 2970 4485 ab
3002 4422 3268 4486 Ebbone
3297 4423 3631 4488 ordinatos
3672 4425 3739 4489 in

485 4539 791 4619 pristinos
821 4538 1054 4620 gradus
1085 4538 1390 4601 restituit.
1424 4537 1621 4600 Paulo
1655 4544 1793 4618 post
1824 4538 2166 4603 Wulfadus
2195 4539 2593 4605 CaroliCalvi
2613 4541 2832 4606 favore
2853 4544 3478 4628 archiepiscopatum
3511 4549 3746 4613 Bituri-

483 4677 743 4724 censem
775 4659 1046 4740 adeptus
1080 4665 1198 4722 est.
1233 4659 1409 4722 Obiit
1438 4675 1496 4720 a.
1526 4660 1668 4721 876.
1704 4659 1794 4720 De
1830 4676 1961 4740 quo
2000 4659 2145 4724 vide
2174 4661 2508 4725 Mabillon.
2541 4662 2773 4726 Annal.
2809 4665 2991 4726 Tom.
3033 4664 3121 4726 1.11
3153 4672 3214 4728 et
3242 4629 3392 4729 hist.
3433 4666 3746 4732 littéraire

487 4777 569 4841 de
600 4777 661 4840 la
691 4780 956 4873 France,
992 4780 1175 4841 Tom.
1229 4781 1309 4854 ν,
1351 4799 1412 4861 p.
1463 4781 1604 4842 ῖι77.
1638 4782 1947 4861 Tempus,
1994 4799 2127 4862 quo
2175 4784 2444 4847 Joannis
2491 4785 2662 4848 Scoti
2702 4781 2924 4848 «liber
2974 4785 3054 4850 de
3101 4787 3742 4861 Praedestinatione»

483 4907 882 4988 compositus
911 4907 1020 4980 sit,
1058 4906 1242 4972 facile
1281 4906 1632 4987 colligitur.
1671 4909 1911 4974 Pariter
1942 4927 2199 4972 carmen
2245 4909 2272 4970 Ι
2318 4909 2488 4972 infra
2527 4909 2914 4989 impressum
2948 4909 3190 4973 bellum
3245 4910 3417 4973 inter
3443 4910 3746 4973 Carolum

415 5041 422 5043 ‘
479 5023 750 5089 Calvum
780 5032 843 5091 et
872 5026 1270 5091 Ludovicum
1320 5030 1700 5094 Germaniae
1740 5047 1957 5110 regem
2007 5030 2354 5095 conflatum
2406 5030 2693 5110 respicit.
2742 5029 2965 5093 Cetera
3005 5028 3271 5092 Joannis
3302 5027 3473 5093 Scoti
3509 5031 3747 5111 scripta

481 5146 743 5226 quando
793 5146 1150 5226 composita
1203 5144 1358 5223 sint,
1411 5163 1542 5210 non
1599 5154 1996 5229 compertum
2053 5147 2348 5211 habetur.

561 5271 878 5351 Catalogis
914 5278 1201 5337 veterum
1249 5271 1330 5334 de
1367 5270 1550 5335 libris
1592 5270 1859 5333 Joannis
1892 5269 2061 5334 Scoti
2089 5269 2474 5350 scriptorum
2503 5272 2560 5334 si
2586 5272 2742 5337 ﬁdes
2782 5270 3074 5336 habenda
3114 5279 3240 5351 est,
3274 5273 3553 5354 plurima
3603 5272 3746 5352 ejus

485 5395 717 5476 scripta
745 5395 1216 5472 desiderantur,
1239 5404 1350 5461 aut
1369 5396 1721 5478 deperdita,
1744 5402 1854 5458 aut
1885 5397 1951 5457 in
1993 5395 2405 5461 bibliothecis
2436 5397 2905 5462 delitescentia.
2936 5398 3034 5460 Ex
3063 5399 3366 5478 catalogis
3388 5397 3588 5476 igitur
3609 5414 3747 5471 eos,

481 5514 596 5594 qui
623 5515 794 5580 inter
815 5517 1184 5582 testimonia
1205 5517 1485 5581 Thomae
1507 5518 1660 5579 Gale
1691 5515 1854 5578 infra
1879 5515 2190 5581 impressa
2212 5523 2805 5597 nonjrecensentur,
2824 5518 2944 5582 hoc
2973 5518 3115 5582 loco
3143 5513 3507 5580 adscribere
3541 5510 3742 5574 lubet.

561 5635 942 5727 Vincentius
973 5636 1436 5702 Bellovacensis
1466 5638 1548 5716 (is
1589 5635 1763 5716 126’s)
1797 5635 1861 5698 in
1890 5635 2155 5715 Speculo
2186 5636 2510 5700 historiali
2541 5636 2652 5700 lib.
2687 5638 2865 5698 XXV
2895 5655 3031 5717 cap.
3074 5636 3177 5712 1.2,
3215 5633 3336 5698 hoc
3373 5633 3565 5697 titulo
3606 5652 3624 5694 :
3663 5632 3752 5694 De

484 5767 743 5850 imperio
781 5769 997 5834 Caroli
1035 5773 1211 5837 Calvi
1247 5780 1297 5835 ct
1327 5772 1582 5854 scriptis
1613 5769 1877 5832 Joannis
1897 5769 2091 5848 Scoti,
2118 5769 2375 5834 tradidit
2408 5767 2636 5834 haecce
2678 5791 2690 5828 :
2725 5767 2857 5828 Hoc
2881 5776 3150 5848 tempore
3191 5764 3424 5827 claruit
3462 5735 3736 5825 Joannes
