  <div class='ocr_page' id='page_1' title='image "/cluster/home/n/w/nwhite01/storage/ocr_20150623/122/hvd.32044015471659/034.png"; bbox 0 0 4056 6276; ppageno 0'>
   <div class='ocr_carea' id='block_1_1' title="bbox 1666 337 3520 445">
    <p class='ocr_par' dir='ltr' id='par_1_1' title="bbox 1666 337 3520 445">
     <span class='ocr_line' id='line_1_1' title="bbox 1666 337 3520 445; baseline 0.012 -22"><span class='ocrx_word' id='word_1_1' title='bbox 1666 337 2115 429; x_wconf 62' lang='grc' dir='ltr'><strong><em>’ρηοοεωωι</em></strong></span> <span class='ocrx_word' id='word_1_2' title='bbox 3413 400 3520 445; x_wconf 76' lang='grc' dir='ltr'>ω</span> 
     </span>
    </p>
   </div>
   <div class='ocr_carea' id='block_1_2' title="bbox 259 462 3526 600">
    <p class='ocr_par' dir='ltr' id='par_1_2' title="bbox 259 462 3526 600">
     <span class='ocr_line' id='line_1_2' title="bbox 259 462 3526 600; baseline 0.009 -49"><span class='ocrx_word' id='word_1_3' title='bbox 259 474 507 583; x_wconf 73' lang='lat' dir='ltr'><strong><em>Scotus,</em></strong></span> <span class='ocrx_word' id='word_1_4' title='bbox 551 489 653 552; x_wconf 90' lang='lat' dir='ltr'><strong><em>vir</em></strong></span> <span class='ocrx_word' id='word_1_5' title='bbox 686 493 1067 573; x_wconf 89' lang='lat' dir='ltr'><strong><em>perspicacis</em></strong></span> <span class='ocrx_word' id='word_1_6' title='bbox 1118 493 1355 573; x_wconf 81' lang='lat' dir='ltr'><strong><em>ingenii</em></strong></span> <span class='ocrx_word' id='word_1_7' title='bbox 1396 504 1451 558; x_wconf 90' lang='lat' dir='ltr'><strong><em>et</em></strong></span> <span class='ocrx_word' id='word_1_8' title='bbox 1497 497 1762 597; x_wconf 86' lang='lat' dir='ltr'><strong><em>mellitae</em></strong></span> <span class='ocrx_word' id='word_1_9' title='bbox 1806 476 2157 569; x_wconf 80' lang='lat' dir='ltr'><strong><em>facundiae.</em></strong></span> <span class='ocrx_word' id='word_1_10' title='bbox 2207 506 2335 582; x_wconf 78' lang='lat' dir='ltr'><strong><em>Qui</em></strong></span> <span class='ocrx_word' id='word_1_11' title='bbox 2386 503 2622 572; x_wconf 89' lang='lat' dir='ltr'><strong><em>dudum</em></strong></span> <span class='ocrx_word' id='word_1_12' title='bbox 2671 513 3195 593; x_wconf 72' lang='lat' dir='ltr'><strong><em>concrepantibus</em></strong></span> <span class='ocrx_word' id='word_1_13' title='bbox 3246 476 3526 600; x_wconf 78' lang='lat' dir='ltr'><strong><em>undique</em></strong></span> 
     </span>
    </p>
   </div>
   <div class='ocr_carea' id='block_1_3' title="bbox 257 594 3525 739">
    <p class='ocr_par' dir='ltr' id='par_1_3' title="bbox 257 594 3525 739">
     <span class='ocr_line' id='line_1_3' title="bbox 257 594 3525 739; baseline 0.011 -65"><span class='ocrx_word' id='word_1_14' title='bbox 257 614 560 678; x_wconf 87' lang='lat' dir='ltr'><strong><em>bellorum</em></strong></span> <span class='ocrx_word' id='word_1_15' title='bbox 606 620 971 700; x_wconf 81' lang='lat' dir='ltr'><strong><em>fragoribus</em></strong></span> <span class='ocrx_word' id='word_1_16' title='bbox 1018 624 1086 685; x_wconf 91' lang='lat' dir='ltr'><strong><em>in</em></strong></span> <span class='ocrx_word' id='word_1_17' title='bbox 1130 624 1465 688; x_wconf 85' lang='lat' dir='ltr'><strong><em>Franciam</em></strong></span> <span class='ocrx_word' id='word_1_18' title='bbox 1502 594 1586 689; x_wconf 83' lang='lat' dir='ltr'><strong><em>ad</em></strong></span> <span class='ocrx_word' id='word_1_19' title='bbox 1619 608 1915 693; x_wconf 81' lang='lat' dir='ltr'><strong><em>Carolum</em></strong></span> <span class='ocrx_word' id='word_1_20' title='bbox 1953 632 2211 697; x_wconf 90' lang='lat' dir='ltr'><strong><em>Calvum</em></strong></span> <span class='ocrx_word' id='word_1_21' title='bbox 2244 642 2606 700; x_wconf 72' lang='lat' dir='ltr'><strong><em>transierat.</em></strong></span> <span class='ocrx_word' id='word_1_22' title='bbox 2627 639 2838 722; x_wconf 85' lang='lat' dir='ltr'><strong><em>.Cujus</em></strong></span> <span class='ocrx_word' id='word_1_23' title='bbox 2873 654 3106 724; x_wconf 89' lang='lat' dir='ltr'><strong><em>rogatu</em></strong></span> <span class='ocrx_word' id='word_1_24' title='bbox 3140 644 3525 739; x_wconf 80' lang='lat' dir='ltr'><strong><em>Ierarchiam</em></strong></span> 
     </span>
    </p>
   </div>
   <div class='ocr_carea' id='block_1_4' title="bbox 252 736 3522 855">
    <p class='ocr_par' dir='ltr' id='par_1_4' title="bbox 252 736 3522 855">
     <span class='ocr_line' id='line_1_4' title="bbox 252 736 3522 855; baseline 0.011 -53"><span class='ocrx_word' id='word_1_25' title='bbox 252 743 549 823; x_wconf 82' lang='lat' dir='ltr'><strong><em>Dionysii</em></strong></span> <span class='ocrx_word' id='word_1_26' title='bbox 585 747 999 830; x_wconf 78' lang='lat' dir='ltr'><strong><em>Areopagitae</em></strong></span> <span class='ocrx_word' id='word_1_27' title='bbox 1039 750 1113 815; x_wconf 92' lang='lat' dir='ltr'><strong><em>de</em></strong></span> <span class='ocrx_word' id='word_1_28' title='bbox 1164 753 1402 819; x_wconf 79' lang='lat' dir='ltr'><strong><em>Graeco</em></strong></span> <span class='ocrx_word' id='word_1_29' title='bbox 1458 757 1527 819; x_wconf 89' lang='lat' dir='ltr'><strong><em>in</em></strong></span> <span class='ocrx_word' id='word_1_30' title='bbox 1582 755 1876 822; x_wconf 86' lang='lat' dir='ltr'><strong><em>Latinum</em></strong></span> <span class='ocrx_word' id='word_1_31' title='bbox 1928 755 2182 825; x_wconf 86' lang='lat' dir='ltr'><strong><em>verbum</em></strong></span> <span class='ocrx_word' id='word_1_32' title='bbox 2227 784 2257 826; x_wconf 90' lang='lat' dir='ltr'><strong><em>e</em></strong></span> <span class='ocrx_word' id='word_1_33' title='bbox 2306 765 2489 828; x_wconf 87' lang='lat' dir='ltr'><strong><em>verbo</em></strong></span> <span class='ocrx_word' id='word_1_34' title='bbox 2530 768 2884 832; x_wconf 90' lang='lat' dir='ltr'><strong><em>transtulit.</em></strong></span> <span class='ocrx_word' id='word_1_35' title='bbox 2936 769 3300 855; x_wconf 84' lang='lat' dir='ltr'><strong><em>Composuit</em></strong></span> <span class='ocrx_word' id='word_1_36' title='bbox 3338 736 3522 839; x_wconf 77' lang='lat' dir='ltr'><strong><em>etiam</em></strong></span> 
     </span>
    </p>
   </div>
   <div class='ocr_carea' id='block_1_5' title="bbox 255 867 3523 993">
    <p class='ocr_par' dir='ltr' id='par_1_5' title="bbox 255 867 3523 993">
     <span class='ocr_line' id='line_1_5' title="bbox 255 867 3523 993; baseline 0.011 -63"><span class='ocrx_word' id='word_1_37' title='bbox 255 867 511 948; x_wconf 88' lang='lat' dir='ltr'><strong><em>librum,</em></strong></span> <span class='ocrx_word' id='word_1_38' title='bbox 545 874 717 957; x_wconf 89' lang='lat' dir='ltr'><strong><em>quod</em></strong></span> <span class='ocrx_word' id='word_1_39' title='bbox 732 872 879 957; x_wconf 85' lang='lat' dir='ltr'><strong><em>peri</em></strong></span> <span class='ocrx_word' id='word_1_40' title='bbox 908 880 1096 960; x_wconf 83' lang='lat' dir='ltr'><strong><em>fision</em></strong></span> <span class='ocrx_word' id='word_1_41' title='bbox 1122 884 1436 962; x_wconf 88' lang='lat' dir='ltr'><strong><em>merismu,</em></strong></span> <span class='ocrx_word' id='word_1_42' title='bbox 1472 885 1542 950; x_wconf 91' lang='lat' dir='ltr'><strong><em>id</em></strong></span> <span class='ocrx_word' id='word_1_43' title='bbox 1570 896 1658 950; x_wconf 88' lang='lat' dir='ltr'><strong><em>est</em></strong></span> <span class='ocrx_word' id='word_1_44' title='bbox 1692 933 1710 964; x_wconf 92' lang='lat'><strong><em>,</em></strong></span> <span class='ocrx_word' id='word_1_45' title='bbox 1744 889 1817 952; x_wconf 91' lang='lat' dir='ltr'><strong><em>de</em></strong></span> <span class='ocrx_word' id='word_1_46' title='bbox 1846 892 2125 957; x_wconf 92' lang='lat' dir='ltr'><strong><em>Naturae</em></strong></span> <span class='ocrx_word' id='word_1_47' title='bbox 2160 868 2467 959; x_wconf 84' lang='lat' dir='ltr'><strong><em>divisione</em></strong></span> <span class='ocrx_word' id='word_1_48' title='bbox 2499 898 2805 976; x_wconf 86' lang='lat' dir='ltr'><strong><em>titulavit,</em></strong></span> <span class='ocrx_word' id='word_1_49' title='bbox 2835 910 3106 984; x_wconf 83' lang='lat' dir='ltr'><strong><em>propter</em></strong></span> <span class='ocrx_word' id='word_1_50' title='bbox 3137 904 3523 993; x_wconf 71' lang='lat' dir='ltr'><strong><em>quaestiones</em></strong></span> 
     </span>
    </p>
   </div>
   <div class='ocr_carea' id='block_1_6' title="bbox 251 992 3524 1110">
    <p class='ocr_par' dir='ltr' id='par_1_6' title="bbox 251 992 3524 1110">
     <span class='ocr_line' id='line_1_6' title="bbox 251 992 3524 1110; baseline 0.014 -59"><span class='ocrx_word' id='word_1_51' title='bbox 251 992 577 1061; x_wconf 77' lang='lat' dir='ltr'><strong><em>solvendas</em></strong></span> <span class='ocrx_word' id='word_1_52' title='bbox 619 999 765 1068; x_wconf 84' lang='lat' dir='ltr'><strong><em>bene</em></strong></span> <span class='ocrx_word' id='word_1_53' title='bbox 794 1009 1031 1089; x_wconf 87' lang='lat' dir='ltr'><strong><em>utilem,</em></strong></span> <span class='ocrx_word' id='word_1_54' title='bbox 1067 1013 1126 1077; x_wconf 92' lang='lat' dir='ltr'><strong><em>si</em></strong></span> <span class='ocrx_word' id='word_1_55' title='bbox 1154 1021 1355 1079; x_wconf 89' lang='lat' dir='ltr'><strong><em>tamen</em></strong></span> <span class='ocrx_word' id='word_1_56' title='bbox 1387 1018 1445 1081; x_wconf 90' lang='lat' dir='ltr'><strong><em>ei</em></strong></span> <span class='ocrx_word' id='word_1_57' title='bbox 1478 1019 1545 1081; x_wconf 91' lang='lat' dir='ltr'><strong><em>in</em></strong></span> <span class='ocrx_word' id='word_1_58' title='bbox 1577 1017 1895 1102; x_wconf 85' lang='lat' dir='ltr'><strong><em>aliquibus</em></strong></span> <span class='ocrx_word' id='word_1_59' title='bbox 1929 1024 2319 1105; x_wconf 84' lang='lat' dir='ltr'><strong><em>ignoscatur,</em></strong></span> <span class='ocrx_word' id='word_1_60' title='bbox 2379 1028 2450 1089; x_wconf 91' lang='lat' dir='ltr'><strong><em>in</em></strong></span> <span class='ocrx_word' id='word_1_61' title='bbox 2494 1029 2720 1110; x_wconf 84' lang='lat' dir='ltr'><strong><em>quibus</em></strong></span> <span class='ocrx_word' id='word_1_62' title='bbox 2767 1049 2808 1092; x_wconf 92' lang='lat' dir='ltr'><strong><em>a</em></strong></span> <span class='ocrx_word' id='word_1_63' title='bbox 2851 1031 3227 1095; x_wconf 88' lang='lat' dir='ltr'><strong><em>Latinorum</em></strong></span> <span class='ocrx_word' id='word_1_64' title='bbox 3272 1034 3524 1098; x_wconf 89' lang='lat' dir='ltr'><strong><em>tramite</em></strong></span> 
     </span>
    </p>
   </div>
   <div class='ocr_carea' id='block_1_7' title="bbox 248 1122 3525 1239">
    <p class='ocr_par' dir='ltr' id='par_1_7' title="bbox 248 1122 3525 1239">
     <span class='ocr_line' id='line_1_7' title="bbox 248 1122 3525 1239; baseline 0.005 -31"><span class='ocrx_word' id='word_1_65' title='bbox 248 1122 545 1229; x_wconf 54' lang='grc' dir='ltr'><strong><em>δεθείη-’διν</em></strong></span> <span class='ocrx_word' id='word_1_66' title='bbox 600 1132 747 1199; x_wconf 89' lang='lat' dir='ltr'><strong><em>dum</em></strong></span> <span class='ocrx_word' id='word_1_67' title='bbox 793 1141 861 1203; x_wconf 91' lang='lat' dir='ltr'><strong><em>in</em></strong></span> <span class='ocrx_word' id='word_1_68' title='bbox 907 1143 1179 1210; x_wconf 77' lang='lat' dir='ltr'><strong><em>Graecos</em></strong></span> <span class='ocrx_word' id='word_1_69' title='bbox 1227 1151 1460 1213; x_wconf 86' lang='lat' dir='ltr'><strong><em>acriter</em></strong></span> <span class='ocrx_word' id='word_1_70' title='bbox 1502 1152 1717 1216; x_wconf 89' lang='lat' dir='ltr'><strong><em>oculos</em></strong></span> <span class='ocrx_word' id='word_1_71' title='bbox 1788 1155 2078 1218; x_wconf 85' lang='lat' dir='ltr'><strong><em>intendit.</em></strong></span> <span class='ocrx_word' id='word_1_72' title='bbox 2132 1159 2261 1221; x_wconf 86' lang='lat' dir='ltr'><strong><em>Hic</em></strong></span> <span class='ocrx_word' id='word_1_73' title='bbox 2312 1158 2780 1224; x_wconf 87' lang='lat' dir='ltr'><strong><em>succedentibus</em></strong></span> <span class='ocrx_word' id='word_1_74' title='bbox 2858 1162 3041 1225; x_wconf 88' lang='lat' dir='ltr'><strong><em>annis</em></strong></span> <span class='ocrx_word' id='word_1_75' title='bbox 3096 1160 3525 1239; x_wconf 71' lang='lat' dir='ltr'><strong><em>muniﬁcentia</em></strong></span> 
     </span>
    </p>
   </div>
   <div class='ocr_carea' id='block_1_8' title="bbox 245 1255 3523 1375">
    <p class='ocr_par' dir='ltr' id='par_1_8' title="bbox 245 1255 3523 1375">
     <span class='ocr_line' id='line_1_8' title="bbox 245 1255 3523 1375; baseline 0.013 -60"><span class='ocrx_word' id='word_1_76' title='bbox 245 1255 503 1338; x_wconf 76' lang='lat' dir='ltr'><strong><em>Alfredi</em></strong></span> <span class='ocrx_word' id='word_1_77' title='bbox 547 1263 808 1330; x_wconf 83' lang='lat' dir='ltr'><strong><em>allectus</em></strong></span> <span class='ocrx_word' id='word_1_78' title='bbox 838 1274 1004 1335; x_wconf 80' lang='lat' dir='ltr'><strong><em>venit</em></strong></span> <span class='ocrx_word' id='word_1_79' title='bbox 1036 1275 1104 1338; x_wconf 88' lang='lat' dir='ltr'><strong><em>in</em></strong></span> <span class='ocrx_word' id='word_1_80' title='bbox 1137 1276 1452 1357; x_wconf 80' lang='lat' dir='ltr'><strong><em>Angliam,</em></strong></span> <span class='ocrx_word' id='word_1_81' title='bbox 1488 1289 1543 1343; x_wconf 90' lang='lat' dir='ltr'><strong><em>et</em></strong></span> <span class='ocrx_word' id='word_1_82' title='bbox 1573 1281 1747 1362; x_wconf 89' lang='lat' dir='ltr'><strong><em>apud</em></strong></span> <span class='ocrx_word' id='word_1_83' title='bbox 1774 1287 2218 1348; x_wconf 88' lang='lat' dir='ltr'><strong><em>monasterium</em></strong></span> <span class='ocrx_word' id='word_1_84' title='bbox 2249 1288 2783 1356; x_wconf 86' lang='lat' dir='ltr'><strong><em>Malmesberiense</em></strong></span> <span class='ocrx_word' id='word_1_85' title='bbox 2813 1313 2853 1354; x_wconf 92' lang='lat' dir='ltr'><strong><em>a</em></strong></span> <span class='ocrx_word' id='word_1_86' title='bbox 2869 1292 3116 1373; x_wconf 89' lang='lat' dir='ltr'><strong><em>pueris,</em></strong></span> <span class='ocrx_word' id='word_1_87' title='bbox 3153 1310 3309 1375; x_wconf 90' lang='lat' dir='ltr'><strong><em>quos</em></strong></span> <span class='ocrx_word' id='word_1_88' title='bbox 3342 1292 3523 1356; x_wconf 89' lang='lat' dir='ltr'><strong><em>doce-</em></strong></span> 
     </span>
    </p>
   </div>
   <div class='ocr_carea' id='block_1_9' title="bbox 241 1386 3441 1531">
    <p class='ocr_par' dir='ltr' id='par_1_9' title="bbox 241 1386 3441 1531">
     <span class='ocr_line' id='line_1_9' title="bbox 241 1386 3441 1531; baseline 0.012 -80"><span class='ocrx_word' id='word_1_89' title='bbox 241 1386 379 1466; x_wconf 84' lang='lat' dir='ltr'><strong><em>bat,</em></strong></span> <span class='ocrx_word' id='word_1_90' title='bbox 405 1393 718 1474; x_wconf 87' lang='lat' dir='ltr'><strong><em>graphiis,</em></strong></span> <span class='ocrx_word' id='word_1_91' title='bbox 748 1407 819 1464; x_wconf 90' lang='lat' dir='ltr'><strong><em>ut</em></strong></span> <span class='ocrx_word' id='word_1_92' title='bbox 855 1403 1078 1481; x_wconf 80' lang='lat' dir='ltr'><strong><em>fertur,</em></strong></span> <span class='ocrx_word' id='word_1_93' title='bbox 1103 1411 1495 1491; x_wconf 74' lang='lat' dir='ltr'><strong><em>perforatas,</em></strong></span> <span class='ocrx_word' id='word_1_94' title='bbox 1528 1421 1584 1473; x_wconf 89' lang='lat' dir='ltr'><strong><em>et</em></strong></span> <span class='ocrx_word' id='word_1_95' title='bbox 1612 1421 1853 1494; x_wconf 87' lang='lat' dir='ltr'><strong><em>martyr</em></strong></span> <span class='ocrx_word' id='word_1_96' title='bbox 1895 1416 2254 1478; x_wconf 85' lang='lat' dir='ltr'><strong><em>aestimatus</em></strong></span> <span class='ocrx_word' id='word_1_97' title='bbox 2289 1424 2399 1481; x_wconf 92' lang='lat' dir='ltr'><strong><em>est.</em></strong></span> <span class='ocrx_word' id='word_1_98' title='bbox 2437 1418 2651 1502; x_wconf 83' lang='lat' dir='ltr'><strong><em>Hujus</em></strong></span> <span class='ocrx_word' id='word_1_99' title='bbox 2689 1421 3077 1504; x_wconf 82' lang='lat' dir='ltr'><strong><em>epitaphium</em></strong></span> <span class='ocrx_word' id='word_1_100' title='bbox 3105 1421 3223 1486; x_wconf 90' lang='lat' dir='ltr'><strong><em>hoc</em></strong></span> <span class='ocrx_word' id='word_1_101' title='bbox 3252 1423 3381 1508; x_wconf 83' lang='lat' dir='ltr'><strong><em>fuit</em></strong></span> <span class='ocrx_word' id='word_1_102' title='bbox 3408 1445 3441 1531; x_wconf 41' lang='grc' dir='ltr'><strong>,τ</strong></span> 
     </span>
    </p>
   </div>
   <div class='ocr_carea' id='block_1_10' title="bbox 960 1556 2408 1639">
    <p class='ocr_par' dir='ltr' id='par_1_10' title="bbox 960 1556 2408 1639">
     <span class='ocr_line' id='line_1_10' title="bbox 960 1556 2408 1639; baseline 0.011 -28"><span class='ocrx_word' id='word_1_103' title='bbox 960 1556 1246 1639; x_wconf 55' lang='lat' dir='ltr'><strong><em>Clauditur</em></strong></span> <span class='ocrx_word' id='word_1_104' title='bbox 1271 1560 1325 1618; x_wconf 92' lang='lat' dir='ltr'><strong><em>in</em></strong></span> <span class='ocrx_word' id='word_1_105' title='bbox 1360 1561 1571 1639; x_wconf 79' lang='lat' dir='ltr'><strong><em>tumulo</em></strong></span> <span class='ocrx_word' id='word_1_106' title='bbox 1620 1566 2114 1639; x_wconf 24' lang='lat' dir='ltr'><strong><em>sanctus‘sopbista</em></strong></span> <span class='ocrx_word' id='word_1_107' title='bbox 2141 1566 2408 1639; x_wconf 79' lang='lat' dir='ltr'><strong><em>Joannes,</em></strong></span> 
     </span>
    </p>
   </div>
   <div class='ocr_carea' id='block_1_11' title="bbox 955 1626 2389 1749">
    <p class='ocr_par' dir='ltr' id='par_1_11' title="bbox 955 1626 2389 1749">
     <span class='ocr_line' id='line_1_11' title="bbox 955 1626 2389 1749; baseline 0.01 -69"><span class='ocrx_word' id='word_1_108' title='bbox 955 1626 1063 1749; x_wconf 52' lang='lat' dir='ltr'><strong><em>Sui</em></strong></span> <span class='ocrx_word' id='word_1_109' title='bbox 1098 1630 1304 1687; x_wconf 71' lang='lat' dir='ltr'><strong><em>ditatus</em></strong></span> <span class='ocrx_word' id='word_1_110' title='bbox 1342 1642 1461 1687; x_wconf 76' lang='lat' dir='ltr'><strong><em>erat</em></strong></span> <span class='ocrx_word' id='word_1_111' title='bbox 1486 1631 1603 1702; x_wconf 82' lang='lat' dir='ltr'><strong><em>jam</em></strong></span> <span class='ocrx_word' id='word_1_112' title='bbox 1629 1635 1816 1691; x_wconf 77' lang='lat' dir='ltr'><strong><em>vivens</em></strong></span> <span class='ocrx_word' id='word_1_113' title='bbox 1836 1626 2092 1705; x_wconf 65' lang='lat' dir='ltr'><strong><em>dog&#39;mate</em></strong></span> <span class='ocrx_word' id='word_1_114' title='bbox 2123 1640 2298 1694; x_wconf 81' lang='lat' dir='ltr'><strong><em>miro.</em></strong></span> <span class='ocrx_word' id='word_1_115' title='bbox 2380 1666 2389 1677; x_wconf 72' lang='grc' dir='ltr'><strong><em>ι</em></strong></span> 
     </span>
     <span class='ocr_line' id='line_1_12' title="bbox 1006 1702 2334 1749; baseline 0 0"><span class='ocrx_word' id='word_1_116' title='bbox 1006 1702 1213 1749; x_wconf 83' lang='lat' dir='ltr'><strong><em>artvrio</em></strong></span> <span class='ocrx_word' id='word_1_117' title='bbox 1240 1703 1457 1749; x_wconf 71' lang='lat' dir='ltr'><strong><em>tandem</em></strong></span> <span class='ocrx_word' id='word_1_118' title='bbox 1485 1703 1685 1749; x_wconf 71' lang='lat' dir='ltr'><strong><em>Christi</em></strong></span> <span class='ocrx_word' id='word_1_119' title='bbox 1716 1706 2081 1749; x_wconf 67' lang='lat' dir='ltr'><strong><em>tmnnnnndnrn.</em></strong></span> <span class='ocrx_word' id='word_1_120' title='bbox 2113 1722 2334 1749; x_wconf 74' lang='lat' dir='ltr'><strong><em>manum</em></strong></span> 
     </span>
    </p>
   </div>
   <div class='ocr_carea' id='block_1_12' title="bbox 1006 1702 2335 1777">
    <p class='ocr_par' dir='ltr' id='par_1_12' title="bbox 1006 1702 2335 1777">
     <span class='ocr_line' id='line_1_13' title="bbox 1006 1702 2335 1777; baseline 0.011 -26"><span class='ocrx_word' id='word_1_121' title='bbox 1006 1702 1213 1771; x_wconf 83' lang='lat' dir='ltr'><strong><em>artyrio</em></strong></span> <span class='ocrx_word' id='word_1_122' title='bbox 1240 1703 1457 1777; x_wconf 61' lang='lat' dir='ltr'><strong><em>ian-lem</em></strong></span> <span class='ocrx_word' id='word_1_123' title='bbox 1485 1703 1685 1777; x_wconf 65' lang='lat' dir='ltr'><strong><em>Christi</em></strong></span> <span class='ocrx_word' id='word_1_124' title='bbox 1716 1702 2081 1777; x_wconf 65' lang='lat' dir='ltr'><strong><em>conscendere</em></strong></span> <span class='ocrx_word' id='word_1_125' title='bbox 2113 1722 2335 1777; x_wconf 76' lang='lat' dir='ltr'><strong><em>regnum</em></strong></span> 
     </span>
    </p>
   </div>
   <div class='ocr_carea' id='block_1_13' title="bbox 958 1765 2339 1846">
    <p class='ocr_par' dir='ltr' id='par_1_13' title="bbox 958 1765 2339 1846">
     <span class='ocr_line' id='line_1_14' title="bbox 958 1765 2339 1846; baseline 0.009 -23"><span class='ocrx_word' id='word_1_126' title='bbox 958 1765 1078 1834; x_wconf 81' lang='lat' dir='ltr'><strong><em>Quo</em></strong></span> <span class='ocrx_word' id='word_1_127' title='bbox 1096 1765 1319 1837; x_wconf 74' lang='lat' dir='ltr'><strong><em>inet-uit,</em></strong></span> <span class='ocrx_word' id='word_1_128' title='bbox 1350 1773 1522 1828; x_wconf 84' lang='lat' dir='ltr'><strong><em>sancti</em></strong></span> <span class='ocrx_word' id='word_1_129' title='bbox 1551 1782 1782 1845; x_wconf 72' lang='lat' dir='ltr'><strong><em>regnant</em></strong></span> <span class='ocrx_word' id='word_1_130' title='bbox 1807 1789 1906 1846; x_wconf 87' lang='lat' dir='ltr'><strong><em>per</em></strong></span> <span class='ocrx_word' id='word_1_131' title='bbox 1928 1776 2109 1832; x_wconf 84' lang='lat' dir='ltr'><strong><em>secula</em></strong></span> <span class='ocrx_word' id='word_1_132' title='bbox 2137 1765 2339 1835; x_wconf 65' lang='lat' dir='ltr'><strong><em>cuncti.</em></strong></span> 
     </span>
    </p>
   </div>
   <div class='ocr_carea' id='block_1_14' title="bbox 232 1899 3518 2017">
    <p class='ocr_par' dir='ltr' id='par_1_14' title="bbox 232 1899 3518 2017">
     <span class='ocr_line' id='line_1_15' title="bbox 232 1899 3518 2017; baseline 0.012 -56"><span class='ocrx_word' id='word_1_133' title='bbox 232 1899 466 1964; x_wconf 81' lang='lat' dir='ltr'><strong><em>Scabri</em></strong></span> <span class='ocrx_word' id='word_1_134' title='bbox 510 1915 656 1967; x_wconf 85' lang='lat' dir='ltr'><strong><em>sunt</em></strong></span> <span class='ocrx_word' id='word_1_135' title='bbox 689 1905 758 1968; x_wconf 89' lang='lat' dir='ltr'><strong><em>hi</em></strong></span> <span class='ocrx_word' id='word_1_136' title='bbox 790 1924 1029 1986; x_wconf 84' lang='lat' dir='ltr'><strong><em>versus,</em></strong></span> <span class='ocrx_word' id='word_1_137' title='bbox 1064 1919 1118 1974; x_wconf 90' lang='lat' dir='ltr'><strong><em>et</em></strong></span> <span class='ocrx_word' id='word_1_138' title='bbox 1167 1912 1455 1977; x_wconf 90' lang='lat' dir='ltr'><strong><em>moderni</em></strong></span> <span class='ocrx_word' id='word_1_139' title='bbox 1487 1919 1788 1996; x_wconf 87' lang='lat' dir='ltr'><strong><em>temporis</em></strong></span> <span class='ocrx_word' id='word_1_140' title='bbox 1818 1916 1965 1983; x_wconf 88' lang='lat' dir='ltr'><strong><em>lima</em></strong></span> <span class='ocrx_word' id='word_1_141' title='bbox 1995 1931 2291 1987; x_wconf 87' lang='lat' dir='ltr'><strong><em>carentes.</em></strong></span> <span class='ocrx_word' id='word_1_142' title='bbox 2330 1924 2557 1990; x_wconf 87' lang='lat' dir='ltr'><strong><em>Snbdit</em></strong></span> <span class='ocrx_word' id='word_1_143' title='bbox 2594 1948 2610 1988; x_wconf 91' lang='lat'><strong>:</strong></span> <span class='ocrx_word' id='word_1_144' title='bbox 2657 1930 2782 1991; x_wconf 84' lang='lat' dir='ltr'><strong><em>Hic</em></strong></span> <span class='ocrx_word' id='word_1_145' title='bbox 2815 1931 3087 1994; x_wconf 85' lang='lat' dir='ltr'><strong><em>Joannes</em></strong></span> <span class='ocrx_word' id='word_1_146' title='bbox 3122 1909 3518 2017; x_wconf 27' lang='lat' dir='ltr'><strong><em>Scotus&#39;phi-</em></strong></span> 
     </span>
    </p>
   </div>
   <div class='ocr_carea' id='block_1_15' title="bbox 228 2012 3519 2159">
    <p class='ocr_par' dir='ltr' id='par_1_15' title="bbox 228 2012 3519 2159">
     <span class='ocr_line' id='line_1_16' title="bbox 228 2012 3519 2159; baseline 0.012 -72"><span class='ocrx_word' id='word_1_147' title='bbox 228 2025 565 2109; x_wconf 82' lang='lat' dir='ltr'><strong><em>losophus,</em></strong></span> <span class='ocrx_word' id='word_1_148' title='bbox 595 2040 668 2092; x_wconf 88' lang='lat' dir='ltr'><strong><em>ut</em></strong></span> <span class='ocrx_word' id='word_1_149' title='bbox 702 2032 858 2096; x_wconf 85' lang='lat' dir='ltr'><strong><em>dicit</em></strong></span> <span class='ocrx_word' id='word_1_150' title='bbox 886 2035 1303 2119; x_wconf 78' lang='lat' dir='ltr'><strong><em>Lari/rancus,</em></strong></span> <span class='ocrx_word' id='word_1_151' title='bbox 1449 2043 1570 2125; x_wconf 74' lang='lat' dir='ltr'><strong><em>ﬁde</em></strong></span> <span class='ocrx_word' id='word_1_152' title='bbox 1618 2046 1914 2129; x_wconf 87' lang='lat' dir='ltr'><strong><em>desipuit.</em></strong></span> <span class='ocrx_word' id='word_1_153' title='bbox 1953 2046 2120 2112; x_wconf 83' lang='lat' dir='ltr'><strong><em>Unde</em></strong></span> <span class='ocrx_word' id='word_1_154' title='bbox 2166 2051 2324 2114; x_wconf 85' lang='lat' dir='ltr'><strong><em>liber</em></strong></span> <span class='ocrx_word' id='word_1_155' title='bbox 2356 2054 2486 2134; x_wconf 79' lang='lat' dir='ltr'><strong><em>ejus</em></strong></span> <span class='ocrx_word' id='word_1_156' title='bbox 2520 2055 2593 2117; x_wconf 90' lang='lat' dir='ltr'><strong><em>de</em></strong></span> <span class='ocrx_word' id='word_1_157' title='bbox 2625 2057 3032 2123; x_wconf 87' lang='lat' dir='ltr'><strong><em>Eucharistia</em></strong></span> <span class='ocrx_word' id='word_1_158' title='bbox 3080 2061 3275 2126; x_wconf 90' lang='lat' dir='ltr'><strong><em>lectus</em></strong></span> <span class='ocrx_word' id='word_1_159' title='bbox 3322 2012 3408 2126; x_wconf 42' lang='lat' dir='ltr'><strong><em>es—t</em></strong></span> <span class='ocrx_word' id='word_1_160' title='bbox 3458 2073 3519 2159; x_wconf 80' lang='lat' dir='ltr'><strong><em>et</em></strong></span> 
     </span>
    </p>
   </div>
   <div class='ocr_carea' id='block_1_16' title="bbox 228 2153 3518 2283">
    <p class='ocr_par' dir='ltr' id='par_1_16' title="bbox 228 2153 3518 2283">
     <span class='ocr_line' id='line_1_17' title="bbox 228 2153 3518 2283; baseline 0.012 -68"><span class='ocrx_word' id='word_1_161' title='bbox 228 2153 569 2220; x_wconf 83' lang='lat' dir='ltr'><strong><em>damnatus</em></strong></span> <span class='ocrx_word' id='word_1_162' title='bbox 598 2162 666 2223; x_wconf 91' lang='lat' dir='ltr'><strong><em>in</em></strong></span> <span class='ocrx_word' id='word_1_163' title='bbox 692 2162 930 2242; x_wconf 79' lang='lat' dir='ltr'><strong><em>synodo</em></strong></span> <span class='ocrx_word' id='word_1_164' title='bbox 984 2167 1369 2247; x_wconf 76' lang='lat' dir='ltr'><strong><em>Vercellensi,</em></strong></span> <span class='ocrx_word' id='word_1_165' title='bbox 1420 2173 1721 2237; x_wconf 90' lang='lat' dir='ltr'><strong><em>celebrata</em></strong></span> <span class='ocrx_word' id='word_1_166' title='bbox 1749 2177 1862 2239; x_wconf 87' lang='lat' dir='ltr'><strong><em>sub</em></strong></span> <span class='ocrx_word' id='word_1_167' title='bbox 1902 2176 2078 2259; x_wconf 89' lang='lat' dir='ltr'><strong><em>Papa</em></strong></span> <span class='ocrx_word' id='word_1_168' title='bbox 2106 2180 2307 2242; x_wconf 91' lang='lat' dir='ltr'><strong><em>Leone</em></strong></span> <span class='ocrx_word' id='word_1_169' title='bbox 2339 2182 2457 2256; x_wconf 76' lang='lat' dir='ltr'><strong><em>IX,</em></strong></span> <span class='ocrx_word' id='word_1_170' title='bbox 2491 2183 2695 2246; x_wconf 88' lang='lat' dir='ltr'><strong><em>eodem</em></strong></span> <span class='ocrx_word' id='word_1_171' title='bbox 2732 2162 2921 2261; x_wconf 84' lang='lat' dir='ltr'><strong><em>anno,</em></strong></span> <span class='ocrx_word' id='word_1_172' title='bbox 2965 2206 3087 2268; x_wconf 88' lang='lat' dir='ltr'><strong><em>quo</em></strong></span> <span class='ocrx_word' id='word_1_173' title='bbox 3124 2209 3186 2251; x_wconf 87' lang='lat' dir='ltr'><strong><em>se</em></strong></span> <span class='ocrx_word' id='word_1_174' title='bbox 3217 2153 3518 2283; x_wconf 44' lang='lat' dir='ltr'><strong><em>Lanfran-f</em></strong></span> 
     </span>
    </p>
   </div>
   <div class='ocr_carea' id='block_1_17' title="bbox 231 2282 3517 2399">
    <p class='ocr_par' dir='ltr' id='par_1_17' title="bbox 231 2282 3517 2399">
     <span class='ocr_line' id='line_1_18' title="bbox 231 2282 3517 2399; baseline 0.012 -55"><span class='ocrx_word' id='word_1_175' title='bbox 231 2303 347 2346; x_wconf 82' lang='lat' dir='ltr'><strong><em>cus</em></strong></span> <span class='ocrx_word' id='word_1_176' title='bbox 389 2288 463 2349; x_wconf 86' lang='lat' dir='ltr'><strong><em>ab</em></strong></span> <span class='ocrx_word' id='word_1_177' title='bbox 502 2308 714 2355; x_wconf 88' lang='lat' dir='ltr'><strong><em>errore</em></strong></span> <span class='ocrx_word' id='word_1_178' title='bbox 759 2292 1128 2376; x_wconf 83' lang='lat' dir='ltr'><strong><em>Berengarii</em></strong></span> <span class='ocrx_word' id='word_1_179' title='bbox 1150 2303 1480 2384; x_wconf 85' lang='lat' dir='ltr'><strong><em>purgavit.</em></strong></span> <span class='ocrx_word' id='word_1_180' title='bbox 1513 2305 1686 2367; x_wconf 88' lang='lat' dir='ltr'><strong><em>Idem</em></strong></span> <span class='ocrx_word' id='word_1_181' title='bbox 1717 2306 1900 2369; x_wconf 91' lang='lat' dir='ltr'><strong><em>etiam</em></strong></span> <span class='ocrx_word' id='word_1_182' title='bbox 1937 2282 2211 2372; x_wconf 83' lang='lat' dir='ltr'><strong><em>Joannes</em></strong></span> <span class='ocrx_word' id='word_1_183' title='bbox 2239 2330 2429 2392; x_wconf 86' lang='lat' dir='ltr'><strong><em>super</em></strong></span> <span class='ocrx_word' id='word_1_184' title='bbox 2474 2313 2857 2379; x_wconf 87' lang='lat' dir='ltr'><strong><em>lerarchiam</em></strong></span> <span class='ocrx_word' id='word_1_185' title='bbox 2891 2316 3187 2399; x_wconf 87' lang='lat' dir='ltr'><strong><em>Dionysii</em></strong></span> <span class='ocrx_word' id='word_1_186' title='bbox 3218 2338 3517 2381; x_wconf 87' lang='lat' dir='ltr'><strong><em>commen-</em></strong></span> 
     </span>
    </p>
   </div>
   <div class='ocr_carea' id='block_1_18' title="bbox 228 2417 3526 2531">
    <p class='ocr_par' dir='ltr' id='par_1_18' title="bbox 228 2417 3526 2531">
     <span class='ocr_line' id='line_1_19' title="bbox 228 2417 3526 2531; baseline 0.012 -55"><span class='ocrx_word' id='word_1_187' title='bbox 228 2417 420 2481; x_wconf 81' lang='lat' dir='ltr'><strong><em>tavit.</em></strong></span> <span class='ocrx_word' id='word_1_188' title='bbox 462 2418 804 2490; x_wconf 79' lang='lat' dir='ltr'><strong><em>Belinandi</em></strong></span> <span class='ocrx_word' id='word_1_189' title='bbox 845 2428 929 2509; x_wconf 58' lang='grc' dir='ltr'><strong><em>(ει</em></strong></span> <span class='ocrx_word' id='word_1_190' title='bbox 967 2429 1143 2519; x_wconf 70' lang='lat'><strong><em>1223)</em></strong></span> <span class='ocrx_word' id='word_1_191' title='bbox 1175 2433 1528 2502; x_wconf 88' lang='lat' dir='ltr'><strong><em>chronicon</em></strong></span> <span class='ocrx_word' id='word_1_192' title='bbox 1555 2437 1671 2502; x_wconf 89' lang='lat' dir='ltr'><strong><em>lib.</em></strong></span> <span class='ocrx_word' id='word_1_193' title='bbox 1713 2440 1949 2516; x_wconf 87' lang='lat' dir='ltr'><strong><em>XLVI,</em></strong></span> <span class='ocrx_word' id='word_1_194' title='bbox 1991 2447 2187 2525; x_wconf 79' lang='lat' dir='ltr'><strong><em>quem</em></strong></span> <span class='ocrx_word' id='word_1_195' title='bbox 2224 2420 2608 2509; x_wconf 75' lang='lat' dir='ltr'><strong><em>Vincentius</em></strong></span> <span class='ocrx_word' id='word_1_196' title='bbox 2630 2453 2958 2513; x_wconf 82' lang='lat' dir='ltr'><strong><em>auctorem</em></strong></span> <span class='ocrx_word' id='word_1_197' title='bbox 2982 2451 3160 2526; x_wconf 80' lang='lat' dir='ltr'><strong><em>citat,</em></strong></span> <span class='ocrx_word' id='word_1_198' title='bbox 3188 2450 3526 2531; x_wconf 82' lang='lat' dir='ltr'><strong><em>inspicere-</em></strong></span> 
     </span>
    </p>
   </div>
   <div class='ocr_carea' id='block_1_19' title="bbox 229 2552 3517 2662">
    <p class='ocr_par' dir='ltr' id='par_1_19' title="bbox 229 2552 3517 2662">
     <span class='ocr_line' id='line_1_20' title="bbox 229 2552 3517 2662; baseline 0.011 -54"><span class='ocrx_word' id='word_1_199' title='bbox 229 2562 371 2610; x_wconf 86' lang='lat' dir='ltr'><strong><em>non</em></strong></span> <span class='ocrx_word' id='word_1_200' title='bbox 405 2552 610 2630; x_wconf 75' lang='lat' dir='ltr'><strong><em>potui.</em></strong></span> <span class='ocrx_word' id='word_1_201' title='bbox 643 2555 885 2621; x_wconf 86' lang='lat' dir='ltr'><strong><em>Prodiit</em></strong></span> <span class='ocrx_word' id='word_1_202' title='bbox 918 2560 1266 2626; x_wconf 81' lang='lat' dir='ltr'><strong><em>Helinandi</em></strong></span> <span class='ocrx_word' id='word_1_203' title='bbox 1307 2566 1662 2633; x_wconf 81' lang='lat' dir='ltr'><strong><em>chronicon</em></strong></span> <span class='ocrx_word' id='word_1_204' title='bbox 1686 2586 1843 2649; x_wconf 71' lang='lat' dir='ltr'><strong><em>cura</em></strong></span> <span class='ocrx_word' id='word_1_205' title='bbox 1882 2571 2200 2634; x_wconf 82' lang='lat' dir='ltr'><strong><em>Bertrand</em></strong></span> <span class='ocrx_word' id='word_1_206' title='bbox 2244 2573 2481 2638; x_wconf 85' lang='lat' dir='ltr'><strong><em>Tissier</em></strong></span> <span class='ocrx_word' id='word_1_207' title='bbox 2513 2576 2902 2642; x_wconf 85' lang='lat' dir='ltr'><strong><em>Bibliotheca</em></strong></span> <span class='ocrx_word' id='word_1_208' title='bbox 2934 2590 3206 2644; x_wconf 86' lang='lat' dir='ltr'><strong><em>veterum</em></strong></span> <span class='ocrx_word' id='word_1_209' title='bbox 3241 2582 3517 2662; x_wconf 82' lang='lat' dir='ltr'><strong><em>scripto-</em></strong></span> 
     </span>
    </p>
   </div>
   <div class='ocr_carea' id='block_1_20' title="bbox 225 2679 3508 2797">
    <p class='ocr_par' dir='ltr' id='par_1_20' title="bbox 225 2679 3508 2797">
     <span class='ocr_line' id='line_1_21' title="bbox 225 2679 3508 2797; baseline 0.012 -60"><span class='ocrx_word' id='word_1_210' title='bbox 225 2694 380 2739; x_wconf 86' lang='lat' dir='ltr'><strong><em>rum</em></strong></span> <span class='ocrx_word' id='word_1_211' title='bbox 405 2679 664 2747; x_wconf 85' lang='lat' dir='ltr'><strong><em>Ordinis</em></strong></span> <span class='ocrx_word' id='word_1_212' title='bbox 694 2687 1145 2760; x_wconf 85' lang='lat' dir='ltr'><strong><em>Cistereiensis.</em></strong></span> <span class='ocrx_word' id='word_1_213' title='bbox 1177 2698 1547 2765; x_wconf 81' lang='lat' dir='ltr'><strong><em>Antoninus</em></strong></span> <span class='ocrx_word' id='word_1_214' title='bbox 1577 2703 1991 2769; x_wconf 83' lang='lat' dir='ltr'><strong><em>Florentinns</em></strong></span> <span class='ocrx_word' id='word_1_215' title='bbox 2013 2703 2100 2786; x_wconf 63' lang='lat'><strong><em>(&gt;3</em></strong></span> <span class='ocrx_word' id='word_1_216' title='bbox 2136 2705 2310 2790; x_wconf 63' lang='lat' dir='ltr'><strong><em>M59)</em></strong></span> <span class='ocrx_word' id='word_1_217' title='bbox 2342 2708 2409 2772; x_wconf 86' lang='lat' dir='ltr'><strong><em>in</em></strong></span> <span class='ocrx_word' id='word_1_218' title='bbox 2439 2708 2742 2776; x_wconf 83' lang='lat' dir='ltr'><strong><em>chronica</em></strong></span> <span class='ocrx_word' id='word_1_219' title='bbox 2773 2720 2917 2791; x_wconf 83' lang='lat' dir='ltr'><strong><em>suo,</em></strong></span> <span class='ocrx_word' id='word_1_220' title='bbox 2948 2714 3089 2779; x_wconf 82' lang='lat' dir='ltr'><strong><em>Sec.</em></strong></span> <span class='ocrx_word' id='word_1_221' title='bbox 3119 2714 3240 2792; x_wconf 81' lang='lat' dir='ltr'><strong><em>IX,</em></strong></span> <span class='ocrx_word' id='word_1_222' title='bbox 3271 2732 3410 2797; x_wconf 79' lang='lat' dir='ltr'><strong><em>cap.</em></strong></span> <span class='ocrx_word' id='word_1_223' title='bbox 3442 2715 3508 2792; x_wconf 78' lang='lat'><strong><em>2,</em></strong></span> 
     </span>
    </p>
   </div>
   <div class='ocr_carea' id='block_1_21' title="bbox 227 2810 1943 2904">
    <p class='ocr_par' dir='ltr' id='par_1_21' title="bbox 227 2810 1943 2904">
     <span class='ocr_line' id='line_1_22' title="bbox 227 2810 1943 2904; baseline 0.019 -34"><span class='ocrx_word' id='word_1_224' title='bbox 227 2810 336 2873; x_wconf 76' lang='lat' dir='ltr'><strong><em>tit.</em></strong></span> <span class='ocrx_word' id='word_1_225' title='bbox 375 2811 548 2890; x_wconf 81' lang='lat' dir='ltr'><strong><em>XVI,</em></strong></span> <span class='ocrx_word' id='word_1_226' title='bbox 586 2819 614 2892; x_wconf 64' lang='grc' dir='ltr'>ᾗ</span> <span class='ocrx_word' id='word_1_227' title='bbox 649 2817 713 2893; x_wconf 83' lang='grc'><strong><em>3,</em></strong></span> <span class='ocrx_word' id='word_1_228' title='bbox 748 2820 1161 2889; x_wconf 88' lang='lat' dir='ltr'><strong><em>Vincentium</em></strong></span> <span class='ocrx_word' id='word_1_229' title='bbox 1192 2828 1594 2903; x_wconf 8' lang='lat' dir='ltr'><strong><em>adjverbum‘</em></strong></span> <span class='ocrx_word' id='word_1_230' title='bbox 1616 2832 1943 2904; x_wconf 88' lang='lat' dir='ltr'><strong><em>reddidit._</em></strong></span> 
     </span>
    </p>
   </div>
   <div class='ocr_carea' id='block_1_22' title="bbox 316 2942 3496 3054">
    <p class='ocr_par' dir='ltr' id='par_1_22' title="bbox 316 2942 3496 3054">
     <span class='ocr_line' id='line_1_23' title="bbox 316 2942 3496 3054; baseline 0.011 -51"><span class='ocrx_word' id='word_1_231' title='bbox 316 2942 717 3010; x_wconf 82' lang='lat' dir='ltr'><strong><em>Tritbemius</em></strong></span> <span class='ocrx_word' id='word_1_232' title='bbox 769 2947 789 3028; x_wconf 91' lang='lat'>(</span> <span class='ocrx_word' id='word_1_233' title='bbox 827 2958 887 3019; x_wconf 60' lang='grc' dir='ltr'><strong><em>»Β</em></strong></span> <span class='ocrx_word' id='word_1_234' title='bbox 921 2951 1098 3032; x_wconf 78' lang='lat'><strong>1516)</strong></span> <span class='ocrx_word' id='word_1_235' title='bbox 1150 2955 1321 3020; x_wconf 88' lang='lat' dir='ltr'><strong><em>inter</em></strong></span> <span class='ocrx_word' id='word_1_236' title='bbox 1361 2956 1528 3022; x_wconf 88' lang='lat' dir='ltr'><strong><em>duos</em></strong></span> <span class='ocrx_word' id='word_1_237' title='bbox 1559 2959 1845 3025; x_wconf 82' lang='lat' dir='ltr'><strong><em>Joannes</em></strong></span> <span class='ocrx_word' id='word_1_238' title='bbox 1870 2963 2116 3039; x_wconf 86' lang='lat' dir='ltr'><strong><em>Scotos,</em></strong></span> <span class='ocrx_word' id='word_1_239' title='bbox 2143 2980 2178 3029; x_wconf 86' lang='lat' dir='ltr'><strong><em>e</em></strong></span> <span class='ocrx_word' id='word_1_240' title='bbox 2198 2966 2445 3048; x_wconf 82' lang='lat' dir='ltr'><strong><em>quibus</em></strong></span> <span class='ocrx_word' id='word_1_241' title='bbox 2469 2985 2642 3032; x_wconf 89' lang='lat' dir='ltr'><strong><em>unus</em></strong></span> <span class='ocrx_word' id='word_1_242' title='bbox 2663 2970 2873 3036; x_wconf 82' lang='lat' dir='ltr'><strong><em>Bedae</em></strong></span> <span class='ocrx_word' id='word_1_243' title='bbox 2903 2968 3269 3054; x_wconf 78' lang='lat' dir='ltr'><strong><em>discipulus</em></strong></span> <span class='ocrx_word' id='word_1_244' title='bbox 3298 2957 3496 3038; x_wconf 61' lang='lat' dir='ltr'><strong><em>fuerit</em></strong></span> 
     </span>
    </p>
   </div>
   <div class='ocr_carea' id='block_1_23' title="bbox 226 3050 3512 3170">
    <p class='ocr_par' dir='ltr' id='par_1_23' title="bbox 226 3050 3512 3170">
     <span class='ocr_line' id='line_1_24' title="bbox 226 3050 3512 3170; baseline 0.008 -40"><span class='ocrx_word' id='word_1_245' title='bbox 226 3065 475 3131; x_wconf 83' lang='lat' dir='ltr'><strong><em>diserte</em></strong></span> <span class='ocrx_word' id='word_1_246' title='bbox 513 3050 881 3146; x_wconf 77' lang='lat' dir='ltr'><strong><em>distinguit,</em></strong></span> <span class='ocrx_word' id='word_1_247' title='bbox 930 3069 1262 3152; x_wconf 87' lang='lat' dir='ltr'><strong><em>deceptus,</em></strong></span> <span class='ocrx_word' id='word_1_248' title='bbox 1316 3084 1385 3138; x_wconf 89' lang='lat' dir='ltr'><strong><em>ut</em></strong></span> <span class='ocrx_word' id='word_1_249' title='bbox 1432 3076 1689 3157; x_wconf 81' lang='lat' dir='ltr'><strong><em>Opinor,</em></strong></span> <span class='ocrx_word' id='word_1_250' title='bbox 1738 3077 1882 3143; x_wconf 77' lang='lat' dir='ltr'><strong><em>loco</em></strong></span> <span class='ocrx_word' id='word_1_251' title='bbox 1915 3081 2240 3146; x_wconf 89' lang='lat' dir='ltr'><strong><em>Vincentii</em></strong></span> <span class='ocrx_word' id='word_1_252' title='bbox 2286 3082 2793 3164; x_wconf 67' lang='lat' dir='ltr'><strong><em>BellOvace‘nsis,</em></strong></span> <span class='ocrx_word' id='word_1_253' title='bbox 2830 3091 2947 3170; x_wconf 90' lang='lat' dir='ltr'><strong><em>qui</em></strong></span> <span class='ocrx_word' id='word_1_254' title='bbox 2984 3090 3030 3153; x_wconf 91' lang='lat' dir='ltr'><strong><em>l.</em></strong></span> <span class='ocrx_word' id='word_1_255' title='bbox 3062 3050 3106 3154; x_wconf 19' lang='lat' dir='ltr'><strong><em>lt.</em></strong></span> <span class='ocrx_word' id='word_1_256' title='bbox 3144 3091 3257 3156; x_wconf 89' lang='lat' dir='ltr'><strong><em>lib.</em></strong></span> <span class='ocrx_word' id='word_1_257' title='bbox 3292 3094 3512 3157; x_wconf 74' lang='lat' dir='ltr'><strong><em>XXIV</em></strong></span> 
     </span>
    </p>
   </div>
   <div class='ocr_carea' id='block_1_24' title="bbox 222 3180 3500 3305">
    <p class='ocr_par' dir='ltr' id='par_1_24' title="bbox 222 3180 3500 3305">
     <span class='ocr_line' id='line_1_25' title="bbox 222 3180 3500 3305; baseline 0.009 -45"><span class='ocrx_word' id='word_1_258' title='bbox 222 3198 457 3263; x_wconf 83' lang='lat' dir='ltr'><strong><em>omnia</em></strong></span> <span class='ocrx_word' id='word_1_259' title='bbox 502 3180 783 3264; x_wconf 26' lang='lat' dir='ltr'><strong><em>miscuit!</em></strong></span> <span class='ocrx_word' id='word_1_260' title='bbox 805 3202 1096 3268; x_wconf 82' lang='lat' dir='ltr'><strong><em>scribens</em></strong></span> <span class='ocrx_word' id='word_1_261' title='bbox 1128 3227 1146 3267; x_wconf 92' lang='lat'><strong>:</strong></span> <span class='ocrx_word' id='word_1_262' title='bbox 1182 3207 1586 3291; x_wconf 84' lang='lat' dir='ltr'><strong><em>Fueruntque</em></strong></span> <span class='ocrx_word' id='word_1_263' title='bbox 1614 3211 1898 3275; x_wconf 78' lang='lat' dir='ltr'><strong><em>Parisiis</em></strong></span> <span class='ocrx_word' id='word_1_264' title='bbox 1958 3215 2326 3294; x_wconf 79' lang='lat' dir='ltr'><strong><em>[undatores</em></strong></span> <span class='ocrx_word' id='word_1_265' title='bbox 2360 3217 2551 3299; x_wconf 82' lang='lat' dir='ltr'><strong><em>hujus</em></strong></span> <span class='ocrx_word' id='word_1_266' title='bbox 2603 3219 2825 3285; x_wconf 62' lang='lat' dir='ltr'><strong><em>Studii&#39;</em></strong></span> <span class='ocrx_word' id='word_1_267' title='bbox 2856 3231 3158 3305; x_wconf 86' lang='lat' dir='ltr'><strong><em>quattuor</em></strong></span> <span class='ocrx_word' id='word_1_268' title='bbox 3188 3212 3500 3301; x_wconf 81' lang='lat' dir='ltr'><strong><em>monachi,</em></strong></span> 
     </span>
    </p>
   </div>
   <div class='ocr_carea' id='block_1_25' title="bbox 220 3326 3510 3437">
    <p class='ocr_par' dir='ltr' id='par_1_25' title="bbox 220 3326 3510 3437">
     <span class='ocr_line' id='line_1_26' title="bbox 220 3326 3510 3437; baseline 0.01 -48"><span class='ocrx_word' id='word_1_269' title='bbox 220 3326 439 3390; x_wconf 76' lang='lat' dir='ltr'><strong><em>Bcdae</em></strong></span> <span class='ocrx_word' id='word_1_270' title='bbox 470 3326 800 3410; x_wconf 83' lang='lat' dir='ltr'><strong><em>discipuli,</em></strong></span> <span class='ocrx_word' id='word_1_271' title='bbox 831 3333 1073 3396; x_wconf 87' lang='lat' dir='ltr'><strong><em>scilicet</em></strong></span> <span class='ocrx_word' id='word_1_272' title='bbox 1109 3335 1402 3399; x_wconf 79' lang='lat' dir='ltr'><strong><em>Rabanus</em></strong></span> <span class='ocrx_word' id='word_1_273' title='bbox 1433 3346 1491 3400; x_wconf 88' lang='lat' dir='ltr'><strong><em>et</em></strong></span> <span class='ocrx_word' id='word_1_274' title='bbox 1524 3328 1856 3417; x_wconf 80' lang='lat' dir='ltr'><strong><em>Alcuinus,</em></strong></span> <span class='ocrx_word' id='word_1_275' title='bbox 1888 3342 2197 3405; x_wconf 88' lang='lat' dir='ltr'><strong><em>Claudius</em></strong></span> <span class='ocrx_word' id='word_1_276' title='bbox 2232 3353 2291 3407; x_wconf 86' lang='lat' dir='ltr'><strong><em>et</em></strong></span> <span class='ocrx_word' id='word_1_277' title='bbox 2322 3345 2592 3409; x_wconf 81' lang='lat' dir='ltr'><strong><em>Ioannes</em></strong></span> <span class='ocrx_word' id='word_1_278' title='bbox 2631 3330 2879 3411; x_wconf 82' lang='lat' dir='ltr'><strong><em>Scotus.</em></strong></span> <span class='ocrx_word' id='word_1_279' title='bbox 2910 3351 3089 3425; x_wconf 87' lang='lat' dir='ltr'><strong><em>Quae</em></strong></span> <span class='ocrx_word' id='word_1_280' title='bbox 3122 3355 3308 3420; x_wconf 83' lang='lat' dir='ltr'><strong><em>verba</em></strong></span> <span class='ocrx_word' id='word_1_281' title='bbox 3337 3374 3510 3437; x_wconf 88' lang='lat' dir='ltr'><strong><em>quo-</em></strong></span> 
     </span>
    </p>
   </div>
   <div class='ocr_carea' id='block_1_26' title="bbox 224 3448 3506 3574">
    <p class='ocr_par' dir='ltr' id='par_1_26' title="bbox 224 3448 3506 3574">
     <span class='ocr_line' id='line_1_27' title="bbox 224 3448 3506 3574; baseline 0.012 -54"><span class='ocrx_word' id='word_1_282' title='bbox 224 3459 695 3542; x_wconf 83' lang='lat' dir='ltr'><strong><em>modocunque</em></strong></span> <span class='ocrx_word' id='word_1_283' title='bbox 744 3463 1090 3545; x_wconf 74' lang='lat' dir='ltr'><strong><em>intelligis,</em></strong></span> <span class='ocrx_word' id='word_1_284' title='bbox 1141 3448 1396 3532; x_wconf 77' lang='lat' dir='ltr'><strong><em>veritati</em></strong></span> <span class='ocrx_word' id='word_1_285' title='bbox 1447 3448 1576 3534; x_wconf 85' lang='lat' dir='ltr'><strong><em>non</em></strong></span> <span class='ocrx_word' id='word_1_286' title='bbox 1630 3473 2048 3537; x_wconf 84' lang='lat' dir='ltr'><strong><em>conveniunt.</em></strong></span> <span class='ocrx_word' id='word_1_287' title='bbox 2098 3451 2505 3540; x_wconf 27' lang='lat' dir='ltr'><strong><em>Trithemius-</em></strong></span> <span class='ocrx_word' id='word_1_288' title='bbox 2543 3479 2744 3558; x_wconf 81' lang='lat' dir='ltr'><strong><em>igitur</em></strong></span> <span class='ocrx_word' id='word_1_289' title='bbox 2790 3481 2855 3545; x_wconf 90' lang='lat' dir='ltr'><strong><em>in</em></strong></span> <span class='ocrx_word' id='word_1_290' title='bbox 2909 3482 3075 3548; x_wconf 87' lang='lat' dir='ltr'><strong><em>libro</em></strong></span> <span class='ocrx_word' id='word_1_291' title='bbox 3129 3487 3208 3552; x_wconf 91' lang='lat' dir='ltr'><strong><em>de</em></strong></span> <span class='ocrx_word' id='word_1_292' title='bbox 3252 3492 3506 3574; x_wconf 88' lang='lat' dir='ltr'><strong><em>Scriptt.</em></strong></span> 
     </span>
    </p>
   </div>
   <div class='ocr_carea' id='block_1_27' title="bbox 230 3568 3512 3682">
    <p class='ocr_par' dir='ltr' id='par_1_27' title="bbox 230 3568 3512 3682">
     <span class='ocr_line' id='line_1_28' title="bbox 230 3568 3512 3682; baseline 0.009 -30"><span class='ocrx_word' id='word_1_293' title='bbox 230 3588 484 3653; x_wconf 76' lang='lat' dir='ltr'><strong><em>Eccles.</em></strong></span> <span class='ocrx_word' id='word_1_294' title='bbox 524 3589 627 3654; x_wconf 85' lang='lat' dir='ltr'><strong><em>ed.</em></strong></span> <span class='ocrx_word' id='word_1_295' title='bbox 657 3594 1060 3660; x_wconf 81' lang='lat' dir='ltr'><strong><em>Francoi’urt.</em></strong></span> <span class='ocrx_word' id='word_1_296' title='bbox 1087 3572 1267 3675; x_wconf 73' lang='lat'><strong>1601,</strong></span> <span class='ocrx_word' id='word_1_297' title='bbox 1293 3618 1356 3680; x_wconf 88' lang='lat' dir='ltr'><strong><em>p.</em></strong></span> <span class='ocrx_word' id='word_1_298' title='bbox 1379 3601 1522 3675; x_wconf 74' lang='lat'><strong><em>252,</em></strong></span> <span class='ocrx_word' id='word_1_299' title='bbox 1563 3568 1718 3666; x_wconf 68' lang='lat' dir='ltr'><strong><em>haec</em></strong></span> <span class='ocrx_word' id='word_1_300' title='bbox 1748 3603 1937 3667; x_wconf 86' lang='lat' dir='ltr'><strong><em>refert</em></strong></span> <span class='ocrx_word' id='word_1_301' title='bbox 1964 3626 1979 3666; x_wconf 91' lang='lat'><strong>:</strong></span> <span class='ocrx_word' id='word_1_302' title='bbox 2021 3606 2294 3668; x_wconf 84' lang='lat' dir='ltr'><strong><em>Joannes</em></strong></span> <span class='ocrx_word' id='word_1_303' title='bbox 2312 3586 2539 3669; x_wconf 85' lang='lat' dir='ltr'><strong><em>Scotus</em></strong></span> <span class='ocrx_word' id='word_1_304' title='bbox 2571 3578 2908 3673; x_wconf 73' lang='lat' dir='ltr'><strong><em>monachus</em></strong></span> <span class='ocrx_word' id='word_1_305' title='bbox 2941 3613 3186 3678; x_wconf 90' lang='lat' dir='ltr'><strong><em>ordinis</em></strong></span> <span class='ocrx_word' id='word_1_306' title='bbox 3216 3618 3283 3680; x_wconf 90' lang='lat' dir='ltr'><strong><em>S.</em></strong></span> <span class='ocrx_word' id='word_1_307' title='bbox 3320 3568 3512 3682; x_wconf 75' lang='lat' dir='ltr'><strong><em>Bene-</em></strong></span> 
     </span>
    </p>
   </div>
   <div class='ocr_carea' id='block_1_28' title="bbox 228 3717 3504 3822">
    <p class='ocr_par' dir='ltr' id='par_1_28' title="bbox 228 3717 3504 3822">
     <span class='ocr_line' id='line_1_29' title="bbox 228 3717 3504 3822; baseline 0.008 -41"><span class='ocrx_word' id='word_1_308' title='bbox 228 3717 416 3795; x_wconf 80' lang='lat' dir='ltr'><strong><em>dicti,</em></strong></span> <span class='ocrx_word' id='word_1_309' title='bbox 442 3720 641 3785; x_wconf 84' lang='lat' dir='ltr'><strong><em>Bedae</em></strong></span> <span class='ocrx_word' id='word_1_310' title='bbox 667 3725 955 3788; x_wconf 89' lang='lat' dir='ltr'><strong><em>monachi</em></strong></span> <span class='ocrx_word' id='word_1_311' title='bbox 987 3734 1040 3788; x_wconf 91' lang='lat' dir='ltr'><strong><em>et</em></strong></span> <span class='ocrx_word' id='word_1_312' title='bbox 1073 3727 1353 3791; x_wconf 84' lang='lat' dir='ltr'><strong><em>doctoris</em></strong></span> <span class='ocrx_word' id='word_1_313' title='bbox 1380 3729 1715 3793; x_wconf 86' lang='lat' dir='ltr'><strong><em>clarissimi</em></strong></span> <span class='ocrx_word' id='word_1_314' title='bbox 1747 3733 2060 3812; x_wconf 86' lang='lat' dir='ltr'><strong><em>quondam</em></strong></span> <span class='ocrx_word' id='word_1_315' title='bbox 2088 3733 2347 3796; x_wconf 85' lang='lat' dir='ltr'><strong><em>auditor</em></strong></span> <span class='ocrx_word' id='word_1_316' title='bbox 2379 3743 2563 3815; x_wconf 88' lang='lat' dir='ltr'><strong><em>atque</em></strong></span> <span class='ocrx_word' id='word_1_317' title='bbox 2592 3733 2974 3816; x_wconf 85' lang='lat' dir='ltr'><strong><em>discipulus,</em></strong></span> <span class='ocrx_word' id='word_1_318' title='bbox 2998 3739 3233 3822; x_wconf 86' lang='lat' dir='ltr'><strong><em>collega</em></strong></span> <span class='ocrx_word' id='word_1_319' title='bbox 3264 3743 3504 3822; x_wconf 83' lang='lat' dir='ltr'><strong><em>Albini,</em></strong></span> 
     </span>
    </p>
   </div>
   <div class='ocr_carea' id='block_1_29' title="bbox 226 3850 3506 3951">
    <p class='ocr_par' dir='ltr' id='par_1_29' title="bbox 226 3850 3506 3951">
     <span class='ocr_line' id='line_1_30' title="bbox 226 3850 3506 3951; baseline 0.008 -41"><span class='ocrx_word' id='word_1_320' title='bbox 226 3850 479 3911; x_wconf 82' lang='lat' dir='ltr'><strong><em>veniens</em></strong></span> <span class='ocrx_word' id='word_1_321' title='bbox 509 3869 648 3913; x_wconf 89' lang='lat' dir='ltr'><strong><em>cum</em></strong></span> <span class='ocrx_word' id='word_1_322' title='bbox 683 3871 750 3913; x_wconf 92' lang='lat' dir='ltr'><strong><em>eo</em></strong></span> <span class='ocrx_word' id='word_1_323' title='bbox 783 3851 858 3915; x_wconf 87' lang='lat' dir='ltr'><strong><em>de</em></strong></span> <span class='ocrx_word' id='word_1_324' title='bbox 885 3855 1218 3919; x_wconf 85' lang='lat' dir='ltr'><strong><em>Britannia</em></strong></span> <span class='ocrx_word' id='word_1_325' title='bbox 1249 3859 1318 3920; x_wconf 89' lang='lat' dir='ltr'><strong><em>in</em></strong></span> <span class='ocrx_word' id='word_1_326' title='bbox 1354 3858 1646 3936; x_wconf 86' lang='lat' dir='ltr'><strong><em>Galliam,</em></strong></span> <span class='ocrx_word' id='word_1_327' title='bbox 1669 3861 1842 3941; x_wconf 88' lang='lat' dir='ltr'><strong><em>apud</em></strong></span> <span class='ocrx_word' id='word_1_328' title='bbox 1869 3861 2166 3925; x_wconf 88' lang='lat' dir='ltr'><strong><em>Carolum</em></strong></span> <span class='ocrx_word' id='word_1_329' title='bbox 2205 3864 2654 3945; x_wconf 86' lang='lat' dir='ltr'><strong><em>Imperatorem</em></strong></span> <span class='ocrx_word' id='word_1_330' title='bbox 2691 3866 2990 3948; x_wconf 82' lang='lat' dir='ltr'><strong><em>Magnum</em></strong></span> <span class='ocrx_word' id='word_1_331' title='bbox 3025 3870 3092 3930; x_wconf 90' lang='lat' dir='ltr'><strong><em>in</em></strong></span> <span class='ocrx_word' id='word_1_332' title='bbox 3121 3871 3326 3950; x_wconf 88' lang='lat' dir='ltr'><strong><em>pretio</em></strong></span> <span class='ocrx_word' id='word_1_333' title='bbox 3353 3872 3506 3951; x_wconf 81' lang='lat' dir='ltr'><strong><em>fuit.</em></strong></span> 
     </span>
    </p>
   </div>
   <div class='ocr_carea' id='block_1_30' title="bbox 229 3975 3511 4078">
    <p class='ocr_par' dir='ltr' id='par_1_30' title="bbox 229 3975 3511 4078">
     <span class='ocr_line' id='line_1_31' title="bbox 229 3975 3511 4078; baseline 0.007 -42"><span class='ocrx_word' id='word_1_334' title='bbox 229 3975 361 4052; x_wconf 83' lang='lat' dir='ltr'><strong><em>Qui</em></strong></span> <span class='ocrx_word' id='word_1_335' title='bbox 407 3994 547 4038; x_wconf 85' lang='lat' dir='ltr'><strong><em>cum</em></strong></span> <span class='ocrx_word' id='word_1_336' title='bbox 578 3986 727 4040; x_wconf 81' lang='lat' dir='ltr'><strong><em>esset</em></strong></span> <span class='ocrx_word' id='word_1_337' title='bbox 764 3980 866 4041; x_wconf 91' lang='lat' dir='ltr'><strong><em>vir</em></strong></span> <span class='ocrx_word' id='word_1_338' title='bbox 898 3979 962 4041; x_wconf 92' lang='lat' dir='ltr'><strong><em>in</em></strong></span> <span class='ocrx_word' id='word_1_339' title='bbox 1002 3980 1285 4045; x_wconf 86' lang='lat' dir='ltr'><strong><em>omnibus</em></strong></span> <span class='ocrx_word' id='word_1_340' title='bbox 1317 3986 1660 4064; x_wconf 84' lang='lat' dir='ltr'><strong><em>scripturis</em></strong></span> <span class='ocrx_word' id='word_1_341' title='bbox 1696 3984 2122 4064; x_wconf 89' lang='lat' dir='ltr'><strong><em>doctissimus,</em></strong></span> <span class='ocrx_word' id='word_1_342' title='bbox 2163 3988 2362 4050; x_wconf 87' lang='lat' dir='ltr'><strong><em>edidit</em></strong></span> <span class='ocrx_word' id='word_1_343' title='bbox 2405 3986 2578 4053; x_wconf 88' lang='lat' dir='ltr'><strong><em>claro</em></strong></span> <span class='ocrx_word' id='word_1_344' title='bbox 2629 4011 2906 4054; x_wconf 89' lang='lat' dir='ltr'><strong><em>sermone</em></strong></span> <span class='ocrx_word' id='word_1_345' title='bbox 2953 3993 3304 4057; x_wconf 91' lang='lat' dir='ltr'><strong><em>clarissima</em></strong></span> <span class='ocrx_word' id='word_1_346' title='bbox 3352 4015 3511 4078; x_wconf 88' lang='lat' dir='ltr'><strong><em>opu-</em></strong></span> 
     </span>
    </p>
   </div>
   <div class='ocr_carea' id='block_1_31' title="bbox 224 4093 3505 4204">
    <p class='ocr_par' dir='ltr' id='par_1_31' title="bbox 224 4093 3505 4204">
     <span class='ocr_line' id='line_1_32' title="bbox 224 4093 3505 4204; baseline 0.008 -38"><span class='ocrx_word' id='word_1_347' title='bbox 224 4093 434 4180; x_wconf 82' lang='lat' dir='ltr'><strong><em>scula,</em></strong></span> <span class='ocrx_word' id='word_1_348' title='bbox 466 4106 541 4170; x_wconf 87' lang='lat' dir='ltr'><strong><em>de</em></strong></span> <span class='ocrx_word' id='word_1_349' title='bbox 582 4108 809 4190; x_wconf 90' lang='lat' dir='ltr'><strong><em>quibus</em></strong></span> <span class='ocrx_word' id='word_1_350' title='bbox 854 4110 978 4171; x_wconf 88' lang='lat' dir='ltr'><strong><em>ista</em></strong></span> <span class='ocrx_word' id='word_1_351' title='bbox 1008 4111 1344 4192; x_wconf 84' lang='lat' dir='ltr'><strong><em>feruntur:</em></strong></span> <span class='ocrx_word' id='word_1_352' title='bbox 1374 4114 1454 4176; x_wconf 93' lang='lat' dir='ltr'><strong><em>In</em></strong></span> <span class='ocrx_word' id='word_1_353' title='bbox 1483 4114 1893 4196; x_wconf 88' lang='lat' dir='ltr'><strong><em>Evangelium</em></strong></span> <span class='ocrx_word' id='word_1_354' title='bbox 1933 4117 2238 4180; x_wconf 83' lang='lat' dir='ltr'><strong><em>Matthaei</em></strong></span> <span class='ocrx_word' id='word_1_355' title='bbox 2283 4118 2392 4183; x_wconf 88' lang='lat' dir='ltr'><strong><em>lib.</em></strong></span> <span class='ocrx_word' id='word_1_356' title='bbox 2432 4121 2564 4185; x_wconf 91' lang='grc' dir='ltr'><em>ιιι.</em></span> <span class='ocrx_word' id='word_1_357' title='bbox 2608 4123 2694 4184; x_wconf 86' lang='lat' dir='ltr'><strong><em>De</em></strong></span> <span class='ocrx_word' id='word_1_358' title='bbox 2725 4123 2955 4204; x_wconf 72' lang='lat' dir='ltr'><strong><em>officiis</em></strong></span> <span class='ocrx_word' id='word_1_359' title='bbox 2983 4098 3271 4188; x_wconf 54' lang='lat' dir='ltr'><strong><em>humani;</em></strong></span> <span class='ocrx_word' id='word_1_360' title='bbox 3304 4125 3413 4187; x_wconf 89' lang='lat' dir='ltr'><strong><em>lib.</em></strong></span> <span class='ocrx_word' id='word_1_361' title='bbox 3444 4126 3505 4191; x_wconf 91' lang='grc' dir='ltr'><em>ι.</em></span> 
     </span>
    </p>
   </div>
   <div class='ocr_carea' id='block_1_32' title="bbox 232 4227 3511 4329">
    <p class='ocr_par' dir='ltr' id='par_1_32' title="bbox 232 4227 3511 4329">
     <span class='ocr_line' id='line_1_33' title="bbox 232 4227 3511 4329; baseline 0.006 -31"><span class='ocrx_word' id='word_1_362' title='bbox 232 4239 318 4298; x_wconf 88' lang='lat' dir='ltr'><strong><em>De</em></strong></span> <span class='ocrx_word' id='word_1_363' title='bbox 344 4236 655 4302; x_wconf 81' lang='lat' dir='ltr'><strong><em>divisione</em></strong></span> <span class='ocrx_word' id='word_1_364' title='bbox 681 4239 963 4304; x_wconf 85' lang='lat' dir='ltr'><strong><em>Naturae</em></strong></span> <span class='ocrx_word' id='word_1_365' title='bbox 993 4227 1101 4304; x_wconf 89' lang='lat' dir='ltr'><strong><em>lib.</em></strong></span> <span class='ocrx_word' id='word_1_366' title='bbox 1136 4241 1195 4305; x_wconf 85' lang='grc' dir='ltr'><strong><em>Ι.</em></strong></span> <span class='ocrx_word' id='word_1_367' title='bbox 1221 4242 1366 4305; x_wconf 84' lang='lat' dir='ltr'><strong><em>Alia</em></strong></span> <span class='ocrx_word' id='word_1_368' title='bbox 1410 4261 1655 4324; x_wconf 87' lang='lat' dir='ltr'><strong><em>quoque</em></strong></span> <span class='ocrx_word' id='word_1_369' title='bbox 1684 4242 1883 4307; x_wconf 89' lang='lat' dir='ltr'><strong><em>multa</em></strong></span> <span class='ocrx_word' id='word_1_370' title='bbox 1913 4246 2287 4326; x_wconf 87' lang='lat' dir='ltr'><strong><em>composuit,</em></strong></span> <span class='ocrx_word' id='word_1_371' title='bbox 2329 4266 2483 4329; x_wconf 87' lang='lat' dir='ltr'><strong><em>quae</em></strong></span> <span class='ocrx_word' id='word_1_372' title='bbox 2522 4248 2603 4311; x_wconf 89' lang='lat' dir='ltr'><strong><em>ad</em></strong></span> <span class='ocrx_word' id='word_1_373' title='bbox 2624 4252 2919 4313; x_wconf 89' lang='lat' dir='ltr'><strong><em>notitiam</em></strong></span> <span class='ocrx_word' id='word_1_374' title='bbox 2951 4272 3143 4316; x_wconf 88' lang='lat' dir='ltr'><strong><em>meam</em></strong></span> <span class='ocrx_word' id='word_1_375' title='bbox 3177 4272 3305 4316; x_wconf 92' lang='lat' dir='ltr'><strong><em>non</em></strong></span> <span class='ocrx_word' id='word_1_376' title='bbox 3337 4272 3511 4316; x_wconf 79' lang='lat' dir='ltr'><strong><em>vene-</em></strong></span> 
     </span>
    </p>
   </div>
   <div class='ocr_carea' id='block_1_33' title="bbox 230 4366 3509 4471">
    <p class='ocr_par' dir='ltr' id='par_1_33' title="bbox 230 4366 3509 4471">
     <span class='ocr_line' id='line_1_34' title="bbox 230 4366 3509 4471; baseline 0.009 -46"><span class='ocrx_word' id='word_1_377' title='bbox 230 4374 409 4467; x_wconf 80' lang='lat' dir='ltr'><strong><em>runt.</em></strong></span> <span class='ocrx_word' id='word_1_378' title='bbox 442 4366 695 4435; x_wconf 89' lang='lat' dir='ltr'><strong><em>Claruit</em></strong></span> <span class='ocrx_word' id='word_1_379' title='bbox 722 4376 835 4438; x_wconf 91' lang='lat' dir='ltr'><strong><em>sub</em></strong></span> <span class='ocrx_word' id='word_1_380' title='bbox 868 4378 1251 4459; x_wconf 84' lang='lat' dir='ltr'><strong><em>temporibus</em></strong></span> <span class='ocrx_word' id='word_1_381' title='bbox 1273 4379 1493 4442; x_wconf 84' lang='lat' dir='ltr'><strong><em>Caroli</em></strong></span> <span class='ocrx_word' id='word_1_382' title='bbox 1511 4382 1734 4462; x_wconf 84' lang='lat' dir='ltr'><strong><em>Magni</em></strong></span> <span class='ocrx_word' id='word_1_383' title='bbox 1758 4381 2174 4463; x_wconf 81' lang='lat' dir='ltr'><strong><em>Imperatoris</em></strong></span> <span class='ocrx_word' id='word_1_384' title='bbox 2199 4403 2362 4447; x_wconf 89' lang='lat' dir='ltr'><strong><em>anno</em></strong></span> <span class='ocrx_word' id='word_1_385' title='bbox 2389 4386 2643 4448; x_wconf 86' lang='lat' dir='ltr'><strong><em>Domini</em></strong></span> <span class='ocrx_word' id='word_1_386' title='bbox 2670 4387 2814 4450; x_wconf 88' lang='lat'><strong><em>800.</em></strong></span> <span class='ocrx_word' id='word_1_387' title='bbox 2842 4387 3090 4451; x_wconf 88' lang='lat' dir='ltr'><strong><em>Deinde</em></strong></span> <span class='ocrx_word' id='word_1_388' title='bbox 3123 4387 3279 4451; x_wconf 86' lang='lat' dir='ltr'><strong><em>ibid.</em></strong></span> <span class='ocrx_word' id='word_1_389' title='bbox 3304 4406 3366 4471; x_wconf 75' lang='grc' dir='ltr'><strong><em>ρ.</em></strong></span> <span class='ocrx_word' id='word_1_390' title='bbox 3388 4390 3509 4453; x_wconf 74' lang='lat' dir='ltr'><strong><em>25&#39;s</em></strong></span> 
     </span>
    </p>
   </div>
   <div class='ocr_carea' id='block_1_34' title="bbox 230 4466 3510 4594">
    <p class='ocr_par' dir='ltr' id='par_1_34' title="bbox 230 4466 3510 4594">
     <span class='ocr_line' id='line_1_35' title="bbox 230 4466 3510 4594; baseline 0.007 -36"><span class='ocrx_word' id='word_1_391' title='bbox 230 4466 391 4561; x_wconf 77' lang='lat' dir='ltr'><strong><em>haec</em></strong></span> <span class='ocrx_word' id='word_1_392' title='bbox 420 4499 597 4563; x_wconf 80' lang='lat' dir='ltr'><strong><em>addit</em></strong></span> <span class='ocrx_word' id='word_1_393' title='bbox 634 4522 651 4564; x_wconf 91' lang='lat'><strong>:</strong></span> <span class='ocrx_word' id='word_1_394' title='bbox 687 4503 984 4581; x_wconf 88' lang='lat' dir='ltr'><strong><em>Joannes,</em></strong></span> <span class='ocrx_word' id='word_1_395' title='bbox 1039 4505 1247 4571; x_wconf 89' lang='lat' dir='ltr'><strong><em>dictus</em></strong></span> <span class='ocrx_word' id='word_1_396' title='bbox 1290 4509 1586 4590; x_wconf 83' lang='lat' dir='ltr'><strong><em>Erigena,</em></strong></span> <span class='ocrx_word' id='word_1_397' title='bbox 1651 4512 2013 4587; x_wconf 86' lang='lat' dir='ltr'><strong><em>monachus,</em></strong></span> <span class='ocrx_word' id='word_1_398' title='bbox 2054 4513 2124 4577; x_wconf 81' lang='lat' dir='ltr'><strong><em>in</em></strong></span> <span class='ocrx_word' id='word_1_399' title='bbox 2153 4511 2389 4576; x_wconf 86' lang='lat' dir='ltr'><strong><em>divinis</em></strong></span> <span class='ocrx_word' id='word_1_400' title='bbox 2423 4514 2782 4594; x_wconf 85' lang='lat' dir='ltr'><strong><em>Scripturis</em></strong></span> <span class='ocrx_word' id='word_1_401' title='bbox 2825 4514 3070 4592; x_wconf 89' lang='lat' dir='ltr'><strong><em>doctus,</em></strong></span> <span class='ocrx_word' id='word_1_402' title='bbox 3113 4526 3167 4579; x_wconf 88' lang='lat' dir='ltr'><strong><em>et</em></strong></span> <span class='ocrx_word' id='word_1_403' title='bbox 3206 4519 3274 4582; x_wconf 87' lang='lat' dir='ltr'><strong><em>in</em></strong></span> <span class='ocrx_word' id='word_1_404' title='bbox 3310 4518 3510 4581; x_wconf 80' lang='lat' dir='ltr'><strong><em>disci-</em></strong></span> 
     </span>
    </p>
   </div>
   <div class='ocr_carea' id='block_1_35' title="bbox 224 4624 3504 4729">
    <p class='ocr_par' dir='ltr' id='par_1_35' title="bbox 224 4624 3504 4729">
     <span class='ocr_line' id='line_1_36' title="bbox 224 4624 3504 4729; baseline 0.008 -43"><span class='ocrx_word' id='word_1_405' title='bbox 224 4624 415 4703; x_wconf 80' lang='lat' dir='ltr'><strong><em>plina</em></strong></span> <span class='ocrx_word' id='word_1_406' title='bbox 438 4630 817 4697; x_wconf 87' lang='lat' dir='ltr'><strong><em>secularium</em></strong></span> <span class='ocrx_word' id='word_1_407' title='bbox 842 4634 1327 4718; x_wconf 86' lang='lat' dir='ltr'><strong><em>disciplinarum</em></strong></span> <span class='ocrx_word' id='word_1_408' title='bbox 1351 4639 1837 4717; x_wconf 86' lang='lat' dir='ltr'><strong><em>eruditissimus,</em></strong></span> <span class='ocrx_word' id='word_1_409' title='bbox 1862 4662 2098 4723; x_wconf 80' lang='lat' dir='ltr'><strong><em>:graeco</em></strong></span> <span class='ocrx_word' id='word_1_410' title='bbox 2127 4653 2185 4706; x_wconf 91' lang='lat' dir='ltr'><strong><em>et</em></strong></span> <span class='ocrx_word' id='word_1_411' title='bbox 2230 4644 2437 4707; x_wconf 86' lang='lat' dir='ltr'><strong><em>latino</em></strong></span> <span class='ocrx_word' id='word_1_412' title='bbox 2467 4642 2551 4704; x_wconf 88' lang='lat' dir='ltr'><strong><em>ad</em></strong></span> <span class='ocrx_word' id='word_1_413' title='bbox 2575 4636 2826 4725; x_wconf 83' lang='lat' dir='ltr'><strong><em>plenum</em></strong></span> <span class='ocrx_word' id='word_1_414' title='bbox 2854 4644 3204 4709; x_wconf 84' lang='lat' dir='ltr'><strong><em>instructus</em></strong></span> <span class='ocrx_word' id='word_1_415' title='bbox 3232 4647 3504 4729; x_wconf 89' lang='lat' dir='ltr'><strong><em>eloquio,</em></strong></span> 
     </span>
    </p>
   </div>
   <div class='ocr_carea' id='block_1_36' title="bbox 232 4756 3508 4864">
    <p class='ocr_par' dir='ltr' id='par_1_36' title="bbox 232 4756 3508 4864">
     <span class='ocr_line' id='line_1_37' title="bbox 232 4756 3508 4864; baseline 0.006 -48"><span class='ocrx_word' id='word_1_416' title='bbox 232 4756 486 4834; x_wconf 81' lang='lat' dir='ltr'><strong><em>ingenio</em></strong></span> <span class='ocrx_word' id='word_1_417' title='bbox 515 4760 794 4838; x_wconf 87' lang='lat' dir='ltr'><strong><em>subtilis,</em></strong></span> <span class='ocrx_word' id='word_1_418' title='bbox 831 4764 1549 4850; x_wconf 21' lang='lat' dir='ltr'><strong><em>sermone’compositus,</em></strong></span> <span class='ocrx_word' id='word_1_419' title='bbox 1573 4773 1832 4853; x_wconf 88' lang='lat' dir='ltr'><strong><em>jubente</em></strong></span> <span class='ocrx_word' id='word_1_420' title='bbox 1864 4773 2120 4848; x_wconf 87' lang='lat' dir='ltr'><strong><em>Carolo,</em></strong></span> <span class='ocrx_word' id='word_1_421' title='bbox 2168 4774 2303 4864; x_wconf 77' lang='lat' dir='ltr'><strong><em>ﬁlio</em></strong></span> <span class='ocrx_word' id='word_1_422' title='bbox 2342 4774 2690 4849; x_wconf 83' lang='lat' dir='ltr'><strong><em>Ludowici,</em></strong></span> <span class='ocrx_word' id='word_1_423' title='bbox 2724 4777 2924 4857; x_wconf 80' lang='lat' dir='ltr'><strong><em>fratre</em></strong></span> <span class='ocrx_word' id='word_1_424' title='bbox 2968 4776 3262 4837; x_wconf 86' lang='lat' dir='ltr'><strong><em>Lotharii</em></strong></span> <span class='ocrx_word' id='word_1_425' title='bbox 3290 4776 3508 4855; x_wconf 79' lang='lat' dir='ltr'><strong><em>Impe-</em></strong></span> 
     </span>
    </p>
   </div>
   <div class='ocr_carea' id='block_1_37' title="bbox 230 4886 3509 4987">
    <p class='ocr_par' dir='ltr' id='par_1_37' title="bbox 230 4886 3509 4987">
     <span class='ocr_line' id='line_1_38' title="bbox 230 4886 3509 4987; baseline 0.007 -43"><span class='ocrx_word' id='word_1_426' title='bbox 230 4887 500 4950; x_wconf 86' lang='lat' dir='ltr'><strong><em>ratoris.</em></strong></span> <span class='ocrx_word' id='word_1_427' title='bbox 540 4895 868 4957; x_wconf 83' lang='lat' dir='ltr'><strong><em>transtulit</em></strong></span> <span class='ocrx_word' id='word_1_428' title='bbox 904 4898 973 4959; x_wconf 88' lang='lat' dir='ltr'><strong><em>in</em></strong></span> <span class='ocrx_word' id='word_1_429' title='bbox 1005 4897 1303 4963; x_wconf 76' lang='lat' dir='ltr'><strong><em>Latinum</em></strong></span> <span class='ocrx_word' id='word_1_430' title='bbox 1333 4925 1355 4965; x_wconf 82' lang='lat'><strong><em>:</em></strong></span> <span class='ocrx_word' id='word_1_431' title='bbox 1382 4903 1768 4973; x_wconf 83' lang='lat' dir='ltr'><strong><em>Ierarchiam</em></strong></span> <span class='ocrx_word' id='word_1_432' title='bbox 1796 4914 1851 4966; x_wconf 88' lang='lat' dir='ltr'><strong><em>et</em></strong></span> <span class='ocrx_word' id='word_1_433' title='bbox 1884 4906 2084 4968; x_wconf 89' lang='lat' dir='ltr'><strong><em>libros</em></strong></span> <span class='ocrx_word' id='word_1_434' title='bbox 2114 4907 2404 4987; x_wconf 86' lang='lat' dir='ltr'><strong><em>Dionysii</em></strong></span> <span class='ocrx_word' id='word_1_435' title='bbox 2457 4894 2569 4970; x_wconf 84' lang='lat' dir='ltr'><strong><em>lib.</em></strong></span> <span class='ocrx_word' id='word_1_436' title='bbox 2612 4907 2724 4971; x_wconf 75' lang='lat' dir='ltr'><strong><em>IV.</em></strong></span> <span class='ocrx_word' id='word_1_437' title='bbox 2752 4905 3028 4986; x_wconf 86' lang='lat' dir='ltr'><strong><em>Scripsit</em></strong></span> <span class='ocrx_word' id='word_1_438' title='bbox 3063 4923 3253 4986; x_wconf 86' lang='lat' dir='ltr'><strong><em>super</em></strong></span> <span class='ocrx_word' id='word_1_439' title='bbox 3286 4886 3509 4968; x_wconf 85' lang='lat' dir='ltr'><strong><em>eisdem</em></strong></span> 
     </span>
    </p>
   </div>
   <div class='ocr_carea' id='block_1_38' title="bbox 234 5016 3508 5118">
    <p class='ocr_par' dir='ltr' id='par_1_38' title="bbox 234 5016 3508 5118">
     <span class='ocr_line' id='line_1_39' title="bbox 234 5016 3508 5118; baseline 0.005 -40"><span class='ocrx_word' id='word_1_440' title='bbox 234 5016 354 5082; x_wconf 89' lang='lat' dir='ltr'><strong><em>lib.</em></strong></span> <span class='ocrx_word' id='word_1_441' title='bbox 387 5020 497 5083; x_wconf 84' lang='lat' dir='ltr'><strong><em>IV.</em></strong></span> <span class='ocrx_word' id='word_1_442' title='bbox 523 5023 607 5084; x_wconf 84' lang='lat' dir='ltr'><strong><em>Et</em></strong></span> <span class='ocrx_word' id='word_1_443' title='bbox 626 5027 921 5106; x_wconf 84' lang='lat' dir='ltr'><strong><em>quaedam</em></strong></span> <span class='ocrx_word' id='word_1_444' title='bbox 948 5030 1098 5093; x_wconf 88' lang='lat' dir='ltr'><strong><em>alia.</em></strong></span> <span class='ocrx_word' id='word_1_445' title='bbox 1122 5031 1372 5096; x_wconf 88' lang='lat' dir='ltr'><strong><em>Claruit</em></strong></span> <span class='ocrx_word' id='word_1_446' title='bbox 1393 5035 1508 5099; x_wconf 87' lang='lat' dir='ltr'><strong><em>sub</em></strong></span> <span class='ocrx_word' id='word_1_447' title='bbox 1527 5036 1793 5098; x_wconf 86' lang='lat' dir='ltr'><strong><em>Lothari</em></strong></span> <span class='ocrx_word' id='word_1_448' title='bbox 1798 5056 1832 5099; x_wconf 90' lang='grc' dir='ltr'><strong>ο</strong></span> <span class='ocrx_word' id='word_1_449' title='bbox 1854 5038 2240 5118; x_wconf 86' lang='lat' dir='ltr'><strong><em>Imperatore</em></strong></span> <span class='ocrx_word' id='word_1_450' title='bbox 2259 5056 2424 5100; x_wconf 88' lang='lat' dir='ltr'><strong><em>anno</em></strong></span> <span class='ocrx_word' id='word_1_451' title='bbox 2447 5037 2699 5099; x_wconf 90' lang='lat' dir='ltr'><strong><em>Domini</em></strong></span> <span class='ocrx_word' id='word_1_452' title='bbox 2714 5037 2856 5099; x_wconf 76' lang='lat'><strong><em>850.</em></strong></span> <span class='ocrx_word' id='word_1_453' title='bbox 2885 5035 3126 5098; x_wconf 79' lang='lat' dir='ltr'><strong><em>Pariter</em></strong></span> <span class='ocrx_word' id='word_1_454' title='bbox 3149 5034 3216 5096; x_wconf 86' lang='lat' dir='ltr'><strong><em>in</em></strong></span> <span class='ocrx_word' id='word_1_455' title='bbox 3242 5032 3406 5097; x_wconf 85' lang='lat' dir='ltr'><strong><em>libro</em></strong></span> <span class='ocrx_word' id='word_1_456' title='bbox 3428 5036 3508 5096; x_wconf 89' lang='lat' dir='ltr'><strong><em>de</em></strong></span> 
     </span>
    </p>
   </div>
   <div class='ocr_carea' id='block_1_39' title="bbox 172 5149 3503 5249">
    <p class='ocr_par' dir='ltr' id='par_1_39' title="bbox 172 5149 3503 5249">
     <span class='ocr_line' id='line_1_40' title="bbox 172 5149 3503 5249; baseline 0.005 -39"><span class='ocrx_word' id='word_1_457' title='bbox 172 5200 185 5210; x_wconf 38' lang='grc' dir='ltr'><strong>κ</strong></span> <span class='ocrx_word' id='word_1_458' title='bbox 234 5149 393 5211; x_wconf 77' lang='lat' dir='ltr'><strong><em>viris</em></strong></span> <span class='ocrx_word' id='word_1_459' title='bbox 419 5150 785 5219; x_wconf 82' lang='lat' dir='ltr'><strong><em>illustribus</em></strong></span> <span class='ocrx_word' id='word_1_460' title='bbox 812 5157 1139 5224; x_wconf 87' lang='lat' dir='ltr'><strong><em>ordinisS.</em></strong></span> <span class='ocrx_word' id='word_1_461' title='bbox 1166 5162 1491 5227; x_wconf 80' lang='lat' dir='ltr'><strong><em>Benedicti</em></strong></span> <span class='ocrx_word' id='word_1_462' title='bbox 1520 5165 1631 5229; x_wconf 88' lang='lat' dir='ltr'><strong><em>lib.</em></strong></span> <span class='ocrx_word' id='word_1_463' title='bbox 1671 5165 1728 5228; x_wconf 86' lang='lat' dir='ltr'><strong><em>ll</em></strong></span> <span class='ocrx_word' id='word_1_464' title='bbox 1757 5182 1895 5249; x_wconf 79' lang='lat' dir='ltr'><strong><em>cap.</em></strong></span> <span class='ocrx_word' id='word_1_465' title='bbox 1923 5167 2003 5228; x_wconf 77' lang='grc'><strong><em>27</em></strong></span> <span class='ocrx_word' id='word_1_466' title='bbox 2038 5167 2160 5231; x_wconf 88' lang='lat' dir='ltr'><strong><em>hoc</em></strong></span> <span class='ocrx_word' id='word_1_467' title='bbox 2190 5166 2424 5232; x_wconf 88' lang='lat' dir='ltr'><strong><em>titulo:</em></strong></span> <span class='ocrx_word' id='word_1_468' title='bbox 2454 5168 3020 5231; x_wconf 81' lang='lat' dir='ltr'><strong><em>De&#39;JoanneScoto</em></strong></span> <span class='ocrx_word' id='word_1_469' title='bbox 3065 5166 3223 5230; x_wconf 84' lang='lat' dir='ltr'><strong><em>haec</em></strong></span> <span class='ocrx_word' id='word_1_470' title='bbox 3284 5165 3503 5229; x_wconf 81' lang='lat' dir='ltr'><strong><em>tradit:</em></strong></span> 
     </span>
    </p>
   </div>
   <div class='ocr_carea' id='block_1_40' title="bbox 235 5269 3506 5377">
    <p class='ocr_par' dir='ltr' id='par_1_40' title="bbox 235 5269 3506 5377">
     <span class='ocr_line' id='line_1_41' title="bbox 235 5269 3506 5377; baseline 0.005 -37"><span class='ocrx_word' id='word_1_471' title='bbox 235 5276 512 5375; x_wconf 69' lang='lat' dir='ltr'><strong><em>Joannes</em></strong></span> <span class='ocrx_word' id='word_1_472' title='bbox 538 5284 770 5347; x_wconf 86' lang='lat' dir='ltr'><strong><em>Scotus</em></strong></span> <span class='ocrx_word' id='word_1_473' title='bbox 801 5289 1161 5366; x_wconf 85' lang='lat' dir='ltr'><strong><em>monachus,</em></strong></span> <span class='ocrx_word' id='word_1_474' title='bbox 1198 5292 1266 5354; x_wconf 90' lang='lat' dir='ltr'><strong><em>in</em></strong></span> <span class='ocrx_word' id='word_1_475' title='bbox 1301 5292 1533 5373; x_wconf 73' lang='lat' dir='ltr'><strong><em>Anglia</em></strong></span> <span class='ocrx_word' id='word_1_476' title='bbox 1574 5269 1836 5357; x_wconf 87' lang='lat' dir='ltr'><strong><em>auditor</em></strong></span> <span class='ocrx_word' id='word_1_477' title='bbox 1869 5293 2241 5358; x_wconf 82' lang='lat' dir='ltr'><strong><em>venerabilis</em></strong></span> <span class='ocrx_word' id='word_1_478' title='bbox 2283 5292 2477 5357; x_wconf 85' lang='lat' dir='ltr'><strong><em>Bedae</em></strong></span> <span class='ocrx_word' id='word_1_479' title='bbox 2519 5276 2896 5376; x_wconf 85' lang='lat' dir='ltr'><strong><em>presbyteri,</em></strong></span> <span class='ocrx_word' id='word_1_480' title='bbox 2932 5299 3139 5360; x_wconf 89' lang='lat' dir='ltr'><strong><em>socius</em></strong></span> <span class='ocrx_word' id='word_1_481' title='bbox 3179 5306 3235 5358; x_wconf 91' lang='lat' dir='ltr'><strong><em>et</em></strong></span> <span class='ocrx_word' id='word_1_482' title='bbox 3270 5295 3506 5377; x_wconf 87' lang='lat' dir='ltr'><strong><em>collega</em></strong></span> 
     </span>
    </p>
   </div>
   <div class='ocr_carea' id='block_1_41' title="bbox 238 5382 3507 5506">
    <p class='ocr_par' dir='ltr' id='par_1_41' title="bbox 238 5382 3507 5506">
     <span class='ocr_line' id='line_1_42' title="bbox 238 5382 3507 5506; baseline 0.006 -36"><span class='ocrx_word' id='word_1_483' title='bbox 238 5405 481 5474; x_wconf 81' lang='lat' dir='ltr'><strong><em>domini</em></strong></span> <span class='ocrx_word' id='word_1_484' title='bbox 514 5412 774 5503; x_wconf 75' lang='lat' dir='ltr'><strong><em>Alcuini</em></strong></span> <span class='ocrx_word' id='word_1_485' title='bbox 808 5418 949 5501; x_wconf 85' lang='lat' dir='ltr'><strong><em>jam</em></strong></span> <span class='ocrx_word' id='word_1_486' title='bbox 996 5417 1175 5496; x_wconf 87' lang='lat' dir='ltr'><strong><em>dicti,</em></strong></span> <span class='ocrx_word' id='word_1_487' title='bbox 1223 5421 1326 5485; x_wconf 88' lang='lat' dir='ltr'><strong><em>vir</em></strong></span> <span class='ocrx_word' id='word_1_488' title='bbox 1362 5426 1445 5486; x_wconf 85' lang='lat' dir='ltr'><strong><em>in</em></strong></span> <span class='ocrx_word' id='word_1_489' title='bbox 1499 5398 1733 5488; x_wconf 72' lang='lat' dir='ltr'><strong><em>divinis</em></strong></span> <span class='ocrx_word' id='word_1_490' title='bbox 1777 5426 2136 5506; x_wconf 88' lang='lat' dir='ltr'><strong><em>Scripturis</em></strong></span> <span class='ocrx_word' id='word_1_491' title='bbox 2170 5423 2605 5504; x_wconf 85' lang='lat' dir='ltr'><strong><em>doctissimus,</em></strong></span> <span class='ocrx_word' id='word_1_492' title='bbox 2664 5434 2719 5488; x_wconf 90' lang='lat' dir='ltr'><strong><em>et</em></strong></span> <span class='ocrx_word' id='word_1_493' title='bbox 2764 5426 2832 5488; x_wconf 87' lang='lat' dir='ltr'><strong><em>in</em></strong></span> <span class='ocrx_word' id='word_1_494' title='bbox 2869 5423 3255 5489; x_wconf 75' lang='lat' dir='ltr'><strong><em>secutoribus</em></strong></span> <span class='ocrx_word' id='word_1_495' title='bbox 3301 5425 3507 5491; x_wconf 89' lang='lat' dir='ltr'><strong><em>literis</em></strong></span> 
     </span>
    </p>
   </div>
   <div class='ocr_carea' id='block_1_42' title="bbox 238 5524 3507 5664">
    <p class='ocr_par' dir='ltr' id='par_1_42' title="bbox 238 5524 3507 5664">
     <span class='ocr_line' id='line_1_43' title="bbox 238 5524 3507 5664; baseline 0.006 -61"><span class='ocrx_word' id='word_1_496' title='bbox 238 5544 558 5625; x_wconf 73' lang='lat' dir='ltr'><strong><em>magniﬁce</em></strong></span> <span class='ocrx_word' id='word_1_497' title='bbox 585 5547 958 5629; x_wconf 85' lang='lat' dir='ltr'><strong><em>instructus,</em></strong></span> <span class='ocrx_word' id='word_1_498' title='bbox 995 5563 1254 5637; x_wconf 76' lang='lat' dir='ltr'><strong><em>scripsit</em></strong></span> <span class='ocrx_word' id='word_1_499' title='bbox 1289 5526 1423 5620; x_wconf 84' lang='lat' dir='ltr'><strong><em>non</em></strong></span> <span class='ocrx_word' id='word_1_500' title='bbox 1447 5524 1917 5622; x_wconf 88' lang='lat' dir='ltr'><strong><em>contemnendae</em></strong></span> <span class='ocrx_word' id='word_1_501' title='bbox 1946 5550 2233 5623; x_wconf 89' lang='lat' dir='ltr'><strong><em>lectionis</em></strong></span> <span class='ocrx_word' id='word_1_502' title='bbox 2269 5559 2598 5642; x_wconf 80' lang='lat' dir='ltr'><strong><em>opuscula,</em></strong></span> <span class='ocrx_word' id='word_1_503' title='bbox 2639 5559 2712 5623; x_wconf 90' lang='lat' dir='ltr'><strong><em>de</em></strong></span> <span class='ocrx_word' id='word_1_504' title='bbox 2742 5560 2969 5641; x_wconf 89' lang='lat' dir='ltr'><strong><em>quibus</em></strong></span> <span class='ocrx_word' id='word_1_505' title='bbox 3002 5557 3086 5621; x_wconf 93' lang='lat' dir='ltr'><strong><em>ad</em></strong></span> <span class='ocrx_word' id='word_1_506' title='bbox 3120 5576 3310 5620; x_wconf 89' lang='lat' dir='ltr'><strong><em>meam</em></strong></span> <span class='ocrx_word' id='word_1_507' title='bbox 3337 5558 3507 5664; x_wconf 77' lang='lat' dir='ltr'><strong><em>noti-</em></strong></span> 
     </span>
    </p>
   </div>
   <div class='ocr_carea' id='block_1_43' title="bbox 240 5652 3509 5795">
    <p class='ocr_par' dir='ltr' id='par_1_43' title="bbox 240 5652 3509 5795">
     <span class='ocr_line' id='line_1_44' title="bbox 240 5652 3509 5795; baseline 0.004 -60"><span class='ocrx_word' id='word_1_508' title='bbox 240 5652 391 5734; x_wconf 77' lang='lat' dir='ltr'><strong><em>tiam</em></strong></span> <span class='ocrx_word' id='word_1_509' title='bbox 423 5693 632 5755; x_wconf 89' lang='lat' dir='ltr'><strong><em>pauca</em></strong></span> <span class='ocrx_word' id='word_1_510' title='bbox 652 5666 1067 5757; x_wconf 84' lang='lat' dir='ltr'><strong><em>pervenerunt</em></strong></span> <span class='ocrx_word' id='word_1_511' title='bbox 1101 5707 1123 5749; x_wconf 92' lang='lat'><strong><em>:</em></strong></span> <span class='ocrx_word' id='word_1_512' title='bbox 1156 5686 1235 5748; x_wconf 90' lang='lat' dir='ltr'><strong><em>In</em></strong></span> <span class='ocrx_word' id='word_1_513' title='bbox 1266 5686 1675 5768; x_wconf 82' lang='lat' dir='ltr'><strong><em>Evangelium</em></strong></span> <span class='ocrx_word' id='word_1_514' title='bbox 1711 5670 1953 5755; x_wconf 61' lang='lat' dir='ltr'><strong><em>Matth.</em></strong></span> <span class='ocrx_word' id='word_1_515' title='bbox 1976 5690 2084 5756; x_wconf 87' lang='lat' dir='ltr'><strong><em>lib.</em></strong></span> <span class='ocrx_word' id='word_1_516' title='bbox 2123 5692 2229 5753; x_wconf 71' lang='lat' dir='ltr'><strong><em>IV.</em></strong></span> <span class='ocrx_word' id='word_1_517' title='bbox 2265 5692 2350 5752; x_wconf 87' lang='lat' dir='ltr'><strong><em>De</em></strong></span> <span class='ocrx_word' id='word_1_518' title='bbox 2384 5668 2612 5774; x_wconf 72' lang='lat' dir='ltr'><strong><em>ofﬁciis</em></strong></span> <span class='ocrx_word' id='word_1_519' title='bbox 2654 5691 2940 5754; x_wconf 89' lang='lat' dir='ltr'><strong><em>humanis</em></strong></span> <span class='ocrx_word' id='word_1_520' title='bbox 2970 5691 3147 5795; x_wconf 32' lang='lat' dir='ltr'><strong><em>libs]</em></strong></span> <span class='ocrx_word' id='word_1_521' title='bbox 3174 5711 3196 5755; x_wconf 92' lang='lat'><strong><em>:</em></strong></span> <span class='ocrx_word' id='word_1_522' title='bbox 3222 5698 3278 5753; x_wconf 90' lang='lat' dir='ltr'><strong><em>et</em></strong></span> <span class='ocrx_word' id='word_1_523' title='bbox 3310 5655 3509 5795; x_wconf 78' lang='lat' dir='ltr'><strong><em>multa</em></strong></span> 
     </span>
    </p>
   </div>
   <div class='ocr_carea' id='block_1_44' title="bbox 240 5790 3541 5937">
    <p class='ocr_par' dir='ltr' id='par_1_44' title="bbox 240 5790 3541 5937">
     <span class='ocr_line' id='line_1_45' title="bbox 240 5790 3541 5937; baseline 0.004 -74"><span class='ocrx_word' id='word_1_524' title='bbox 240 5790 389 5868; x_wconf 82' lang='lat' dir='ltr'><strong><em>alia.</em></strong></span> <span class='ocrx_word' id='word_1_525' title='bbox 447 5804 698 5871; x_wconf 84' lang='lat' dir='ltr'><strong><em>Claruit</em></strong></span> <span class='ocrx_word' id='word_1_526' title='bbox 745 5794 1196 5874; x_wconf 29' lang='lat' dir='ltr'><strong><em>anno&#39;Do&#39;mini</em></strong></span> <span class='ocrx_word' id='word_1_527' title='bbox 1240 5813 1359 5877; x_wconf 78' lang='lat'><strong><em>780</em></strong></span> <span class='ocrx_word' id='word_1_528' title='bbox 1400 5813 1510 5877; x_wconf 87' lang='lat' dir='ltr'><strong><em>sub</em></strong></span> <span class='ocrx_word' id='word_1_529' title='bbox 1564 5814 1816 5879; x_wconf 86' lang='lat' dir='ltr'><strong><em>Carolo.</em></strong></span> <span class='ocrx_word' id='word_1_530' title='bbox 1853 5816 2105 5893; x_wconf 81' lang='lat' dir='ltr'><strong><em>Quibus</em></strong></span> <span class='ocrx_word' id='word_1_531' title='bbox 2155 5818 2197 5880; x_wconf 91' lang='lat' dir='ltr'><strong><em>l.</em></strong></span> <span class='ocrx_word' id='word_1_532' title='bbox 2241 5818 2283 5883; x_wconf 91' lang='lat' dir='ltr'><strong><em>l.</em></strong></span> <span class='ocrx_word' id='word_1_533' title='bbox 2326 5816 2437 5880; x_wconf 87' lang='lat' dir='ltr'><strong><em>lib.</em></strong></span> <span class='ocrx_word' id='word_1_534' title='bbox 2478 5816 2589 5894; x_wconf 82' lang='lat' dir='ltr'><strong><em>HI,</em></strong></span> <span class='ocrx_word' id='word_1_535' title='bbox 2623 5794 2757 5897; x_wconf 77' lang='lat' dir='ltr'><strong><em>cap.</em></strong></span> <span class='ocrx_word' id='word_1_536' title='bbox 2796 5817 2916 5879; x_wconf 77' lang='lat'><strong><em>212</em></strong></span> <span class='ocrx_word' id='word_1_537' title='bbox 2950 5790 3095 5882; x_wconf 69' lang='lat' dir='ltr'><strong><em>hoc</em></strong></span> <span class='ocrx_word' id='word_1_538' title='bbox 3121 5790 3334 5879; x_wconf 81' lang='lat' dir='ltr'><strong><em>indice</em></strong></span> <span class='ocrx_word' id='word_1_539' title='bbox 3371 5833 3386 5873; x_wconf 93' lang='lat'><strong>:</strong></span> <span class='ocrx_word' id='word_1_540' title='bbox 3418 5813 3541 5937; x_wconf 31' lang='lat' dir='ltr'><strong><em>De.</em></strong></span> 
     </span>
    </p>
   </div>
  </div>
