4036 5450
542 325 670 366 xxv:
1958 297 2385 360 PROOEMIUM.

539 425 886 507 Stloanne
935 440 1120 503 Scoto
1169 447 1444 519 martyre
1493 438 1647 502 haec
1695 427 2029 518 subjunXit
2076 457 2090 497 :
2133 438 2405 499 Joannes
2451 435 2709 497 Scotus.
2761 421 3094 497 monachus
3147 417 3689 498 Malbesberiensis
3739 437 3806 498 in

528 568 791 653 Anglia,
826 571 928 633 vir
971 569 1190 631 doctus
1235 576 1289 630 et
1329 553 1660 647 religiosae
1705 567 2222 640 conversationis,
2273 567 2454 644 cujus
2504 567 2688 628 etiam
2735 567 2803 630 in
2857 567 3123 630 secundo
3176 565 3491 628 volumine
3539 567 3806 648 fecimus

535 696 924 772 mentionem,
960 693 1133 776 apud
1165 694 1464 758 Carolum
1495 693 1753 756 Calvum
1780 693 2228 775 Imperatorem
2274 712 2495 773 magno
2541 696 2605 756 in
2635 696 2841 775 pretio
2869 696 3020 777 fuit.
3060 694 3187 771 Qui
3223 693 3466 756 tandem
3495 695 3807 772 martyrio

539 833 879 888 coronatus
920 845 959 888 a
986 835 1184 890 morte
1215 827 1512 889 transivit
1552 826 1636 888 ad
1680 828 1891 890 vitam.
1947 828 2287 907 Con/assus
2343 828 2503 888 enim
2549 827 2831 908 graphiis
2883 845 3250 908 puerorum,
3313 842 3468 904 quos
3523 819 3810 896 docebat,

540 954 744 1016 nescio
774 973 897 1035 quo
935 956 1294 1036 instigante,
1322 965 1471 1037 post
1510 966 1766 1020 mortem
1801 958 2016 1020 multis
2062 959 2298 1020 claruit
2345 959 2566 1038 signis.
2616 957 2768 1038 Legi
2809 965 3014 1020 autem
3065 959 3131 1020 in
3160 957 3424 1040 quadam
3458 960 3812 1040 scriptura,

539 1075 711 1164 quod
733 1085 928 1166 fuerit
981 1088 1312 1168 episcopus
1339 1089 1946 1170 Mykelenburgensis
1976 1091 2088 1152 sub
2121 1091 2456 1153 Bremensi.
2490 1089 2646 1170 Ejus
2671 1088 2878 1150 natale
2905 1089 3142 1151 colitur
3170 1090 3207 1150 [ι
3227 1089 3382 1152 Idus
3408 1090 3805 1154 Novembris.

539 1209 790 1273 Claruit
810 1231 969 1275 anno
994 1215 1245 1278 Domini
1273 1218 1393 1280 880
1419 1218 1531 1279 sub
1562 1218 1790 1280 Carolo
1819 1219 2034 1293 Calvo,
2067 1228 2122 1281 et
2150 1221 2320 1282 vixit
2351 1220 2551 1282 adhuc
2582 1219 2799 1281 multis
2828 1222 3010 1281 annis
3036 1228 3180 1300 post
3213 1238 3367 1282 eum.
3401 1219 3535 1282 Alii
3565 1220 3813 1294 volunt,

542 1343 710 1422 quod
742 1345 1043 1406 claruerit
1084 1345 1196 1405 sub
1234 1346 1506 1407 Henrico
1543 1353 1769 1427 quarto
1805 1368 1968 1411 anno
2016 1348 2268 1411 Domini
2305 1351 2478 1412 1060.
2525 1349 2646 1412 Sed
2684 1350 2873 1429 prior
2907 1351 3124 1430 opinio
3158 1351 3312 1412 mihi
3346 1349 3596 1412 videtur
3632 1351 3817 1412 chro-

541 1473 702 1536 nicis
749 1483 1156 1536 consentanea
1193 1484 1247 1537 et
1295 1475 1431 1539 ideo
1480 1477 1712 1541 verior.
1750 1479 1893 1542 Nisi
1925 1481 2089 1560 forte
2126 1478 2250 1542 duo
2281 1481 2578 1561 fuissent.
2615 1498 2740 1541 uno
2780 1480 3080 1560 martyrii
3121 1498 3338 1559 genere
3373 1469 3640 1542 diversis
3664 1486 3817 1538 tem-

541 1602 810 1682 poribus
850 1605 1222 1688 interempti.
2214 1592 2220 1599 ’

629 1758 912 1819 Joannes
934 1757 1164 1821 Baleus
1193 1757 1448 1836 (acina
1474 1758 1673 1842 1560),
1696 1761 1808 1844 qui
1832 1763 2067 1842 pariter
2092 1762 2256 1826 duos
2292 1764 2575 1828 Joannes
2597 1761 2819 1827 Scotos
2845 1756 3174 1831 discernit,
3199 1757 3268 1820 in
3301 1757 3490 1855 libro,
3523 1758 3627 1820 cui
3662 1757 3819 1820 tilu-

559 1879 660 1942 lus
686 1899 701 1938 :
731 1877 1088 1942 Illustrium
1113 1877 1374 1960 majoris
1398 1880 1770 1944 Britanniae
1791 1884 2176 1962 scriptorum
2209 1885 2613 1946 summarium
2645 1877 2822 1955 1558,
2851 1882 2962 1946 fol.
2993 1880 3071 1943 57
3108 1880 3265 1944 haec
3298 1881 3516 1944 tradit:
3546 1883 3818 1944 Joannes

548 2001 945 2075 Mailrosius,
991 2000 1353 2080 cognomine
1375 2008 1430 2062 et
1462 2002 1717 2063 natione
1740 2003 1994 2076 Scotus,
2024 2001 2286 2065 Alcuini
2314 2003 2573 2082 collega,
2603 2009 2659 2064 et
2705 2003 3073 2066 venerabilis
3103 2005 3306 2070 Bedae
3333 2026 3474 2069 cum
3518 2027 3586 2069 eo
3623 2026 3820 2088 quon-

551 2127 692 2185 dam
727 2123 1104 2204 discipulus,
1148 2131 1331 2203 atque
1360 2119 1506 2181 dum
1536 2117 1976 2200 Cantabrigiae
2009 2121 2202 2183 bonas
2241 2122 2457 2184 literas
2501 2123 2937 2202 proﬁteretur,
2963 2124 3253 2203 frequens
3283 2127 3546 2188 auditor
3573 2127 3812 2189 extitit.

543 2242 611 2302 Is
647 2260 784 2303 cum
816 2248 963 2303 esset
995 2248 1325 2321 utriusque
1358 2237 1634 2318 linguae,
1665 2236 1898 2300 latinae
1929 2246 1982 2300 et
2041 2257 2318 2318 graecae,
2349 2241 2806 2320 peritissimus,
2839 2239 3008 2322 quod
3053 2242 3126 2304 de
3158 2245 3296 2324 ipso
3329 2245 3644 2318 ,historici
3694 2247 3818 2326 fere

550 2383 751 2426 omnes
781 2365 1065 2427 unanimi
1096 2362 1446 2426 testimonio
1461 2363 1761 2444 referunt,
1795 2361 2092 2442 adjuncto
2116 2363 2240 2426 sibi
2260 2361 2526 2426 Claudio
2551 2363 2850 2426 Clemente
2881 2365 3030 2444 pari
3061 2364 3349 2426 doctrina
3364 2367 3656 2446 praedito
3687 2388 3824 2430 cum

549 2483 1004 2545 mercatoribus
1037 2487 1259 2564 Anglis
1291 2483 1601 2544 Oceanum
1628 2499 1794 2541 mare
1825 2480 2098 2560 trajecit,
2142 2479 2585 2560 Parisiumque
2631 2480 2934 2560 pervenit.
2979 2480 3096 2542 Ubi
3131 2501 3274 2544 cum
3303 2485 3466 2546 inter
3490 2493 3724 2546 ceteros
3757 2486 3822 2545 in

546 2602 876 2683 publicum
907 2603 1252 2684 prodiisset
1293 2605 1528 2686 forum,
1573 2620 1682 2664 nec
1737 2601 2070 2681 quicquam
2113 2602 2338 2682 patria
2383 2607 2638 2680 praeter
2679 2599 2870 2662 bonas
2911 2599 3279 2680 disciplinas
3321 2614 3735 2685 exportasset,
3767 2624 3827 2666 se

547 2727 920 2807 sapientiam
955 2729 1268 2808 profiteri,
1305 2749 1552 2811 eamque
1581 2731 1805 2796 habere
1839 2732 2114 2794 venalem
2144 2750 2284 2794 eum
2311 2732 2482 2794 socio
2515 2729 2964 2792 conclamabat.
2994 2726 3178 2804 Quod
3206 2725 3465 2786 audiens
3492 2741 3610 2785 rex
3631 2722 3825 2784 Caro-

547 2851 646 2914 lus
673 2861 1073 2932 cognomento
1106 2853 1400 2934 Magnus,
1422 2857 1702 2935 provisis
1735 2856 2125 2930 necessariis,
2179 2873 2282 2917 eos
2312 2845 2490 2916 illico
2514 2853 2808 2926 retinuit,
2839 2860 2911 2913 ut
2947 2851 3323 2931 con/luentes
3352 2845 3434 2908 ad
3476 2849 3649 2928 ipsos
3696 2866 3826 2908 un-

549 2975 736 3057 dique
783 2975 1102 3039 nobilium‘
1133 2977 1526 3040 Francorum
1571 2977 1984 3040 adolescentes
2041 2973 2388 3039 liberaliter
2426 2973 2774 3037 erudirent.
2806 2971 3119 3052 Frequens
3166 2966 3310 3030 inde
3363 2967 3828 3030 advenientium

548 3091 702 3154 illuc
732 3100 1066 3154 conventus
1101 3093 1326 3174 effecit,
1359 3100 1429 3155 ut
1462 3092 1702 3156 Parisii
1735 3093 1948 3156 statim
1994 3092 2339 3173 percelebre
2379 3099 2531 3154 esset
2559 3090 2976 3152 auditorium.
3002 3089 3232 3152 Sanxit
3273 3087 3543 3152 Carolus
3590 3100 3828 3162 provo-

550 3215 726 3269 cante
754 3209 1053 3282 Alcuino,
1090 3217 1162 3272 ut
1197 3210 1482 3291 deinceps
1510 3212 1647 3274 illic
1680 3220 1829 3275 esset
1855 3213 2138 3293 generale
2174 3213 2480 3275 bonarum
2521 3213 2760 3274 artium
2792 3209 3094 3286 studium,
3125 3217 3181 3270 et
3210 3217 3280 3270 ut
3313 3205 3619 3270 Claudius
3655 3223 3726 3268 tn
3761 3223 3827 3266 eo

547 3328 1052 3404 praepositurum
1080 3336 1338 3406 gereret,
1360 3331 1632 3392 Joannes
1650 3350 1793 3395 vero
1819 3332 2084 3414 Papiam
2109 3331 2486 3408 concederet,
2507 3338 2582 3394 ut
2613 3337 2681 3392 et.
2705 3329 2840 3392 illic
2873 3346 3114 3409 quoque
3143 3325 3466 3407 gymnasio
3492 3324 3682 3388 initia
3711 3341 3830 3402 po-

549 3451 742 3508 neret.
768 3443 1130 3522 Composuit
1175 3446 1291 3506 iste
1342 3445 1602 3526 eleganti
1633 3467 1910 3511 sermone
1952 3450 2328 3529 rogantibus
2359 3447 2694 3530 discipulis
2745 3445 3099 3509 clarissima
3129 3442 3459 3524 opuscula,
3491 3442 3832 3522 praecipue

550 3560 738 3622 haec:
785 3562 865 3622 In
914 3563 1323 3642 Evangelium
1368 3564 1672 3628 Matthaei
1715 3567 1824 3630 lib.
1862 3569 1997 3630 ΙΙΙ.
2026 3570 2116 3631 De
2155 3571 2386 3651 ofﬁciis
2426 3568 2714 3632 humanis
2745 3567 2856 3631 lib.
2886 3567 2944 3630 I.
2979 3567 3067 3627 De
3101 3563 3327 3646 ofﬁciis
3354 3560 3586 3625 divinis
3620 3559 3732 3623 lib.
3767 3557 3826 3622 Ι.

555 3685 644 3744 De
699 3682 1007 3746 divisione
1033 3684 1314 3748 Naturae
1344 3684 1453 3746 lib.
1482 3685 1538 3747 1.
1580 3687 1663 3747 De
1687 3690 1996 3766 germanis
2016 3691 2220 3772 juxta
2249 3693 2565 3754 Irenicum
2595 3691 2706 3754 lib.
2738 3692 2795 3752 Ι.
2829 3688 3321 3753 Commentarios
3348 3686 3830 3765 Scripturarum

555 3802 665 3865 lib.
701 3803 760 3864 Ι.
798 3803 1115 3864 Homilias
1146 3803 1423 3866 eruditas
1453 3803 1563 3869 lib.
1603 3810 1662 3871 Ι.
1703 3810 1826 3872 Νεσ
1859 3810 2102 3889 dubito,
2127 3814 2280 3894 quin
2308 3815 2414 3876 his
2447 3814 2628 3895 longe
2655 3815 2849 3896 plura
2880 3811 3260 3877 condiderit.
3293 3810 3375 3871 In
3406 3809 3570 3870 libro
3607 3826 3722 3869 suo
3761 3803 3831 3866 de

553 3924 833 3987 Naturae
883 3920 1192 3984 divisione
1241 3923 1554 3987 solvendis
1599 3930 2065 4008 quaestionibus
2101 3934 2188 3994 est
2235 3934 2452 4008 utilis,
2491 3933 2596 3996 sed
2629 3933 2911 4015 Papistis
2936 3933 3284 4014 plurimum
3322 3932 3645 3995 Antonino
3683 3936 3830 3990 teste

557 4034 929 4116 displicuit,
985 4039 1154 4120 quod
1199 4040 1452 4114 Graecis
1487 4044 1782 4110 adversus
1825 4070 2036 4113 eorum
2074 4053 2403 4133 insyncera
2445 4054 2737 4135 dogmata
2765 4059 2832 4118 in
2867 4056 3188 4137 plerisque
3243 4056 3610 4118 consentiat.
3677 4051 3832 4146 Divi

555 4157 898 4237 Augustini
953 4163 1329 4226 monasterio
1391 4166 1658 4231 Carolus
1699 4171 1862 4234 hunc
1897 4173 2106 4235 Ticini
2141 4195 2247 4236 seu
2293 4174 2530 4256 Papiae
2566 4175 2868 4258 praefecit
2903 4189 3067 4238 anno
3102 4183 3355 4238 nostrae
3382 4170 3828 4252 redemptionis

553 4279 696 4352 792,
756 4281 820 4340 in
847 4299 968 4360 quo
1001 4289 1054 4342 et
1089 4301 1286 4343 senem
1317 4284 1542 4346 abiisse
1570 4287 1813 4350 tandem
1841 4292 2136 4353 nonnulli
2170 4292 2455 4366 credunt,
2491 4293 2697 4355 Scotis
2729 4292 3084 4355 dominante
3110 4295 3439 4358 Solvathio
3471 4311 3634 4374 rege.
3660 4290 3831 4352 Satis

559 4395 758 4458 claret
813 4417 890 4458 ex
927 4397 1136 4471 dictis,
1185 4400 1522 4464 Alcuinum
1573 4412 1630 4465 et
1659 4407 1964 4468 Joannem
2006 4411 2172 4471 inter
2216 4411 2456 4490 Anglos
2493 4412 2583 4472 ita
2610 4412 2808 4492 fuisse
2848 4404 3269 4476 doctissimos.
3314 4409 3562 4475 Deinde
3606 4407 3722 4469 fol.
3755 4405 3831 4468 6!:-

555 4513 638 4576 de
667 4521 884 4578 nostro
932 4517 1180 4579 Joanne
1211 4519 1398 4583 Scoto
1438 4530 1648 4586 narrat
1677 4523 1908 4590 haecce
1935 4550 1956 4589 :
1986 4529 2262 4589 Joannes
2292 4528 2635 4603 Patricius,
2675 4529 2837 4591 alias
2867 4529 3166 4609 Erigena,
3197 4533 3548 4592 Britannus
3577 4525 3833 4587 natione

557 4658 663 4701 seu
700 4639 968 4703 Guallus
1000 4639 1326 4721 Anglicus,
1375 4641 1444 4705 in
1498 4643 1782 4708 Menevia
1826 4647 2215 4708 Demetarum
2265 4647 2440 4725 urbe,
2489 4649 2617 4711 sive
2665 4647 2748 4710 ad
2779 4656 3064 4711 sanctum
3097 4644 3419 4715 Davidem,
3445 4657 3522 4702 ea:
3549 4635 3829 4715 patricio

559 4768 837 4847 genitore
885 4775 1094 4842 natus,
1139 4787 1177 4828 a
1204 4765 1528 4848 plerisque
1552 4768 1973 4848 scriptoribus
1999 4769 2436 4850 philosophus,
2459 4770 2533 4832 ab
2569 4770 2719 4833 aliis
2749 4788 2916 4841 vero,
2953 4767 3058 4829 sed
3085 4786 3434 4852 perperam,
3465 4765 3690 4826 Seotus
3723 4773 3832 4823 eo.

563 4896 986 4975 gnominatur.
1019 4896 1181 4957 Dum
1212 4896 1448 4977 Anglos
1481 4897 1637 4960 Daci
1677 4900 1923 4980 rapinis
1967 4910 2020 4962 et
2069 4900 2244 4964 bellis
2275 4901 2664 4982 infestarent,
2708 4914 2781 4957 ac
2814 4896 3022 4958 omnia
3055 4893 3191 4956 illic
3229 4888 3608 4954 tumultibus
3641 4891 3832 4946 essent

563 5017 770 5100 plena,
793 5017 1041 5100 longam
1091 5018 1656 5100 peregrinationem
1701 5021 1969 5083 Athenas
2005 5040 2198 5103 usque
2223 5021 2592 5101 suscipiens,
2638 5035 2820 5099 quam
2858 5017 3076 5097 plures
3110 5029 3308 5074 annos
3331 5009 3535 5072 literis
3567 5004 3834 5086 graecis,

566 5139 904 5204 chaldaicis
937 5149 991 5203 et
1019 5140 1288 5202 arabicis
1325 5141 1666 5207 insudavit.
1701 5143 1920 5206 Omnia
1950 5145 2110 5205 enim
2146 5142 2429 5204 visitavit
2475 5137 3000 5221 philosophorum
3035 5134 3174 5196 loca
3224 5142 3281 5193 et
3316 5129 3554 5204 studia,
3613 5127 3737 5188 imo
3780 5130 3835 5184 et
3877 5199 3888 5207 ‘

797 5259 1121 5320 oraculum
1148 5259 1301 5311 .cnlie
1349 5259 1518 5310 ηυηή
1568 5261 1963 5322 Aesmdanius
2001 5262 2118 5323 sibi
2141 5269 2391 5312 annalem

1457 5259 1518 5310 id
1568 5261 1963 5322 Aesmdgnius
2001 5262 2118 5323 sibi
2141 5268 2583 5312 ηηςηοια-υσιιοοηι
2641 5258 2705 5292 in
2740 5275 2854 5288 υνυ-
2895 5257 3051 5283 -‘-‘~'
