4036 5646
1619 314 2049 378 PROOEMIUM.
3328 346 3475 390 um

217 439 548 520 Profectus
574 437 911 520 aliquando
937 450 1088 524 post
1142 446 1208 508 in
1242 445 1638 510 Britanniam
1685 448 2060 514 Meneviensi
2093 452 2159 514 in
2192 454 2592 532 monasterio,
2631 455 2799 535 quod
2838 457 2920 519 ad
2956 458 3218 522 Davidis
3257 463 3477 543 fanum

211 561 482 640 dicitur,
513 585 576 628 se
606 567 972 630 monachum
996 568 1144 649 fecit
1185 568 1252 630 in
1281 568 1524 632 ultimis
1557 568 1846 633 Gualliae
1872 571 2127 652 ﬁnibus.
2164 573 2290 639 Nec
2317 583 2570 656 poterat
2607 577 2677 640 in
2707 596 2774 639 eo
2810 576 2923 640 diu
2949 578 3172 654 latere,
3198 579 3305 642 sed
3333 581 3478 644 inde

213 688 480 743 vocatus
527 683 603 745 ab
650 682 910 766 Alfredo
969 685 1319 767 Anglorum
1345 705 1509 767 rege,
1558 693 1685 748 tam
1732 689 1878 764 sibi,
1928 709 2114 771 quam
2152 693 2286 754 suis
2332 692 2548 756 liberis
2587 692 2909 758 adhibitus
2941 703 3030 757 est
3065 704 3462 777 praeceptor.

214 797 385 862 Unde
417 808 474 865 et
500 803 637 884 ipso
674 803 1043 866 adhortante
1065 813 1317 883 praeter
1344 803 1473 866 alia
1493 803 1853 868 studiorum
1876 826 2135 871 suorum
2155 819 2548 873 monumenta
2578 832 2606 874 e
2635 812 2870 876 Graeco
2894 814 3227 877 transtulit
3259 815 3326 876 in
3347 823 3473 876 tres

193 911 464 995 linguas
509 917 911 996 chaldaicam,
958 919 1273 982 arabicam
1310 926 1368 983 et
1423 920 1685 984 latinam
1731 923 2094 988 Aristotelis
2133 928 2402 992 moralia
2435 929 2508 992 de
2543 933 2794 994 secretis
2824 941 3204 996 secretorum
3233 953 3340 996 seu
3373 953 3470 997 re-
3575 968 3578 970 τ

207 1044 309 1099 cto
347 1041 648 1120 regimine
692 1043 1079 1123 principum,
1133 1059 1292 1122 opus
1343 1044 1923 1124 exquisitissimam.
1976 1049 2117 1112 Hoc
2147 1050 2287 1112 viro
2320 1053 2550 1115 eximio
2579 1071 2684 1114 seu
2711 1055 2948 1133 geniali
2975 1053 3243 1136 quodam
3275 1052 3478 1116 sidere

111 1163 124 1172 ’
208 1153 561 1219 adornabat
626 1159 922 1242 Alfredus
974 1161 1350 1226 academiam
1402 1184 1579 1227 suam
1633 1166 1920 1230 Oxoniae
1946 1176 2095 1233 tunc
2125 1171 2501 1234 inchoatam.
2538 1175 2698 1234 Erat
2738 1173 2846 1235 ille
2883 1175 3157 1254 primus,
3190 1172 3302 1254 qui
3336 1171 3476 1235 illic

208 1275 464 1354 publice
496 1279 691 1342 bonas
734 1289 899 1344 artes
923 1285 1368 1366 proﬁtebatur.
1409 1287 1684 1351 Joannes
1714 1291 1854 1366 iste,
1899 1291 2249 1356 subtilitate
2301 1295 2538 1375 ingenii
2573 1305 2935 1375 peracutus,
3005 1292 3303 1376 quaedam
3358 1311 3473 1354 no-

205 1404 373 1457 strae
423 1400 755 1478 religionis
807 1408 1274 1471 accuratissime
1299 1409 1625 1491 disputata
1673 1415 2076 1495 conscripsit,
2118 1419 2489 1496 praesertim
2523 1420 2655 1480 :De
2710 1418 3128 1482 immaculatis
3155 1418 3476 1498 mysteriis

218 1517 332 1579 lib.
364 1519 424 1583 Ι.
463 1521 552 1581 De
577 1522 698 1601 ﬁde
725 1533 946 1588 contra
974 1528 1274 1594 barbaros
1312 1531 1422 1596 lib.
1461 1534 1521 1597 Ι.
1555 1535 1643 1595 De
1670 1552 1940 1615 corpore
1973 1544 2034 1599 et
2062 1539 2367 1618 sanguine
2400 1539 2656 1602 Domini
2688 1537 2798 1614 lib.
2827 1538 2883 1598 Ι.
2917 1534 3046 1597 Pro
3077 1533 3480 1596 instituendis

203 1639 511 1702 nobilium
528 1643 682 1722 filiis
713 1644 822 1707 lib.
853 1648 904 1710 l.
933 1649 1252 1713 Versiones
1281 1653 1575 1733 Dionysii
1609 1653 1720 1718 lib.
1756 1653 1814 1716 Ι.
1851 1655 2132 1719 Moralia
2171 1659 2532 1721 Aristotelis
2559 1658 2668 1722 lib.
2699 1659 2798 1720 IX
2823 1658 2985 1737 [Non
3013 1658 3243 1740 reliqui
3269 1657 3473 1720 locum

202 1779 309 1823 nec
341 1755 682 1845 templum].
715 1768 793 1828 In
818 1771 1202 1833 Ierarchiam
1227 1776 1700 1837 commentarios
1731 1775 1840 1838 lib.
1885 1777 1994 1839 ιγ.
2020 1778 2099 1838 In
2128 1777 2502 1846 theologiam
2529 1780 2850 1857 mysticam
2871 1777 2980 1840 lib.
3014 1778 3072 1840 Ι.
3103 1776 3473 1858 Paraphra-

201 1889 391 1952 sticos
411 1897 610 1953 tomos
638 1894 746 1956 tib.
771 1896 829 1957 Ι.
855 1897 1180 1976 Epistolas
1216 1899 1298 1961 ad
1318 1900 1596 1963 diversos
1622 1901 1733 1964 lib.
1763 1902 1822 1964 Ῑ.
1853 1902 2158 1982 Dogmata
2189 1903 2710 1984 philosophorum
2743 1899 2852 1962 lib.
2875 1900 2934 1962 1.
2967 1899 3054 1960 Et
3088 1899 3289 1961 adhuc
3318 1899 3469 1961 alia.

208 2006 284 2068 In
317 2005 481 2069 libro
515 2009 588 2070 de
618 2011 1018 2076 Eucharistia
1044 2015 1226 2094 ﬁdem
1247 2036 1423 2079 suam
1454 2037 1532 2080 ex
1558 2017 1913 2099 Scripturis
1941 2019 2280 2100 fatebatur,
2309 2019 2424 2080 hoc
2451 2022 2655 2099 ipsum
2673 2021 2936 2081 sentiens
2958 2028 3013 2082 et
3035 2019 3282 2097 docens,
3308 2020 3479 2101 quod

205 2150 284 2191 ex
305 2130 463 2193 bibli
468 2133 521 2192 is
552 2141 607 2194 et
634 2135 990 2214 Augustino
1012 2135 1341 2212 didicerat,
1367 2146 1423 2200 et
1443 2137 1613 2220 quod
1629 2140 1898 2202 sciverat
1923 2141 1990 2201 in
2011 2139 2240 2202 Galliis
2259 2142 2650 2203 Bertramum
2667 2141 3093 2224 presbyterum
3114 2127 3472 2210 tradidisse,

200 2250 329 2326 Qui
350 2251 508 2313 liber
527 2253 594 2314 in
628 2253 987 2317 Vercellensi
1007 2256 1242 2337 synodo
1265 2228 1522 2320 alLeone
1538 2259 1642 2321 IX
1655 2258 1956 2339 pontiﬁce
1974 2260 2253 2320 Romano
2290 2268 2506 2340 postea
2535 2258 2891 2334 damnatur,
2921 2260 3091 2341 quod
3118 2281 3329 2324 eorum
3354 2263 3474 2324 ad—

201 2385 482 2439 versetur
511 2379 818 2458 quaestui.
849 2380 931 2440 In
958 2375 1482 2440 Malmesberiensi
1519 2376 1812 2440 coenobio
1858 2377 2124 2451 tandem,
2156 2396 2278 2458 quo
2315 2378 2719 2441 recreatianis
2753 2378 2965 2458 gratia
2995 2399 3057 2440 se
3089 2381 3468 2458 contulerat,

201 2497 365 2558 inter
395 2497 713 2575 legendum
741 2518 779 2560 a
805 2496 1174 2579 quibusdam
1207 2496 1540 2577 discipulis
1571 2495 1957 2576 pugionibus
1997 2496 2468 2559 interimebatur
2500 2516 2663 2559 anno
2701 2500 2939 2566 Christi
2969 2505 3090 2568 88’s
3114 2549 3131 2579 ,
3180 2506 3476 2585 fortassis

198 2635 328 2677 non
362 2635 494 2678 sine
519 2618 963 2680 monachorum
1006 2617 1307 2698 impulsu,
1339 2618 1618 2698 quamvis
1662 2635 1797 2678 eum
1825 2619 1990 2679 inter
2019 2617 2342 2695 :Ecclesiae
2367 2625 2670 2699 martyres
2716 2631 2936 2702 postea
2979 2629 3465 2688 numeraverint.

198 2734 622 2814 Decipiuntur
647 2727 775 2816 fere
805 2754 1007 2797 omnes
1031 2736 1442 2797 historiarum
1485 2737 1851 2814 scriptores,
1884 2735 1995 2816 qui
2026 2735 2214 2796 istum
2241 2753 2380 2797 cum
2401 2736 2799 2815 praecedente
2835 2743 3080 2806 Joanne
3124 2745 3237 2807 illo
3278 2746 3466 2808 Scala

201 2856 542 2919 Mailrosio
577 2868 772 2921 unum
801 2860 998 2940 fuisse
1045 2861 1349 2939 fatentur,
1386 2863 1512 2918 tam
1538 2857 1862 2919 vicinitate
1907 2864 2290 2937 temporum,
2327 2876 2510 2938 quam
2552 2860 2873 2925 nominum
2921 2883 2993 2927 ac
3029 2865 3466 2929 doctrinarum

191 2981 470 3059 puritate
501 2977 832 3040 occaecati.
870 2975 1113 3039 Videbit
1149 2975 1422 3056 vigilans
1449 2976 1685 3054 Argus,
1716 2993 1824 3037 seu
1857 2974 2145 3036 oculatus
2175 2974 2393 3050 lector,
2427 2992 2557 3036 non
2584 2977 2740 3038 satis
2769 2983 3120 3058 convenire,
3153 2984 3472 3064 quod_au-

199 3096 432 3159 diverit
466 3098 718 3175 Bedam,
773 3105 828 3160 et
859 3097 1174 3178 hucusque
1201 3103 1459 3159 aetatem
1478 3092 1901 3176 protenderit,
1935 3094 2066 3156 nisi
2094 3112 2291 3156 annos
2322 3101 2563 3157 centum
2591 3101 2646 3156 et
2676 3096 2854 3160 LXX
2885 3100 2969 3162 ad
3003 3103 3210 3166 minus
3239 3105 3296 3167 ei
3324 3124 3472 3168 con-

197 3218 471 3280 cesserit.

271 3333 424 3420 Post
449 3331 750 3396 Balaeum
777 3337 1127 3415 apoStatam
1151 3335 1300 3399 audi
1321 3334 1658 3398 Leslaeum
1690 3333 2062 3414 episcOpum
2093 3335 2480 3399 Rossensem
2506 3337 2593 3418 (>14
2621 3334 2819 3419 1593),
2845 3340 3202 3402 constantia
3227 3358 3300 3404 ac
3324 3342 3473 3406 ﬁdei

191 3452 568 3517 sinceritate
601 3453 940 3517 illustrem.
974 3456 1100 3530 Qui
1133 3457 1201 3518 in
1232 3455 1402 3518 libro
1449 3454 1556 3518 cui
1590 3455 1861 3516 titulus:
1893 3455 1978 3516 De
2011 3455 2277 3534 origine,
2309 3457 2590 3518 moribus
2625 3467 2679 3518 et
2708 3461 2891 3524 rebus
2920 3463 3108 3542 gestis
3141 3463 3474 3524 Scotorum

190 3573 302 3636 lib.
329 3573 412 3648 Χ,
433 3575 613 3636 Rom.
641 3576 820 3649 1578,
848 3593 914 3655 p.
951 3573 1068 3636 188
1089 3572 1169 3635 de
1197 3573 1442 3635 Joanne
1471 3571 1658 3633 Scoto
1678 3568 1840 3632 haec
1860 3569 2116 3650 scripsit
2144 3593 2159 3632 :
2183 3571 2541 3634 Plurimum
2565 3580 2912 3640 ornamenti
2932 3580 3200 3642 contulit
3222 3581 3472 3643 nationi

196 3707 452 3763 nostrae
482 3702 756 3763 Joannes
781 3703 1030 3777 Scotus,
1066 3701 1168 3762 vir
1201 3699 1558 3760 divinarum
1586 3714 1796 3757 rerum
1817 3696 2289 3771 scientissimus,
2316 3701 2426 3780 qui
2457 3707 2606 3779 post
2644 3701 2876 3764 multos
2897 3721 3093 3762 annos
3120 3702 3378 3766 Athenis
3399 3704 3468 3766 in

193 3822 436 3899 graecis
463 3820 668 3883 literis
698 3825 1096 3900 consumptos
1114 3834 1152 3876 a
1179 3815 1499 3877 Ludovico
1521 3814 1944 3874 Romanorum
1964 3813 2352 3890 Imperatore
2385 3819 2729 3881 accersitur
2758 3822 2824 3881 in
2847 3817 3141 3895 Galliam,
3175 3841 3246 3883 ac
3272 3840 3462 3902 prae-

189 3951 283 4004 ter
315 3944 447 4004 alia
476 3938 838 4004 studiorum
869 3945 1286 4013 monumenta,
1317 3935 1575 4017 jubente
1610 3928 2102 4015 ipso'Ludovico
2137 3946 2451 4015 Augusto,
2477 3937 2860 4000 Ierarchiam
2888 3939 2967 4000 D.
2995 3939 3286 4018 Dionysii
3317 3942 3466 4021 fecit

193 4071 475 4135 latinam.
501 4076 737 4135 Exstat
766 4092 922 4154 opus
954 4074 1194 4152 insigne
1215 4069 1684 4136 Commentariis
1714 4069 2006 4147 [lagonis
2049 4088 2088 4128 a
2113 4067 2176 4128 S.
2214 4069 2461 4131 Victore
2501 4068 2802 4149 Theologi
2837 4069 3250 4132 illustratum.
3276 4072 3463 4132 Brevi

190 4201 338 4272 post
377 4195 607 4255 missus
639 4213 678 4254 a
708 4192 937 4256 Carolo
970 4195 1156 4256 tertio
1192 4195 1262 4255 in
1287 4192 1578 4273 Angliam
1632 4193 1868 4272 legatus
1899 4192 1981 4253 ad
2007 4192 2330 4275 Alfredum
2358 4193 2708 4274 Anglorum
2735 4213 2957 4275 regem,
2997 4194 3234 4272 optimo
3275 4196 3464 4274 prin-

192 4325 321 4403 cipi
364 4324 834 4404 gratulaturus,
868 4323 1036 4405 quod
1063 4330 1212 4406 post
1243 4329 1497 4404 partam
1531 4320 1829 4382 adversus
1873 4321 2083 4382 Danos
2117 4321 2450 4382 victoriam
2477 4339 2688 4401 pacem
2731 4339 2870 4382 cum
2905 4321 3113 4383 Scotis
3149 4339 3220 4382 ac
3245 4320 3462 4404 .Fran—

189 4423 273 4519 cis
303 4457 538 4531 inierit,
578 4457 654 4519 ob
689 4455 979 4518 eximiam
1009 4453 1419 4516 eruditionem
1447 4472 1524 4514 ex
1554 4452 1753 4532 legato
1787 4448 2048 4532 Alfredo
2099 4451 2308 4531 factus
2343 4456 2431 4510 est
2483 4449 2728 4529 hospes,
2759 4449 3070 4528 regiisque
3100 4447 3314 4509 liberis
3357 4448 3464 4508 ad-

189 4585 422 4650 hibitus
447 4595 844 4669 praeceptor.
883 4588 1103 4650 Verum
1131 4593 1350 4666 postea
1380 4585 1446 4646 in
1467 4581 2006 4645 Malmesburiensi
2055 4579 2349 4642 coenobio
2384 4577 2629 4640 divinas
2659 4576 3075 4664 humanasque
3096 4577 3312 4639 literas
3338 4579 3463 4658 fre-

191 4719 396 4795 quenti
444 4719 773 4783 auditorio
821 4717 1239 4797 proﬁtentem,
1264 4714 1517 4795 quidam
1569 4709 2527 4792 corruptissimiadolescentes,
2569 4726 2838 4790 quorum
2874 4707 3280 4771 insolentiam
3322 4727 3462 4770 mo-

193 4861 437 4925 rumque
471 4848 856 4927 pravitatem
906 4844 1118 4905 acrius
1163 4843 1485 4923 arguebat,
1531 4843 1737 4924 ipsum
1758 4841 2151 4922 pugionibus
2183 4841 2538 4921 confossum
2559 4840 3039 4912 'interemerunt,
3076 4855 3251 4918 quem
3295 4837 3461 4898 inter

196 4968 415 5034 Christi
444 4983 757 5057 martyres
787 4972 1007 5051 summi
1051 4953 1378 5052 pontificis
1415 4974 1758 5036 autoritate
1787 4989 1904 5034 rex
1957 4970 2308 5044 numerari,
2350 4977 2406 5029 et
2453 4969 2646 5031 eidem
2696 4968 2945 5046 insigne
3003 4973 3462 5027 monumentum

196 5098 269 5160 in
285 5103 470 5167 eodem
489 5105 804 5172 eoenobio
837 5104 998 5182 erigi
1021 5104 1126 5184 pie
1149 5107 1424 5170 curavit.

269 5248 404 5320 H3.
437 5253 606 5320 Haec
639 5249 858 5331 igitur
890 5250 1252 5315 testimonia
1285 5297 1302 5328 ,
1338 5253 1814 5333 qualiacunque
1843 5255 2037 5328 sunt,
2077 5245 2436 5332 adjicienda
2469 5246 2663 5311 nobis
2700 5243 2836 5318 visa
2888 5250 3063 5309 sunt.
3096 5243 3358 5303 Errores
3394 5239 3464 5302 in

197 5362 428 5437 Joannis
460 5377 637 5443 Scoti
679 5367 905 5441 libris,
936 5369 1045 5447 qui
1077 5381 1474 5453 supersunt,
1515 5371 1722 5453 sparsi
1747 5377 1854 5433 aut
1885 5353 2782 5453 scriptisPseudO-DiOnysii
2822 5364 3160 5432 nituntur,
3217 5362 3326 5418 θυι
3384 5373 3464 5419 ΘΣ

195 5482 480 5560 similibus
531 5485 1172 5573 Ncoplatonicorum
1202 5491 1429 5567 libris,
1485 5510 1764 5575 quorum
1817 5489 2105 5572 aliquam
2143 5487 2394 5570 copiam
2440 5483 2880 5554 bibliothecae
2912 5474 3307 5543 Parisienses
3337 5471 3466 5551 ipsi

195 5613 598 5646 Oﬁ‘lnnnd:t---n
645 5607 969 5646 -νςιιοηίιιν
1066 5607 1276 5646 λαιιοιί
1320 5617 1466 5646 anni
1543 5613 1775 5646 Nnnntl

1870 5627 2026 5646 'nnm
2085 5625 2235 5646 “nun
2273 5603 2567 5646 Πρίσίηἶο
2599 5618 2858 5646 nnnnnn
2900 5601 3090 5646 ῢιῖςῃς
3121 5593 3464 5642 ηηὶηίηηοεε
