4036 5464
545 413 718 457 xmu
1555 427 1562 434 ι
1961 379 2392 441 PROOEMIUM.

544 528 762 594 latinis
794 523 1229 606 Augustinum
1260 527 1322 588 et
1344 520 1753 587 Ambrosium
1783 517 1849 583 in
1880 517 2322 583 defensionem
2347 515 2726 597 plac'torum
2758 527 3026 577 suorum
3055 509 3262 572 aﬂ‘ert.
3305 506 3436 572 Nec
3455 501 3803 570 defuerunt

545 646 828 724 theologi
856 645 1180 725 aequales,
1205 645 1314 725 qui
1345 661 1500 708 sana
1529 645 1634 706 SS.
1659 645 1916 706 Patrum
1947 641 2235 705 doctrina
2265 636 2521 715 imbuti,
2549 637 3290 720 phi1050phicam,quam
3322 629 3429 691 ille
3449 626 3801 706 jactilabal,

543 764 613 827 in
651 763 1146 844 quaestionibus
1187 761 1562 842 theologicis
1588 761 1918 824 solvendis
1951 759 2297 834 rationem,
2339 758 2545 821 indoli
2581 757 2914 821 literarum
2947 752 3452 836 theologicarum
3490 753 3632 833 ejus
3664 753 3802 815 aevi

547 881 819 946 omnino
854 885 1354 961 repugnantem,
1387 878 1640 943 fortiter
1674 886 1736 943 et
1773 897 1997 959 magna
2025 896 2170 942 cum
2207 876 2570 942 eruditione
2599 877 3071 957 impugnarent.
3109 875 3185 936 In
3223 890 3501 956 quorum
3534 888 3808 934 numero

544 999 968 1065 Prudentium
995 998 1434 1062 Tricassinum
1465 1003 1526 1061 et
1557 996 1819 1061 Florum
1860 996 2359 1076 Lugdunensem
2387 995 2592 1060 fuisse
2621 1043 2638 1072 ,
2686 1015 2721 1060 e
2769 997 3207 1062 controversia
3246 998 3326 1062 de
3364 991 3808 1060 Praedestina-

552 1123 731 1188 tiene
764 1127 1161 1200 compertum
1195 1125 1315 1183 est.
1348 1119 1647 1181 Ceterum
1679 1119 1960 1184 Joannes
1999 1117 2227 1179 Scotus
2258 1115 2400 1196 ipse
2430 1133 2499 1179 se
2530 1115 2744 1196 prodit
2775 1117 2984 1180 virum
3016 1119 3314 1182 sublimis
3346 1117 3592 1199 ingenii
3619 1161 3638 1186 .
3688 1118 3808 1180 rari

529 1243 895 1317 ‘acuminis,
917 1239 1291 1319 multiplicis
1321 1239 1670 1311 doctrinae,
1698 1239 1893 1301 mirae
1925 1237 1989 1299 in
2024 1236 2296 1299 dicendo
2329 1235 2676 1298 facilitatis.
2712 1235 2782 1298 In
2809 1237 3136 1299 veteribus
3165 1233 3378 1299 laudat
3406 1236 3813 1310 Ciceronem,

553 1363 922 1442 Virgilium,
943 1359 1304 1432 Horatium,
1335 1357 1636 1430 Plinium,
1663 1353 2025 1429 Boethium,
2057 1353 2240 1414 alios.
2274 1351 2631 1416 Dolendum
2665 1360 2784 1430 est,
2819 1356 2992 1435 quod
3021 1357 3220 1421 animi
3245 1358 3533 1433 dotibus,
3569 1359 3816 1439 quibus

559 1483 884 1556 excelluit,
920 1498 1142 1562 parum
1181 1480 1248 1541 in
1277 1478 1554 1540 fructum
1584 1473 1906 1538 Ecclesiae
1930 1489 2087 1534 usus
2123 1478 2245 1535 est.

638 1603 730 1665 De
759 1603 1004 1666 Joanne
1034 1601 1220 1662 Scot‘o
1248 1595 1517 1659 uberius
1540 1593 1867 1672 disputant
1896 1591 2106 1653 Oudin
2131 1591 2198 1654 in
2225 1593 2683 1655 commentariis
2710 1591 2782 1654 de
2804 1593 3241 1675 Scriptoribus
3272 1595 3702 1660 ecclesiasticis
3736 1594 3814 1655 V.

559 1729 870 1808 thyma,
905 1735 969 1790 et
1001 1724 1289 1788 Histoire
1321 1714 1629 1778 litte’raire
1659 1711 1730 1773 de
1761 1712 1824 1773 la
1859 1711 2096 1773 France
2158 1713 2332 1775 Tom.
2365 1713 2475 1776 IV.
2512 1714 2579 1775 ν.
2613 1712 2788 1776 Libri
2839 1714 3171 1794 peculares
3207 1717 3289 1781 de
3330 1718 3576 1780 Joanne
3629 1715 3819 1777 Scoto

561 1850 631 1911 hi
681 1846 1052 1911 nominandi
1105 1849 1292 1906 sunt:
1343 1835 1537 1899 Peder
1572 1835 1790 1915 Hjort,
1867 1832 2074 1894 Johan
2121 1832 2343 1894 Scotus
2395 1833 2668 1912 Erigena
2715 1832 2862 1894 oder
2920 1853 3042 1895 von
3096 1833 3228 1895 dem
3287 1833 3612 1913 Ursprung
3657 1833 3822 1894 εἰπεῖ-

565 1968 959 2030 christlichen
1003 1959 1405 2041 Philosophia
1437 1954 1568 2018 und
1625 1955 1818 2016 t'hrem
1875 1953 2143 2032 heiligen
2172 1954 2376 2034 Beruf
2417 1953 2818 2033 Copenhagen
2867 1955 3044 2018 1823.
3086 1957 3298 2018 Franz
3358 1959 3570 2020 Anton
3617 1957 3818 2019 Stau-

568 2085 872 2147 denmaier
899 2086 1167 2146 Joannes
1187 2083 1410 2143 Scotus
1435 2076 1711 2154 Erigena
1744 2073 1874 2134 und
1898 2071 1996 2132 die
2029 2071 2464 2152 Wissenscha/‘t
2501 2073 2700 2132 seiner
2725 2073 2778 2132 Ζ
2783 2072 2886 2135 cit.
2928 2075 3148 2140 Erster
3178 2080 3351 2142 Thcil
3385 2081 3723 2160 Francfurt
3758 2099 3817 2138 a.

566 2201 660 2263 Μ.
690 2201 862 2263 183ῖι.
898 2200 990 2261 Μ.
1021 2197 1396 2260 Saint-Rene’
1413 2191 1806 2257 Taillandier
1848 2192 1995 2254 Scot
2042 2191 2303 2271 Erigéne
2330 2201 2382 2254 et
2420 2192 2481 2254 Ia
2507 2193 2904 2275 philosophia
2933 2199 3350 2281 scholastique
3391 2199 3778 2283 Strasbourg
3802 2260 3820 2287 ,

570 2324 778 2385 Paris.
811 2322 986 2384 18ῑι3.
1005 2321 1145 2383 Nic.
1178 2318 1409 2381 Miiller
1438 2322 1710 2381 Joannes
1741 2318 1966 2381 Scelus
1991 2318 2266 2398 Erigena
2285 2317 2414 2379 und
2447 2319 2610 2380 scine
2640 2321 2993 2381 Irrth-iimer
3021 2320 3239 2381 Mainz
3267 2319 3440 2382 18%.
3467 2319 3552 2380 Dc
3583 2318 3827 2378 Joanne

570 2442 758 2503 Scoto
792 2440 1067 2519 Erigena
1113 2442 1542 2503 commentatio
1577 2441 1830 2502 Bonnae
1861 2440 2037 2504 18Ῐι5.
2070 2441 2280 2522 Atque
2329 2441 2745 2504 noviss1mam
2791 2445 2949 2506 nanc
2996 2443 3599 2506 commentationem
3632 2440 3826 2504 latine

578 2560 872 2640 scriptam
910 2559 1062 2622 huic
1093 2559 1362 2624 editioni
1401 2559 1925 2640 praemittendam
1961 2559 2352 2622 curavimus.

661 2681 818 2755 §2h.
857 2681 1196 2759 Superest,
1235 2686 1306 2743 ut
1354 2697 1673 2755 moneam,
1705 2680 1986 2753 codices,
2036 2695 2202 2759 quos
2237 2679 2528 2754 adhibui,
2574 2681 2643 2743 in
2695 2679 2906 2745 fronte
2948 2681 3352 2762 singulorum
3387 2682 3706 2746 librorum
3736 2681 3830 2743 in-

578 2801 821 2864 dicatos
866 2817 1031 2863 esse.
1063 2798 1589 2872 Abbreviaturae,
1618 2798 1856 2878 quibus
1894 2813 2049 2860 usus
2080 2815 2248 2870 sum,
2283 2797 2578 2877 vulgares
2609 2806 2783 2862 sunt.
2819 2801 2893 2862 In
2938 2800 3021 2863 iis
3067 2801 3276 2879 libris,
3331 2820 3498 2885 quos
3549 2803 3830 2883 primum

586 2925 783 2999 edidi,
819 2924 1108 2988 codicum
1149 2939 1405 2986 manum
1445 2921 1745 3001 religiose
1777 2927 2060 2995 secutus,
2098 2920 2164 2982 in
2189 2919 2379 2982 variis
2403 2919 2791 2984 lectionibus
2814 2921 3002 2984 etiam
3036 2929 3266 3003 puncta
3301 2942 3490 3004 supra
3527 2929 3635 2986 aut
3669 2922 3835 2986 infra

581 3041 915 3121 adscripsi,
949 3059 1111 3122 quae
1143 3046 1294 3103 sunt
1323 3040 1504 3119 signa
1537 3039 1789 3102 liturae.
1828 3039 1900 3101 In
1937 3038 2152 3102 hacre
2189 3037 2360 3100 enim
2403 3037 2606 3116 magis
2660 3038 3026 3118 religiosus,
3059 3059 3249 3121 quam
3301 3042 3637 3121 negligens
3690 3057 3835 3106 esse

582 3164 786 3226 volui.
823 3163 1114 3240 Plagulas
1150 3163 1430 3232 sedecim
1472 3169 1720 3250 priores
1755 3168 2014 3232 Parisiis
2057 3167 2348 3242 correxi;
2392 3174 2633 3231 ceteras
2664 3166 2949 3228 Bonnam
2988 3165 3398 3228 transmissas
3449 3159 3647 3224 semel
3701 3169 3838 3222 tan-

587 3291 722 3346 tum
765 3283 1089 3362 perlegere
1122 3285 1326 3361 potui.
1383 3287 1571 3360 Quod
1598 3289 1651 3350 si
1683 3288 1911 3351 menda
1960 3287 2350 3366 typothetica
2389 3286 2494 3351 hic
2529 3287 2661 3350 illic
2687 3294 3025 3351 occurrant
3062 3286 3154 3349 ‘in
3195 3284 3316 3348 hoc
3350 3300 3544 3365 Opere
3597 3283 3837 3347 laboris

590 3414 1010 3466 etaerumnae
1047 3401 1447 3483 plenissimo,
1478 3410 1792 3472 benevole
1824 3425 2129 3472 excusare
2162 3409 2320 3472 velis

1434 3595 1524 3648 Διά
1555 3601 1645 3654 τῆς
1671 3591 1860 3654 πόλεως
1893 3600 1986 3653 τῆς
2009 3593 2274 3670 ἀλλοτρίας
2302 3595 2389 3649 καὶ
2413 3599 2505 3650 τοῦ
2535 3594 2726 3666 χάους.

589 3741 774 3817 Quod
814 3743 925 3806 lib.
965 3745 1052 3806 lll
1083 3762 1220 3826 cap.
1255 3744 1334 3808 1&2
1373 3746 1455 3809 de
1483 3745 1800 3810 divisione
1835 3747 2133 3823 Naturae,
2161 3745 2321 3808 infra
2353 3745 2475 3810 col.
2503 3747 2644 3822 7&8,
2684 3745 3093 3810 festinantius
3123 3748 3368 3829 conjeci
3412 3750 3634 3832 fulica,
3671 3767 3845 3815 nunc

591 3876 863 3933 retracto
890 3893 906 3932 :
932 3871 1262 3933 retinenda
1283 3879 1379 3933 est
1405 3872 1594 3935 lectio
1617 3873 1881 3946 codicis,
1904 3891 2030 3936 una
2053 3873 2307 3937 literula
2346 3881 2612 3948 mutata,
2637 3873 2858 3953 loligo.
2887 3877 2978 3936 De
3001 3890 3130 3954 quo
3159 3877 3334 3957 pisce
3358 3877 3502 3940 vide
3531 3877 3840 3942 Plinium.

592 3995 890 4075 Denique
943 3995 1123 4057 locus
1159 4016 1173 4055 :
1211 4018 1239 4052 α
1267 3995 1413 4058 Sive
1464 3995 1876 4076 quotidianos
1929 4001 2143 4058 aestus
2200 3994 2335 4058 sive
2368 4013 2684 4070 recessus,
2716 3995 2853 4058 sive
2883 3996 3154 4059 malinas
3187 3997 3326 4060 sive
3357 3997 3628 4062 ledones
3662 4017 3846 4079 pera-

593 4128 694 4197 gat
733 4144 762 4179 ιι
800 4121 910 4182 lib.
949 4123 1026 4182 V.
1061 4140 1198 4202 cap.
1233 4125 1271 4184 3
1301 4124 1380 4186 de
1411 4124 1730 4188 divisione
1767 4127 2066 4201 Naturae,
2103 4125 2267 4190 infra
2303 4125 2422 4190 col.
2453 4126 2594 4200 87h,
2633 4127 2745 4190 ubi
2797 4127 3003 4190 labem
3052 4127 3445 4208 suspicabar,
3479 4143 3679 4190 sanus
3717 4134 3842 4202 est,

594 4251 732 4314 sive
763 4271 838 4316 ex
863 4253 985 4317 fide
1007 4255 1299 4318 codicum
1324 4255 1782 4318 Parisiensium
1816 4256 2079 4331 ledones,
2110 4257 2245 4320 sive
2275 4275 2419 4321 cum
2454 4257 2736 4320 editione
2767 4256 3055 4337 principe
3087 4256 3363 4321 Galeana
3397 4258 3647 4321 lidunas
3679 4259 3838 4323 scri-

596 4382 796 4446 bitur.
834 4385 986 4447 Nam
1021 4402 1210 4447 voces
1243 4383 1476 4446 mulina
1509 4391 1570 4447 et
1604 4383 1763 4459 ledo,
1798 4387 1896 4448 vel
1929 4385 2176 4461 liduna,‘
2209 4387 2307 4449 vel
2340 4385 2585 4460 leduna,
2620 4386 2977 4466 significare
3017 4412 3046 4445 α
3078 4388 3329 4452 lunaria
3357 4388 3597 4452 Oceani
3637 4388 3846 4452 incre-

599 4519 811 4576 menta
849 4519 910 4576 et
943 4513 1345 4576 decrementa
1371 4536 1400 4569 »
1435 4520 1730 4576 auctores
1754 4523 1902 4577 sunt
1933 4517 2032 4577 Du
2060 4517 2270 4594 Gange
2301 4516 2366 4577 in
2397 4515 2721 4581 Glossario
2753 4522 2814 4580 et
2847 4517 3127 4596 Scaliger
3155 4516 3233 4581 ad
3267 4519 3597 4580 Varronem
3623 4517 3696 4582 de
3725 4519 3844 4581 lin-

597 4659 723 4722 gua
752 4641 952 4703 latina
979 4643 1092 4706 lib.
1126 4643 1232 4704 ιν.
1267 4643 1366 4705 ed.
1404 4643 1684 4724 Bipont.,
1727 4645 1799 4704 T.
1823 4643 1904 4720 ll,
1942 4663 2004 4724 p.
2039 4647 2139 4707 52.
2173 4643 2266 4706 Cf.
2291 4647 2632 4711 Forcellini
2666 4648 2920 4712 lexicon
2969 4667 3028 4711 v.
3061 4647 3282 4710 liduna
3305 4693 3321 4723 ,
3355 4648 3542 4712 Fabri
3583 4648 3848 4714 thesau-

602 4793 736 4842 rus.
768 4777 1173 4840 Postremum
1205 4777 1380 4855 quod
1416 4775 1725 4856 epistolae
1757 4777 2020 4839 Adriani
2053 4779 2251 4858 Papae
2295 4778 2375 4851 ll,
2409 4796 2776 4859 quanquam
2825 4794 2861 4842 a
2890 4787 3112 4842 nostro
3159 4777 3432 4842 consilio
3464 4778 3740 4857 alienae,
3771 4778 3848 4842 ad

601 4909 836 4972 calcem
867 4910 1152 4991 adjectae
1184 4917 1358 4986 sunt,
1386 4910 1455 4973 in
1485 4911 1602 4975 hac
1639 4930 1706 4975 re
1737 4911 2129 4992 redemptori
2161 4911 2403 4989 roganti
2435 4911 2758 4974 adversari
2788 4911 2994 4976 nolui.

683 5057 752 5117 Et
786 5055 942 5120 haec
987 5059 1275 5136 quidem,
1325 5058 1522 5136 lector
1551 5057 1886 5132 benevole,
1929 5071 2093 5136 quae
2128 5051 2403 5117 dicerem
2441 5054 2657 5118 habui.
2683 5057 2734 5116 E
2771 5055 3009 5135 quibus
3039 5056 3095 5119 si
3152 5056 3309 5138 quid
3349 5055 3462 5121 tibi
3513 5053 3846 5138 probabile

604 5183 864 5246 videtur
887 5228 903 5258 ,
