4036 5432
707 587 839 712 nr
918 583 1302 712 JOANNE
1387 578 1700 709 scoro
1789 579 2236 705 EBIGENA
2318 577 3042 706 romanum
3412 545 3414 548 '

1350 806 1770 876 AUCTORE
1848 805 2306 874 ANONYMO
2355 808 2390 844 “

498 1111 630 1192 DE
680 1109 930 1192 νιΤΑ
995 1110 1125 1189 ΕΤ
1180 1106 1803 1188 PRAECEPTIS
1857 1105 2306 1211 .JOANNIS
2372 1102 2666 1184 SCOTI
2729 1099 3265 1184 ERIGENAE.

1593 1262 1820 1330 PARS
1875 1264 2174 1332 PRIOR.

887 1493 1114 1555 CAPUT
1153 1497 1194 1554 Ι.

313 1634 363 1694 ll
372 1638 424 1693 bi
451 1647 502 1693 et
527 1636 738 1703 quando
765 1645 920 1690 natus
947 1635 1015 1688 sit
1037 1632 1273 1688 Joannes
1297 1630 1488 1686 Scalas
1515 1629 1764 1698 Erigena.

315 1771 591 1841 Quoniam
627 1772 859 1842 primum
889 1771 955 1826 de
994 1769 1041 1825 J.
1069 1769 1217 1825 Scoli
1249 1767 1511 1838 Erigonae
1546 1766 1723 1836 patria
1752 1764 1836 1819 di-

239 1863 477 1920 cendum
509 1877 628 1916 esse
653 1861 826 1915 visum
855 1859 980 1924 fuit,
1007 1874 1187 1913 rerum
1215 1866 1463 1912 auctores
1486 1871 1677 1924 parum
1704 1853 1837 1910 certi

245 1955 309 2009 de
345 1970 412 2009 ea
451 1953 650 2006 atTerre
688 1951 886 2017 solent,
925 1951 1123 2020 quippe
1153 1948 1245 2018 qui
1282 1949 1334 2002 in
1365 1947 1610 2002 diversas
1654 1954 1839 2016 partes

243 2047 470 2100 abeant.
515 2045 672 2106 Sunt,
703 2043 793 2113 qui
823 2057 946 2096 enim
997 2041 1049 2095 in
1084 2039 1339 2096 Hibernia
1369 2046 1557 2092 natum
1599 2052 1719 2093 esse
1759 2035 1840 2091 di-

241 2146 396 2203 cant,
446 2144 576 2191 sunt
611 2137 803 2198 etiam,
843 2133 935 2204 qui
962 2132 1209 2204 Angliam
1250 2130 1368 2201 ejus
1402 2128 1632 2200 patriam
1671 2126 1840 2183 fuisse

241 2227 538 2292 aliirment,
572 2243 672 2283 nec
701 2227 918 2290 desunt,
945 2225 1039 2296 qui
1073 2224 1209 2278 adeo
1235 2223 1304 2276 de
1348 2220 1436 2276 illa
1471 2230 1637 2284 terra,
1675 2232 1838 2288 quam

242 2337 390 2376 nunc
433 2319 677 2377 Scotiam
725 2317 1095 2390 appellamus,
1158 2313 1400 2384 cogitare
1438 2310 1527 2366 vix
1569 2308 1835 2365 dubitent.

241 2411 400 2477 Quod
446 2411 502 2465 in
547 2419 698 2464 tanta
741 2409 1051 2479 Opinionum
1093 2405 1357 2460 varietate
1397 2410 1580 2456 nostra
1619 2399 1840 2472 quidem

241 2505 520 2559 sententia
567 2502 861 2558 maximam
904 2500 1150 2556 veritatis
1195 2496 1431 2568 speciem
1468 2491 1731 2564 praebere
1759 2491 1840 2545 vi-

241 2598 460 2660 deatur,
489 2596 634 2666 ipsos
657 2593 1066 2663 antiquissimos
1104 2591 1397 2659 scriptores
1439 2584 1632 2648 secuti,
1677 2592 1839 2652 atque

215 2696 530 2760 praeterea
557 2684 799 2741 Thomae
836 2683 1010 2746 Galei,
1035 2681 1376 2743 Oxoniensis,
1420 2676 1733 2747 conjectura
1760 2674 1836 2747 (a)

239 2782 543 2852 plurimum
567 2779 759 2850 adjuti,
782 2789 1084 2848 proponere
1105 2772 1443 2829 conabimur.

1863 1501 1912 1562 Α
1942 1471 1996 1550 et
2017 1495 2083 1550 de
2103 1494 2218 1563 ejus
2235 1495 2410 1566 patria
2435 1496 2538 1553 hac
2561 1494 2752 1554 saltem
2777 1497 2831 1554 in
2861 1515 2918 1556 re
2939 1515 3128 1557 omnes
3153 1501 3514 1566 consentiant.

1939 1588 2104 1643 fuisse
2130 1602 2251 1642 eam
2278 1588 2332 1642 in
2365 1587 2470 1643 illis
2496 1589 2704 1654 insulis,
2733 1604 2871 1659 quae
2906 1607 2936 1645 a
2964 1591 3118 1647 nobis
3145 1592 3370 1661 Magnae
3393 1593 3479 1647 Bri

1938 1678 2157 1732 tanniae
2204 1679 2422 1733 nomine
2471 1677 2828 1749 appellantur,
2880 1680 2996 1736 sine
3031 1681 3136 1736 ulla
3183 1682 3519 1737 dubitatiom

1940 1767 2040 1821 hoc
2065 1769 2467 1824 concedendum
2495 1785 2616 1825 esse
2641 1780 2911 1840 putamus,
2941 1783 3131 1842 sponte
3159 1775 3336 1844 sequi,
3375 1783 3432 1829 ut
3461 1773 3517 1827 in

1939 1855 2149 1911 illarum
2200 1857 2424 1930 Magnae
2473 1859 2785 1916 Britanniae
2830 1861 3066 1930 partium
3107 1863 3285 1932 aliqua
3340 1863 3518 1919 locum

1938 1947 2170 2004 natalem
2201 1947 2450 2005 habuerit
2477 1950 2738 2016 Joannes,
2775 1951 2829 2006 in
2860 1965 2963 2022 qua
3000 1968 3096 2022 per
3124 1969 3244 2008 eam
3287 1960 3517 2008 aetatem

1939 2041 2086 2098 Scoti
2116 2044 2362 2099 homines
2402 2045 2583 2099 sedem
2616 2046 2941 2100 habuerunt.
2971 2044 3118 2112 Quae
3147 2054 3330 2115 partes
3367 2044 3521 2100 fuere

1939 2134 2207 2204 imprimis
2228 2134 2507 2201 Hibernia,
2525 2134 2728 2201 Scotia,
2748 2133 2965 2191 Wallia.
2986 2137 3062 2191 De
3083 2135 3339 2191 Hibernia
3356 2145 3522 2208 atque

1939 2225 2122 2281 Scotia
2155 2241 2245 2283 res
2270 2236 2353 2282 est
2381 2227 2580 2293 notior,
2610 2242 2773 2297 quam
2813 2236 2872 2282 ut
2905 2226 3012 2282 ulla
3042 2227 3403 2296 explicatione
3433 2228 3518 2283 in-

1939 2319 2119 2391 digeat
2147 2320 2214 2391 (f)
2241 2338 2254 2373 :
2283 2321 2348 2376 de
2372 2319 2570 2376 Wallia
2599 2322 2789 2393 paucis
2817 2321 3102 2377 dicendum
3139 2322 3368 2377 videtur.
3410 2321 3525 2378 Hac

1939 2411 2106 2482 igitur
2146 2413 2197 2465 in
2236 2422 2378 2467 terra
2411 2413 2513 2468 etsi
2546 2413 2818 2477 homines,
2866 2429 2896 2467 a
2928 2411 3216 2468 Scotorum
3245 2421 3405 2484 gente
3435 2407 3538 2468 di—‘

1938 2503 2103 2568 versi,
2133 2504 2408 2574 propriam
2439 2513 2758 2574 certamque
2791 2503 3176 2560 habitationem
3219 2503 3523 2569 obtinuere,

1940 2602 2121 2649 tamen
2146 2608 2253 2648 una
2275 2608 2398 2648 cum
2421 2593 2574 2649 hisce
2597 2593 2761 2649 etiam
2786 2592 2976 2648 Scotos
3000 2593 3335 2660 consedisse,
3362 2603 3528 2663 atque

1940 2684 2008 2741 iis
2043 2685 2394 2755 temporibus,
2425 2685 2623 2755 quibus
2656 2684 2846 2740 Noster
2877 2686 2929 2739 in
2961 2686 3102 2741 hanc
3136 2685 3312 2741 lucem
3347 2687 3526 2741 editus

1939 2782 2041 2840 est,
2069 2774 2360 2840 habitasse,
2388 2775 2704 2831 certissimis
2731 2775 3062 2846 argumentis
3090 2776 3260 2841 ducti,
3288 2784 3530 2830 statuen-

311 2869 475 2938 Quod
507 2869 669 2940 igitur
691 2864 821 2922 olim
853 2880 1002 2920 more
1032 2862 1133 2918 fuit
1163 2869 1439 2930 receptum
1459 2899 1475 2925 ,
1503 2867 1565 2914 ut
1593 2857 1840 2914 homines
1873 2854 1916 2914 Β
1945 2866 2070 2920 dum
2110 2881 2231 2922 esse
2266 2866 2618 2920 arbitramur.
2673 2866 2915 2920 Primum
2951 2867 3096 2920 enim
3124 2865 3208 2920 vel
3239 2882 3337 2936 per
3367 2881 3426 2920 se
3457 2867 3529 2920 li—

240 2977 548 3032 cognomen
577 2959 841 3014 haberent
867 2973 898 3011 a
929 2955 1101 3027 patria
1129 2954 1352 3015 dictum,
1385 2952 1438 3006 id
1471 2952 1644 3021 ipsum
1673 2949 1836 3004 etiam

242 3053 297 3106 in
321 3053 527 3106 Nostro
561 3067 660 3106 usu
685 3049 849 3104 venit.
883 3047 1017 3102 Nam
1045 3045 1261 3101 solitum
1288 3040 1404 3111 ejus
1436 3057 1654 3105 nomen,
1677 3039 1838 3094 Joan-

242 3158 346 3198 nes
373 3141 570 3196 Scotus
590 3138 822 3212 Erigena
841 3139 975 3209 (sive
998 3134 1312 3204 Eriugcna),
1335 3131 1523 3204 procul
1548 3132 1711 3186 dubio
1732 3131 1839 3184 duo

240 3233 308 3286 ad
341 3231 583 3302 patriam
618 3231 788 3300 ipsius
814 3228 1227 3300 signiﬁcandam
1256 3224 1625 3279 additamenta
1651 3221 1834 3276 habet.

1941 2964 2088 3025 quet,
2129 2954 2272 3011 hanc
2301 2954 2690 3011 occidentalem
2725 2955 2954 3026 Angliae
3003 2971 3178 3020 oram,
3211 2956 3296 3010 cui
3329 2972 3526 3011 nomen

1940 3020 2188 3111 Walliae,
2219 3046 2418 3114 quippe
2443 3059 2583 3115 quae
2610 3020 2992 3117 Scotis,vgenti
3035 3058 3144 3102 tam
3174 3048 3445 3117 inquietae
3473 3020 3625 3193 ett
3681 3074 3717 3119 ἠρ
3738 3069 3752 3088 ι

1940 3135 2243 3193 bellicosae.
2274 3144 2434 3193 atoue
2455 3137 2562 3193 iam
2581 3146 2706 3193 ante
2718 3136 2991 3193 Christum
3014 3147 3199 3193 natum
3217 3139 3552 3193 Hiberniam
3657 3128 3710 3187 μ’

1939 3135 2243 3202 bellicosae,
2274 3144 2434 3206 atque
2447 3137 2562 3208 jam
2581 3146 2706 3194 ante
2718 3136 2991 3194 Christum
3014 3147 3199 3195 natum
3217 3135 3625 3198 HiberniamR'

1941 3227 2227 3294 incolenti,
2260 3226 2506 3298 proxime
2540 3227 2875 3298 adjacuerit,
2916 3228 3027 3298 jam
3063 3243 3162 3300 per
3195 3229 3360 3286 multa
3405 3239 3532 3285 ante

242 3325 319 3380 De
361 3324 542 3395 priore
574 3324 807 3394 primum
844 3321 1164 3378 videbimus.
1213 3316 1435 3374 Scotum
1473 3332 1596 3372 eum
1636 3316 1840 3371 dictum
1938 3318 2200 3374 JOanncm
2235 3329 2479 3374 nostrum
2505 3320 2684 3375 secula
2717 3321 2830 3376 sive
2855 3321 2996 3377 bello
3031 3324 3146 3378 sive
3173 3321 3528 3393 profectioni-

243 3433 408 3480 esse,
452 3417 596 3488 quod
621 3416 840 3480 Scotus,
887 3415 938 3470 id
971 3421 1075 3482 est,
1101 3413 1384 3468 Scotorum
1429 3411 1604 3482 gentis
1645 3408 1838 3475 fuerit,

243 3515 460 3563 certum
505 3516 621 3572 est,
664 3522 788 3561 cum
829 3513 1080 3560 auctores
1122 3501 1239 3571 ejus
1278 3501 1531 3572 aequales
1571 3500 1841 3569 iidemque

244 3599 558 3669 gravissimi
602 3599 803 3668 passim
850 3605 1157 3662 testentur,
1201 3610 1322 3650 eum
1364 3593 1578 3648 natione
1620 3590 1840 3646 Scotum

248 3691 440 3746 fuisse.

322 3784 578 3840 Nicolaus
599 3785 818 3854 quidem
840 3783 885 3840 Ι.
905 3782 1061 3838 Pont.
1083 3781 1224 3837 Max.
1245 3781 1298 3836 in
1319 3779 1544 3854 epistola
1559 3781 1623 3836 de
1645 3779 1843 3836 Nostro

248 3877 318 3930 ad
345 3875 601 3931 Carolum
628 3874 851 3930 Calvum
893 3874 1119 3931 scribit:
1154 3893 1173 3925 ‹
1202 3869 1462 3936 Joannes,
1486 3887 1685 3944 genere
1707 3871 1841 3927 Sco-

251 3976 340 4021 tus
364 3967 436 4036 (b)
468 3985 512 4020 ι.
557 3964 848 4030 Pardulus,
871 3963 1154 4035 episcopus
1173 3957 1568 4024 Laudunensis,
1591 3961 1680 4030 qui
1715 3960 1843 4016 item

251 4053 435 4114 Nostri
464 4057 800 4114 mentionem
836 4054 984 4120 iacit,
1029 4073 1047 4105 ε
1077 4052 1298 4109 Scotum
1326 4048 1474 4106 illum
1505 4070 1551 4116 ι,
1577 4051 1672 4115 ait,
1704 4069 1722 4101 ι
1751 4050 1844 4120 qui

252 4160 342 4207 est
380 4152 433 4206 in
477 4149 680 4221 palatio
724 4148 866 4219 regis
903 4147 1103 4219 (Caroli
1130 4146 1301 4216 Calvi)
1323 4143 1586 4200 Joannem
1626 4145 1846 4200 nomine

1941 3412 2042 3466 hns
2087 3427 2117 3466 a
2150 3410 2330 3468 Scotis
2381 3426 2774 3484 saepenumero
2829 3427 3102 3471 accessam
3153 3431 3290 3472 esse.
3345 3415 3532 3486 Neque

1943 3503 2143 3559 frustra
2182 3503 2344 3575 hujus
2375 3505 2452 3559 rei
2497 3504 2696 3561 indicia
2735 3508 2874 3577 apud
2905 3519 3088 3562 rerum
3119 3507 3530 3563 Hibernicarum
3624 3525 3631 3536 ο

1943 3603 2196 3652 auctores
2217 3605 2555 3666 quaeruntur
2589 3597 2685 3669 (g).
2717 3595 2906 3652 Nonne
2940 3606 3122 3653 autem
3155 3613 3376 3654 necesse
3407 3599 3526 3660 fuit.
3619 3595 3623 3626 έ

1944 3685 2038 3740 tali
2087 3686 2370 3742 occasione
2416 3685 2594 3742 oblata
2627 3687 2819 3744 Scotos
2868 3688 3114 3745 homines
3165 3690 3253 3744 hic
3298 3690 3405 3744 illic
3434 3705 3533 3760 per

1943 3775 2194 3831 Walliam
2236 3791 2516 3834 remanere
2545 3777 2754 3848 sibique
2781 3777 3113 3834 domicilium
3149 3781 3529 3836 constituere?

1945 3870 2148 3925 Deinde
2177 3871 2292 3926 sine
2323 3870 2427 3924 ulla
2463 3871 2799 3926 dubitatione
2835 3880 3135 3941 temporum
3172 3873 3400 3927 decursu
3446 3869 3529 3926 fa-

1945 3975 2091 4022 ctum
2144 3973 2250 4029 est,
2297 3972 2355 4017 ut
2385 3961 2661 4019 Pictorum
2718 3979 2848 4034 gens
2894 3980 2926 4019 e
2956 3964 3137 4020 Scotia
3185 3965 3426 4036 profecta
3475 3967 3530 4021 in

1947 4057 2244 4114 Wallorum
2293 4054 2490 4110 ﬁnibus
2539 4055 2883 4120 consederit,
2938 4072 3142 4128 eosque
3200 4059 3383 4129 ipsos,
3438 4060 3531 4128 qui

1947 4148 2112 4202 etiam
2150 4159 2292 4199 nunc
2331 4153 2475 4210 sunt,
2503 4138 2711 4200 Wallos
2747 4147 3186 4215 progeneraverit
3223 4147 3321 4217 (Ix).
3353 4147 3531 4215 Quum

253 4244 498 4301 scribere
524 4245 804 4315 coegimus
835 4241 905 4314 (ο)
939 4261 984 4296 ι.
1013 4241 1158 4296 Idem
1183 4238 1342 4310 plane
1363 4238 1430 4293 de
1465 4253 1531 4293 eo
1557 4235 1846 4304 afﬁrmant,
1877 4229 1922 4292 C
1952 4253 2082 4294 vero
2111 4235 2235 4291 huic
2280 4233 2556 4290 Pictorum
2588 4235 2735 4306 genti
2765 4234 2958 4290 Scotos
3003 4235 3171 4291 fuisse
3201 4236 3534 4306 conjunctis-

255 4337 353 4407 qui
379 4355 398 4388 ι
430 4319 779 4408 Séotigenam
811 4354 829 4387 ι
873 4333 1048 4403 ipsum
1091 4330 1382 4402 appellant.
1427 4327 1492 4385 Hi
1524 4338 1651 4386 sunt
1680 4325 1844 4384 Hinc-

257 4441 470 4491 marus,
513 4424 956 4496 archiepiscopus
978 4421 1264 4478 Remensis
1306 4420 1412 4494 (ἀ),
1455 4428 1512 4476 et
1528 4418 1849 4476 Anastasius

258 4517 706 4575 bibliothecarius
731 4517 824 4589 (ε).

337 4607 510 4676 Quum
542 4611 706 4681 igitur
726 4608 964 4665 Joannes
987 4615 1172 4664 noster
1194 4604 1359 4664 fuerit
1385 4607 1604 4664 natione
1631 4607 1846 4674 Scotus,

339 4723 413 4796 (a)
453 4724 680 4779 Joannis
720 4724 870 4796 Scoli
903 4721 1169 4796 AErigenae
1211 4720 1878 4796 dendivisioneuNaturae‘

264 4790 643 4866 (ibri'quinqne
672 4795 766 4866 diu
787 4790 1104 4866 rdgsiderati.
1122 4790 1343 4866 Accedit
1365 4791 1627 4866 qppendix
1656 4807 1722 4866 ex
1740 4807 1852 4844 am-

267 4857 441 4932 biguis
481 4857 794 4920 Sfllaatimi
817 4861 1012 4917 Graece
1040 4871 1088 4916 et
1110 4859 1317 4932 [Latine
1362 4857 1556 4914 Oaiom'i
1589 4877 1616 4914 e
1648 4861 1851 4932 theatro

268 4927 655 5002 Sitteldoniano
701 4948 994 5002 locum.
1021 4961 1094 5002 τ-έ-
1130 4931 1355 4986 Testim.
1406 4940 1647 4986 veterum
1692 4931 1760 4986 de
1799 4927 1850 4984 J.

269 4998 434 5059 Scuto
455 5001 684 5073 Erigena
719 5000 939 5073 exstant
965 5020 1017 5073 p.
1049 5001 1084 5056 5
1113 5016 1236 5073 sqq.

343 5022 434 5059 ‘uto
457 5022 545 5058 nrt
585 5022 684 5059 ena
719 5022 939 5060 exswnt
965 5022 1017 5073 p.
1049 5022 1084 5056 ο
1115 5022 1236 5070 sqq.

343 5073 415 5144 (b)
440 5075 521 5130 Cf.
545 5022 748 5130 Natalis
772 5072 1083 5144 Alexander
1110 5071 1162 5125 in
1180 5071 1342 5144 _Hist.
1365 5069 1560 5144 _ec_cles.
1586 5069 1753 5144 seculi
1796 5085 1853 5144 ut

268 5151 330 5267 et
350 5136 409 5267 ἐξ
445 5145 658 5201 dissert.
683 5160 779 5201 xtv
805 5142 836 5214 ᾗ
862 5140 898 5195 4
919 5142 973 5196 in
995 5141 1122 5196 ﬁne.
1167 5141 1320 5197 Gale.
1364 5138 1400 5192 l.
1424 5136 1463 5192 ι.
1491 5143 1695 5198 testim.
1739 5157 1793 5212 p.
1821 5138 1854 5192 6

268 5228 298 5267 e
385 5253 402 5267 .

265 5221 328 5267 et
346 5221 414 5353 fc.)
537 5286 686 5361 Gale.
711 5285 753 5340 l.
775 5283 814 5338 l.
842 5280 1041 5382 testim.
1066 5296 1118 5364 p.
1133 5282 1185 5337 5.
1210 5279 1678 5390 ipseaParduli
1702 5281 1856 5353 locus

909 5367 929 5374 “
943 5353 1180 5392 ‘m't‘cia-n
1210 5353 1618 5398 Lnadunancnm

1948 4328 2147 4393 simos,
2190 4327 2430 4398 ﬁdosque
2470 4341 2529 4382 se
2570 4325 2672 4398 ipsi
2722 4325 2994 4380 addidisse
3037 4325 3531 4398 peregrinationum

1948 4418 2318 4487 bellorumque
2366 4415 2584 4483 socios,
2649 4429 2718 4473 ex
2777 4416 3159 4472 historicorum
3205 4417 3358 4474 libris
3403 4433 3535 4473 con-
3608 4425 3619 4435 ‘

1949 4520 2057 4567 stet
2095 4510 2179 4583 (ἱ),
2226 4518 2376 4564 certe
2427 4507 2659 4564 dubitari
2711 4523 2816 4564 non
2863 4517 3065 4579 potest,
3113 4510 3242 4580 quin
3275 4525 3379 4564 una
3409 4526 3537 4565 cum

1948 4602 2115 4659 Pictis
2174 4600 2340 4656 etiam
2385 4598 2534 4655 Scoli
2598 4601 2652 4654 in
2714 4600 2907 4657 Wallia
2965 4599 3325 4667 incoluerint,
3372 4610 3538 4671 atque

1951 4713 2438 4910 ἓυὲἷζὲεέεῖξεξε
2472 4782 2837 4910 aereas"
2854 4785 3158 4910 erasa:
3194 4783 3262 4910 2,“
3283 4781 3540 4908 ξετοιυηι

2027 4870 2963 4995 ii)"E‘r.s%l13i3§s“ﬁll§réiaii§.isﬁg
2979 4870 3334 4995 ¹ἓῗιὶξρ¹ὲὶὲἡάῗ
3348 4921 3540 4995 νοω,

1951 4993 2082 5063 cap.
2101 4994 2134 5049 6
2159 4995 2302 5065 ctj'l;
2346 4996 2535 5052 lsidori
2576 4996 2723 5065 Orig.
2750 5011 2860 5058 xw,
2885 4993 3242 5065 l‘ZﬁpBedae
3266 4993 3545 5065 Venerab.

1953 5061 2098 5136 Hist.
2127 5064 2321 5121 eccles.
2356 5069 2532 5136 gentis
2555 5061 2925 5136 Anglorum],
2950 5066 3004 5136 j;
3040 5064 3310 5120 Mahillon.
3340 5061 3544 5116 Annal.

1951 5135 2157 5193 Bcned.
2189 5145 2320 5190 tom.
2345 5133 2384 5200 l,
2491 5133 2917 5203 206;'Nouvellv
2947 5135 3168 5172 Ρειιιεηιιι
3219 5136 3305 5174 λη
3327 5141 3548 5172 num-ro

1951 5206 2239 5248 analogian,
2282 5222 2379 5248 nar
2463 5224 2519 5248 ra
2552 5211 2566 5236 '
2634 5208 2660 5220 τ

1951 5206 2240 5263 ecclesiast.
2282 5222 2379 5268 par
2409 5206 2519 5248 Mra
2552 5211 2566 5236 I
2634 5208 2660 5220 τ

1950 5287 2081 5314 “nl-
