  <div class='ocr_page' id='page_1' title='image "/cluster/home/n/w/nwhite01/storage/ocr_20150623/122/hvd.32044015471659/039.png"; bbox 0 0 4036 5858; ppageno 0'>
   <div class='ocr_carea' id='block_1_1' title="bbox 455 397 567 451">
    <p class='ocr_par' dir='ltr' id='par_1_1' title="bbox 455 397 567 451">
     <span class='ocr_line' id='line_1_1' title="bbox 455 397 567 451; baseline -0.009 -47"><span class='ocrx_word' id='word_1_1' title='bbox 455 397 567 451; x_wconf 28' lang='grc' dir='ltr'><em>Ὧι</em></span> 
     </span>
    </p>
   </div>
   <div class='ocr_carea' id='block_1_2' title="bbox 1570 377 3755 458">
    <p class='ocr_par' dir='ltr' id='par_1_2' title="bbox 1570 377 3755 458">
     <span class='ocr_line' id='line_1_2' title="bbox 1570 377 3755 458; baseline -0.005 -15"><span class='ocrx_word' id='word_1_2' title='bbox 1570 383 1697 442; x_wconf 73' lang='lat' dir='ltr'><strong>.os</strong></span> <span class='ocrx_word' id='word_1_3' title='bbox 1727 380 2596 458; x_wconf 62' lang='grc' dir='ltr'><strong>,1.8ΟΟΤθςΟΟΜΜΒΝΤΑἮΘ.</strong></span> <span class='ocrx_word' id='word_1_4' title='bbox 2768 426 2773 429; x_wconf 36' lang='grc' dir='ltr'>κ</span> <span class='ocrx_word' id='word_1_5' title='bbox 3044 408 3049 413; x_wconf 91' lang='grc'><strong>-</strong></span> <span class='ocrx_word' id='word_1_6' title='bbox 3228 404 3233 411; x_wconf 62' lang='grc' dir='ltr'><em>ι</em></span> <span class='ocrx_word' id='word_1_7' title='bbox 3712 377 3755 432; x_wconf 69' lang='lat' dir='ltr'><strong>s</strong></span> 
     </span>
    </p>
   </div>
   <div class='ocr_carea' id='block_1_3' title="bbox 480 470 3749 588">
    <p class='ocr_par' dir='ltr' id='par_1_3' title="bbox 480 470 3749 588">
     <span class='ocr_line' id='line_1_3' title="bbox 480 470 3749 588; baseline -0.006 -19"><span class='ocrx_word' id='word_1_8' title='bbox 480 517 766 585; x_wconf 83' lang='lat' dir='ltr'><strong>praeterea</strong></span> <span class='ocrx_word' id='word_1_9' title='bbox 801 512 1012 564; x_wconf 87' lang='lat' dir='ltr'><strong>retento</strong></span> <span class='ocrx_word' id='word_1_10' title='bbox 1042 502 1260 575; x_wconf 86' lang='lat' dir='ltr'><strong>preprio</strong></span> <span class='ocrx_word' id='word_1_11' title='bbox 1294 516 1392 558; x_wconf 89' lang='lat' dir='ltr'><strong>suo</strong></span> <span class='ocrx_word' id='word_1_12' title='bbox 1410 500 1696 558; x_wconf 87' lang='lat' dir='ltr'><strong>Scotorum</strong></span> <span class='ocrx_word' id='word_1_13' title='bbox 1728 498 1944 555; x_wconf 81' lang='lat' dir='ltr'><strong>nomine</strong></span> <span class='ocrx_word' id='word_1_14' title='bbox 1978 497 2063 552; x_wconf 85' lang='lat' dir='ltr'><strong>in-</strong></span> <span class='ocrx_word' id='word_1_15' title='bbox 2168 470 2317 553; x_wconf 79' lang='lat' dir='ltr'><strong>mum</strong></span> <span class='ocrx_word' id='word_1_16' title='bbox 2347 496 2586 569; x_wconf 82' lang='lat' dir='ltr'><strong>tribuere</strong></span> <span class='ocrx_word' id='word_1_17' title='bbox 2608 494 2801 551; x_wconf 78' lang='lat' dir='ltr'><strong>solent.</strong></span> <span class='ocrx_word' id='word_1_18' title='bbox 2828 492 3065 550; x_wconf 81' lang='lat' dir='ltr'><strong>Thomas</strong></span> <span class='ocrx_word' id='word_1_19' title='bbox 3094 492 3312 565; x_wconf 84' lang='lat' dir='ltr'><strong>quidem</strong></span> <span class='ocrx_word' id='word_1_20' title='bbox 3354 491 3600 550; x_wconf 78' lang='lat' dir='ltr'><strong>Maerens</strong></span> <span class='ocrx_word' id='word_1_21' title='bbox 3626 501 3749 549; x_wconf 81' lang='lat' dir='ltr'><strong>tau-</strong></span> 
     </span>
    </p>
   </div>
   <div class='ocr_carea' id='block_1_4' title="bbox 486 590 2067 665">
    <p class='ocr_par' dir='ltr' id='par_1_4' title="bbox 486 590 2067 665">
     <span class='ocr_line' id='line_1_4' title="bbox 486 590 2067 665; baseline -0.01 -5"><span class='ocrx_word' id='word_1_22' title='bbox 486 615 571 660; x_wconf 91' lang='lat' dir='ltr'><strong>ter</strong></span> <span class='ocrx_word' id='word_1_23' title='bbox 597 602 776 659; x_wconf 87' lang='lat' dir='ltr'><strong>Pictos</strong></span> <span class='ocrx_word' id='word_1_24' title='bbox 802 596 1185 654; x_wconf 82' lang='lat' dir='ltr'><strong>habitaverint.</strong></span> <span class='ocrx_word' id='word_1_25' title='bbox 1219 593 1328 649; x_wconf 85' lang='lat' dir='ltr'><strong>Nec</strong></span> <span class='ocrx_word' id='word_1_26' title='bbox 1361 603 1659 665; x_wconf 88' lang='lat' dir='ltr'><strong>temporum</strong></span> <span class='ocrx_word' id='word_1_27' title='bbox 1691 591 1831 652; x_wconf 86' lang='lat' dir='ltr'><strong>ratio</strong></span> <span class='ocrx_word' id='word_1_28' title='bbox 1859 590 1942 645; x_wconf 90' lang='lat' dir='ltr'><strong>bis</strong></span> <span class='ocrx_word' id='word_1_29' title='bbox 1968 605 2067 645; x_wconf 87' lang='lat' dir='ltr'><strong>no-</strong></span> 
     </span>
    </p>
   </div>
   <div class='ocr_carea' id='block_1_5' title="bbox 487 680 2069 751">
    <p class='ocr_par' dir='ltr' id='par_1_5' title="bbox 487 680 2069 751">
     <span class='ocr_line' id='line_1_5' title="bbox 487 680 2069 751; baseline -0.011 0"><span class='ocrx_word' id='word_1_30' title='bbox 487 695 615 751; x_wconf 89' lang='lat' dir='ltr'><strong>stris</strong></span> <span class='ocrx_word' id='word_1_31' title='bbox 654 690 954 748; x_wconf 90' lang='lat' dir='ltr'><strong>rationibus</strong></span> <span class='ocrx_word' id='word_1_32' title='bbox 994 688 1170 743; x_wconf 84' lang='lat' dir='ltr'><strong>aliena</strong></span> <span class='ocrx_word' id='word_1_33' title='bbox 1201 696 1287 742; x_wconf 88' lang='lat' dir='ltr'><strong>est</strong></span> <span class='ocrx_word' id='word_1_34' title='bbox 1329 701 1343 739; x_wconf 91' lang='lat'><strong>:</strong></span> <span class='ocrx_word' id='word_1_35' title='bbox 1390 685 1524 739; x_wconf 77' lang='lat' dir='ltr'><strong>haec</strong></span> <span class='ocrx_word' id='word_1_36' title='bbox 1567 684 1712 738; x_wconf 89' lang='lat' dir='ltr'><strong>enim</strong></span> <span class='ocrx_word' id='word_1_37' title='bbox 1753 680 1893 737; x_wconf 82' lang='lat' dir='ltr'><strong>facta</strong></span> <span class='ocrx_word' id='word_1_38' title='bbox 1943 691 2069 736; x_wconf 91' lang='lat' dir='ltr'><strong>sunt</strong></span> 
     </span>
    </p>
   </div>
   <div class='ocr_carea' id='block_1_6' title="bbox 484 772 2068 853">
    <p class='ocr_par' dir='ltr' id='par_1_6' title="bbox 484 772 2068 853">
     <span class='ocr_line' id='line_1_6' title="bbox 484 772 2068 853; baseline -0.009 -11"><span class='ocrx_word' id='word_1_39' title='bbox 484 787 703 842; x_wconf 76' lang='lat' dir='ltr'><strong>circiter</strong></span> <span class='ocrx_word' id='word_1_40' title='bbox 733 781 839 838; x_wconf 87' lang='lat' dir='ltr'><strong>DC.</strong></span> <span class='ocrx_word' id='word_1_41' title='bbox 873 791 996 853; x_wconf 90' lang='lat' dir='ltr'><strong>post</strong></span> <span class='ocrx_word' id='word_1_42' title='bbox 1024 780 1228 836; x_wconf 92' lang='lat' dir='ltr'><strong>Christ.</strong></span> <span class='ocrx_word' id='word_1_43' title='bbox 1257 786 1369 832; x_wconf 84' lang='lat' dir='ltr'><strong>ttat.</strong></span> <span class='ocrx_word' id='word_1_44' title='bbox 1397 791 1596 831; x_wconf 89' lang='lat' dir='ltr'><strong>annum</strong></span> <span class='ocrx_word' id='word_1_45' title='bbox 1620 774 1722 846; x_wconf 77' lang='grc' dir='ltr'><strong>(α),</strong></span> <span class='ocrx_word' id='word_1_46' title='bbox 1747 783 1804 829; x_wconf 89' lang='lat' dir='ltr'><strong>et</strong></span> <span class='ocrx_word' id='word_1_47' title='bbox 1829 772 2068 828; x_wconf 81' lang='lat' dir='ltr'><strong>Joannes</strong></span> 
     </span>
    </p>
   </div>
   <div class='ocr_carea' id='block_1_7' title="bbox 487 869 2069 942">
    <p class='ocr_par' dir='ltr' id='par_1_7' title="bbox 487 869 2069 942">
     <span class='ocr_line' id='line_1_7' title="bbox 487 869 2069 942; baseline -0.009 -8"><span class='ocrx_word' id='word_1_48' title='bbox 487 887 691 942; x_wconf 89' lang='lat' dir='ltr'><strong>noster,</strong></span> <span class='ocrx_word' id='word_1_49' title='bbox 742 893 850 933; x_wconf 90' lang='lat' dir='ltr'><strong>non</strong></span> <span class='ocrx_word' id='word_1_50' title='bbox 897 874 1140 939; x_wconf 88' lang='lat' dir='ltr'><strong>mutatis,</strong></span> <span class='ocrx_word' id='word_1_51' title='bbox 1171 878 1432 942; x_wconf 89' lang='lat' dir='ltr'><strong>quantum</strong></span> <span class='ocrx_word' id='word_1_52' title='bbox 1486 869 1806 939; x_wconf 85' lang='lat' dir='ltr'><strong>reperimus,</strong></span> <span class='ocrx_word' id='word_1_53' title='bbox 1859 882 1957 937; x_wconf 89' lang='lat' dir='ltr'><strong>per</strong></span> <span class='ocrx_word' id='word_1_54' title='bbox 2004 881 2069 921; x_wconf 90' lang='lat' dir='ltr'><strong>ea</strong></span> 
     </span>
    </p>
   </div>
   <div class='ocr_carea' id='block_1_8' title="bbox 468 955 2067 1039">
    <p class='ocr_par' dir='ltr' id='par_1_8' title="bbox 468 955 2067 1039">
     <span class='ocr_line' id='line_1_8' title="bbox 468 955 2067 1039; baseline -0.009 -15"><span class='ocrx_word' id='word_1_55' title='bbox 468 978 733 1039; x_wconf 62' lang='lat' dir='ltr'><strong>tempora</strong></span> <span class='ocrx_word' id='word_1_56' title='bbox 754 966 983 1022; x_wconf 84' lang='lat' dir='ltr'><strong>Wailiae</strong></span> <span class='ocrx_word' id='word_1_57' title='bbox 1026 964 1237 1030; x_wconf 90' lang='lat' dir='ltr'><strong>incolis,</strong></span> <span class='ocrx_word' id='word_1_58' title='bbox 1267 962 1485 1017; x_wconf 75' lang='lat' dir='ltr'><strong>circiter</strong></span> <span class='ocrx_word' id='word_1_59' title='bbox 1516 955 1687 1014; x_wconf 81' lang='lat' dir='ltr'><strong>DCCC</strong></span> <span class='ocrx_word' id='word_1_60' title='bbox 1714 966 1836 1029; x_wconf 87' lang='lat' dir='ltr'><strong>post</strong></span> <span class='ocrx_word' id='word_1_61' title='bbox 1864 956 2067 1011; x_wconf 87' lang='lat' dir='ltr'><strong>Christ.</strong></span> 
     </span>
    </p>
   </div>
   <div class='ocr_carea' id='block_1_9' title="bbox 488 1053 2071 1125">
    <p class='ocr_par' dir='ltr' id='par_1_9' title="bbox 488 1053 2071 1125">
     <span class='ocr_line' id='line_1_9' title="bbox 488 1053 2071 1125; baseline -0.011 -3"><span class='ocrx_word' id='word_1_62' title='bbox 488 1076 603 1123; x_wconf 84' lang='lat' dir='ltr'><strong>nat.</strong></span> <span class='ocrx_word' id='word_1_63' title='bbox 637 1061 918 1120; x_wconf 76' lang='lat' dir='ltr'><strong>annumin</strong></span> <span class='ocrx_word' id='word_1_64' title='bbox 947 1064 1090 1119; x_wconf 85' lang='lat' dir='ltr'><strong>hanc</strong></span> <span class='ocrx_word' id='word_1_65' title='bbox 1113 1057 1292 1115; x_wconf 75' lang='lat' dir='ltr'><strong>lucem</strong></span> <span class='ocrx_word' id='word_1_66' title='bbox 1330 1065 1615 1125; x_wconf 83' lang='lat' dir='ltr'><strong>susceptus</strong></span> <span class='ocrx_word' id='word_1_67' title='bbox 1640 1063 1744 1109; x_wconf 88' lang='lat' dir='ltr'><strong>est.</strong></span> <span class='ocrx_word' id='word_1_68' title='bbox 1770 1053 1979 1115; x_wconf 78' lang='lat' dir='ltr'><strong>Restat,</strong></span> <span class='ocrx_word' id='word_1_69' title='bbox 2008 1058 2071 1105; x_wconf 84' lang='lat' dir='ltr'><strong>ut</strong></span> 
     </span>
    </p>
   </div>
   <div class='ocr_carea' id='block_1_10' title="bbox 490 1141 2070 1215">
    <p class='ocr_par' dir='ltr' id='par_1_10' title="bbox 490 1141 2070 1215">
     <span class='ocr_line' id='line_1_10' title="bbox 490 1141 2070 1215; baseline -0.012 -1"><span class='ocrx_word' id='word_1_70' title='bbox 490 1143 870 1214; x_wconf 76' lang='lat' dir='ltr'><strong>auctoritatem</strong></span> <span class='ocrx_word' id='word_1_71' title='bbox 900 1152 1137 1209; x_wconf 83' lang='lat' dir='ltr'><strong>Thomae</strong></span> <span class='ocrx_word' id='word_1_72' title='bbox 1166 1149 1314 1207; x_wconf 88' lang='lat' dir='ltr'><strong>Galei</strong></span> <span class='ocrx_word' id='word_1_73' title='bbox 1348 1146 1654 1211; x_wconf 78' lang='lat' dir='ltr'><strong>aﬂ‘eramus,</strong></span> <span class='ocrx_word' id='word_1_74' title='bbox 1702 1144 1818 1215; x_wconf 90' lang='lat' dir='ltr'><strong>qui,</strong></span> <span class='ocrx_word' id='word_1_75' title='bbox 1842 1141 2070 1199; x_wconf 89' lang='lat' dir='ltr'><strong>eandem</strong></span> 
     </span>
    </p>
   </div>
   <div class='ocr_carea' id='block_1_11' title="bbox 491 1233 2075 1315">
    <p class='ocr_par' dir='ltr' id='par_1_11' title="bbox 491 1233 2075 1315">
     <span class='ocr_line' id='line_1_11' title="bbox 491 1233 2075 1315; baseline -0.011 -11"><span class='ocrx_word' id='word_1_76' title='bbox 491 1249 773 1305; x_wconf 89' lang='lat' dir='ltr'><strong>nobiscum</strong></span> <span class='ocrx_word' id='word_1_77' title='bbox 815 1261 927 1300; x_wconf 90' lang='lat' dir='ltr'><strong>rem</strong></span> <span class='ocrx_word' id='word_1_78' title='bbox 961 1244 1305 1315; x_wconf 90' lang='lat' dir='ltr'><strong>probaturus,</strong></span> <span class='ocrx_word' id='word_1_79' title='bbox 1336 1240 1536 1294; x_wconf 87' lang='lat' dir='ltr'><strong>diserte</strong></span> <span class='ocrx_word' id='word_1_80' title='bbox 1565 1238 1660 1302; x_wconf 89' lang='lat' dir='ltr'><strong>ait,</strong></span> <span class='ocrx_word' id='word_1_81' title='bbox 1705 1255 1725 1289; x_wconf 71' lang='grc' dir='ltr'><strong>ε</strong></span> <span class='ocrx_word' id='word_1_82' title='bbox 1756 1235 1948 1303; x_wconf 67' lang='lat' dir='ltr'><strong>Scottis</strong></span> <span class='ocrx_word' id='word_1_83' title='bbox 1975 1233 2075 1304; x_wconf 81' lang='lat' dir='ltr'><strong>ali-</strong></span> 
     </span>
    </p>
   </div>
   <div class='ocr_carea' id='block_1_12' title="bbox 490 1327 2072 1410">
    <p class='ocr_par' dir='ltr' id='par_1_12' title="bbox 490 1327 2072 1410">
     <span class='ocr_line' id='line_1_12' title="bbox 490 1327 2072 1410; baseline -0.008 -18"><span class='ocrx_word' id='word_1_84' title='bbox 490 1338 708 1410; x_wconf 83' lang='lat' dir='ltr'><strong>quando</strong></span> <span class='ocrx_word' id='word_1_85' title='bbox 747 1336 1046 1393; x_wconf 86' lang='lat' dir='ltr'><strong>Wallorum</strong></span> <span class='ocrx_word' id='word_1_86' title='bbox 1086 1333 1223 1388; x_wconf 85' lang='lat' dir='ltr'><strong>ﬁnes</strong></span> <span class='ocrx_word' id='word_1_87' title='bbox 1261 1344 1557 1403; x_wconf 83' lang='lat' dir='ltr'><strong>occupasse</strong></span> <span class='ocrx_word' id='word_1_88' title='bbox 1596 1328 1670 1399; x_wconf 90' lang='lat' dir='ltr'><strong>(b)</strong></span> <span class='ocrx_word' id='word_1_89' title='bbox 1722 1347 1768 1393; x_wconf 73' lang='grc' dir='ltr'><strong>ι,</strong></span> <span class='ocrx_word' id='word_1_90' title='bbox 1812 1337 1873 1382; x_wconf 90' lang='lat' dir='ltr'><strong>ut</strong></span> <span class='ocrx_word' id='word_1_91' title='bbox 1908 1327 1980 1382; x_wconf 91' lang='lat' dir='ltr'><strong>sit</strong></span> <span class='ocrx_word' id='word_1_92' title='bbox 2016 1327 2072 1381; x_wconf 92' lang='lat' dir='ltr'><strong>in</strong></span> 
     </span>
    </p>
   </div>
   <div class='ocr_carea' id='block_1_13' title="bbox 493 1414 2073 1501">
    <p class='ocr_par' dir='ltr' id='par_1_13' title="bbox 493 1414 2073 1501">
     <span class='ocr_line' id='line_1_13' title="bbox 493 1414 2073 1501; baseline -0.009 -18"><span class='ocrx_word' id='word_1_93' title='bbox 493 1429 633 1487; x_wconf 87' lang='lat' dir='ltr'><strong>libro</strong></span> <span class='ocrx_word' id='word_1_94' title='bbox 669 1427 931 1485; x_wconf 87' lang='lat' dir='ltr'><strong>ecclesiae</strong></span> <span class='ocrx_word' id='word_1_95' title='bbox 957 1422 1326 1480; x_wconf 88' lang='lat' dir='ltr'><strong>Landavensis</strong></span> <span class='ocrx_word' id='word_1_96' title='bbox 1366 1428 1422 1481; x_wconf 87' lang='lat' dir='ltr'><strong>et</strong></span> <span class='ocrx_word' id='word_1_97' title='bbox 1448 1418 1587 1490; x_wconf 87' lang='lat' dir='ltr'><strong>apud</strong></span> <span class='ocrx_word' id='word_1_98' title='bbox 1611 1415 1889 1501; x_wconf 82' lang='lat' dir='ltr'><strong>Giraldum</strong></span> <span class='ocrx_word' id='word_1_99' title='bbox 1915 1414 2073 1471; x_wconf 91' lang='lat' dir='ltr'><strong>Cam-</strong></span> 
     </span>
    </p>
   </div>
   <div class='ocr_carea' id='block_1_14' title="bbox 491 1524 763 1577">
    <p class='ocr_par' dir='ltr' id='par_1_14' title="bbox 491 1524 763 1577">
     <span class='ocr_line' id='line_1_14' title="bbox 491 1524 763 1577; baseline -0.022 1"><span class='ocrx_word' id='word_1_100' title='bbox 491 1524 763 1577; x_wconf 77' lang='lat' dir='ltr'><strong>brcnsem.</strong></span> 
     </span>
    </p>
   </div>
   <div class='ocr_carea' id='block_1_15' title="bbox 564 1616 2076 1702">
    <p class='ocr_par' dir='ltr' id='par_1_15' title="bbox 564 1616 2076 1702">
     <span class='ocr_line' id='line_1_15' title="bbox 564 1616 2076 1702; baseline -0.011 -13"><span class='ocrx_word' id='word_1_101' title='bbox 564 1634 773 1702; x_wconf 82' lang='lat' dir='ltr'><strong>Quibus</strong></span> <span class='ocrx_word' id='word_1_102' title='bbox 799 1631 872 1686; x_wconf 89' lang='lat' dir='ltr'><strong>ita</strong></span> <span class='ocrx_word' id='word_1_103' title='bbox 908 1627 1168 1699; x_wconf 79' lang='lat' dir='ltr'><strong>expositis</strong></span> <span class='ocrx_word' id='word_1_104' title='bbox 1195 1632 1441 1696; x_wconf 78' lang='lat' dir='ltr'><strong>apparet,</strong></span> <span class='ocrx_word' id='word_1_105' title='bbox 1469 1637 1627 1695; x_wconf 86' lang='lat' dir='ltr'><strong>posse</strong></span> <span class='ocrx_word' id='word_1_106' title='bbox 1658 1629 1766 1676; x_wconf 91' lang='lat' dir='ltr'><strong>tam</strong></span> <span class='ocrx_word' id='word_1_107' title='bbox 1798 1618 1940 1684; x_wconf 90' lang='lat' dir='ltr'><strong>illos,</strong></span> <span class='ocrx_word' id='word_1_108' title='bbox 1982 1616 2076 1690; x_wconf 89' lang='lat' dir='ltr'><strong>qui</strong></span> 
     </span>
    </p>
   </div>
   <div class='ocr_carea' id='block_1_16' title="bbox 493 1709 2077 1791">
    <p class='ocr_par' dir='ltr' id='par_1_16' title="bbox 493 1709 2077 1791">
     <span class='ocr_line' id='line_1_16' title="bbox 493 1709 2077 1791; baseline -0.015 -7"><span class='ocrx_word' id='word_1_109' title='bbox 493 1710 830 1787; x_wconf 73' lang='lat' dir='ltr'><strong>Hiberniam,</strong></span> <span class='ocrx_word' id='word_1_110' title='bbox 869 1736 1031 1791; x_wconf 90' lang='lat' dir='ltr'><strong>quam</strong></span> <span class='ocrx_word' id='word_1_111' title='bbox 1070 1718 1162 1789; x_wconf 89' lang='lat' dir='ltr'><strong>qui</strong></span> <span class='ocrx_word' id='word_1_112' title='bbox 1197 1716 1470 1778; x_wconf 90' lang='lat' dir='ltr'><strong>Scotiam,</strong></span> <span class='ocrx_word' id='word_1_113' title='bbox 1508 1711 1593 1768; x_wconf 90' lang='lat' dir='ltr'><strong>vel</strong></span> <span class='ocrx_word' id='word_1_114' title='bbox 1631 1710 1862 1781; x_wconf 91' lang='lat' dir='ltr'><strong>denique</strong></span> <span class='ocrx_word' id='word_1_115' title='bbox 1902 1709 2077 1779; x_wconf 88' lang='lat' dir='ltr'><strong>ipsam</strong></span> 
     </span>
    </p>
   </div>
   <div class='ocr_carea' id='block_1_17' title="bbox 492 1802 2080 1891">
    <p class='ocr_par' dir='ltr' id='par_1_17' title="bbox 492 1802 2080 1891">
     <span class='ocr_line' id='line_1_17' title="bbox 492 1802 2080 1891; baseline -0.014 -14"><span class='ocrx_word' id='word_1_116' title='bbox 492 1802 739 1891; x_wconf 74' lang='lat' dir='ltr'><strong>Angliam</strong></span> <span class='ocrx_word' id='word_1_117' title='bbox 769 1814 949 1871; x_wconf 90' lang='lat' dir='ltr'><strong>Nostri</strong></span> <span class='ocrx_word' id='word_1_118' title='bbox 985 1812 1214 1884; x_wconf 89' lang='lat' dir='ltr'><strong>patriam</strong></span> <span class='ocrx_word' id='word_1_119' title='bbox 1252 1809 1418 1886; x_wconf 79' lang='lat' dir='ltr'><strong>fuisse</strong></span> <span class='ocrx_word' id='word_1_120' title='bbox 1452 1806 1804 1868; x_wconf 90' lang='lat' dir='ltr'><strong>contendunt,</strong></span> <span class='ocrx_word' id='word_1_121' title='bbox 1839 1803 1941 1858; x_wconf 88' lang='lat' dir='ltr'><strong>etsi</strong></span> <span class='ocrx_word' id='word_1_122' title='bbox 1979 1816 2080 1856; x_wconf 83' lang='lat' dir='ltr'><strong>na-</strong></span> 
     </span>
    </p>
   </div>
   <div class='ocr_carea' id='block_1_18' title="bbox 494 1900 1508 1972">
    <p class='ocr_par' dir='ltr' id='par_1_18' title="bbox 494 1900 1508 1972">
     <span class='ocr_line' id='line_1_18' title="bbox 494 1900 1508 1972; baseline -0.014 -5"><span class='ocrx_word' id='word_1_123' title='bbox 494 1912 642 1967; x_wconf 84' lang='lat' dir='ltr'><strong>tione</strong></span> <span class='ocrx_word' id='word_1_124' title='bbox 671 1909 864 1965; x_wconf 87' lang='lat' dir='ltr'><strong>Scotus</strong></span> <span class='ocrx_word' id='word_1_125' title='bbox 907 1904 1026 1969; x_wconf 75' lang='lat' dir='ltr'><strong>fuit,</strong></span> <span class='ocrx_word' id='word_1_126' title='bbox 1061 1910 1207 1958; x_wconf 87' lang='lat' dir='ltr'><strong>recte</strong></span> <span class='ocrx_word' id='word_1_127' title='bbox 1246 1900 1508 1972; x_wconf 82' lang='lat' dir='ltr'><strong>judicare.</strong></span> 
     </span>
    </p>
   </div>
   <div class='ocr_carea' id='block_1_19' title="bbox 493 2000 1078 2076">
    <p class='ocr_par' dir='ltr' id='par_1_19' title="bbox 493 2000 1078 2076">
     <span class='ocr_line' id='line_1_19' title="bbox 493 2000 1078 2076; baseline -0.017 -18"><span class='ocrx_word' id='word_1_128' title='bbox 493 2002 632 2076; x_wconf 86' lang='lat' dir='ltr'><strong>gulis</strong></span> <span class='ocrx_word' id='word_1_129' title='bbox 659 2000 947 2057; x_wconf 88' lang='lat' dir='ltr'><strong>videndum</strong></span> <span class='ocrx_word' id='word_1_130' title='bbox 976 2003 1078 2051; x_wconf 89' lang='lat' dir='ltr'><strong>est.</strong></span> 
     </span>
    </p>
   </div>
   <div class='ocr_carea' id='block_1_20' title="bbox 530 2078 2081 2157">
    <p class='ocr_par' dir='ltr' id='par_1_20' title="bbox 530 2078 2081 2157">
     <span class='ocr_line' id='line_1_20' title="bbox 530 2078 2081 2157; baseline -0.011 -12"><span class='ocrx_word' id='word_1_131' title='bbox 530 2078 667 2157; x_wconf 73' lang='grc' dir='ltr'>,ριιί</span> <span class='ocrx_word' id='word_1_132' title='bbox 718 2089 772 2143; x_wconf 91' lang='lat' dir='ltr'><strong>in</strong></span> <span class='ocrx_word' id='word_1_133' title='bbox 823 2083 1082 2141; x_wconf 88' lang='lat' dir='ltr'><strong>llihernia</strong></span> <span class='ocrx_word' id='word_1_134' title='bbox 1110 2080 1376 2138; x_wconf 83' lang='lat' dir='ltr'><strong>Joannem</strong></span> <span class='ocrx_word' id='word_1_135' title='bbox 1423 2087 1668 2133; x_wconf 90' lang='lat' dir='ltr'><strong>nostrum</strong></span> <span class='ocrx_word' id='word_1_136' title='bbox 1724 2083 1910 2130; x_wconf 88' lang='lat' dir='ltr'><strong>natum</strong></span> <span class='ocrx_word' id='word_1_137' title='bbox 1954 2088 2081 2149; x_wconf 83' lang='lat' dir='ltr'><strong>esse</strong></span> 
     </span>
    </p>
   </div>
   <div class='ocr_carea' id='block_1_21' title="bbox 496 2181 714 2249">
    <p class='ocr_par' dir='ltr' id='par_1_21' title="bbox 496 2181 714 2249">
     <span class='ocr_line' id='line_1_21' title="bbox 496 2181 714 2249; baseline 0 -14"><span class='ocrx_word' id='word_1_138' title='bbox 496 2181 686 2249; x_wconf 79' lang='lat' dir='ltr'><strong>volunt</strong></span> <span class='ocrx_word' id='word_1_139' title='bbox 698 2219 714 2245; x_wconf 93' lang='lat'><strong>,</strong></span> 
     </span>
    </p>
   </div>
   <div class='ocr_carea' id='block_1_22' title="bbox 497 2264 1438 2335">
    <p class='ocr_par' dir='ltr' id='par_1_22' title="bbox 497 2264 1438 2335">
     <span class='ocr_line' id='line_1_22' title="bbox 497 2264 1438 2335; baseline -0.015 -7"><span class='ocrx_word' id='word_1_140' title='bbox 497 2284 768 2335; x_wconf 85' lang='lat' dir='ltr'><strong>summam</strong></span> <span class='ocrx_word' id='word_1_141' title='bbox 811 2264 1001 2322; x_wconf 85' lang='lat' dir='ltr'><strong>ordine</strong></span> <span class='ocrx_word' id='word_1_142' title='bbox 1034 2275 1438 2335; x_wconf 87' lang='lat' dir='ltr'><strong>proponemus,</strong></span> 
     </span>
    </p>
   </div>
   <div class='ocr_carea' id='block_1_23' title="bbox 488 2350 950 2421">
    <p class='ocr_par' dir='ltr' id='par_1_23' title="bbox 488 2350 950 2421">
     <span class='ocr_line' id='line_1_23' title="bbox 488 2350 950 2421; baseline -0.019 0"><span class='ocrx_word' id='word_1_143' title='bbox 488 2350 950 2421; x_wconf 77' lang='lat' dir='ltr'><strong>examinabimus.</strong></span> 
     </span>
    </p>
   </div>
   <div class='ocr_carea' id='block_1_24' title="bbox 568 2440 2078 2523">
    <p class='ocr_par' dir='ltr' id='par_1_24' title="bbox 568 2440 2078 2523">
     <span class='ocr_line' id='line_1_24' title="bbox 568 2440 2078 2523; baseline -0.009 -12"><span class='ocrx_word' id='word_1_144' title='bbox 568 2454 721 2523; x_wconf 80' lang='lat' dir='ltr'><strong>Quod</strong></span> <span class='ocrx_word' id='word_1_145' title='bbox 754 2452 915 2523; x_wconf 80' lang='lat' dir='ltr'><strong>igitur</strong></span> <span class='ocrx_word' id='word_1_146' title='bbox 937 2448 1170 2522; x_wconf 89' lang='lat' dir='ltr'><strong>primum</strong></span> <span class='ocrx_word' id='word_1_147' title='bbox 1195 2445 1430 2502; x_wconf 85' lang='lat' dir='ltr'><strong>Joannes</strong></span> <span class='ocrx_word' id='word_1_148' title='bbox 1457 2441 1620 2498; x_wconf 82' lang='lat' dir='ltr'><strong>fuerit</strong></span> <span class='ocrx_word' id='word_1_149' title='bbox 1643 2456 1840 2513; x_wconf 77' lang='lat' dir='ltr'><strong>genere</strong></span> <span class='ocrx_word' id='word_1_150' title='bbox 1862 2440 2078 2509; x_wconf 79' lang='lat' dir='ltr'><strong>Scottis,</strong></span> 
     </span>
    </p>
   </div>
   <div class='ocr_carea' id='block_1_25' title="bbox 500 2526 2079 2608">
    <p class='ocr_par' dir='ltr' id='par_1_25' title="bbox 500 2526 2079 2608">
     <span class='ocr_line' id='line_1_25' title="bbox 500 2526 2079 2608; baseline -0.007 -8"><span class='ocrx_word' id='word_1_151' title='bbox 500 2534 760 2605; x_wconf 81' lang='lat' dir='ltr'><strong>Hibernia</strong></span> <span class='ocrx_word' id='word_1_152' title='bbox 800 2551 982 2597; x_wconf 89' lang='lat' dir='ltr'><strong>autem</strong></span> <span class='ocrx_word' id='word_1_153' title='bbox 1021 2538 1127 2595; x_wconf 86' lang='lat' dir='ltr'><strong>illis</strong></span> <span class='ocrx_word' id='word_1_154' title='bbox 1170 2537 1504 2608; x_wconf 85' lang='lat' dir='ltr'><strong>temporibus</strong></span> <span class='ocrx_word' id='word_1_155' title='bbox 1545 2526 1763 2606; x_wconf 87' lang='lat' dir='ltr'><strong>propria</strong></span> <span class='ocrx_word' id='word_1_156' title='bbox 1795 2532 2079 2589; x_wconf 83' lang='lat' dir='ltr'><strong>Scotorum</strong></span> 
     </span>
    </p>
   </div>
   <div class='ocr_carea' id='block_1_26' title="bbox 499 2624 2083 2705">
    <p class='ocr_par' dir='ltr' id='par_1_26' title="bbox 499 2624 2083 2705">
     <span class='ocr_line' id='line_1_26' title="bbox 499 2624 2083 2705; baseline -0.01 -11"><span class='ocrx_word' id='word_1_157' title='bbox 499 2624 679 2704; x_wconf 85' lang='lat' dir='ltr'><strong>sedes,</strong></span> <span class='ocrx_word' id='word_1_158' title='bbox 706 2635 811 2692; x_wconf 90' lang='lat' dir='ltr'><strong>hoc</strong></span> <span class='ocrx_word' id='word_1_159' title='bbox 845 2637 1218 2705; x_wconf 80' lang='lat' dir='ltr'><strong>argumentum</strong></span> <span class='ocrx_word' id='word_1_160' title='bbox 1262 2624 1580 2689; x_wconf 89' lang='lat' dir='ltr'><strong>conciderit,</strong></span> <span class='ocrx_word' id='word_1_161' title='bbox 1605 2624 1894 2679; x_wconf 89' lang='lat' dir='ltr'><strong>dummodo</strong></span> <span class='ocrx_word' id='word_1_162' title='bbox 1938 2624 2083 2695; x_wconf 85' lang='lat' dir='ltr'><strong>cogi-</strong></span> 
     </span>
    </p>
   </div>
   <div class='ocr_carea' id='block_1_27' title="bbox 502 2706 2084 2794">
    <p class='ocr_par' dir='ltr' id='par_1_27' title="bbox 502 2706 2084 2794">
     <span class='ocr_line' id='line_1_27' title="bbox 502 2706 2084 2794; baseline -0.008 -10"><span class='ocrx_word' id='word_1_163' title='bbox 502 2710 725 2794; x_wconf 81' lang='lat' dir='ltr'><strong>taveris,</strong></span> <span class='ocrx_word' id='word_1_164' title='bbox 750 2726 915 2781; x_wconf 89' lang='lat' dir='ltr'><strong>etiam</strong></span> <span class='ocrx_word' id='word_1_165' title='bbox 945 2723 1000 2778; x_wconf 93' lang='lat' dir='ltr'><strong>in</strong></span> <span class='ocrx_word' id='word_1_166' title='bbox 1026 2721 1208 2778; x_wconf 89' lang='lat' dir='ltr'><strong>Scotia</strong></span> <span class='ocrx_word' id='word_1_167' title='bbox 1235 2706 1291 2777; x_wconf 87' lang='lat' dir='ltr'><strong>et</strong></span> <span class='ocrx_word' id='word_1_168' title='bbox 1317 2719 1371 2774; x_wconf 93' lang='lat' dir='ltr'><strong>in</strong></span> <span class='ocrx_word' id='word_1_169' title='bbox 1395 2715 1592 2773; x_wconf 85' lang='lat' dir='ltr'><strong>Wallia</strong></span> <span class='ocrx_word' id='word_1_170' title='bbox 1620 2714 1726 2773; x_wconf 91' lang='lat' dir='ltr'><strong>illis</strong></span> <span class='ocrx_word' id='word_1_171' title='bbox 1751 2715 2084 2788; x_wconf 86' lang='lat' dir='ltr'><strong>temporibus</strong></span> 
     </span>
    </p>
   </div>
   <div class='ocr_carea' id='block_1_28' title="bbox 499 2806 1073 2877">
    <p class='ocr_par' dir='ltr' id='par_1_28' title="bbox 499 2806 1073 2877">
     <span class='ocr_line' id='line_1_28' title="bbox 499 2806 1073 2877; baseline -0.014 0"><span class='ocrx_word' id='word_1_172' title='bbox 499 2806 829 2877; x_wconf 82' lang='lat' dir='ltr'><strong>habitavisse</strong></span> <span class='ocrx_word' id='word_1_173' title='bbox 858 2815 1073 2871; x_wconf 90' lang='lat' dir='ltr'><strong>Scotos.</strong></span> 
     </span>
    </p>
   </div>
   <div class='ocr_carea' id='block_1_29' title="bbox 573 2888 2084 2970">
    <p class='ocr_par' dir='ltr' id='par_1_29' title="bbox 573 2888 2084 2970">
     <span class='ocr_line' id='line_1_29' title="bbox 573 2888 2084 2970; baseline -0.009 -5"><span class='ocrx_word' id='word_1_174' title='bbox 573 2908 778 2965; x_wconf 90' lang='lat' dir='ltr'><strong>Deinde</strong></span> <span class='ocrx_word' id='word_1_175' title='bbox 809 2906 1013 2963; x_wconf 82' lang='lat' dir='ltr'><strong>habent</strong></span> <span class='ocrx_word' id='word_1_176' title='bbox 1044 2903 1104 2960; x_wconf 86' lang='lat' dir='ltr'><strong>S.</strong></span> <span class='ocrx_word' id='word_1_177' title='bbox 1129 2888 1505 2965; x_wconf 83' lang='lat' dir='ltr'><strong>Prudentium,</strong></span> <span class='ocrx_word' id='word_1_178' title='bbox 1533 2899 1842 2970; x_wconf 90' lang='lat' dir='ltr'><strong>episcopum</strong></span> <span class='ocrx_word' id='word_1_179' title='bbox 1871 2896 2084 2953; x_wconf 78' lang='lat' dir='ltr'><strong>Tricas-</strong></span> 
     </span>
    </p>
   </div>
   <div class='ocr_carea' id='block_1_30' title="bbox 501 2980 2085 3070">
    <p class='ocr_par' dir='ltr' id='par_1_30' title="bbox 501 2980 2085 3070">
     <span class='ocr_line' id='line_1_30' title="bbox 501 2980 2085 3070; baseline -0.011 -11"><span class='ocrx_word' id='word_1_180' title='bbox 501 2988 680 3059; x_wconf 87' lang='lat' dir='ltr'><strong>sinum</strong></span> <span class='ocrx_word' id='word_1_181' title='bbox 730 2998 867 3070; x_wconf 92' lang='lat' dir='ltr'><strong>(sive</strong></span> <span class='ocrx_word' id='word_1_182' title='bbox 890 2992 1259 3062; x_wconf 88' lang='lat' dir='ltr'><strong>Trecensem),</strong></span> <span class='ocrx_word' id='word_1_183' title='bbox 1307 2992 1400 3062; x_wconf 90' lang='lat' dir='ltr'><strong>qui</strong></span> <span class='ocrx_word' id='word_1_184' title='bbox 1449 2980 1803 3046; x_wconf 37' lang='lat' dir='ltr'><strong>cum&#39;Joanne</strong></span> <span class='ocrx_word' id='word_1_185' title='bbox 1847 2988 2001 3053; x_wconf 79' lang='lat' dir='ltr'><strong>vixit,</strong></span> <span class='ocrx_word' id='word_1_186' title='bbox 2031 2996 2085 3043; x_wconf 90' lang='lat' dir='ltr'><strong>et</strong></span> 
     </span>
    </p>
   </div>
   <div class='ocr_carea' id='block_1_31' title="bbox 504 3078 2083 3159">
    <p class='ocr_par' dir='ltr' id='par_1_31' title="bbox 504 3078 2083 3159">
     <span class='ocr_line' id='line_1_31' title="bbox 504 3078 2083 3159; baseline -0.011 -9"><span class='ocrx_word' id='word_1_187' title='bbox 504 3095 570 3150; x_wconf 90' lang='lat' dir='ltr'><strong>de</strong></span> <span class='ocrx_word' id='word_1_188' title='bbox 598 3107 664 3146; x_wconf 91' lang='lat' dir='ltr'><strong>eo</strong></span> <span class='ocrx_word' id='word_1_189' title='bbox 690 3090 917 3159; x_wconf 90' lang='lat' dir='ltr'><strong>loquens</strong></span> <span class='ocrx_word' id='word_1_190' title='bbox 950 3104 969 3138; x_wconf 72' lang='grc' dir='ltr'>ι</span> <span class='ocrx_word' id='word_1_191' title='bbox 998 3085 1074 3140; x_wconf 89' lang='lat' dir='ltr'><strong>Te</strong></span> <span class='ocrx_word' id='word_1_192' title='bbox 1100 3083 1272 3140; x_wconf 90' lang='lat' dir='ltr'><strong>solum</strong></span> <span class='ocrx_word' id='word_1_193' title='bbox 1299 3102 1349 3148; x_wconf 71' lang='grc' dir='ltr'><strong>ι,</strong></span> <span class='ocrx_word' id='word_1_194' title='bbox 1378 3083 1475 3149; x_wconf 87' lang='lat' dir='ltr'><strong>ait,</strong></span> <span class='ocrx_word' id='word_1_195' title='bbox 1516 3100 1534 3134; x_wconf 76' lang='grc' dir='ltr'>ι</span> <span class='ocrx_word' id='word_1_196' title='bbox 1560 3081 1801 3137; x_wconf 90' lang='lat' dir='ltr'><strong>omnium</strong></span> <span class='ocrx_word' id='word_1_197' title='bbox 1831 3078 2083 3133; x_wconf 85' lang='lat' dir='ltr'><strong>acutissi-</strong></span> 
     </span>
    </p>
   </div>
   <div class='ocr_carea' id='block_1_32' title="bbox 500 3170 2085 3246">
    <p class='ocr_par' dir='ltr' id='par_1_32' title="bbox 500 3170 2085 3246">
     <span class='ocr_line' id='line_1_32' title="bbox 500 3170 2085 3246; baseline -0.01 -6"><span class='ocrx_word' id='word_1_198' title='bbox 500 3200 652 3240; x_wconf 86' lang='lat' dir='ltr'><strong>mum</strong></span> <span class='ocrx_word' id='word_1_199' title='bbox 678 3181 888 3240; x_wconf 82' lang='lat' dir='ltr'><strong>Galliae</strong></span> <span class='ocrx_word' id='word_1_200' title='bbox 914 3176 1212 3234; x_wconf 86' lang='lat' dir='ltr'><strong>transmisit</strong></span> <span class='ocrx_word' id='word_1_201' title='bbox 1244 3175 1501 3231; x_wconf 83' lang='lat' dir='ltr'><strong>Hibernia</strong></span> <span class='ocrx_word' id='word_1_202' title='bbox 1523 3173 1600 3246; x_wconf 78' lang='grc' dir='ltr'><strong>(ά)</strong></span> <span class='ocrx_word' id='word_1_203' title='bbox 1625 3180 1679 3226; x_wconf 77' lang='grc'><strong>».’</strong></span> <span class='ocrx_word' id='word_1_204' title='bbox 1698 3170 1900 3246; x_wconf 67' lang='lat' dir='ltr'><strong>verum</strong></span> <span class='ocrx_word' id='word_1_205' title='bbox 1926 3185 1994 3226; x_wconf 89' lang='lat' dir='ltr'><strong>ne</strong></span> <span class='ocrx_word' id='word_1_206' title='bbox 2017 3184 2085 3225; x_wconf 77' lang='lat' dir='ltr'><strong>ex</strong></span> 
     </span>
    </p>
   </div>
   <div class='ocr_carea' id='block_1_33' title="bbox 479 3258 2090 3342">
    <p class='ocr_par' dir='ltr' id='par_1_33' title="bbox 479 3258 2090 3342">
     <span class='ocr_line' id='line_1_33' title="bbox 479 3258 2090 3342; baseline -0.006 -18"><span class='ocrx_word' id='word_1_207' title='bbox 479 3275 609 3330; x_wconf 43' lang='lat' dir='ltr'><strong>.ehoc</strong></span> <span class='ocrx_word' id='word_1_208' title='bbox 659 3271 879 3342; x_wconf 82' lang='lat' dir='ltr'><strong>quidem</strong></span> <span class='ocrx_word' id='word_1_209' title='bbox 930 3267 1224 3338; x_wconf 87' lang='lat' dir='ltr'><strong>quidquam</strong></span> <span class='ocrx_word' id='word_1_210' title='bbox 1268 3264 1539 3333; x_wconf 88' lang='lat' dir='ltr'><strong>sequitur,</strong></span> <span class='ocrx_word' id='word_1_211' title='bbox 1585 3263 1689 3317; x_wconf 88' lang='lat' dir='ltr'><strong>nisi</strong></span> <span class='ocrx_word' id='word_1_212' title='bbox 1717 3258 1979 3315; x_wconf 88' lang='lat' dir='ltr'><strong>Joannem</strong></span> <span class='ocrx_word' id='word_1_213' title='bbox 2022 3275 2090 3315; x_wconf 84' lang='lat' dir='ltr'><strong>ex</strong></span> 
     </span>
    </p>
   </div>
   <div class='ocr_carea' id='block_1_34' title="bbox 507 3349 2091 3421">
    <p class='ocr_par' dir='ltr' id='par_1_34' title="bbox 507 3349 2091 3421">
     <span class='ocr_line' id='line_1_34' title="bbox 507 3349 2091 3421; baseline -0.009 -2"><span class='ocrx_word' id='word_1_214' title='bbox 507 3362 765 3419; x_wconf 82' lang='lat' dir='ltr'><strong>Hibernia</strong></span> <span class='ocrx_word' id='word_1_215' title='bbox 796 3361 850 3415; x_wconf 93' lang='lat' dir='ltr'><strong>in</strong></span> <span class='ocrx_word' id='word_1_216' title='bbox 880 3358 1112 3417; x_wconf 85' lang='lat' dir='ltr'><strong>Galliam</strong></span> <span class='ocrx_word' id='word_1_217' title='bbox 1143 3356 1386 3421; x_wconf 88' lang='lat' dir='ltr'><strong>venisse;</strong></span> <span class='ocrx_word' id='word_1_218' title='bbox 1437 3354 1580 3409; x_wconf 90' lang='lat' dir='ltr'><strong>nullo</strong></span> <span class='ocrx_word' id='word_1_219' title='bbox 1611 3353 1772 3409; x_wconf 91' lang='lat' dir='ltr'><strong>modo</strong></span> <span class='ocrx_word' id='word_1_220' title='bbox 1814 3352 1938 3407; x_wconf 90' lang='lat' dir='ltr'><strong>inde</strong></span> <span class='ocrx_word' id='word_1_221' title='bbox 1979 3349 2091 3406; x_wconf 78' lang='lat' dir='ltr'><strong>etii-</strong></span> 
     </span>
    </p>
   </div>
   <div class='ocr_carea' id='block_1_35' title="bbox 504 3436 2092 3520">
    <p class='ocr_par' dir='ltr' id='par_1_35' title="bbox 504 3436 2092 3520">
     <span class='ocr_line' id='line_1_35' title="bbox 504 3436 2092 3520; baseline -0.009 -9"><span class='ocrx_word' id='word_1_222' title='bbox 504 3456 669 3520; x_wconf 85' lang='lat' dir='ltr'><strong>eitur,</strong></span> <span class='ocrx_word' id='word_1_223' title='bbox 715 3451 965 3508; x_wconf 88' lang='lat' dir='ltr'><strong>utetiam</strong></span> <span class='ocrx_word' id='word_1_224' title='bbox 998 3450 1051 3503; x_wconf 89' lang='lat' dir='ltr'><strong>in</strong></span> <span class='ocrx_word' id='word_1_225' title='bbox 1078 3447 1332 3503; x_wconf 89' lang='lat' dir='ltr'><strong>Hibernia</strong></span> <span class='ocrx_word' id='word_1_226' title='bbox 1365 3455 1525 3501; x_wconf 91' lang='lat' dir='ltr'><strong>natus</strong></span> <span class='ocrx_word' id='word_1_227' title='bbox 1553 3444 1643 3500; x_wconf 91' lang='lat' dir='ltr'><strong>sit.</strong></span> <span class='ocrx_word' id='word_1_228' title='bbox 1681 3443 1788 3499; x_wconf 91' lang='lat' dir='ltr'><strong>Sed</strong></span> <span class='ocrx_word' id='word_1_229' title='bbox 1820 3436 2092 3513; x_wconf 85' lang='lat' dir='ltr'><strong>putaveris</strong></span> 
     </span>
    </p>
   </div>
   <div class='ocr_carea' id='block_1_36' title="bbox 483 3535 2091 3610">
    <p class='ocr_par' dir='ltr' id='par_1_36' title="bbox 483 3535 2091 3610">
     <span class='ocr_line' id='line_1_36' title="bbox 483 3535 2091 3610; baseline -0.007 -8"><span class='ocrx_word' id='word_1_230' title='bbox 483 3548 757 3610; x_wconf 81' lang='lat' dir='ltr'><strong>-forsitan,</strong></span> <span class='ocrx_word' id='word_1_231' title='bbox 802 3558 903 3600; x_wconf 87' lang='lat' dir='ltr'><strong>nos</strong></span> <span class='ocrx_word' id='word_1_232' title='bbox 943 3539 1305 3597; x_wconf 86' lang='lat' dir='ltr'><strong>S.Prudentii</strong></span> <span class='ocrx_word' id='word_1_233' title='bbox 1348 3538 1511 3593; x_wconf 88' lang='lat' dir='ltr'><strong>verba</strong></span> <span class='ocrx_word' id='word_1_234' title='bbox 1563 3537 1724 3593; x_wconf 91' lang='lat' dir='ltr'><strong>nimis</strong></span> <span class='ocrx_word' id='word_1_235' title='bbox 1773 3536 1839 3590; x_wconf 85' lang='lat' dir='ltr'><strong>ad</strong></span> <span class='ocrx_word' id='word_1_236' title='bbox 1882 3535 2091 3605; x_wconf 89' lang='lat' dir='ltr'><strong>apicem</strong></span> 
     </span>
    </p>
   </div>
   <div class='ocr_carea' id='block_1_37' title="bbox 494 3629 2089 3707">
    <p class='ocr_par' dir='ltr' id='par_1_37' title="bbox 494 3629 2089 3707">
     <span class='ocr_line' id='line_1_37' title="bbox 494 3629 2089 3707; baseline -0.009 -10"><span class='ocrx_word' id='word_1_237' title='bbox 494 3654 623 3697; x_wconf 78' lang='lat' dir='ltr'><strong>esse</strong></span> <span class='ocrx_word' id='word_1_238' title='bbox 660 3639 1044 3707; x_wconf 76' lang='lat' dir='ltr'><strong>interpretatos</strong></span> <span class='ocrx_word' id='word_1_239' title='bbox 1072 3652 1085 3688; x_wconf 91' lang='lat'>:</span> <span class='ocrx_word' id='word_1_240' title='bbox 1123 3648 1223 3688; x_wconf 93' lang='lat' dir='ltr'><strong>nec</strong></span> <span class='ocrx_word' id='word_1_241' title='bbox 1248 3631 1401 3702; x_wconf 88' lang='lat' dir='ltr'><strong>plura</strong></span> <span class='ocrx_word' id='word_1_242' title='bbox 1429 3629 1727 3686; x_wconf 88' lang='lat' dir='ltr'><strong>concedere</strong></span> <span class='ocrx_word' id='word_1_243' title='bbox 1754 3642 2089 3684; x_wconf 89' lang='lat' dir='ltr'><strong>recusamus.</strong></span> 
     </span>
    </p>
   </div>
   <div class='ocr_carea' id='block_1_38' title="bbox 504 3720 2095 3800">
    <p class='ocr_par' dir='ltr' id='par_1_38' title="bbox 504 3720 2095 3800">
     <span class='ocr_line' id='line_1_38' title="bbox 504 3720 2095 3800; baseline -0.008 -12"><span class='ocrx_word' id='word_1_244' title='bbox 504 3732 639 3788; x_wconf 77' lang='lat' dir='ltr'><strong>Nam</strong></span> <span class='ocrx_word' id='word_1_245' title='bbox 682 3745 803 3786; x_wconf 87' lang='lat' dir='ltr'><strong>esse</strong></span> <span class='ocrx_word' id='word_1_246' title='bbox 843 3736 1043 3800; x_wconf 89' lang='lat' dir='ltr'><strong>potest,</strong></span> <span class='ocrx_word' id='word_1_247' title='bbox 1086 3734 1146 3780; x_wconf 90' lang='lat' dir='ltr'><strong>ut</strong></span> <span class='ocrx_word' id='word_1_248' title='bbox 1180 3724 1419 3781; x_wconf 86' lang='lat' dir='ltr'><strong>Joannes</strong></span> <span class='ocrx_word' id='word_1_249' title='bbox 1470 3724 1524 3777; x_wconf 93' lang='lat' dir='ltr'><strong>in</strong></span> <span class='ocrx_word' id='word_1_250' title='bbox 1556 3721 1813 3777; x_wconf 83' lang='lat' dir='ltr'><strong>Hibernia</strong></span> <span class='ocrx_word' id='word_1_251' title='bbox 1863 3720 2095 3776; x_wconf 79' lang='lat' dir='ltr'><strong>fortasse</strong></span> 
     </span>
    </p>
   </div>
   <div class='ocr_carea' id='block_1_39' title="bbox 506 3812 2092 3893">
    <p class='ocr_par' dir='ltr' id='par_1_39' title="bbox 506 3812 2092 3893">
     <span class='ocr_line' id='line_1_39' title="bbox 506 3812 2092 3893; baseline -0.008 -14"><span class='ocrx_word' id='word_1_252' title='bbox 506 3825 721 3893; x_wconf 87' lang='lat' dir='ltr'><strong>longum</strong></span> <span class='ocrx_word' id='word_1_253' title='bbox 744 3837 843 3892; x_wconf 86' lang='lat' dir='ltr'><strong>per</strong></span> <span class='ocrx_word' id='word_1_254' title='bbox 870 3829 1082 3889; x_wconf 87' lang='lat' dir='ltr'><strong>tempus</strong></span> <span class='ocrx_word' id='word_1_255' title='bbox 1106 3816 1302 3871; x_wconf 89' lang='lat' dir='ltr'><strong>litteris</strong></span> <span class='ocrx_word' id='word_1_256' title='bbox 1326 3829 1545 3884; x_wconf 87' lang='lat' dir='ltr'><strong>operam</strong></span> <span class='ocrx_word' id='word_1_257' title='bbox 1572 3813 1801 3880; x_wconf 86' lang='lat' dir='ltr'><strong>dederit,</strong></span> <span class='ocrx_word' id='word_1_258' title='bbox 1829 3819 1992 3883; x_wconf 90' lang='lat' dir='ltr'><strong>atque</strong></span> <span class='ocrx_word' id='word_1_259' title='bbox 2017 3812 2092 3866; x_wconf 87' lang='lat' dir='ltr'><strong>ita</strong></span> 
     </span>
    </p>
   </div>
   <div class='ocr_carea' id='block_1_40' title="bbox 506 3901 2094 3972">
    <p class='ocr_par' dir='ltr' id='par_1_40' title="bbox 506 3901 2094 3972">
     <span class='ocr_line' id='line_1_40' title="bbox 506 3901 2094 3972; baseline -0.009 -1"><span class='ocrx_word' id='word_1_260' title='bbox 506 3918 576 3972; x_wconf 91' lang='lat' dir='ltr'><strong>ab</strong></span> <span class='ocrx_word' id='word_1_261' title='bbox 603 3913 857 3969; x_wconf 85' lang='lat' dir='ltr'><strong>Hibernis</strong></span> <span class='ocrx_word' id='word_1_262' title='bbox 887 3910 1137 3965; x_wconf 88' lang='lat' dir='ltr'><strong>eruditus</strong></span> <span class='ocrx_word' id='word_1_263' title='bbox 1164 3908 1216 3961; x_wconf 93' lang='lat' dir='ltr'><strong>in</strong></span> <span class='ocrx_word' id='word_1_264' title='bbox 1243 3905 1471 3962; x_wconf 85' lang='lat' dir='ltr'><strong>Galliam</strong></span> <span class='ocrx_word' id='word_1_265' title='bbox 1510 3919 1569 3960; x_wconf 90' lang='lat' dir='ltr'><strong>se</strong></span> <span class='ocrx_word' id='word_1_266' title='bbox 1597 3903 1904 3959; x_wconf 89' lang='lat' dir='ltr'><strong>contulerit.</strong></span> <span class='ocrx_word' id='word_1_267' title='bbox 1939 3901 2094 3969; x_wconf 85' lang='lat' dir='ltr'><strong>Quod</strong></span> 
     </span>
    </p>
   </div>
   <div class='ocr_carea' id='block_1_41' title="bbox 510 3993 2093 4069">
    <p class='ocr_par' dir='ltr' id='par_1_41' title="bbox 510 3993 2093 4069">
     <span class='ocr_line' id='line_1_41' title="bbox 510 3993 2093 4069; baseline -0.008 -6"><span class='ocrx_word' id='word_1_268' title='bbox 510 4022 697 4065; x_wconf 85' lang='lat' dir='ltr'><strong>revera</strong></span> <span class='ocrx_word' id='word_1_269' title='bbox 749 4004 949 4059; x_wconf 82' lang='lat' dir='ltr'><strong>factum</strong></span> <span class='ocrx_word' id='word_1_270' title='bbox 995 4001 1188 4066; x_wconf 85' lang='lat' dir='ltr'><strong>videri,</strong></span> <span class='ocrx_word' id='word_1_271' title='bbox 1239 3996 1379 4055; x_wconf 76' lang='lat' dir='ltr'><strong>infra</strong></span> <span class='ocrx_word' id='word_1_272' title='bbox 1420 3995 1489 4069; x_wconf 82' lang='grc' dir='ltr'><strong>(ε)</strong></span> <span class='ocrx_word' id='word_1_273' title='bbox 1535 3997 1901 4053; x_wconf 76' lang='lat' dir='ltr'><strong>ostendemus.</strong></span> <span class='ocrx_word' id='word_1_274' title='bbox 1947 3993 2093 4050; x_wconf 88' lang='lat' dir='ltr'><strong>Haec</strong></span> 
     </span>
    </p>
   </div>
   <div class='ocr_carea' id='block_1_42' title="bbox 502 4086 2093 4154">
    <p class='ocr_par' dir='ltr' id='par_1_42' title="bbox 502 4086 2093 4154">
     <span class='ocr_line' id='line_1_42' title="bbox 502 4086 2093 4154; baseline -0.005 -5"><span class='ocrx_word' id='word_1_275' title='bbox 502 4107 688 4154; x_wconf 90' lang='lat' dir='ltr'><strong>.autem</strong></span> <span class='ocrx_word' id='word_1_276' title='bbox 723 4092 1001 4152; x_wconf 85' lang='lat' dir='ltr'><strong>concessio</strong></span> <span class='ocrx_word' id='word_1_277' title='bbox 1046 4099 1231 4147; x_wconf 92' lang='lat' dir='ltr'><strong>nostra</strong></span> <span class='ocrx_word' id='word_1_278' title='bbox 1256 4089 1477 4145; x_wconf 90' lang='lat' dir='ltr'><strong>omnino</strong></span> <span class='ocrx_word' id='word_1_279' title='bbox 1523 4088 1583 4144; x_wconf 93' lang='lat' dir='ltr'><strong>S.</strong></span> <span class='ocrx_word' id='word_1_280' title='bbox 1606 4087 1882 4144; x_wconf 90' lang='lat' dir='ltr'><strong>Prudentii</strong></span> <span class='ocrx_word' id='word_1_281' title='bbox 1912 4086 2093 4142; x_wconf 88' lang='lat' dir='ltr'><strong>verbis</strong></span> 
     </span>
    </p>
   </div>
   <div class='ocr_carea' id='block_1_43' title="bbox 506 4165 2093 4250">
    <p class='ocr_par' dir='ltr' id='par_1_43' title="bbox 506 4165 2093 4250">
     <span class='ocr_line' id='line_1_43' title="bbox 506 4165 2093 4250; baseline -0.009 -4"><span class='ocrx_word' id='word_1_282' title='bbox 506 4165 824 4246; x_wconf 80' lang='lat' dir='ltr'><strong>satisfaciet.</strong></span> <span class='ocrx_word' id='word_1_283' title='bbox 859 4183 1020 4240; x_wconf 88' lang='lat' dir='ltr'><strong>Certe</strong></span> <span class='ocrx_word' id='word_1_284' title='bbox 1058 4181 1270 4237; x_wconf 83' lang='lat' dir='ltr'><strong>Marcus</strong></span> <span class='ocrx_word' id='word_1_285' title='bbox 1310 4179 1531 4250; x_wconf 89' lang='lat' dir='ltr'><strong>quidam</strong></span> <span class='ocrx_word' id='word_1_286' title='bbox 1581 4192 1968 4249; x_wconf 88' lang='lat' dir='ltr'><strong>saepenumero</strong></span> <span class='ocrx_word' id='word_1_287' title='bbox 2013 4177 2093 4233; x_wconf 88' lang='lat' dir='ltr'><strong>di-</strong></span> 
     </span>
    </p>
   </div>
   <div class='ocr_carea' id='block_1_44' title="bbox 506 4267 2091 4338">
    <p class='ocr_par' dir='ltr' id='par_1_44' title="bbox 506 4267 2091 4338">
     <span class='ocr_line' id='line_1_44' title="bbox 506 4267 2091 4338; baseline -0.008 -2"><span class='ocrx_word' id='word_1_288' title='bbox 506 4280 734 4337; x_wconf 86' lang='lat' dir='ltr'><strong>cebatur</strong></span> <span class='ocrx_word' id='word_1_289' title='bbox 759 4275 1058 4338; x_wconf 90' lang='lat' dir='ltr'><strong>Hibernus,</strong></span> <span class='ocrx_word' id='word_1_290' title='bbox 1087 4287 1208 4327; x_wconf 91' lang='lat' dir='ltr'><strong>cum</strong></span> <span class='ocrx_word' id='word_1_291' title='bbox 1247 4279 1393 4326; x_wconf 89' lang='lat' dir='ltr'><strong>esset</strong></span> <span class='ocrx_word' id='word_1_292' title='bbox 1423 4271 1684 4325; x_wconf 87' lang='lat' dir='ltr'><strong>educatus</strong></span> <span class='ocrx_word' id='word_1_293' title='bbox 1731 4269 1784 4323; x_wconf 91' lang='lat' dir='ltr'><strong>in</strong></span> <span class='ocrx_word' id='word_1_294' title='bbox 1811 4267 2091 4336; x_wconf 85' lang='lat' dir='ltr'><strong>Hibernia,</strong></span> 
     </span>
    </p>
   </div>
   <div class='ocr_carea' id='block_1_45' title="bbox 508 4357 2095 4439">
    <p class='ocr_par' dir='ltr' id='par_1_45' title="bbox 508 4357 2095 4439">
     <span class='ocr_line' id='line_1_45' title="bbox 508 4357 2095 4439; baseline -0.009 -11"><span class='ocrx_word' id='word_1_295' title='bbox 508 4372 729 4439; x_wconf 82' lang='lat' dir='ltr'><strong>natione</strong></span> <span class='ocrx_word' id='word_1_296' title='bbox 761 4369 954 4430; x_wconf 87' lang='lat' dir='ltr'><strong>Britto,</strong></span> <span class='ocrx_word' id='word_1_297' title='bbox 1004 4371 1063 4419; x_wconf 85' lang='lat' dir='ltr'><strong>ut</strong></span> <span class='ocrx_word' id='word_1_298' title='bbox 1102 4365 1170 4419; x_wconf 90' lang='lat' dir='ltr'><strong>de</strong></span> <span class='ocrx_word' id='word_1_299' title='bbox 1212 4376 1278 4418; x_wconf 89' lang='lat' dir='ltr'><strong>eo</strong></span> <span class='ocrx_word' id='word_1_300' title='bbox 1317 4361 1509 4417; x_wconf 87' lang='lat' dir='ltr'><strong>scribit</strong></span> <span class='ocrx_word' id='word_1_301' title='bbox 1538 4360 1730 4415; x_wconf 86' lang='lat' dir='ltr'><strong>Ericus</strong></span> <span class='ocrx_word' id='word_1_302' title='bbox 1755 4357 2095 4414; x_wconf 89' lang='lat' dir='ltr'><strong>Antissiodo-</strong></span> 
     </span>
    </p>
   </div>
   <div class='ocr_carea' id='block_1_46' title="bbox 510 4448 1961 4520">
    <p class='ocr_par' dir='ltr' id='par_1_46' title="bbox 510 4448 1961 4520">
     <span class='ocr_line' id='line_1_46' title="bbox 510 4448 1961 4520; baseline -0.012 -1"><span class='ocrx_word' id='word_1_303' title='bbox 510 4461 685 4519; x_wconf 88' lang='lat' dir='ltr'><strong>rensis</strong></span> <span class='ocrx_word' id='word_1_304' title='bbox 714 4460 768 4515; x_wconf 92' lang='lat' dir='ltr'><strong>in</strong></span> <span class='ocrx_word' id='word_1_305' title='bbox 796 4458 902 4513; x_wconf 82' lang='lat' dir='ltr'><strong>(ine</strong></span> <span class='ocrx_word' id='word_1_306' title='bbox 930 4456 1022 4510; x_wconf 89' lang='lat' dir='ltr'><strong>lib.</strong></span> <span class='ocrx_word' id='word_1_307' title='bbox 1054 4454 1094 4509; x_wconf 94' lang='grc'><strong>1.</strong></span> <span class='ocrx_word' id='word_1_308' title='bbox 1122 4453 1191 4509; x_wconf 87' lang='lat' dir='ltr'><strong>de</strong></span> <span class='ocrx_word' id='word_1_309' title='bbox 1211 4451 1486 4507; x_wconf 82' lang='lat' dir='ltr'><strong>Miraculis</strong></span> <span class='ocrx_word' id='word_1_310' title='bbox 1517 4449 1577 4506; x_wconf 90' lang='lat' dir='ltr'><strong>S.</strong></span> <span class='ocrx_word' id='word_1_311' title='bbox 1600 4448 1856 4505; x_wconf 88' lang='lat' dir='ltr'><strong>Germani</strong></span> <span class='ocrx_word' id='word_1_312' title='bbox 1886 4449 1961 4520; x_wconf 72' lang='grc' dir='ltr'><strong>(ι’)</strong></span> 
     </span>
    </p>
   </div>
   <div class='ocr_carea' id='block_1_47' title="bbox 532 4537 2093 4617">
    <p class='ocr_par' dir='ltr' id='par_1_47' title="bbox 532 4537 2093 4617">
     <span class='ocr_line' id='line_1_47' title="bbox 532 4537 2093 4617; baseline -0.011 -8"><span class='ocrx_word' id='word_1_313' title='bbox 532 4610 535 4617; x_wconf 18' lang='grc' dir='ltr'><em>Α</em></span> <span class='ocrx_word' id='word_1_314' title='bbox 581 4550 771 4609; x_wconf 83' lang='lat' dir='ltr'><strong>Restat</strong></span> <span class='ocrx_word' id='word_1_315' title='bbox 812 4545 1029 4603; x_wconf 86' lang='lat' dir='ltr'><strong>tertium</strong></span> <span class='ocrx_word' id='word_1_316' title='bbox 1064 4550 1461 4614; x_wconf 80' lang='lat' dir='ltr'><strong>argumentum,</strong></span> <span class='ocrx_word' id='word_1_317' title='bbox 1524 4537 1610 4597; x_wconf 86' lang='lat' dir='ltr'><strong>cui</strong></span> <span class='ocrx_word' id='word_1_318' title='bbox 1653 4544 1905 4593; x_wconf 86' lang='lat' dir='ltr'><strong>auctores</strong></span> <span class='ocrx_word' id='word_1_319' title='bbox 1929 4537 2093 4608; x_wconf 88' lang='lat' dir='ltr'><strong>pluri-</strong></span> 
     </span>
    </p>
   </div>
   <div class='ocr_carea' id='block_1_48' title="bbox 1483 2254 2080 2328">
    <p class='ocr_par' dir='ltr' id='par_1_48' title="bbox 1483 2254 2080 2328">
     <span class='ocr_line' id='line_1_48' title="bbox 1483 2254 2080 2328; baseline -0.008 -15"><span class='ocrx_word' id='word_1_320' title='bbox 1483 2257 1750 2328; x_wconf 85' lang='lat' dir='ltr'><strong>simulque</strong></span> <span class='ocrx_word' id='word_1_321' title='bbox 1794 2254 2080 2325; x_wconf 78' lang='lat' dir='ltr'><strong>diligenter</strong></span> 
     </span>
    </p>
   </div>
   <div class='ocr_carea' id='block_1_49' title="bbox 609 4700 1415 4775">
    <p class='ocr_par' dir='ltr' id='par_1_49' title="bbox 609 4700 1415 4775">
     <span class='ocr_line' id='line_1_49' title="bbox 609 4700 1415 4775; baseline -0.009 -14"><span class='ocrx_word' id='word_1_322' title='bbox 609 4704 664 4775; x_wconf 86' lang='lat' dir='ltr'><strong>a)</strong></span> <span class='ocrx_word' id='word_1_323' title='bbox 702 4703 785 4775; x_wconf 67' lang='lat' dir='ltr'><strong>Ci.</strong></span> <span class='ocrx_word' id='word_1_324' title='bbox 825 4703 1019 4775; x_wconf 64' lang='lat' dir='ltr'><strong>Ibem.</strong></span> <span class='ocrx_word' id='word_1_325' title='bbox 1061 4700 1265 4775; x_wconf 56' lang='lat' dir='ltr'><strong>Moore.</strong></span> <span class='ocrx_word' id='word_1_326' title='bbox 1300 4700 1343 4775; x_wconf 90' lang='lat' dir='ltr'><strong>l._</strong></span> <span class='ocrx_word' id='word_1_327' title='bbox 1378 4700 1415 4754; x_wconf 94' lang='lat' dir='ltr'><strong>l.</strong></span> 
     </span>
    </p>
   </div>
   <div class='ocr_carea' id='block_1_50' title="bbox 585 4706 1597 4849">
    <p class='ocr_par' dir='ltr' id='par_1_50' title="bbox 585 4706 1597 4849">
     <span class='ocr_line' id='line_1_50' title="bbox 609 4706 1415 4775; baseline -0.009 -14"><span class='ocrx_word' id='word_1_328' title='bbox 609 4706 664 4775; x_wconf 87' lang='lat' dir='ltr'><strong>a)</strong></span> <span class='ocrx_word' id='word_1_329' title='bbox 702 4706 785 4759; x_wconf 87' lang='lat' dir='ltr'><strong>Cl&#39;.</strong></span> <span class='ocrx_word' id='word_1_330' title='bbox 826 4706 1019 4758; x_wconf 90' lang='lat' dir='ltr'><strong>Thom.</strong></span> <span class='ocrx_word' id='word_1_331' title='bbox 1062 4706 1260 4756; x_wconf 81' lang='lat' dir='ltr'><strong>Moore.</strong></span> <span class='ocrx_word' id='word_1_332' title='bbox 1301 4706 1339 4754; x_wconf 94' lang='grc'><strong>1.</strong></span> <span class='ocrx_word' id='word_1_333' title='bbox 1379 4706 1415 4754; x_wconf 95' lang='grc'><strong>1.</strong></span> 
     </span>
     <span class='ocr_line' id='line_1_51' title="bbox 585 4706 1597 4849; baseline -0.008 -19"><span class='ocrx_word' id='word_1_334' title='bbox 585 4706 660 4849; x_wconf 53' lang='lat' dir='ltr'><strong>ib)</strong></span> <span class='ocrx_word' id='word_1_335' title='bbox 699 4774 781 4849; x_wconf 57' lang='lat' dir='ltr'><strong>Cf.</strong></span> <span class='ocrx_word' id='word_1_336' title='bbox 811 4772 1018 4849; x_wconf 50' lang='lat' dir='ltr'><strong>Ehem.</strong></span> <span class='ocrx_word' id='word_1_337' title='bbox 1057 4771 1211 4849; x_wconf 73' lang='lat' dir='ltr'><strong>Cale.</strong></span> <span class='ocrx_word' id='word_1_338' title='bbox 1250 4772 1286 4849; x_wconf 89' lang='lat' dir='ltr'><strong>_l.</strong></span> <span class='ocrx_word' id='word_1_339' title='bbox 1330 4771 1387 4849; x_wconf 85' lang='lat' dir='ltr'><strong>l._,</strong></span> <span class='ocrx_word' id='word_1_340' title='bbox 1432 4785 1483 4849; x_wconf 86' lang='lat' dir='ltr'><strong>p.</strong></span> 
     </span>
    </p>
   </div>
   <div class='ocr_carea' id='block_1_51' title="bbox 586 4835 2097 4920">
    <p class='ocr_par' dir='ltr' id='par_1_51' title="bbox 586 4835 2097 4920">
     <span class='ocr_line' id='line_1_52' title="bbox 586 4835 2097 4920; baseline -0.006 -19"><span class='ocrx_word' id='word_1_341' title='bbox 586 4835 657 4920; x_wconf 51' lang='lat' dir='ltr'><strong>(‘cj</strong></span> <span class='ocrx_word' id='word_1_342' title='bbox 686 4845 773 4920; x_wconf 63' lang='grc' dir='ltr'><strong>ος.</strong></span> <span class='ocrx_word' id='word_1_343' title='bbox 804 4843 1038 4920; x_wconf 71' lang='lat' dir='ltr'><strong>Histoire</strong></span> <span class='ocrx_word' id='word_1_344' title='bbox 1070 4841 1320 4920; x_wconf 50' lang='lat' dir='ltr'><strong>litteraiﬂre</strong></span> <span class='ocrx_word' id='word_1_345' title='bbox 1345 4841 1409 4895; x_wconf 79' lang='lat' dir='ltr'><strong>de</strong></span> <span class='ocrx_word' id='word_1_346' title='bbox 1433 4835 1486 4920; x_wconf 68' lang='grc' dir='ltr'><strong>ζα</strong></span> <span class='ocrx_word' id='word_1_347' title='bbox 1510 4839 1856 4920; x_wconf 42' lang='grc' dir='ltr'><strong>ι’ξναηςιηριςν</strong></span> <span class='ocrx_word' id='word_1_348' title='bbox 1873 4839 1973 4920; x_wconf 63' lang='grc' dir='ltr'><strong>σεε</strong></span> <span class='ocrx_word' id='word_1_349' title='bbox 1992 4835 2097 4892; x_wconf 86' lang='lat' dir='ltr'><strong>Re-</strong></span> 
     </span>
    </p>
   </div>
   <div class='ocr_carea' id='block_1_52' title="bbox 515 4906 2096 4989">
    <p class='ocr_par' dir='ltr' id='par_1_52' title="bbox 515 4906 2096 4989">
     <span class='ocr_line' id='line_1_53' title="bbox 515 4906 2096 4989; baseline -0.009 -15"><span class='ocrx_word' id='word_1_350' title='bbox 515 4906 717 4989; x_wconf 58' lang='lat' dir='ltr'><strong>Iigieitgt;</strong></span> <span class='ocrx_word' id='word_1_351' title='bbox 737 4915 1066 4989; x_wconf 49' lang='lat' dir='ltr'><strong>Benedicti}:</strong></span> <span class='ocrx_word' id='word_1_352' title='bbox 1089 4916 1156 4989; x_wconf 58' lang='lat' dir='ltr'><strong>de</strong></span> <span class='ocrx_word' id='word_1_353' title='bbox 1177 4912 1230 4963; x_wconf 85' lang='lat' dir='ltr'><strong>la</strong></span> <span class='ocrx_word' id='word_1_354' title='bbox 1247 4910 1625 4989; x_wconf 42' lang='lat' dir='ltr'><strong>Congréqqti‘on</strong></span> <span class='ocrx_word' id='word_1_355' title='bbox 1644 4906 1975 4989; x_wconf 53' lang='lat' dir='ltr'><strong>deﬂebit-ﬂ</strong></span> <span class='ocrx_word' id='word_1_356' title='bbox 1977 4924 2096 4973; x_wconf 81' lang='lat' dir='ltr'><strong>aur,</strong></span> 
     </span>
    </p>
   </div>
   <div class='ocr_carea' id='block_1_53' title="bbox 518 4978 2097 5057">
    <p class='ocr_par' dir='ltr' id='par_1_53' title="bbox 518 4978 2097 5057">
     <span class='ocr_line' id='line_1_54' title="bbox 518 4978 2097 5057; baseline -0.008 -13"><span class='ocrx_word' id='word_1_357' title='bbox 518 4978 650 5046; x_wconf 60' lang='lat' dir='ltr'><strong>tdm.</strong></span> <span class='ocrx_word' id='word_1_358' title='bbox 673 4985 739 5048; x_wconf 74' lang='grc' dir='ltr'><strong>ν,</strong></span> <span class='ocrx_word' id='word_1_359' title='bbox 767 5003 821 5057; x_wconf 89' lang='lat' dir='ltr'><strong>p.</strong></span> <span class='ocrx_word' id='word_1_360' title='bbox 837 4984 972 5057; x_wconf 10' lang='lat'><strong>47176;</strong></span> <span class='ocrx_word' id='word_1_361' title='bbox 998 4982 1221 5057; x_wconf 74' lang='lat' dir='ltr'><strong>Du_Pin,</strong></span> <span class='ocrx_word' id='word_1_362' title='bbox 1249 4978 1421 5057; x_wconf 59' lang='lat' dir='ltr'><strong>Noua.</strong></span> <span class='ocrx_word' id='word_1_363' title='bbox 1438 4978 1695 5057; x_wconf 55' lang='lat' dir='ltr'><strong>Piplipth.</strong></span> <span class='ocrx_word' id='word_1_364' title='bbox 1717 4979 1755 5033; x_wconf 90' lang='lat' dir='ltr'><strong>l.</strong></span> <span class='ocrx_word' id='word_1_365' title='bbox 1779 4978 1945 5057; x_wconf 75' lang='lat' dir='ltr'><strong>l_._(sc.</strong></span> <span class='ocrx_word' id='word_1_366' title='bbox 1964 4987 2097 5033; x_wconf 90' lang='lat' dir='ltr'><strong>tom.</strong></span> 
     </span>
    </p>
   </div>
   <div class='ocr_carea' id='block_1_54' title="bbox 516 5048 2097 5130">
    <p class='ocr_par' dir='ltr' id='par_1_54' title="bbox 516 5048 2097 5130">
     <span class='ocr_line' id='line_1_55' title="bbox 516 5048 2097 5130; baseline -0.008 -15"><span class='ocrx_word' id='word_1_367' title='bbox 516 5048 1275 5130; x_wconf 52' lang='lat' dir='ltr'><strong>Vll)p.&#39;_1_7;&#39;l_‘hom;_bl_oore.</strong></span> <span class='ocrx_word' id='word_1_368' title='bbox 1309 5051 1345 5105; x_wconf 92' lang='lat' dir='ltr'><strong>l.</strong></span> <span class='ocrx_word' id='word_1_369' title='bbox 1438 5051 1618 5116; x_wconf 79' lang='lat' dir='ltr'><strong>Vol.1,</strong></span> <span class='ocrx_word' id='word_1_370' title='bbox 1643 5064 1760 5123; x_wconf 87' lang='lat' dir='ltr'><strong>cap.</strong></span> <span class='ocrx_word' id='word_1_371' title='bbox 1783 5048 2097 5119; x_wconf 70' lang='lat' dir='ltr'><strong>15.1nterp.</strong></span> 
     </span>
    </p>
   </div>
   <div class='ocr_carea' id='block_1_55' title="bbox 516 5121 1979 5196">
    <p class='ocr_par' dir='ltr' id='par_1_55' title="bbox 516 5121 1979 5196">
     <span class='ocr_line' id='line_1_56' title="bbox 516 5121 1979 5196; baseline -0.016 -7"><span class='ocrx_word' id='word_1_372' title='bbox 516 5121 702 5188; x_wconf 79' lang='lat' dir='ltr'><strong>Germ.</strong></span> <span class='ocrx_word' id='word_1_373' title='bbox 739 5121 914 5189; x_wconf 76' lang='lat' dir='ltr'><strong>Vol.1,</strong></span> <span class='ocrx_word' id='word_1_374' title='bbox 943 5141 997 5196; x_wconf 92' lang='lat' dir='ltr'><strong>p.</strong></span> <span class='ocrx_word' id='word_1_375' title='bbox 1026 5121 1152 5179; x_wconf 69' lang='grc'>554.</span> <span class='ocrx_word' id='word_1_376' title='bbox 1175 5130 1284 5178; x_wconf 86' lang='lat' dir='ltr'><strong>cet.</strong></span> <span class='ocrx_word' id='word_1_377' title='bbox 1310 5129 1415 5176; x_wconf 93' lang='lat' dir='ltr'><strong>cet.</strong></span> <span class='ocrx_word' id='word_1_378' title='bbox 1708 5121 1723 5123; x_wconf 63' lang='lat'><strong><em>&#39;</em></strong></span> <span class='ocrx_word' id='word_1_379' title='bbox 1974 5138 1979 5143; x_wconf 64' lang='grc' dir='ltr'><strong><em>τ</em></strong></span> 
     </span>
    </p>
   </div>
   <div class='ocr_carea' id='block_1_56' title="bbox 591 5211 1511 5293">
    <p class='ocr_par' dir='ltr' id='par_1_56' title="bbox 591 5211 1511 5293">
     <span class='ocr_line' id='line_1_57' title="bbox 591 5211 1511 5293; baseline -0.012 -18"><span class='ocrx_word' id='word_1_380' title='bbox 591 5216 782 5293; x_wconf 52' lang='grc' dir='ltr'>(ἀχεῖ.</span> <span class='ocrx_word' id='word_1_381' title='bbox 839 5216 1034 5293; x_wconf 74' lang='lat' dir='ltr'><strong>Thom.</strong></span> <span class='ocrx_word' id='word_1_382' title='bbox 1063 5213 1214 5293; x_wconf 62' lang='lat' dir='ltr'><strong>Cale.</strong></span> <span class='ocrx_word' id='word_1_383' title='bbox 1247 5211 1355 5293; x_wconf 82' lang='lat' dir='ltr'><strong>l_.__l.</strong></span> <span class='ocrx_word' id='word_1_384' title='bbox 1389 5218 1511 5293; x_wconf 73' lang='lat' dir='ltr'><strong>test.</strong></span> 
     </span>
    </p>
   </div>
   <div class='ocr_carea' id='block_1_57' title="bbox 519 5348 2103 5426">
    <p class='ocr_par' dir='ltr' id='par_1_57' title="bbox 519 5348 2103 5426">
     <span class='ocr_line' id='line_1_58' title="bbox 519 5348 2103 5426; baseline -0.006 -10"><span class='ocrx_word' id='word_1_385' title='bbox 519 5363 767 5423; x_wconf 91' lang='lat' dir='ltr'><strong>Scotum,</strong></span> <span class='ocrx_word' id='word_1_386' title='bbox 793 5372 911 5426; x_wconf 87' lang='lat' dir='ltr'><strong>cap.</strong></span> <span class='ocrx_word' id='word_1_387' title='bbox 942 5355 1027 5410; x_wconf 75' lang='grc'><strong>14.</strong></span> <span class='ocrx_word' id='word_1_388' title='bbox 1061 5355 1144 5410; x_wconf 80' lang='lat' dir='ltr'><strong>Cf.</strong></span> <span class='ocrx_word' id='word_1_389' title='bbox 1173 5353 1403 5426; x_wconf 63' lang='lat' dir='ltr'><strong>Maxima</strong></span> <span class='ocrx_word' id='word_1_390' title='bbox 1435 5348 1688 5426; x_wconf 64' lang='lat' dir='ltr'><strong>biblio_tb_.</strong></span> <span class='ocrx_word' id='word_1_391' title='bbox 1718 5360 1824 5426; x_wconf 76' lang='lat' dir='ltr'><strong>vet.</strong></span> <span class='ocrx_word' id='word_1_392' title='bbox 1858 5351 2103 5426; x_wconf 73' lang='lat' dir='ltr'><strong>Patrum,</strong></span> 
     </span>
    </p>
   </div>
   <div class='ocr_carea' id='block_1_58' title="bbox 553 5421 2102 5500">
    <p class='ocr_par' dir='ltr' id='par_1_58' title="bbox 553 5421 2102 5500">
     <span class='ocr_line' id='line_1_59' title="bbox 553 5421 2102 5500; baseline -0.006 -15"><span class='ocrx_word' id='word_1_393' title='bbox 553 5432 650 5486; x_wconf 87' lang='lat' dir='ltr'><strong>dit.</strong></span> <span class='ocrx_word' id='word_1_394' title='bbox 698 5421 1073 5500; x_wconf 77' lang='lat' dir='ltr'><strong>Lugdunensis</strong></span> <span class='ocrx_word' id='word_1_395' title='bbox 1124 5434 1253 5500; x_wconf 73' lang='lat' dir='ltr'><strong>tom.</strong></span> <span class='ocrx_word' id='word_1_396' title='bbox 1284 5422 1475 5500; x_wconf 26' lang='grc' dir='ltr'><strong>Χ-νέῃ.</strong></span> <span class='ocrx_word' id='word_1_397' title='bbox 1510 5422 1616 5479; x_wconf 67' lang='grc'><strong>554</strong></span> <span class='ocrx_word' id='word_1_398' title='bbox 1650 5421 1710 5476; x_wconf 82' lang='grc' dir='ltr'><strong>Ε.</strong></span> <span class='ocrx_word' id='word_1_399' title='bbox 1896 5422 2014 5500; x_wconf 75' lang='lat' dir='ltr'><strong>loco</strong></span> <span class='ocrx_word' id='word_1_400' title='bbox 2044 5421 2102 5475; x_wconf 91' lang='lat' dir='ltr'><strong>S.</strong></span> 
     </span>
    </p>
   </div>
   <div class='ocr_carea' id='block_1_59' title="bbox 566 5492 2092 5583">
    <p class='ocr_par' dir='ltr' id='par_1_59' title="bbox 566 5492 2092 5566">
     <span class='ocr_line' id='line_1_60' title="bbox 566 5492 2092 5566; baseline -0.007 -11"><span class='ocrx_word' id='word_1_401' title='bbox 566 5492 847 5556; x_wconf 70' lang='lat' dir='ltr'><strong>rudentius</strong></span> <span class='ocrx_word' id='word_1_402' title='bbox 898 5515 917 5548; x_wconf 74' lang='grc' dir='ltr'>ι</span> <span class='ocrx_word' id='word_1_403' title='bbox 972 5493 1276 5551; x_wconf 87' lang='lat' dir='ltr'><strong>Hibernicis</strong></span> <span class='ocrx_word' id='word_1_404' title='bbox 1315 5492 1584 5566; x_wconf 77' lang='lat' dir='ltr'><strong>Erigenae</strong></span> <span class='ocrx_word' id='word_1_405' title='bbox 1632 5492 2023 5548; x_wconf 87' lang='lat' dir='ltr'><strong>eruditionibus</strong></span> <span class='ocrx_word' id='word_1_406' title='bbox 2065 5509 2092 5544; x_wconf 67' lang='grc' dir='ltr'><strong><em>ι</em></strong></span> 
     </span>
    </p>
   </div>
   <div class='ocr_carea' id='block_1_60' title="bbox 591 5628 2109 5704">
    <p class='ocr_par' dir='ltr' id='par_1_60' title="bbox 591 5628 2109 5704">
     <span class='ocr_line' id='line_1_61' title="bbox 591 5628 2109 5704; baseline -0.003 -19"><span class='ocrx_word' id='word_1_407' title='bbox 591 5634 625 5669; x_wconf 64' lang='grc'><strong>³*</strong></span> <span class='ocrx_word' id='word_1_408' title='bbox 654 5631 884 5704; x_wconf 84' lang='lat' dir='ltr'><strong>Erigena</strong></span> <span class='ocrx_word' id='word_1_409' title='bbox 928 5631 1142 5688; x_wconf 89' lang='lat' dir='ltr'><strong>nonnisi</strong></span> <span class='ocrx_word' id='word_1_410' title='bbox 1188 5631 1535 5704; x_wconf 83' lang='lat' dir='ltr'><strong>depravatum</strong></span> <span class='ocrx_word' id='word_1_411' title='bbox 1599 5644 1794 5686; x_wconf 91' lang='lat' dir='ltr'><strong>nomen</strong></span> <span class='ocrx_word' id='word_1_412' title='bbox 1840 5628 2109 5704; x_wconf 68' lang='lat' dir='ltr'><strong>Jerugena</strong></span> 
     </span>
    </p>
   </div>
   <div class='ocr_carea' id='block_1_61' title="bbox 656 5699 2116 5771">
    <p class='ocr_par' dir='ltr' id='par_1_61' title="bbox 656 5699 2116 5771">
     <span class='ocr_line' id='line_1_62' title="bbox 656 5699 2116 5771; baseline -0.005 -15"><span class='ocrx_word' id='word_1_413' title='bbox 656 5699 799 5771; x_wconf 73' lang='lat' dir='ltr'><strong>quod</strong></span> <span class='ocrx_word' id='word_1_414' title='bbox 838 5712 920 5760; x_wconf 86' lang='lat' dir='ltr'><strong>est</strong></span> <span class='ocrx_word' id='word_1_415' title='bbox 957 5699 1211 5758; x_wconf 75' lang='lat' dir='ltr'><strong>oriundus</strong></span> <span class='ocrx_word' id='word_1_416' title='bbox 1241 5699 1305 5757; x_wconf 64' lang='grc' dir='ltr'><em>ἐκ</em></span> <span class='ocrx_word' id='word_1_417' title='bbox 1328 5702 1503 5757; x_wconf 77' lang='lat' dir='ltr'><strong>insula</strong></span> <span class='ocrx_word' id='word_1_418' title='bbox 1541 5710 1875 5771; x_wconf 76' lang='lat' dir='ltr'><strong>sanctorum,</strong></span> <span class='ocrx_word' id='word_1_419' title='bbox 1899 5699 2116 5771; x_wconf 68' lang='lat' dir='ltr'><strong>scilicet</strong></span> 
     </span>
    </p>
   </div>
   <div class='ocr_carea' id='block_1_62' title="bbox 525 5767 2116 5848">
    <p class='ocr_par' dir='ltr' id='par_1_62' title="bbox 525 5767 2116 5848">
     <span class='ocr_line' id='line_1_63' title="bbox 525 5767 2116 5848; baseline -0.009 -15"><span class='ocrx_word' id='word_1_420' title='bbox 525 5767 983 5830; x_wconf 62' lang='grc' dir='ltr'><strong>Ηὶὺεὶηἱα-Οηεινρ</strong></span> <span class='ocrx_word' id='word_1_421' title='bbox 994 5790 1055 5818; x_wconf 75' lang='grc' dir='ltr'><strong>ρει</strong></span> <span class='ocrx_word' id='word_1_422' title='bbox 1094 5788 1232 5828; x_wconf 76' lang='lat' dir='ltr'><strong>uuae</strong></span> <span class='ocrx_word' id='word_1_423' title='bbox 1245 5774 1475 5828; x_wconf 77' lang='lat' dir='ltr'><strong>hocloco</strong></span> <span class='ocrx_word' id='word_1_424' title='bbox 1487 5775 1553 5826; x_wconf 88' lang='lat' dir='ltr'><strong>de</strong></span> <span class='ocrx_word' id='word_1_425' title='bbox 1565 5767 2116 5848; x_wconf 68' lang='lat' dir='ltr'><strong>cognomineErigena</strong></span> 
     </span>
    </p>
   </div>
   <div class='ocr_carea' id='block_1_63' title="bbox 518 5712 626 5768">
    <p class='ocr_par' dir='ltr' id='par_1_63' title="bbox 518 5712 626 5768">
     <span class='ocr_line' id='line_1_64' title="bbox 518 5712 626 5768; baseline -0.019 -9"><span class='ocrx_word' id='word_1_426' title='bbox 518 5712 626 5768; x_wconf 84' lang='lat' dir='ltr'><strong>est,</strong></span> 
     </span>
    </p>
   </div>
   <div class='ocr_carea' id='block_1_64' title="bbox 764 2152 2099 2248">
    <p class='ocr_par' dir='ltr' id='par_1_64' title="bbox 764 2152 2099 2248">
     <span class='ocr_line' id='line_1_65' title="bbox 764 2152 2099 2248; baseline -0.011 -17"><span class='ocrx_word' id='word_1_427' title='bbox 764 2176 1009 2248; x_wconf 84' lang='lat' dir='ltr'><strong>pluribus</strong></span> <span class='ocrx_word' id='word_1_428' title='bbox 1062 2180 1287 2227; x_wconf 86' lang='lat' dir='ltr'><strong>utuntur</strong></span> <span class='ocrx_word' id='word_1_429' title='bbox 1332 2168 1665 2240; x_wconf 87' lang='lat' dir='ltr'><strong>argumentis</strong></span> <span class='ocrx_word' id='word_1_430' title='bbox 1709 2164 1801 2236; x_wconf 83' lang='lat' dir='ltr'><strong>(c),</strong></span> <span class='ocrx_word' id='word_1_431' title='bbox 1847 2152 2099 2233; x_wconf 88' lang='lat' dir='ltr'><strong>quorum</strong></span> 
     </span>
    </p>
   </div>
   <div class='ocr_carea' id='block_1_65' title="bbox 2121 4609 2178 4671">
    <p class='ocr_par' dir='ltr' id='par_1_65' title="bbox 2121 4609 2178 4671">
     <span class='ocr_line' id='line_1_66' title="bbox 2121 4609 2178 4671; baseline 0 0"><span class='ocrx_word' id='word_1_432' title='bbox 2121 4609 2178 4671; x_wconf 86' lang='lat' dir='ltr'><strong>D</strong></span> 
     </span>
    </p>
   </div>
   <div class='ocr_carea' id='block_1_66' title="bbox 1560 5208 2104 5281">
    <p class='ocr_par' dir='ltr' id='par_1_66' title="bbox 1560 5208 2104 5281">
     <span class='ocr_line' id='line_1_67' title="bbox 1560 5208 2104 5281; baseline -0.004 -17"><span class='ocrx_word' id='word_1_433' title='bbox 1560 5225 1614 5281; x_wconf 90' lang='lat' dir='ltr'><strong>p.</strong></span> <span class='ocrx_word' id='word_1_434' title='bbox 1647 5209 1700 5274; x_wconf 84' lang='lat'><strong>5,</strong></span> <span class='ocrx_word' id='word_1_435' title='bbox 1732 5211 1823 5280; x_wconf 89' lang='lat' dir='ltr'><strong>qui</strong></span> <span class='ocrx_word' id='word_1_436' title='bbox 1850 5210 1997 5266; x_wconf 89' lang='lat' dir='ltr'><strong>hunc</strong></span> <span class='ocrx_word' id='word_1_437' title='bbox 2023 5208 2104 5263; x_wconf 84' lang='lat' dir='ltr'><strong>lo-</strong></span> 
     </span>
    </p>
   </div>
   <div class='ocr_carea' id='block_1_67' title="bbox 516 5281 2106 5346">
    <p class='ocr_par' dir='ltr' id='par_1_67' title="bbox 516 5281 2106 5346">
     <span class='ocr_line' id='line_1_68' title="bbox 516 5281 2106 5346; baseline -0.006 -1"><span class='ocrx_word' id='word_1_438' title='bbox 516 5281 841 5346; x_wconf 49' lang='lat' dir='ltr'><strong>ctn‘n&#39;babet</strong></span> <span class='ocrx_word' id='word_1_439' title='bbox 871 5302 935 5341; x_wconf 83' lang='lat' dir='ltr'><strong>ex</strong></span> <span class='ocrx_word' id='word_1_440' title='bbox 981 5286 1039 5340; x_wconf 90' lang='lat' dir='ltr'><strong>S.</strong></span> <span class='ocrx_word' id='word_1_441' title='bbox 1068 5284 1230 5339; x_wconf 87' lang='lat' dir='ltr'><strong>Prud.</strong></span> <span class='ocrx_word' id='word_1_442' title='bbox 1263 5283 1402 5337; x_wconf 90' lang='lat' dir='ltr'><strong>libro</strong></span> <span class='ocrx_word' id='word_1_443' title='bbox 1442 5283 1507 5336; x_wconf 89' lang='lat' dir='ltr'><strong>de</strong></span> <span class='ocrx_word' id='word_1_444' title='bbox 1530 5281 1807 5336; x_wconf 86' lang='lat' dir='ltr'><strong>Praedest.</strong></span> <span class='ocrx_word' id='word_1_445' title='bbox 1844 5282 2106 5336; x_wconf 88' lang='lat' dir='ltr'><strong>adversus</strong></span> 
     </span>
    </p>
   </div>
   <div class='ocr_carea' id='block_1_68' title="bbox 2172 588 3753 659">
    <p class='ocr_par' dir='ltr' id='par_1_68' title="bbox 2172 588 3753 659">
     <span class='ocr_line' id='line_1_69' title="bbox 2172 588 3753 659; baseline -0.001 -15"><span class='ocrx_word' id='word_1_446' title='bbox 2172 600 2282 645; x_wconf 89' lang='lat' dir='ltr'><strong>tum</strong></span> <span class='ocrx_word' id='word_1_447' title='bbox 2311 590 2365 645; x_wconf 89' lang='lat' dir='ltr'><strong>in</strong></span> <span class='ocrx_word' id='word_1_448' title='bbox 2396 606 2461 646; x_wconf 88' lang='lat' dir='ltr'><strong>eo</strong></span> <span class='ocrx_word' id='word_1_449' title='bbox 2487 589 2601 645; x_wconf 86' lang='lat' dir='ltr'><strong>vnit</strong></span> <span class='ocrx_word' id='word_1_450' title='bbox 2647 589 2849 655; x_wconf 85' lang='lat' dir='ltr'><strong>inesse,</strong></span> <span class='ocrx_word' id='word_1_451' title='bbox 2876 598 2937 646; x_wconf 80' lang='lat' dir='ltr'><strong>ut</strong></span> <span class='ocrx_word' id='word_1_452' title='bbox 2961 588 3165 645; x_wconf 88' lang='lat' dir='ltr'><strong>nullum</strong></span> <span class='ocrx_word' id='word_1_453' title='bbox 3195 590 3362 659; x_wconf 86' lang='lat' dir='ltr'><strong>prope</strong></span> <span class='ocrx_word' id='word_1_454' title='bbox 3404 598 3753 657; x_wconf 87' lang='lat' dir='ltr'><strong>argumento-</strong></span> 
     </span>
    </p>
   </div>
   <div class='ocr_carea' id='block_1_69' title="bbox 2171 679 3756 753">
    <p class='ocr_par' dir='ltr' id='par_1_69' title="bbox 2171 679 3756 753">
     <span class='ocr_line' id='line_1_70' title="bbox 2171 679 3756 753; baseline 0 -18"><span class='ocrx_word' id='word_1_455' title='bbox 2171 698 2289 736; x_wconf 90' lang='lat' dir='ltr'><strong>rttm</strong></span> <span class='ocrx_word' id='word_1_456' title='bbox 2311 682 2760 752; x_wconf 44' lang='lat' dir='ltr'><strong>pondus‘vincere</strong></span> <span class='ocrx_word' id='word_1_457' title='bbox 2790 697 2899 737; x_wconf 91' lang='lat' dir='ltr'><strong>non</strong></span> <span class='ocrx_word' id='word_1_458' title='bbox 2925 689 3107 753; x_wconf 81' lang='lat' dir='ltr'><strong>queat.</strong></span> <span class='ocrx_word' id='word_1_459' title='bbox 3137 681 3204 736; x_wconf 85' lang='lat' dir='ltr'><strong>Et</strong></span> <span class='ocrx_word' id='word_1_460' title='bbox 3232 680 3293 735; x_wconf 94' lang='lat' dir='ltr'><strong>C.</strong></span> <span class='ocrx_word' id='word_1_461' title='bbox 3322 680 3381 734; x_wconf 82' lang='grc' dir='ltr'>Β.</span> <span class='ocrx_word' id='word_1_462' title='bbox 3406 679 3756 735; x_wconf 88' lang='lat' dir='ltr'><strong>Schlueterus</strong></span> 
     </span>
    </p>
   </div>
   <div class='ocr_carea' id='block_1_70' title="bbox 2144 769 3753 843">
    <p class='ocr_par' dir='ltr' id='par_1_70' title="bbox 2144 769 3753 843">
     <span class='ocr_line' id='line_1_71' title="bbox 2144 769 3753 843; baseline -0.001 -17"><span class='ocrx_word' id='word_1_463' title='bbox 2144 772 2248 827; x_wconf 88' lang='lat' dir='ltr'><strong>.ait</strong></span> <span class='ocrx_word' id='word_1_464' title='bbox 2274 773 2351 843; x_wconf 84' lang='lat' dir='ltr'><strong>(g)</strong></span> <span class='ocrx_word' id='word_1_465' title='bbox 2381 787 2397 827; x_wconf 84' lang='lat'><strong>:</strong></span> <span class='ocrx_word' id='word_1_466' title='bbox 2426 772 2689 829; x_wconf 84' lang='lat' dir='ltr'><strong>Thomam</strong></span> <span class='ocrx_word' id='word_1_467' title='bbox 2715 771 2989 828; x_wconf 81' lang='lat' dir='ltr'><strong>Mooreum</strong></span> <span class='ocrx_word' id='word_1_468' title='bbox 3020 773 3072 827; x_wconf 90' lang='lat' dir='ltr'><strong>in</strong></span> <span class='ocrx_word' id='word_1_469' title='bbox 3102 788 3161 828; x_wconf 91' lang='lat' dir='ltr'><strong>re</strong></span> <span class='ocrx_word' id='word_1_470' title='bbox 3188 787 3286 827; x_wconf 89' lang='lat' dir='ltr'><strong>sua</strong></span> <span class='ocrx_word' id='word_1_471' title='bbox 3323 790 3342 823; x_wconf 74' lang='grc' dir='ltr'>ι</span> <span class='ocrx_word' id='word_1_472' title='bbox 3378 769 3753 827; x_wconf 80' lang='lat' dir='ltr'><strong>conﬁrmanda</strong></span> 
     </span>
    </p>
   </div>
   <div class='ocr_carea' id='block_1_71' title="bbox 2163 846 3757 937">
    <p class='ocr_par' dir='ltr' id='par_1_71' title="bbox 2163 846 3757 937">
     <span class='ocr_line' id='line_1_72' title="bbox 2163 846 3757 937; baseline -0.002 -16"><span class='ocrx_word' id='word_1_473' title='bbox 2163 865 2494 921; x_wconf 83' lang='lat' dir='ltr'><strong>certissimis</strong></span> <span class='ocrx_word' id='word_1_474' title='bbox 2531 884 2549 917; x_wconf 73' lang='grc' dir='ltr'><strong><em>ι</em></strong></span> <span class='ocrx_word' id='word_1_475' title='bbox 2580 866 2734 921; x_wconf 89' lang='lat' dir='ltr'><strong>inniti</strong></span> <span class='ocrx_word' id='word_1_476' title='bbox 2773 883 2791 916; x_wconf 72' lang='grc' dir='ltr'><strong><em>ι</em></strong></span> <span class='ocrx_word' id='word_1_477' title='bbox 2837 865 3170 937; x_wconf 87' lang='lat' dir='ltr'><strong>argumentis</strong></span> <span class='ocrx_word' id='word_1_478' title='bbox 3199 884 3244 918; x_wconf 72' lang='grc' dir='ltr'>ι.</span> <span class='ocrx_word' id='word_1_479' title='bbox 3749 846 3757 852; x_wconf 47' lang='grc'><em>’</em></span> 
     </span>
    </p>
   </div>
   <div class='ocr_carea' id='block_1_72' title="bbox 2242 956 3757 1028">
    <p class='ocr_par' dir='ltr' id='par_1_72' title="bbox 2242 956 3757 1028">
     <span class='ocr_line' id='line_1_73' title="bbox 2242 956 3757 1028; baseline -0.001 -16"><span class='ocrx_word' id='word_1_480' title='bbox 2242 956 2308 1012; x_wconf 87' lang='lat' dir='ltr'><strong>Hi</strong></span> <span class='ocrx_word' id='word_1_481' title='bbox 2356 956 2519 1028; x_wconf 83' lang='lat' dir='ltr'><strong>igitur</strong></span> <span class='ocrx_word' id='word_1_482' title='bbox 2574 957 2645 1012; x_wconf 88' lang='lat' dir='ltr'><strong>ita</strong></span> <span class='ocrx_word' id='word_1_483' title='bbox 2702 957 3079 1012; x_wconf 86' lang='lat' dir='ltr'><strong>contendunt:</strong></span> <span class='ocrx_word' id='word_1_484' title='bbox 3119 976 3137 1008; x_wconf 76' lang='grc' dir='ltr'><strong><em>ι</em></strong></span> <span class='ocrx_word' id='word_1_485' title='bbox 3175 956 3486 1012; x_wconf 89' lang='lat' dir='ltr'><strong>lliherniam</strong></span> <span class='ocrx_word' id='word_1_486' title='bbox 3529 956 3757 1013; x_wconf 85' lang='lat' dir='ltr'><strong>Joannis</strong></span> 
     </span>
    </p>
   </div>
   <div class='ocr_carea' id='block_1_73' title="bbox 2172 1049 3760 1128">
    <p class='ocr_par' dir='ltr' id='par_1_73' title="bbox 2172 1049 3760 1128">
     <span class='ocr_line' id='line_1_74' title="bbox 2172 1049 3760 1128; baseline 0.001 -25"><span class='ocrx_word' id='word_1_487' title='bbox 2172 1049 2344 1106; x_wconf 87' lang='lat' dir='ltr'><strong>nostri</strong></span> <span class='ocrx_word' id='word_1_488' title='bbox 2380 1049 2611 1128; x_wconf 82' lang='lat' dir='ltr'><strong>patriam</strong></span> <span class='ocrx_word' id='word_1_489' title='bbox 2642 1065 2786 1115; x_wconf 84' lang='lat' dir='ltr'><strong>esse,</strong></span> <span class='ocrx_word' id='word_1_490' title='bbox 2824 1059 3123 1121; x_wconf 83' lang='lat' dir='ltr'><strong>propterea</strong></span> <span class='ocrx_word' id='word_1_491' title='bbox 3166 1050 3312 1120; x_wconf 84' lang='lat' dir='ltr'><strong>quod</strong></span> <span class='ocrx_word' id='word_1_492' title='bbox 3361 1050 3507 1106; x_wconf 89' lang='lat' dir='ltr'><strong>nulla</strong></span> <span class='ocrx_word' id='word_1_493' title='bbox 3555 1049 3658 1105; x_wconf 93' lang='lat' dir='ltr'><strong>alia</strong></span> <span class='ocrx_word' id='word_1_494' title='bbox 3689 1050 3760 1105; x_wconf 88' lang='lat' dir='ltr'><strong>de</strong></span> 
     </span>
    </p>
   </div>
   <div class='ocr_carea' id='block_1_74' title="bbox 2170 1140 3760 1212">
    <p class='ocr_par' dir='ltr' id='par_1_74' title="bbox 2170 1140 3760 1212">
     <span class='ocr_line' id='line_1_75' title="bbox 2170 1140 3760 1212; baseline 0.002 -17"><span class='ocrx_word' id='word_1_495' title='bbox 2170 1155 2339 1196; x_wconf 89' lang='lat' dir='ltr'><strong>causa</strong></span> <span class='ocrx_word' id='word_1_496' title='bbox 2360 1140 2487 1195; x_wconf 77' lang='lat' dir='ltr'><strong>ﬁeri</strong></span> <span class='ocrx_word' id='word_1_497' title='bbox 2533 1141 2790 1210; x_wconf 85' lang='lat' dir='ltr'><strong>potuerit,</strong></span> <span class='ocrx_word' id='word_1_498' title='bbox 2816 1150 2876 1195; x_wconf 95' lang='lat' dir='ltr'><strong>ut</strong></span> <span class='ocrx_word' id='word_1_499' title='bbox 2902 1152 3198 1211; x_wconf 84' lang='lat' dir='ltr'><strong>cognomen</strong></span> <span class='ocrx_word' id='word_1_500' title='bbox 3226 1148 3439 1212; x_wconf 86' lang='lat' dir='ltr'><strong>gereret</strong></span> <span class='ocrx_word' id='word_1_501' title='bbox 3470 1140 3760 1212; x_wconf 77' lang='lat' dir='ltr'><strong>Erigonae,</strong></span> 
     </span>
    </p>
   </div>
   <div class='ocr_carea' id='block_1_75' title="bbox 2136 1228 3339 1305">
    <p class='ocr_par' dir='ltr' id='par_1_75' title="bbox 2136 1228 3339 1305">
     <span class='ocr_line' id='line_1_76' title="bbox 2136 1228 3339 1305; baseline 0.001 -19"><span class='ocrx_word' id='word_1_502' title='bbox 2136 1298 2137 1301; x_wconf 21' lang='grc' dir='ltr'><strong>η</strong></span> <span class='ocrx_word' id='word_1_503' title='bbox 2174 1232 2319 1302; x_wconf 86' lang='lat' dir='ltr'><strong>quod</strong></span> <span class='ocrx_word' id='word_1_504' title='bbox 2351 1232 2498 1287; x_wconf 36' lang='lat' dir='ltr'><strong>stt&#39;in</strong></span> <span class='ocrx_word' id='word_1_505' title='bbox 2529 1232 2658 1287; x_wconf 89' lang='lat' dir='ltr'><strong>Erin</strong></span> <span class='ocrx_word' id='word_1_506' title='bbox 2682 1232 2818 1302; x_wconf 89' lang='lat' dir='ltr'><strong>(sive</strong></span> <span class='ocrx_word' id='word_1_507' title='bbox 2839 1228 3119 1305; x_wconf 85' lang='lat' dir='ltr'><strong>Hibernia)</strong></span> <span class='ocrx_word' id='word_1_508' title='bbox 3148 1233 3258 1288; x_wconf 90' lang='lat' dir='ltr'><strong>nati</strong></span> <span class='ocrx_word' id='word_1_509' title='bbox 3294 1254 3339 1287; x_wconf 72' lang='grc' dir='ltr'>ι.</span> 
     </span>
    </p>
   </div>
   <div class='ocr_carea' id='block_1_76' title="bbox 2246 1321 3759 1396">
    <p class='ocr_par' dir='ltr' id='par_1_76' title="bbox 2246 1321 3759 1396">
     <span class='ocr_line' id='line_1_77' title="bbox 2246 1321 3759 1396; baseline 0.001 -19"><span class='ocrx_word' id='word_1_510' title='bbox 2246 1323 2434 1395; x_wconf 85' lang='lat' dir='ltr'><strong>Itaque</strong></span> <span class='ocrx_word' id='word_1_511' title='bbox 2461 1322 2528 1378; x_wconf 89' lang='lat' dir='ltr'><strong>ad</strong></span> <span class='ocrx_word' id='word_1_512' title='bbox 2556 1323 2787 1379; x_wconf 89' lang='lat' dir='ltr'><strong>alterum</strong></span> <span class='ocrx_word' id='word_1_513' title='bbox 2810 1321 3038 1379; x_wconf 84' lang='lat' dir='ltr'><strong>Joannis</strong></span> <span class='ocrx_word' id='word_1_514' title='bbox 3077 1325 3247 1380; x_wconf 90' lang='lat' dir='ltr'><strong>nostri</strong></span> <span class='ocrx_word' id='word_1_515' title='bbox 3274 1339 3596 1396; x_wconf 88' lang='lat' dir='ltr'><strong>cognomen,</strong></span> <span class='ocrx_word' id='word_1_516' title='bbox 3629 1339 3759 1395; x_wconf 89' lang='lat' dir='ltr'><strong>quo,</strong></span> 
     </span>
    </p>
   </div>
   <div class='ocr_carea' id='block_1_77' title="bbox 2176 1413 3771 1487">
    <p class='ocr_par' dir='ltr' id='par_1_77' title="bbox 2176 1413 3771 1487">
     <span class='ocr_line' id='line_1_78' title="bbox 2176 1413 3771 1487; baseline 0.001 -18"><span class='ocrx_word' id='word_1_517' title='bbox 2176 1414 2232 1470; x_wconf 89' lang='lat' dir='ltr'><strong>id</strong></span> <span class='ocrx_word' id='word_1_518' title='bbox 2256 1414 2401 1485; x_wconf 90' lang='lat' dir='ltr'><strong>quod</strong></span> <span class='ocrx_word' id='word_1_519' title='bbox 2440 1429 2603 1485; x_wconf 89' lang='lat' dir='ltr'><strong>supra</strong></span> <span class='ocrx_word' id='word_1_520' title='bbox 2628 1413 2742 1484; x_wconf 89' lang='lat' dir='ltr'><strong>jam</strong></span> <span class='ocrx_word' id='word_1_521' title='bbox 2774 1415 3106 1483; x_wconf 87' lang='lat' dir='ltr'><strong>monuimus,</strong></span> <span class='ocrx_word' id='word_1_522' title='bbox 3135 1416 3316 1487; x_wconf 89' lang='lat' dir='ltr'><strong>patria</strong></span> <span class='ocrx_word' id='word_1_523' title='bbox 3342 1414 3458 1485; x_wconf 90' lang='lat' dir='ltr'><strong>ejus</strong></span> <span class='ocrx_word' id='word_1_524' title='bbox 3480 1416 3771 1487; x_wconf 70' lang='lat' dir='ltr'><strong>signitice-</strong></span> 
     </span>
    </p>
   </div>
   <div class='ocr_carea' id='block_1_78' title="bbox 2180 1510 2859 1575">
    <p class='ocr_par' dir='ltr' id='par_1_78' title="bbox 2180 1510 2859 1575">
     <span class='ocr_line' id='line_1_79' title="bbox 2180 1510 2859 1575; baseline -0.001 -16"><span class='ocrx_word' id='word_1_525' title='bbox 2180 1512 2289 1569; x_wconf 91' lang='lat' dir='ltr'><strong>tur,</strong></span> <span class='ocrx_word' id='word_1_526' title='bbox 2329 1514 2646 1575; x_wconf 88' lang='lat' dir='ltr'><strong>perventum</strong></span> <span class='ocrx_word' id='word_1_527' title='bbox 2677 1514 2782 1561; x_wconf 87' lang='lat' dir='ltr'><strong>est.</strong></span> <span class='ocrx_word' id='word_1_528' title='bbox 2852 1510 2859 1517; x_wconf 90' lang='lat'><strong>&#39;</strong></span> 
     </span>
    </p>
   </div>
   <div class='ocr_carea' id='block_1_79' title="bbox 2249 1594 3764 1667">
    <p class='ocr_par' dir='ltr' id='par_1_79' title="bbox 2249 1594 3764 1667">
     <span class='ocr_line' id='line_1_80' title="bbox 2249 1594 3764 1667; baseline 0.001 -17"><span class='ocrx_word' id='word_1_529' title='bbox 2249 1594 2364 1650; x_wconf 88' lang='lat' dir='ltr'><strong>Hoc</strong></span> <span class='ocrx_word' id='word_1_530' title='bbox 2390 1604 2695 1667; x_wconf 83' lang='lat' dir='ltr'><strong>cognomen</strong></span> <span class='ocrx_word' id='word_1_531' title='bbox 2719 1594 2941 1663; x_wconf 83' lang='lat' dir='ltr'><strong>Joanni,</strong></span> <span class='ocrx_word' id='word_1_532' title='bbox 2995 1612 3119 1653; x_wconf 83' lang='lat' dir='ltr'><strong>cum</strong></span> <span class='ocrx_word' id='word_1_533' title='bbox 3158 1596 3611 1657; x_wconf 60' lang='lat' dir='ltr'><strong>omnm-omnino</strong></span> <span class='ocrx_word' id='word_1_534' title='bbox 3659 1596 3764 1653; x_wconf 83' lang='lat' dir='ltr'><strong>viri</strong></span> 
     </span>
    </p>
   </div>
   <div class='ocr_carea' id='block_1_80' title="bbox 2178 1685 3763 1757">
    <p class='ocr_par' dir='ltr' id='par_1_80' title="bbox 2178 1685 3763 1757">
     <span class='ocr_line' id='line_1_81' title="bbox 2178 1685 3763 1757; baseline 0.002 -16"><span class='ocrx_word' id='word_1_535' title='bbox 2178 1685 2325 1741; x_wconf 89' lang='lat' dir='ltr'><strong>docti</strong></span> <span class='ocrx_word' id='word_1_536' title='bbox 2351 1701 2521 1757; x_wconf 89' lang='lat' dir='ltr'><strong>usque</strong></span> <span class='ocrx_word' id='word_1_537' title='bbox 2549 1686 2617 1741; x_wconf 88' lang='lat' dir='ltr'><strong>ab</strong></span> <span class='ocrx_word' id='word_1_538' title='bbox 2646 1687 2884 1757; x_wconf 79' lang='lat' dir='ltr'><strong>antiquis</strong></span> <span class='ocrx_word' id='word_1_539' title='bbox 2933 1687 3265 1757; x_wconf 88' lang='lat' dir='ltr'><strong>temporibus</strong></span> <span class='ocrx_word' id='word_1_540' title='bbox 3306 1688 3409 1743; x_wconf 84' lang='lat' dir='ltr'><strong>hac</strong></span> <span class='ocrx_word' id='word_1_541' title='bbox 3431 1688 3498 1741; x_wconf 93' lang='lat' dir='ltr'><strong>de</strong></span> <span class='ocrx_word' id='word_1_542' title='bbox 3539 1702 3599 1744; x_wconf 87' lang='lat' dir='ltr'><strong>re</strong></span> <span class='ocrx_word' id='word_1_543' title='bbox 3628 1703 3763 1743; x_wconf 90' lang='lat' dir='ltr'><strong>con-</strong></span> 
     </span>
    </p>
   </div>
   <div class='ocr_carea' id='block_1_81' title="bbox 2180 1776 3766 1847">
    <p class='ocr_par' dir='ltr' id='par_1_81' title="bbox 2180 1776 3766 1847">
     <span class='ocr_line' id='line_1_82' title="bbox 2180 1776 3766 1847; baseline 0 -14"><span class='ocrx_word' id='word_1_544' title='bbox 2180 1776 2475 1842; x_wconf 88' lang='lat' dir='ltr'><strong>senserint,</strong></span> <span class='ocrx_word' id='word_1_545' title='bbox 2503 1792 2532 1829; x_wconf 91' lang='lat' dir='ltr'><strong>a</strong></span> <span class='ocrx_word' id='word_1_546' title='bbox 2567 1778 2743 1847; x_wconf 87' lang='lat' dir='ltr'><strong>patria</strong></span> <span class='ocrx_word' id='word_1_547' title='bbox 2793 1777 3023 1832; x_wconf 90' lang='lat' dir='ltr'><strong>inditum</strong></span> <span class='ocrx_word' id='word_1_548' title='bbox 3056 1778 3223 1833; x_wconf 89' lang='lat' dir='ltr'><strong>videri</strong></span> <span class='ocrx_word' id='word_1_549' title='bbox 3264 1779 3663 1844; x_wconf 83' lang='lat' dir='ltr'><strong>concedimus;</strong></span> <span class='ocrx_word' id='word_1_550' title='bbox 3697 1780 3766 1833; x_wconf 87' lang='lat' dir='ltr'><strong>ab</strong></span> 
     </span>
    </p>
   </div>
   <div class='ocr_carea' id='block_1_82' title="bbox 1559 1866 3794 1954">
    <p class='ocr_par' dir='ltr' id='par_1_82' title="bbox 1559 1866 3794 1954">
     <span class='ocr_line' id='line_1_83' title="bbox 1559 1866 3794 1954; baseline -0.007 -18"><span class='ocrx_word' id='word_1_551' title='bbox 1559 1896 1679 1954; x_wconf 57' lang='lat' dir='ltr'><strong>jam</strong></span> <span class='ocrx_word' id='word_1_552' title='bbox 1708 1866 1836 1953; x_wconf 63' lang='grc' dir='ltr'>γθιζο</span> <span class='ocrx_word' id='word_1_553' title='bbox 1864 1894 1930 1950; x_wconf 71' lang='lat' dir='ltr'><strong>de</strong></span> <span class='ocrx_word' id='word_1_554' title='bbox 1963 1892 2076 1948; x_wconf 68' lang='lat' dir='ltr'><strong>si“-</strong></span> <span class='ocrx_word' id='word_1_555' title='bbox 2105 1870 2150 1928; x_wconf 87' lang='lat' dir='ltr'><strong>B</strong></span> <span class='ocrx_word' id='word_1_556' title='bbox 2180 1866 2309 1922; x_wconf 87' lang='lat' dir='ltr'><strong>Erin</strong></span> <span class='ocrx_word' id='word_1_557' title='bbox 2337 1867 2513 1938; x_wconf 89' lang='lat' dir='ltr'><strong>patria</strong></span> <span class='ocrx_word' id='word_1_558' title='bbox 2562 1867 2613 1923; x_wconf 92' lang='lat' dir='ltr'><strong>id</strong></span> <span class='ocrx_word' id='word_1_559' title='bbox 2651 1868 2869 1925; x_wconf 89' lang='lat' dir='ltr'><strong>ductum</strong></span> <span class='ocrx_word' id='word_1_560' title='bbox 2897 1868 3066 1924; x_wconf 88' lang='lat' dir='ltr'><strong>videri</strong></span> <span class='ocrx_word' id='word_1_561' title='bbox 3112 1885 3371 1941; x_wconf 84' lang='lat' dir='ltr'><strong>negamus</strong></span> <span class='ocrx_word' id='word_1_562' title='bbox 3402 1896 3416 1924; x_wconf 70' lang='grc' dir='ltr'>ι</span> <span class='ocrx_word' id='word_1_563' title='bbox 3443 1871 3549 1925; x_wconf 87' lang='lat' dir='ltr'><strong>imo</strong></span> <span class='ocrx_word' id='word_1_564' title='bbox 3597 1886 3764 1940; x_wconf 88' lang='lat' dir='ltr'><strong>quum</strong></span> <span class='ocrx_word' id='word_1_565' title='bbox 3790 1889 3794 1899; x_wconf 89' lang='grc'>·</span> 
     </span>
    </p>
   </div>
   <div class='ocr_carea' id='block_1_83' title="bbox 2179 1950 3770 2032">
    <p class='ocr_par' dir='ltr' id='par_1_83' title="bbox 2179 1950 3770 2032">
     <span class='ocr_line' id='line_1_84' title="bbox 2179 1950 3770 2032; baseline 0 -17"><span class='ocrx_word' id='word_1_566' title='bbox 2179 1960 2286 2015; x_wconf 91' lang='lat' dir='ltr'><strong>duo</strong></span> <span class='ocrx_word' id='word_1_567' title='bbox 2308 1961 2490 2031; x_wconf 87' lang='lat' dir='ltr'><strong>priora</strong></span> <span class='ocrx_word' id='word_1_568' title='bbox 2515 1969 2831 2032; x_wconf 89' lang='lat' dir='ltr'><strong>argumenta</strong></span> <span class='ocrx_word' id='word_1_569' title='bbox 2858 1976 2965 2017; x_wconf 89' lang='lat' dir='ltr'><strong>non</strong></span> <span class='ocrx_word' id='word_1_570' title='bbox 3009 1963 3384 2027; x_wconf 79' lang='lat' dir='ltr'><strong>os:endcrent,</strong></span> <span class='ocrx_word' id='word_1_571' title='bbox 3415 1961 3680 2018; x_wconf 87' lang='lat' dir='ltr'><strong>Joannem</strong></span> <span class='ocrx_word' id='word_1_572' title='bbox 3710 1950 3770 2016; x_wconf 12' lang='lat' dir='ltr'><strong>in.</strong></span> 
     </span>
    </p>
   </div>
   <div class='ocr_carea' id='block_1_84' title="bbox 2180 2050 3763 2122">
    <p class='ocr_par' dir='ltr' id='par_1_84' title="bbox 2180 2050 3763 2122">
     <span class='ocr_line' id='line_1_85' title="bbox 2180 2050 3763 2122; baseline 0.001 -17"><span class='ocrx_word' id='word_1_573' title='bbox 2180 2050 2436 2106; x_wconf 84' lang='lat' dir='ltr'><strong>Hibernia</strong></span> <span class='ocrx_word' id='word_1_574' title='bbox 2479 2067 2598 2107; x_wconf 90' lang='lat' dir='ltr'><strong>esse</strong></span> <span class='ocrx_word' id='word_1_575' title='bbox 2632 2063 2842 2118; x_wconf 89' lang='lat' dir='ltr'><strong>natum,</strong></span> <span class='ocrx_word' id='word_1_576' title='bbox 2874 2052 2978 2108; x_wconf 86' lang='lat' dir='ltr'><strong>hoc</strong></span> <span class='ocrx_word' id='word_1_577' title='bbox 3006 2053 3187 2122; x_wconf 84' lang='lat' dir='ltr'><strong>potius</strong></span> <span class='ocrx_word' id='word_1_578' title='bbox 3235 2053 3445 2109; x_wconf 88' lang='lat' dir='ltr'><strong>ostendi</strong></span> <span class='ocrx_word' id='word_1_579' title='bbox 3489 2061 3763 2122; x_wconf 90' lang='lat' dir='ltr'><strong>putamus,</strong></span> 
     </span>
    </p>
   </div>
   <div class='ocr_carea' id='block_1_85' title="bbox 2179 2142 3764 2215">
    <p class='ocr_par' dir='ltr' id='par_1_85' title="bbox 2179 2142 3764 2215">
     <span class='ocr_line' id='line_1_86' title="bbox 2179 2142 3764 2215; baseline -0.001 -16"><span class='ocrx_word' id='word_1_580' title='bbox 2179 2160 2304 2200; x_wconf 87' lang='lat' dir='ltr'><strong>eum</strong></span> <span class='ocrx_word' id='word_1_581' title='bbox 2346 2159 2453 2198; x_wconf 87' lang='lat' dir='ltr'><strong>non</strong></span> <span class='ocrx_word' id='word_1_582' title='bbox 2502 2143 2554 2198; x_wconf 88' lang='lat' dir='ltr'><strong>in</strong></span> <span class='ocrx_word' id='word_1_583' title='bbox 2603 2142 2861 2200; x_wconf 81' lang='lat' dir='ltr'><strong>Hibernia</strong></span> <span class='ocrx_word' id='word_1_584' title='bbox 2896 2158 3016 2199; x_wconf 88' lang='lat' dir='ltr'><strong>esse</strong></span> <span class='ocrx_word' id='word_1_585' title='bbox 3058 2153 3245 2199; x_wconf 87' lang='lat' dir='ltr'><strong>natum</strong></span> <span class='ocrx_word' id='word_1_586' title='bbox 3273 2143 3323 2198; x_wconf 73' lang='grc'><strong>³⁵.</strong></span> <span class='ocrx_word' id='word_1_587' title='bbox 3354 2143 3487 2198; x_wconf 81' lang='lat' dir='ltr'><strong>Nam</strong></span> <span class='ocrx_word' id='word_1_588' title='bbox 3527 2143 3764 2215; x_wconf 85' lang='lat' dir='ltr'><strong>primum</strong></span> 
     </span>
    </p>
   </div>
   <div class='ocr_carea' id='block_1_86' title="bbox 2174 2234 3767 2307">
    <p class='ocr_par' dir='ltr' id='par_1_86' title="bbox 2174 2234 3767 2307">
     <span class='ocr_line' id='line_1_87' title="bbox 2174 2234 3767 2307; baseline -0.001 -18"><span class='ocrx_word' id='word_1_589' title='bbox 2174 2237 2296 2307; x_wconf 87' lang='lat' dir='ltr'><strong>jure</strong></span> <span class='ocrx_word' id='word_1_590' title='bbox 2348 2235 2586 2301; x_wconf 90' lang='lat' dir='ltr'><strong>mireris,</strong></span> <span class='ocrx_word' id='word_1_591' title='bbox 2639 2236 2731 2307; x_wconf 87' lang='lat' dir='ltr'><strong>qui</strong></span> <span class='ocrx_word' id='word_1_592' title='bbox 2786 2234 2989 2292; x_wconf 86' lang='lat' dir='ltr'><strong>factum</strong></span> <span class='ocrx_word' id='word_1_593' title='bbox 3024 2237 3115 2301; x_wconf 91' lang='lat' dir='ltr'><strong>sit,</strong></span> <span class='ocrx_word' id='word_1_594' title='bbox 3167 2245 3226 2291; x_wconf 85' lang='grc' dir='ltr'><strong>ιιι</strong></span> <span class='ocrx_word' id='word_1_595' title='bbox 3270 2237 3450 2307; x_wconf 90' lang='lat' dir='ltr'><strong>potius</strong></span> <span class='ocrx_word' id='word_1_596' title='bbox 3497 2235 3767 2291; x_wconf 88' lang='lat' dir='ltr'><strong>vocabulo</strong></span> 
     </span>
    </p>
   </div>
   <div class='ocr_carea' id='block_1_87' title="bbox 2181 2327 3768 2400">
    <p class='ocr_par' dir='ltr' id='par_1_87' title="bbox 2181 2327 3768 2400">
     <span class='ocr_line' id='line_1_88' title="bbox 2181 2327 3768 2400; baseline -0.002 -16"><span class='ocrx_word' id='word_1_597' title='bbox 2181 2328 2553 2384; x_wconf 87' lang='lat' dir='ltr'><strong>semibarbaro</strong></span> <span class='ocrx_word' id='word_1_598' title='bbox 2603 2328 2835 2400; x_wconf 86' lang='lat' dir='ltr'><strong>Erigeua</strong></span> <span class='ocrx_word' id='word_1_599' title='bbox 2890 2327 3192 2398; x_wconf 88' lang='lat' dir='ltr'><strong>appellatus</strong></span> <span class='ocrx_word' id='word_1_600' title='bbox 3243 2328 3346 2392; x_wconf 89' lang='lat' dir='ltr'><strong>sit,</strong></span> <span class='ocrx_word' id='word_1_601' title='bbox 3403 2342 3566 2396; x_wconf 91' lang='lat' dir='ltr'><strong>quam</strong></span> <span class='ocrx_word' id='word_1_602' title='bbox 3616 2340 3768 2382; x_wconf 84' lang='lat' dir='ltr'><strong>mere</strong></span> 
     </span>
    </p>
   </div>
   <div class='ocr_carea' id='block_1_88' title="bbox 2182 2418 3766 2488">
    <p class='ocr_par' dir='ltr' id='par_1_88' title="bbox 2182 2418 3766 2488">
     <span class='ocr_line' id='line_1_89' title="bbox 2182 2418 3766 2488; baseline -0.002 -14"><span class='ocrx_word' id='word_1_603' title='bbox 2182 2420 2351 2475; x_wconf 90' lang='lat' dir='ltr'><strong>latino</strong></span> <span class='ocrx_word' id='word_1_604' title='bbox 2378 2419 2759 2488; x_wconf 85' lang='lat' dir='ltr'><strong>Hibernigena.</strong></span> <span class='ocrx_word' id='word_1_605' title='bbox 2794 2420 3018 2482; x_wconf 80' lang='lat' dir='ltr'><strong>Deinde,</strong></span> <span class='ocrx_word' id='word_1_606' title='bbox 3047 2430 3105 2474; x_wconf 90' lang='lat' dir='ltr'><strong>ut</strong></span> <span class='ocrx_word' id='word_1_607' title='bbox 3124 2418 3236 2488; x_wconf 88' lang='lat' dir='ltr'><strong>jam</strong></span> <span class='ocrx_word' id='word_1_608' title='bbox 3262 2418 3455 2478; x_wconf 87' lang='lat' dir='ltr'><strong>Petrus</strong></span> <span class='ocrx_word' id='word_1_609' title='bbox 3480 2421 3546 2475; x_wconf 90' lang='lat' dir='ltr'><strong>de</strong></span> <span class='ocrx_word' id='word_1_610' title='bbox 3563 2418 3766 2484; x_wconf 81' lang='lat' dir='ltr'><strong>Marea,</strong></span> 
     </span>
    </p>
   </div>
   <div class='ocr_carea' id='block_1_89' title="bbox 2182 2510 3770 2581">
    <p class='ocr_par' dir='ltr' id='par_1_89' title="bbox 2182 2510 3770 2581">
     <span class='ocr_line' id='line_1_90' title="bbox 2182 2510 3770 2581; baseline -0.001 -15"><span class='ocrx_word' id='word_1_611' title='bbox 2182 2513 2267 2566; x_wconf 91' lang='lat' dir='ltr'><strong>vir</strong></span> <span class='ocrx_word' id='word_1_612' title='bbox 2312 2511 2692 2574; x_wconf 86' lang='lat' dir='ltr'><strong>doctissimus,</strong></span> <span class='ocrx_word' id='word_1_613' title='bbox 2750 2512 3192 2581; x_wconf 82' lang='lat' dir='ltr'><strong>arcltiepisc0pus</strong></span> <span class='ocrx_word' id='word_1_614' title='bbox 3238 2510 3595 2574; x_wconf 84' lang='lat' dir='ltr'><strong>Parisiensis,</strong></span> <span class='ocrx_word' id='word_1_615' title='bbox 3651 2510 3770 2564; x_wconf 88' lang='lat' dir='ltr'><strong>ani-</strong></span> 
     </span>
    </p>
   </div>
   <div class='ocr_carea' id='block_1_90' title="bbox 2186 2599 3768 2671">
    <p class='ocr_par' dir='ltr' id='par_1_90' title="bbox 2186 2599 3768 2671">
     <span class='ocr_line' id='line_1_91' title="bbox 2186 2599 3768 2671; baseline -0.002 -15"><span class='ocrx_word' id='word_1_616' title='bbox 2186 2600 2494 2664; x_wconf 88' lang='lat' dir='ltr'><strong>madvertit,</strong></span> <span class='ocrx_word' id='word_1_617' title='bbox 2549 2600 2617 2654; x_wconf 88' lang='lat' dir='ltr'><strong>ab</strong></span> <span class='ocrx_word' id='word_1_618' title='bbox 2658 2599 2784 2654; x_wconf 88' lang='lat' dir='ltr'><strong>Erin</strong></span> <span class='ocrx_word' id='word_1_619' title='bbox 2845 2601 3070 2656; x_wconf 70' lang='lat' dir='ltr'><strong>fon-tutari</strong></span> <span class='ocrx_word' id='word_1_620' title='bbox 3122 2602 3306 2656; x_wconf 86' lang='lat' dir='ltr'><strong>debuit</strong></span> <span class='ocrx_word' id='word_1_621' title='bbox 3357 2618 3460 2656; x_wconf 85' lang='lat' dir='ltr'><strong>non</strong></span> <span class='ocrx_word' id='word_1_622' title='bbox 3511 2601 3768 2671; x_wconf 83' lang='lat' dir='ltr'><strong>Erigena,</strong></span> 
     </span>
    </p>
   </div>
   <div class='ocr_carea' id='block_1_91' title="bbox 2186 2688 3771 2763">
    <p class='ocr_par' dir='ltr' id='par_1_91' title="bbox 2186 2688 3771 2763">
     <span class='ocr_line' id='line_1_92' title="bbox 2186 2688 3771 2763; baseline -0.001 -16"><span class='ocrx_word' id='word_1_623' title='bbox 2186 2691 2279 2747; x_wconf 89' lang='lat' dir='ltr'><strong>sed</strong></span> <span class='ocrx_word' id='word_1_624' title='bbox 2310 2688 2615 2760; x_wconf 80' lang='lat' dir='ltr'><strong>Erinigena.</strong></span> <span class='ocrx_word' id='word_1_625' title='bbox 2661 2690 2799 2746; x_wconf 90' lang='lat' dir='ltr'><strong>Sunt</strong></span> <span class='ocrx_word' id='word_1_626' title='bbox 2845 2691 3085 2763; x_wconf 83' lang='lat' dir='ltr'><strong>quidem,</strong></span> <span class='ocrx_word' id='word_1_627' title='bbox 3133 2692 3224 2762; x_wconf 89' lang='lat' dir='ltr'><strong>qui</strong></span> <span class='ocrx_word' id='word_1_628' title='bbox 3274 2692 3479 2756; x_wconf 83' lang='lat' dir='ltr'><strong>dicunt,</strong></span> <span class='ocrx_word' id='word_1_629' title='bbox 3504 2689 3771 2747; x_wconf 90' lang='lat' dir='ltr'><strong>Joannem</strong></span> 
     </span>
    </p>
   </div>
   <div class='ocr_carea' id='block_1_92' title="bbox 2185 2783 3779 2859">
    <p class='ocr_par' dir='ltr' id='par_1_92' title="bbox 2185 2783 3779 2859">
     <span class='ocr_line' id='line_1_93' title="bbox 2185 2783 3779 2859; baseline 0.001 -21"><span class='ocrx_word' id='word_1_630' title='bbox 2185 2784 2347 2839; x_wconf 87' lang='lat' dir='ltr'><strong>etiam</strong></span> <span class='ocrx_word' id='word_1_631' title='bbox 2377 2784 2701 2859; x_wconf 85' lang='lat' dir='ltr'><strong>Eringenam</strong></span> <span class='ocrx_word' id='word_1_632' title='bbox 2742 2783 3065 2856; x_wconf 88' lang='lat' dir='ltr'><strong>appellatum</strong></span> <span class='ocrx_word' id='word_1_633' title='bbox 3119 2798 3262 2850; x_wconf 88' lang='lat' dir='ltr'><strong>esse,</strong></span> <span class='ocrx_word' id='word_1_634' title='bbox 3313 2784 3408 2840; x_wconf 91' lang='lat' dir='ltr'><strong>sed</strong></span> <span class='ocrx_word' id='word_1_635' title='bbox 3459 2784 3651 2840; x_wconf 88' lang='lat' dir='ltr'><strong>borum</strong></span> <span class='ocrx_word' id='word_1_636' title='bbox 3680 2783 3779 2839; x_wconf 89' lang='lat' dir='ltr'><strong>de-</strong></span> 
     </span>
    </p>
   </div>
   <div class='ocr_carea' id='block_1_93' title="bbox 2187 2862 3772 2944">
    <p class='ocr_par' dir='ltr' id='par_1_93' title="bbox 2187 2862 3772 2944">
     <span class='ocr_line' id='line_1_94' title="bbox 2187 2862 3772 2944; baseline 0 -16"><span class='ocrx_word' id='word_1_637' title='bbox 2187 2862 2395 2928; x_wconf 85' lang='lat' dir='ltr'><strong>cretum</strong></span> <span class='ocrx_word' id='word_1_638' title='bbox 2439 2875 2586 2929; x_wconf 82' lang='lat' dir='ltr'><strong>omni</strong></span> <span class='ocrx_word' id='word_1_639' title='bbox 2632 2875 2957 2929; x_wconf 90' lang='lat' dir='ltr'><strong>auctoritate</strong></span> <span class='ocrx_word' id='word_1_640' title='bbox 2987 2884 3160 2937; x_wconf 88' lang='lat' dir='ltr'><strong>caret,</strong></span> <span class='ocrx_word' id='word_1_641' title='bbox 3191 2889 3355 2944; x_wconf 92' lang='lat' dir='ltr'><strong>quum</strong></span> <span class='ocrx_word' id='word_1_642' title='bbox 3389 2881 3516 2928; x_wconf 83' lang='lat' dir='ltr'><strong>ante</strong></span> <span class='ocrx_word' id='word_1_643' title='bbox 3549 2871 3772 2928; x_wconf 82' lang='lat' dir='ltr'><strong>Trithe-</strong></span> 
     </span>
    </p>
   </div>
   <div class='ocr_carea' id='block_1_94' title="bbox 2188 2964 3777 3036">
    <p class='ocr_par' dir='ltr' id='par_1_94' title="bbox 2188 2964 3777 3036">
     <span class='ocr_line' id='line_1_95' title="bbox 2188 2964 3777 3036; baseline -0.001 -17"><span class='ocrx_word' id='word_1_644' title='bbox 2188 2964 2380 3030; x_wconf 90' lang='lat' dir='ltr'><strong>mium,</strong></span> <span class='ocrx_word' id='word_1_645' title='bbox 2437 2967 2580 3036; x_wconf 90' lang='lat' dir='ltr'><strong>quod</strong></span> <span class='ocrx_word' id='word_1_646' title='bbox 2632 2981 2731 3021; x_wconf 91' lang='lat' dir='ltr'><strong>nos</strong></span> <span class='ocrx_word' id='word_1_647' title='bbox 2788 2964 3005 3036; x_wconf 89' lang='lat' dir='ltr'><strong>quidem</strong></span> <span class='ocrx_word' id='word_1_648' title='bbox 3061 2964 3447 3030; x_wconf 87' lang='lat' dir='ltr'><strong>invenerimus,</strong></span> <span class='ocrx_word' id='word_1_649' title='bbox 3500 2978 3661 3019; x_wconf 87' lang='lat' dir='ltr'><strong>nemo</strong></span> <span class='ocrx_word' id='word_1_650' title='bbox 3707 2965 3777 3021; x_wconf 82' lang='lat' dir='ltr'><strong>de</strong></span> 
     </span>
    </p>
   </div>
   <div class='ocr_carea' id='block_1_95' title="bbox 2189 3053 3837 3130">
    <p class='ocr_par' dir='ltr' id='par_1_95' title="bbox 2189 3053 3837 3130">
     <span class='ocr_line' id='line_1_96' title="bbox 2189 3053 3837 3130; baseline -0.005 -18"><span class='ocrx_word' id='word_1_651' title='bbox 2189 3057 2458 3130; x_wconf 85' lang='lat' dir='ltr'><strong>Eringena</strong></span> <span class='ocrx_word' id='word_1_652' title='bbox 2508 3057 2721 3114; x_wconf 88' lang='lat' dir='ltr'><strong>locutus</strong></span> <span class='ocrx_word' id='word_1_653' title='bbox 2784 3057 2877 3121; x_wconf 86' lang='lat' dir='ltr'><strong>sit,</strong></span> <span class='ocrx_word' id='word_1_654' title='bbox 2937 3064 2993 3111; x_wconf 88' lang='lat' dir='ltr'><strong>et</strong></span> <span class='ocrx_word' id='word_1_655' title='bbox 3047 3072 3114 3111; x_wconf 72' lang='lat' dir='ltr'><strong>ex</strong></span> <span class='ocrx_word' id='word_1_656' title='bbox 3168 3055 3375 3110; x_wconf 84' lang='lat' dir='ltr'><strong>Thema</strong></span> <span class='ocrx_word' id='word_1_657' title='bbox 3426 3053 3592 3111; x_wconf 84' lang='lat' dir='ltr'><strong>Galeo</strong></span> <span class='ocrx_word' id='word_1_658' title='bbox 3640 3056 3778 3110; x_wconf 83' lang='lat' dir='ltr'><strong>satis</strong></span> <span class='ocrx_word' id='word_1_659' title='bbox 3828 3096 3837 3103; x_wconf 80' lang='lat'><strong>.</strong></span> 
     </span>
    </p>
   </div>
   <div class='ocr_carea' id='block_1_96' title="bbox 2190 3147 3777 3220">
    <p class='ocr_par' dir='ltr' id='par_1_96' title="bbox 2190 3147 3777 3220">
     <span class='ocr_line' id='line_1_97' title="bbox 2190 3147 3777 3220; baseline -0.001 -16"><span class='ocrx_word' id='word_1_660' title='bbox 2190 3159 2424 3217; x_wconf 89' lang='lat' dir='ltr'><strong>constet,</strong></span> <span class='ocrx_word' id='word_1_661' title='bbox 2490 3148 2755 3205; x_wconf 88' lang='lat' dir='ltr'><strong>Joannem</strong></span> <span class='ocrx_word' id='word_1_662' title='bbox 2823 3149 3221 3219; x_wconf 75' lang='lat' dir='ltr'><strong>antiquissimis</strong></span> <span class='ocrx_word' id='word_1_663' title='bbox 3285 3147 3616 3220; x_wconf 85' lang='lat' dir='ltr'><strong>temporibus</strong></span> <span class='ocrx_word' id='word_1_664' title='bbox 3670 3147 3777 3202; x_wconf 90' lang='lat' dir='ltr'><strong>nisi</strong></span> 
     </span>
    </p>
   </div>
   <div class='ocr_carea' id='block_1_97' title="bbox 2119 3227 3779 3311">
    <p class='ocr_par' dir='ltr' id='par_1_97' title="bbox 2119 3227 3779 3311">
     <span class='ocr_line' id='line_1_98' title="bbox 2119 3227 3779 3311; baseline -0.001 -18"><span class='ocrx_word' id='word_1_665' title='bbox 2119 3227 2163 3288; x_wconf 89' lang='lat' dir='ltr'><strong>C</strong></span> <span class='ocrx_word' id='word_1_666' title='bbox 2195 3239 2482 3311; x_wconf 86' lang='lat' dir='ltr'><strong>Erigenam</strong></span> <span class='ocrx_word' id='word_1_667' title='bbox 2535 3240 2619 3295; x_wconf 88' lang='lat' dir='ltr'><strong>vel</strong></span> <span class='ocrx_word' id='word_1_668' title='bbox 2667 3240 2830 3296; x_wconf 88' lang='lat' dir='ltr'><strong>etiam</strong></span> <span class='ocrx_word' id='word_1_669' title='bbox 2897 3239 3223 3310; x_wconf 85' lang='lat' dir='ltr'><strong>Eriugenam</strong></span> <span class='ocrx_word' id='word_1_670' title='bbox 3287 3239 3611 3310; x_wconf 86' lang='lat' dir='ltr'><strong>appellatum</strong></span> <span class='ocrx_word' id='word_1_671' title='bbox 3666 3253 3779 3293; x_wconf 85' lang='lat' dir='ltr'><strong>non</strong></span> 
     </span>
    </p>
   </div>
   <div class='ocr_carea' id='block_1_98' title="bbox 2195 3336 3776 3412">
    <p class='ocr_par' dir='ltr' id='par_1_98' title="bbox 2195 3336 3776 3412">
     <span class='ocr_line' id='line_1_99' title="bbox 2195 3336 3776 3412; baseline -0.003 -17"><span class='ocrx_word' id='word_1_672' title='bbox 2195 3355 2313 3395; x_wconf 90' lang='lat' dir='ltr'><strong>esse</strong></span> <span class='ocrx_word' id='word_1_673' title='bbox 2344 3339 2443 3412; x_wconf 84' lang='grc' dir='ltr'><strong>(Ιι).</strong></span> <span class='ocrx_word' id='word_1_674' title='bbox 2473 3336 2894 3395; x_wconf 65' lang='grc' dir='ltr'><strong>Νωπτιιοῐηθδ</strong></span> <span class='ocrx_word' id='word_1_675' title='bbox 2938 3337 3137 3411; x_wconf 84' lang='lat' dir='ltr'><strong>Galeus</strong></span> <span class='ocrx_word' id='word_1_676' title='bbox 3185 3338 3221 3392; x_wconf 94' lang='lat' dir='ltr'><strong>l.</strong></span> <span class='ocrx_word' id='word_1_677' title='bbox 3281 3337 3319 3392; x_wconf 92' lang='lat' dir='ltr'><strong>l.</strong></span> <span class='ocrx_word' id='word_1_678' title='bbox 3379 3340 3515 3394; x_wconf 83' lang='lat' dir='ltr'><strong>haec</strong></span> <span class='ocrx_word' id='word_1_679' title='bbox 3560 3336 3776 3392; x_wconf 87' lang='lat' dir='ltr'><strong>habet:</strong></span> 
     </span>
    </p>
   </div>
   <div class='ocr_carea' id='block_1_99' title="bbox 2199 3422 3782 3503">
    <p class='ocr_par' dir='ltr' id='par_1_99' title="bbox 2199 3422 3782 3503">
     <span class='ocr_line' id='line_1_100' title="bbox 2199 3422 3782 3503; baseline 0.001 -18"><span class='ocrx_word' id='word_1_680' title='bbox 2199 3450 2220 3485; x_wconf 70' lang='grc' dir='ltr'><strong><em>ι</em></strong></span> <span class='ocrx_word' id='word_1_681' title='bbox 2260 3430 2462 3489; x_wconf 89' lang='lat' dir='ltr'><strong>Omnes</strong></span> <span class='ocrx_word' id='word_1_682' title='bbox 2506 3433 2723 3489; x_wconf 86' lang='lat' dir='ltr'><strong>codices</strong></span> <span class='ocrx_word' id='word_1_683' title='bbox 2771 3450 2899 3490; x_wconf 89' lang='lat' dir='ltr'><strong>mss.</strong></span> <span class='ocrx_word' id='word_1_684' title='bbox 2957 3449 3066 3488; x_wconf 91' lang='lat' dir='ltr'><strong>uno</strong></span> <span class='ocrx_word' id='word_1_685' title='bbox 3109 3433 3266 3503; x_wconf 90' lang='lat' dir='ltr'><strong>quasi</strong></span> <span class='ocrx_word' id='word_1_686' title='bbox 3297 3449 3392 3489; x_wconf 89' lang='lat' dir='ltr'><strong>ore</strong></span> <span class='ocrx_word' id='word_1_687' title='bbox 3435 3441 3489 3488; x_wconf 92' lang='lat' dir='ltr'><strong>et</strong></span> <span class='ocrx_word' id='word_1_688' title='bbox 3517 3422 3782 3503; x_wconf 83' lang='lat' dir='ltr'><strong>perpetuo</strong></span> 
     </span>
    </p>
   </div>
   <div class='ocr_carea' id='block_1_100' title="bbox 2194 3520 3782 3595">
    <p class='ocr_par' dir='ltr' id='par_1_100' title="bbox 2194 3520 3782 3595">
     <span class='ocr_line' id='line_1_101' title="bbox 2194 3520 3782 3595; baseline 0.001 -20"><span class='ocrx_word' id='word_1_689' title='bbox 2194 3538 2325 3592; x_wconf 91' lang='lat' dir='ltr'><strong>prae</strong></span> <span class='ocrx_word' id='word_1_690' title='bbox 2345 3537 2404 3578; x_wconf 91' lang='lat' dir='ltr'><strong>se</strong></span> <span class='ocrx_word' id='word_1_691' title='bbox 2432 3522 2611 3579; x_wconf 82' lang='lat' dir='ltr'><strong>ferunt</strong></span> <span class='ocrx_word' id='word_1_692' title='bbox 2636 3532 2729 3578; x_wconf 90' lang='lat' dir='ltr'><strong>aut</strong></span> <span class='ocrx_word' id='word_1_693' title='bbox 2754 3524 3040 3595; x_wconf 90' lang='lat' dir='ltr'><strong>Erigenam</strong></span> <span class='ocrx_word' id='word_1_694' title='bbox 3071 3530 3166 3577; x_wconf 91' lang='lat' dir='ltr'><strong>aut</strong></span> <span class='ocrx_word' id='word_1_695' title='bbox 3193 3521 3518 3593; x_wconf 82' lang='lat' dir='ltr'><strong>Eringenam</strong></span> <span class='ocrx_word' id='word_1_696' title='bbox 3552 3542 3571 3576; x_wconf 74' lang='grc' dir='ltr'><strong><em>ι</em></strong></span> <span class='ocrx_word' id='word_1_697' title='bbox 3604 3520 3672 3557; x_wconf 60' lang='grc'><strong>⁸*</strong></span> <span class='ocrx_word' id='word_1_698' title='bbox 3700 3529 3782 3587; x_wconf 89' lang='lat' dir='ltr'><strong>et,</strong></span> 
     </span>
    </p>
   </div>
   <div class='ocr_carea' id='block_1_101' title="bbox 2204 3608 3785 3686">
    <p class='ocr_par' dir='ltr' id='par_1_101' title="bbox 2204 3608 3785 3686">
     <span class='ocr_line' id='line_1_102' title="bbox 2204 3608 3785 3686; baseline 0 -20"><span class='ocrx_word' id='word_1_699' title='bbox 2204 3634 2223 3666; x_wconf 72' lang='grc' dir='ltr'><strong><em>ι</em></strong></span> <span class='ocrx_word' id='word_1_700' title='bbox 2258 3615 2471 3684; x_wconf 86' lang='lat' dir='ltr'><strong>saepius</strong></span> <span class='ocrx_word' id='word_1_701' title='bbox 2496 3615 2549 3670; x_wconf 91' lang='lat' dir='ltr'><strong>in</strong></span> <span class='ocrx_word' id='word_1_702' title='bbox 2580 3613 2815 3686; x_wconf 89' lang='lat' dir='ltr'><strong>antiquis</strong></span> <span class='ocrx_word' id='word_1_703' title='bbox 2856 3608 3010 3670; x_wconf 88' lang='lat' dir='ltr'><strong>libris</strong></span> <span class='ocrx_word' id='word_1_704' title='bbox 3045 3614 3311 3684; x_wconf 83' lang='lat' dir='ltr'><strong>Eriugena</strong></span> <span class='ocrx_word' id='word_1_705' title='bbox 3362 3613 3583 3676; x_wconf 90' lang='lat' dir='ltr'><strong>dicitur,</strong></span> <span class='ocrx_word' id='word_1_706' title='bbox 3615 3627 3785 3684; x_wconf 84' lang='lat' dir='ltr'><strong>quam</strong></span> 
     </span>
    </p>
   </div>
   <div class='ocr_carea' id='block_1_102' title="bbox 2196 3700 3783 3777">
    <p class='ocr_par' dir='ltr' id='par_1_102' title="bbox 2196 3700 3783 3777">
     <span class='ocr_line' id='line_1_103' title="bbox 2196 3700 3783 3777; baseline -0.001 -16"><span class='ocrx_word' id='word_1_707' title='bbox 2196 3705 2465 3777; x_wconf 84' lang='lat' dir='ltr'><strong>Erigena;</strong></span> <span class='ocrx_word' id='word_1_708' title='bbox 2509 3719 2660 3763; x_wconf 88' lang='lat' dir='ltr'><strong>certe</strong></span> <span class='ocrx_word' id='word_1_709' title='bbox 2709 3708 2763 3761; x_wconf 91' lang='lat' dir='ltr'><strong>in</strong></span> <span class='ocrx_word' id='word_1_710' title='bbox 2809 3707 2996 3761; x_wconf 86' lang='lat' dir='ltr'><strong>codice</strong></span> <span class='ocrx_word' id='word_1_711' title='bbox 3024 3705 3244 3760; x_wconf 88' lang='lat' dir='ltr'><strong>ultimae</strong></span> <span class='ocrx_word' id='word_1_712' title='bbox 3296 3704 3658 3775; x_wconf 88' lang='lat' dir='ltr'><strong>antiquitatis,</strong></span> <span class='ocrx_word' id='word_1_713' title='bbox 3688 3700 3783 3774; x_wconf 90' lang='lat' dir='ltr'><strong>qui</strong></span> 
     </span>
    </p>
   </div>
   <div class='ocr_carea' id='block_1_103' title="bbox 2196 3794 3786 3866">
    <p class='ocr_par' dir='ltr' id='par_1_103' title="bbox 2196 3794 3786 3866">
     <span class='ocr_line' id='line_1_104' title="bbox 2196 3794 3786 3866; baseline -0.001 -15"><span class='ocrx_word' id='word_1_714' title='bbox 2196 3812 2340 3852; x_wconf 90' lang='lat' dir='ltr'><strong>nunc</strong></span> <span class='ocrx_word' id='word_1_715' title='bbox 2385 3805 2638 3852; x_wconf 90' lang='lat' dir='ltr'><strong>servatur</strong></span> <span class='ocrx_word' id='word_1_716' title='bbox 2691 3797 2745 3852; x_wconf 91' lang='lat' dir='ltr'><strong>in</strong></span> <span class='ocrx_word' id='word_1_717' title='bbox 2820 3796 3070 3852; x_wconf 89' lang='lat' dir='ltr'><strong>biblioth.</strong></span> <span class='ocrx_word' id='word_1_718' title='bbox 3123 3795 3337 3866; x_wconf 86' lang='lat' dir='ltr'><strong>collegii</strong></span> <span class='ocrx_word' id='word_1_719' title='bbox 3388 3794 3447 3850; x_wconf 90' lang='lat' dir='ltr'><strong>S.</strong></span> <span class='ocrx_word' id='word_1_720' title='bbox 3500 3794 3786 3850; x_wconf 82' lang='lat' dir='ltr'><strong>Trinitatis</strong></span> 
     </span>
    </p>
   </div>
   <div class='ocr_carea' id='block_1_104' title="bbox 2195 3887 3789 3959">
    <p class='ocr_par' dir='ltr' id='par_1_104' title="bbox 2195 3887 3789 3959">
     <span class='ocr_line' id='line_1_105' title="bbox 2195 3887 3789 3959; baseline -0.001 -16"><span class='ocrx_word' id='word_1_721' title='bbox 2195 3887 2476 3953; x_wconf 90' lang='lat' dir='ltr'><strong>Cantabr.,</strong></span> <span class='ocrx_word' id='word_1_722' title='bbox 2535 3903 2643 3959; x_wconf 91' lang='lat' dir='ltr'><strong>quo</strong></span> <span class='ocrx_word' id='word_1_723' title='bbox 2709 3904 2838 3944; x_wconf 88' lang='lat' dir='ltr'><strong>usus</strong></span> <span class='ocrx_word' id='word_1_724' title='bbox 2886 3897 2971 3944; x_wconf 84' lang='lat' dir='ltr'><strong>est</strong></span> <span class='ocrx_word' id='word_1_725' title='bbox 3023 3888 3277 3944; x_wconf 88' lang='lat' dir='ltr'><strong>Usserius</strong></span> <span class='ocrx_word' id='word_1_726' title='bbox 3326 3888 3706 3942; x_wconf 83' lang='lat' dir='ltr'><strong>Armachanus</strong></span> <span class='ocrx_word' id='word_1_727' title='bbox 3732 3894 3789 3941; x_wconf 89' lang='lat' dir='ltr'><strong>et</strong></span> 
     </span>
    </p>
   </div>
   <div class='ocr_carea' id='block_1_105' title="bbox 2195 3980 3786 4054">
    <p class='ocr_par' dir='ltr' id='par_1_105' title="bbox 2195 3980 3786 4054">
     <span class='ocr_line' id='line_1_106' title="bbox 2195 3980 3786 4054; baseline -0.001 -17"><span class='ocrx_word' id='word_1_728' title='bbox 2195 3996 2295 4054; x_wconf 89' lang='lat' dir='ltr'><strong>ego</strong></span> <span class='ocrx_word' id='word_1_729' title='bbox 2333 3997 2569 4053; x_wconf 90' lang='lat' dir='ltr'><strong>quoque,</strong></span> <span class='ocrx_word' id='word_1_730' title='bbox 2614 3981 2871 4038; x_wconf 89' lang='lat' dir='ltr'><strong>scribitur</strong></span> <span class='ocrx_word' id='word_1_731' title='bbox 2918 3983 3209 4053; x_wconf 80' lang='lat' dir='ltr'><strong>Eriugena,</strong></span> <span class='ocrx_word' id='word_1_732' title='bbox 3262 3997 3369 4037; x_wconf 90' lang='lat' dir='ltr'><strong>non</strong></span> <span class='ocrx_word' id='word_1_733' title='bbox 3423 3981 3678 4052; x_wconf 86' lang='lat' dir='ltr'><strong>Erigena.</strong></span> <span class='ocrx_word' id='word_1_734' title='bbox 3703 3980 3786 4036; x_wconf 82' lang='lat' dir='ltr'><strong>ita</strong></span> 
     </span>
    </p>
   </div>
   <div class='ocr_carea' id='block_1_106' title="bbox 2195 4068 3783 4147">
    <p class='ocr_par' dir='ltr' id='par_1_106' title="bbox 2195 4068 3783 4147">
     <span class='ocr_line' id='line_1_107' title="bbox 2195 4068 3783 4147; baseline 0 -17"><span class='ocrx_word' id='word_1_735' title='bbox 2195 4088 2409 4147; x_wconf 83' lang='lat' dir='ltr'><strong>quoque</strong></span> <span class='ocrx_word' id='word_1_736' title='bbox 2434 4072 2702 4131; x_wconf 82' lang='lat' dir='ltr'><strong>Suii‘ridus</strong></span> <span class='ocrx_word' id='word_1_737' title='bbox 2740 4074 2907 4141; x_wconf 91' lang='lat' dir='ltr'><strong>Petri,</strong></span> <span class='ocrx_word' id='word_1_738' title='bbox 2941 4075 3015 4130; x_wconf 90' lang='lat' dir='ltr'><strong>ita</strong></span> <span class='ocrx_word' id='word_1_739' title='bbox 3048 4077 3100 4131; x_wconf 89' lang='lat' dir='ltr'><strong>in</strong></span> <span class='ocrx_word' id='word_1_740' title='bbox 3135 4076 3247 4131; x_wconf 90' lang='lat' dir='ltr'><strong>suis</strong></span> <span class='ocrx_word' id='word_1_741' title='bbox 3275 4068 3471 4145; x_wconf 89' lang='lat' dir='ltr'><strong>reperit</strong></span> <span class='ocrx_word' id='word_1_742' title='bbox 3496 4074 3783 4146; x_wconf 80' lang='lat' dir='ltr'><strong>Dionysius</strong></span> 
     </span>
    </p>
   </div>
   <div class='ocr_carea' id='block_1_107' title="bbox 2194 4165 3781 4239">
    <p class='ocr_par' dir='ltr' id='par_1_107' title="bbox 2194 4165 3781 4239">
     <span class='ocr_line' id='line_1_108' title="bbox 2194 4165 3781 4239; baseline -0.001 -17"><span class='ocrx_word' id='word_1_743' title='bbox 2194 4167 2468 4233; x_wconf 87' lang='lat' dir='ltr'><strong>Petavius,</strong></span> <span class='ocrx_word' id='word_1_744' title='bbox 2492 4168 2565 4222; x_wconf 90' lang='lat' dir='ltr'><strong>ita</strong></span> <span class='ocrx_word' id='word_1_745' title='bbox 2596 4165 2871 4239; x_wconf 90' lang='lat' dir='ltr'><strong>Philippus</strong></span> <span class='ocrx_word' id='word_1_746' title='bbox 2897 4166 3145 4223; x_wconf 86' lang='lat' dir='ltr'><strong>Labbcus</strong></span> <span class='ocrx_word' id='word_1_747' title='bbox 3184 4187 3228 4222; x_wconf 73' lang='grc' dir='ltr'>ι.</span> <span class='ocrx_word' id='word_1_748' title='bbox 3270 4167 3497 4223; x_wconf 87' lang='lat' dir='ltr'><strong>Constat</strong></span> <span class='ocrx_word' id='word_1_749' title='bbox 3547 4166 3781 4236; x_wconf 89' lang='lat' dir='ltr'><strong>denique</strong></span> 
     </span>
    </p>
   </div>
   <div class='ocr_carea' id='block_1_108' title="bbox 2194 4257 3784 4329">
    <p class='ocr_par' dir='ltr' id='par_1_108' title="bbox 2194 4257 3784 4329">
     <span class='ocr_line' id='line_1_109' title="bbox 2194 4257 3784 4329; baseline -0.002 -15"><span class='ocrx_word' id='word_1_750' title='bbox 2194 4259 2340 4314; x_wconf 89' lang='lat' dir='ltr'><strong>inter</strong></span> <span class='ocrx_word' id='word_1_751' title='bbox 2359 4274 2569 4324; x_wconf 88' lang='lat' dir='ltr'><strong>omnes,</strong></span> <span class='ocrx_word' id='word_1_752' title='bbox 2592 4259 2772 4314; x_wconf 90' lang='lat' dir='ltr'><strong>Nostri</strong></span> <span class='ocrx_word' id='word_1_753' title='bbox 2797 4259 3126 4329; x_wconf 89' lang='lat' dir='ltr'><strong>temporibus</strong></span> <span class='ocrx_word' id='word_1_754' title='bbox 3149 4258 3410 4329; x_wconf 86' lang='lat' dir='ltr'><strong>plurimos</strong></span> <span class='ocrx_word' id='word_1_755' title='bbox 3430 4273 3497 4313; x_wconf 78' lang='lat' dir='ltr'><strong>ex</strong></span> <span class='ocrx_word' id='word_1_756' title='bbox 3524 4257 3784 4315; x_wconf 85' lang='lat' dir='ltr'><strong>Hibernia</strong></span> 
     </span>
    </p>
   </div>
   <div class='ocr_carea' id='block_1_109' title="bbox 2195 4347 3783 4421">
    <p class='ocr_par' dir='ltr' id='par_1_109' title="bbox 2195 4347 3783 4421">
     <span class='ocr_line' id='line_1_110' title="bbox 2195 4347 3783 4421; baseline -0.002 -16"><span class='ocrx_word' id='word_1_757' title='bbox 2195 4349 2250 4421; x_wconf 81' lang='lat' dir='ltr'><strong>in</strong></span> <span class='ocrx_word' id='word_1_758' title='bbox 2280 4347 2508 4405; x_wconf 87' lang='lat' dir='ltr'><strong>Galliam</strong></span> <span class='ocrx_word' id='word_1_759' title='bbox 2557 4349 2774 4403; x_wconf 89' lang='lat' dir='ltr'><strong>venisse</strong></span> <span class='ocrx_word' id='word_1_760' title='bbox 2798 4347 2960 4413; x_wconf 81' lang='lat' dir='ltr'><strong>viros,</strong></span> <span class='ocrx_word' id='word_1_761' title='bbox 2999 4349 3276 4404; x_wconf 79' lang='lat' dir='ltr'><strong>doctrinae</strong></span> <span class='ocrx_word' id='word_1_762' title='bbox 3302 4349 3460 4404; x_wconf 83' lang='lat' dir='ltr'><strong>laude</strong></span> <span class='ocrx_word' id='word_1_763' title='bbox 3488 4347 3783 4403; x_wconf 87' lang='lat' dir='ltr'><strong>admodum</strong></span> 
     </span>
    </p>
   </div>
   <div class='ocr_carea' id='block_1_110' title="bbox 2194 4439 3786 4513">
    <p class='ocr_par' dir='ltr' id='par_1_110' title="bbox 2194 4439 3786 4513">
     <span class='ocr_line' id='line_1_111' title="bbox 2194 4439 3786 4513; baseline -0.001 -16"><span class='ocrx_word' id='word_1_764' title='bbox 2194 4439 2468 4507; x_wconf 86' lang='lat' dir='ltr'><strong>ﬂorentes,</strong></span> <span class='ocrx_word' id='word_1_765' title='bbox 2492 4456 2592 4497; x_wconf 92' lang='lat' dir='ltr'><strong>nec</strong></span> <span class='ocrx_word' id='word_1_766' title='bbox 2628 4451 2807 4497; x_wconf 79' lang='lat' dir='ltr'><strong>tamen</strong></span> <span class='ocrx_word' id='word_1_767' title='bbox 2850 4441 3014 4498; x_wconf 90' lang='lat' dir='ltr'><strong>ullum</strong></span> <span class='ocrx_word' id='word_1_768' title='bbox 3066 4442 3322 4513; x_wconf 88' lang='lat' dir='ltr'><strong>reperies,</strong></span> <span class='ocrx_word' id='word_1_769' title='bbox 3359 4441 3451 4511; x_wconf 90' lang='lat' dir='ltr'><strong>qui</strong></span> <span class='ocrx_word' id='word_1_770' title='bbox 3484 4440 3786 4512; x_wconf 83' lang='lat' dir='ltr'><strong>appellatus</strong></span> 
     </span>
    </p>
   </div>
   <div class='ocr_carea' id='block_1_111' title="bbox 2197 4532 3787 4609">
    <p class='ocr_par' dir='ltr' id='par_1_111' title="bbox 2197 4532 3787 4609">
     <span class='ocr_line' id='line_1_112' title="bbox 2197 4532 3787 4609; baseline -0.003 -18"><span class='ocrx_word' id='word_1_771' title='bbox 2197 4537 2270 4591; x_wconf 92' lang='lat' dir='ltr'><strong>sit</strong></span> <span class='ocrx_word' id='word_1_772' title='bbox 2305 4536 2572 4609; x_wconf 88' lang='lat' dir='ltr'><strong>Erigena;</strong></span> <span class='ocrx_word' id='word_1_773' title='bbox 2603 4551 2795 4592; x_wconf 88' lang='lat' dir='ltr'><strong>omnes</strong></span> <span class='ocrx_word' id='word_1_774' title='bbox 2840 4536 2955 4594; x_wconf 90' lang='lat' dir='ltr'><strong>sive</strong></span> <span class='ocrx_word' id='word_1_775' title='bbox 3002 4534 3173 4602; x_wconf 91' lang='lat' dir='ltr'><strong>Scoti,</strong></span> <span class='ocrx_word' id='word_1_776' title='bbox 3219 4535 3332 4590; x_wconf 91' lang='lat' dir='ltr'><strong>sive</strong></span> <span class='ocrx_word' id='word_1_777' title='bbox 3377 4532 3625 4600; x_wconf 86' lang='lat' dir='ltr'><strong>Hiberni,</strong></span> <span class='ocrx_word' id='word_1_778' title='bbox 3671 4533 3787 4587; x_wconf 84' lang='lat' dir='ltr'><strong>sive</strong></span> 
     </span>
    </p>
   </div>
   <div class='ocr_carea' id='block_1_112' title="bbox 2197 4681 3787 4764">
    <p class='ocr_par' dir='ltr' id='par_1_112' title="bbox 2197 4681 3787 4764">
     <span class='ocr_line' id='line_1_113' title="bbox 2197 4681 3787 4764; baseline -0.006 -16"><span class='ocrx_word' id='word_1_779' title='bbox 2197 4692 2421 4763; x_wconf 85' lang='lat' dir='ltr'><strong>opponit</strong></span> <span class='ocrx_word' id='word_1_780' title='bbox 2469 4711 2488 4744; x_wconf 84' lang='grc'><em>‹</em></span> <span class='ocrx_word' id='word_1_781' title='bbox 2526 4708 2678 4747; x_wconf 86' lang='lat' dir='ltr'><strong>suam</strong></span> <span class='ocrx_word' id='word_1_782' title='bbox 2710 4691 2888 4764; x_wconf 87' lang='lat' dir='ltr'><strong>ipsius</strong></span> <span class='ocrx_word' id='word_1_783' title='bbox 2911 4681 3273 4764; x_wconf 73' lang='lat' dir='ltr'><strong>eloquentiam</strong></span> <span class='ocrx_word' id='word_1_784' title='bbox 3303 4686 3560 4745; x_wconf 87' lang='lat' dir='ltr'><strong>Celticam</strong></span> <span class='ocrx_word' id='word_1_785' title='bbox 3597 4705 3647 4751; x_wconf 73' lang='grc' dir='ltr'><strong>ι,</strong></span> <span class='ocrx_word' id='word_1_786' title='bbox 3690 4683 3787 4755; x_wconf 86' lang='lat' dir='ltr'><strong>qui</strong></span> 
     </span>
    </p>
   </div>
   <div class='ocr_carea' id='block_1_113' title="bbox 2203 4761 3077 4833">
    <p class='ocr_par' dir='ltr' id='par_1_113' title="bbox 2203 4761 3077 4833">
     <span class='ocr_line' id='line_1_114' title="bbox 2203 4761 3077 4833; baseline -0.002 -16"><span class='ocrx_word' id='word_1_787' title='bbox 2203 4761 2402 4830; x_wconf 80' lang='lat' dir='ltr'><strong>tamen,</strong></span> <span class='ocrx_word' id='word_1_788' title='bbox 2430 4770 2491 4818; x_wconf 92' lang='lat' dir='ltr'><strong>ut</strong></span> <span class='ocrx_word' id='word_1_789' title='bbox 2520 4764 2637 4833; x_wconf 86' lang='lat' dir='ltr'><strong>ipse</strong></span> <span class='ocrx_word' id='word_1_790' title='bbox 2663 4761 2819 4818; x_wconf 55' lang='lat' dir='ltr'><strong>de&#39;se</strong></span> <span class='ocrx_word' id='word_1_791' title='bbox 2843 4763 2943 4824; x_wconf 89' lang='lat' dir='ltr'><strong>ait,</strong></span> <span class='ocrx_word' id='word_1_792' title='bbox 2974 4761 3077 4815; x_wconf 79' lang='lat' dir='ltr'><strong>fuit</strong></span> 
     </span>
    </p>
   </div>
   <div class='ocr_carea' id='block_1_114' title="bbox 2402 4835 3581 4906">
    <p class='ocr_par' dir='ltr' id='par_1_114' title="bbox 2402 4835 3581 4906">
     <span class='ocr_line' id='line_1_115' title="bbox 2402 4835 3581 4906; baseline -0.004 -14"><span class='ocrx_word' id='word_1_793' title='bbox 2402 4842 2644 4906; x_wconf 83' lang='lat' dir='ltr'><strong>Hesperia</strong></span> <span class='ocrx_word' id='word_1_794' title='bbox 2670 4845 2885 4905; x_wconf 83' lang='lat' dir='ltr'><strong>geultus,</strong></span> <span class='ocrx_word' id='word_1_795' title='bbox 2906 4840 3069 4894; x_wconf 78' lang='lat' dir='ltr'><strong>Celtas</strong></span> <span class='ocrx_word' id='word_1_796' title='bbox 3097 4839 3341 4906; x_wconf 77' lang='lat' dir='ltr'><strong>deductus</strong></span> <span class='ocrx_word' id='word_1_797' title='bbox 3364 4845 3418 4889; x_wconf 87' lang='lat' dir='ltr'><strong>et</strong></span> <span class='ocrx_word' id='word_1_798' title='bbox 3440 4835 3581 4888; x_wconf 75' lang='lat' dir='ltr'><strong>altos.</strong></span> 
     </span>
    </p>
   </div>
   <div class='ocr_carea' id='block_1_115' title="bbox 2201 4913 3783 4990">
    <p class='ocr_par' dir='ltr' id='par_1_115' title="bbox 2201 4913 3783 4990">
     <span class='ocr_line' id='line_1_116' title="bbox 2201 4913 3783 4990; baseline -0.007 -8"><span class='ocrx_word' id='word_1_799' title='bbox 2201 4924 2285 4983; x_wconf 78' lang='lat' dir='ltr'><strong>Cf.</strong></span> <span class='ocrx_word' id='word_1_800' title='bbox 2314 4922 2454 4979; x_wconf 77' lang='lat' dir='ltr'><strong>Hist.</strong></span> <span class='ocrx_word' id='word_1_801' title='bbox 2478 4924 2579 4978; x_wconf 78' lang='lat' dir='ltr'><strong>litt.</strong></span> <span class='ocrx_word' id='word_1_802' title='bbox 2604 4924 2667 4977; x_wconf 86' lang='lat' dir='ltr'><strong>de</strong></span> <span class='ocrx_word' id='word_1_803' title='bbox 2696 4922 2748 4976; x_wconf 85' lang='lat' dir='ltr'><strong>la</strong></span> <span class='ocrx_word' id='word_1_804' title='bbox 2770 4919 2998 4982; x_wconf 77' lang='lat' dir='ltr'><strong>France.</strong></span> <span class='ocrx_word' id='word_1_805' title='bbox 3029 4931 3160 4975; x_wconf 89' lang='lat' dir='ltr'><strong>tom.</strong></span> <span class='ocrx_word' id='word_1_806' title='bbox 3193 4921 3255 4987; x_wconf 84' lang='lat' dir='ltr'><strong>V,</strong></span> <span class='ocrx_word' id='word_1_807' title='bbox 3293 4934 3347 4990; x_wconf 88' lang='lat' dir='ltr'><strong>p.</strong></span> <span class='ocrx_word' id='word_1_808' title='bbox 3371 4918 3478 4974; x_wconf 72' lang='grc'><strong>240</strong></span> <span class='ocrx_word' id='word_1_809' title='bbox 3503 4926 3559 4974; x_wconf 85' lang='lat' dir='ltr'><strong>et</strong></span> <span class='ocrx_word' id='word_1_810' title='bbox 3579 4913 3783 4972; x_wconf 78' lang='lat' dir='ltr'><strong>Mabiii.</strong></span> 
     </span>
    </p>
   </div>
   <div class='ocr_carea' id='block_1_116' title="bbox 2202 4990 3153 5065">
    <p class='ocr_par' dir='ltr' id='par_1_116' title="bbox 2202 4990 3153 5065">
     <span class='ocr_line' id='line_1_117' title="bbox 2202 4990 3153 5065; baseline -0.005 -14"><span class='ocrx_word' id='word_1_811' title='bbox 2202 4995 2395 5065; x_wconf 84' lang='lat' dir='ltr'><strong>Annal.</strong></span> <span class='ocrx_word' id='word_1_812' title='bbox 2429 4994 2636 5065; x_wconf 61' lang='lat' dir='ltr'><strong>Bcned.</strong></span> <span class='ocrx_word' id='word_1_813' title='bbox 2650 5003 2796 5065; x_wconf 17' lang='lat' dir='ltr'><strong>item.</strong></span> <span class='ocrx_word' id='word_1_814' title='bbox 2823 4991 2912 5058; x_wconf 90' lang='grc'><strong>111,</strong></span> <span class='ocrx_word' id='word_1_815' title='bbox 2941 5007 2995 5062; x_wconf 86' lang='lat' dir='ltr'><strong>p.</strong></span> <span class='ocrx_word' id='word_1_816' title='bbox 3026 4990 3081 5046; x_wconf 86' lang='lat'><strong>6.</strong></span> <span class='ocrx_word' id='word_1_817' title='bbox 3150 5060 3153 5065; x_wconf 26' lang='grc' dir='ltr'><strong>η</strong></span> 
     </span>
    </p>
   </div>
   <div class='ocr_carea' id='block_1_117' title="bbox 2302 5063 2684 5135">
    <p class='ocr_par' dir='ltr' id='par_1_117' title="bbox 2302 5063 2684 5135">
     <span class='ocr_line' id='line_1_118' title="bbox 2302 5063 2684 5135; baseline -0.008 -16"><span class='ocrx_word' id='word_1_818' title='bbox 2302 5064 2348 5135; x_wconf 74' lang='grc' dir='ltr'><strong>ε)</strong></span> <span class='ocrx_word' id='word_1_819' title='bbox 2378 5064 2434 5119; x_wconf 87' lang='grc' dir='ltr'><strong>1η</strong></span> <span class='ocrx_word' id='word_1_820' title='bbox 2461 5065 2591 5135; x_wconf 85' lang='lat' dir='ltr'><strong>Cap.</strong></span> <span class='ocrx_word' id='word_1_821' title='bbox 2620 5063 2684 5135; x_wconf 89' lang='lat' dir='ltr'><strong>H.</strong></span> 
     </span>
    </p>
   </div>
   <div class='ocr_carea' id='block_1_118' title="bbox 2303 5128 3786 5208">
    <p class='ocr_par' dir='ltr' id='par_1_118' title="bbox 2303 5128 3786 5208">
     <span class='ocr_line' id='line_1_119' title="bbox 2303 5128 3786 5208; baseline -0.008 -16"><span class='ocrx_word' id='word_1_822' title='bbox 2303 5128 2353 5208; x_wconf 62' lang='grc' dir='ltr'><strong>Γ)</strong></span> <span class='ocrx_word' id='word_1_823' title='bbox 2381 5135 2470 5208; x_wconf 77' lang='lat' dir='ltr'><strong>Cf.</strong></span> <span class='ocrx_word' id='word_1_824' title='bbox 2496 5128 2772 5208; x_wconf 49' lang='lat' dir='ltr'><strong>ﬁngam.</strong></span> <span class='ocrx_word' id='word_1_825' title='bbox 2802 5132 2837 5208; x_wconf 87' lang='lat' dir='ltr'><strong>l_.</strong></span> <span class='ocrx_word' id='word_1_826' title='bbox 2869 5133 3060 5208; x_wconf 76' lang='lat' dir='ltr'><strong>l._test.</strong></span> <span class='ocrx_word' id='word_1_827' title='bbox 3093 5147 3148 5203; x_wconf 86' lang='lat' dir='ltr'><strong>p.</strong></span> <span class='ocrx_word' id='word_1_828' title='bbox 3182 5131 3410 5208; x_wconf 85' lang='lat' dir='ltr'><strong>6._Erici</strong></span> <span class='ocrx_word' id='word_1_829' title='bbox 3446 5128 3584 5186; x_wconf 83' lang='lat' dir='ltr'><strong>liber</strong></span> <span class='ocrx_word' id='word_1_830' title='bbox 3607 5134 3786 5184; x_wconf 76' lang='lat' dir='ltr'><strong>exstat</strong></span> 
     </span>
    </p>
   </div>
   <div class='ocr_carea' id='block_1_119' title="bbox 2209 5202 3276 5263">
    <p class='ocr_par' dir='ltr' id='par_1_119' title="bbox 2209 5202 3276 5263">
     <span class='ocr_line' id='line_1_120' title="bbox 2209 5202 3276 5263; baseline -0.005 -1"><span class='ocrx_word' id='word_1_831' title='bbox 2209 5208 2261 5263; x_wconf 87' lang='lat' dir='ltr'><strong>in</strong></span> <span class='ocrx_word' id='word_1_832' title='bbox 2289 5202 2354 5261; x_wconf 67' lang='grc' dir='ltr'><strong>Ι).</strong></span> <span class='ocrx_word' id='word_1_833' title='bbox 2380 5205 2582 5260; x_wconf 86' lang='lat' dir='ltr'><strong>Labbei</strong></span> <span class='ocrx_word' id='word_1_834' title='bbox 2615 5204 2867 5258; x_wconf 82' lang='lat' dir='ltr'><strong>Biblioth.</strong></span> <span class='ocrx_word' id='word_1_835' title='bbox 2906 5204 3033 5259; x_wconf 83' lang='lat' dir='ltr'><strong>Mss.</strong></span> <span class='ocrx_word' id='word_1_836' title='bbox 3070 5212 3201 5257; x_wconf 86' lang='lat' dir='ltr'><strong>tom.</strong></span> <span class='ocrx_word' id='word_1_837' title='bbox 3234 5202 3276 5257; x_wconf 92' lang='lat' dir='ltr'><strong>l.</strong></span> 
     </span>
    </p>
   </div>
   <div class='ocr_carea' id='block_1_120' title="bbox 2280 5267 3787 5350">
    <p class='ocr_par' dir='ltr' id='par_1_120' title="bbox 2280 5267 3787 5350">
     <span class='ocr_line' id='line_1_121' title="bbox 2280 5267 3787 5350; baseline -0.008 -18"><span class='ocrx_word' id='word_1_838' title='bbox 2280 5277 2352 5350; x_wconf 70' lang='grc' dir='ltr'><strong>(θ)</strong></span> <span class='ocrx_word' id='word_1_839' title='bbox 2383 5276 2466 5350; x_wconf 85' lang='lat' dir='ltr'><strong>Cl‘.</strong></span> <span class='ocrx_word' id='word_1_840' title='bbox 2496 5274 2555 5329; x_wconf 84' lang='lat' dir='ltr'><strong>J.</strong></span> <span class='ocrx_word' id='word_1_841' title='bbox 2591 5273 2732 5329; x_wconf 81' lang='lat' dir='ltr'><strong>Scati</strong></span> <span class='ocrx_word' id='word_1_842' title='bbox 2777 5273 2923 5350; x_wconf 75' lang='lat' dir='ltr'><strong>Erig.</strong></span> <span class='ocrx_word' id='word_1_843' title='bbox 2950 5271 3145 5350; x_wconf 85' lang='lat' dir='ltr'><strong>de</strong></span> <span class='ocrx_word' id='word_1_844' title='bbox 3181 5270 3311 5326; x_wconf 83' lang='lat' dir='ltr'><strong>Nat.</strong></span> <span class='ocrx_word' id='word_1_845' title='bbox 3355 5272 3477 5350; x_wconf 62' lang='lat' dir='ltr'><strong>Libri</strong></span> <span class='ocrx_word' id='word_1_846' title='bbox 3612 5267 3787 5350; x_wconf 60' lang='lat' dir='ltr'><strong>Editio</strong></span> 
     </span>
    </p>
   </div>
   <div class='ocr_carea' id='block_1_121' title="bbox 2209 5339 3785 5419">
    <p class='ocr_par' dir='ltr' id='par_1_121' title="bbox 2209 5339 3785 5419">
     <span class='ocr_line' id='line_1_122' title="bbox 2209 5339 3785 5419; baseline -0.008 -16"><span class='ocrx_word' id='word_1_847' title='bbox 2209 5339 2474 5419; x_wconf 57' lang='lat' dir='ltr'><strong>“cognita</strong></span> <span class='ocrx_word' id='word_1_848' title='bbox 2551 5355 2598 5400; x_wconf 86' lang='lat' dir='ltr'><strong>et</strong></span> <span class='ocrx_word' id='word_1_849' title='bbox 2666 5339 2960 5419; x_wconf 51' lang='lat' dir='ltr'><strong>engenda&#39;ta.</strong></span> <span class='ocrx_word' id='word_1_850' title='bbox 3047 5341 3281 5396; x_wconf 77' lang='lat' dir='ltr'><strong>Momm.</strong></span> <span class='ocrx_word' id='word_1_851' title='bbox 3348 5339 3785 5414; x_wconf 81' lang='lat' dir='ltr'><strong>Guestpltalorum</strong></span> 
     </span>
    </p>
   </div>
   <div class='ocr_carea' id='block_1_122' title="bbox 2213 5414 2779 5483">
    <p class='ocr_par' dir='ltr' id='par_1_122' title="bbox 2213 5414 2779 5483">
     <span class='ocr_line' id='line_1_123' title="bbox 2213 5414 2779 5483; baseline -0.018 -9"><span class='ocrx_word' id='word_1_852' title='bbox 2213 5414 2614 5474; x_wconf 70' lang='lat' dir='ltr'><strong>uncécxxxvttt,</strong></span> <span class='ocrx_word' id='word_1_853' title='bbox 2645 5429 2696 5483; x_wconf 91' lang='lat' dir='ltr'><strong>p.</strong></span> <span class='ocrx_word' id='word_1_854' title='bbox 2726 5414 2779 5483; x_wconf 22' lang='lat'><strong>34.</strong></span> 
     </span>
    </p>
   </div>
   <div class='ocr_carea' id='block_1_123' title="bbox 2287 5480 3352 5561">
    <p class='ocr_par' dir='ltr' id='par_1_123' title="bbox 2287 5480 3352 5561">
     <span class='ocr_line' id='line_1_124' title="bbox 2287 5480 3352 5561; baseline -0.002 -21"><span class='ocrx_word' id='word_1_855' title='bbox 2287 5489 2363 5561; x_wconf 78' lang='lat' dir='ltr'><strong>(It)</strong></span> <span class='ocrx_word' id='word_1_856' title='bbox 2387 5486 2473 5543; x_wconf 79' lang='lat' dir='ltr'><strong>Cl‘.</strong></span> <span class='ocrx_word' id='word_1_857' title='bbox 2508 5480 2704 5539; x_wconf 79' lang='lat' dir='ltr'><strong>Thom.</strong></span> <span class='ocrx_word' id='word_1_858' title='bbox 2735 5480 2890 5537; x_wconf 85' lang='lat' dir='ltr'><strong>Gale.</strong></span> <span class='ocrx_word' id='word_1_859' title='bbox 2921 5482 2957 5536; x_wconf 91' lang='lat' dir='ltr'><strong>l.</strong></span> <span class='ocrx_word' id='word_1_860' title='bbox 2986 5482 3024 5536; x_wconf 92' lang='grc'><strong>1.</strong></span> <span class='ocrx_word' id='word_1_861' title='bbox 3053 5489 3179 5538; x_wconf 88' lang='lat' dir='ltr'><strong>test.</strong></span> <span class='ocrx_word' id='word_1_862' title='bbox 3209 5497 3265 5553; x_wconf 90' lang='lat' dir='ltr'><strong>p.</strong></span> <span class='ocrx_word' id='word_1_863' title='bbox 3297 5480 3352 5538; x_wconf 90' lang='lat'><strong>9.</strong></span> 
     </span>
    </p>
   </div>
   <div class='ocr_carea' id='block_1_124' title="bbox 2214 5618 3785 5681">
    <p class='ocr_par' dir='ltr' id='par_1_124' title="bbox 2214 5618 3785 5681">
     <span class='ocr_line' id='line_1_125' title="bbox 2214 5618 3785 5681; baseline -0.006 -2"><span class='ocrx_word' id='word_1_864' title='bbox 2214 5624 2485 5681; x_wconf 83' lang='lat' dir='ltr'><strong>videntur.</strong></span> <span class='ocrx_word' id='word_1_865' title='bbox 2513 5619 2595 5678; x_wconf 78' lang='lat' dir='ltr'><strong>Cf.</strong></span> <span class='ocrx_word' id='word_1_866' title='bbox 2639 5618 2966 5675; x_wconf 81' lang='lat' dir='ltr'><strong>Prooemium</strong></span> <span class='ocrx_word' id='word_1_867' title='bbox 3012 5628 3277 5675; x_wconf 90' lang='lat' dir='ltr'><strong>nostrum.</strong></span> <span class='ocrx_word' id='word_1_868' title='bbox 3321 5618 3591 5676; x_wconf 71' lang='lat' dir='ltr'><strong>ANIIADV.</strong></span> <span class='ocrx_word' id='word_1_869' title='bbox 3629 5619 3785 5673; x_wconf 83' lang='lat' dir='ltr'><strong>EDIT.</strong></span> 
     </span>
    </p>
   </div>
   <div class='ocr_carea' id='block_1_125' title="bbox 2264 5687 3790 5761">
    <p class='ocr_par' dir='ltr' id='par_1_125' title="bbox 2264 5687 3790 5761">
     <span class='ocr_line' id='line_1_126' title="bbox 2264 5687 3790 5761; baseline -0.001 -17"><span class='ocrx_word' id='word_1_870' title='bbox 2264 5697 2356 5730; x_wconf 60' lang='grc' dir='ltr'>Ἥ</span> <span class='ocrx_word' id='word_1_871' title='bbox 2391 5696 2490 5748; x_wconf 84' lang='lat' dir='ltr'><strong>Vix</strong></span> <span class='ocrx_word' id='word_1_872' title='bbox 2516 5690 2858 5761; x_wconf 81' lang='lat' dir='ltr'><strong>crediderim,</strong></span> <span class='ocrx_word' id='word_1_873' title='bbox 2905 5692 3182 5761; x_wconf 81' lang='lat' dir='ltr'><strong>codicibus</strong></span> <span class='ocrx_word' id='word_1_874' title='bbox 3205 5692 3445 5761; x_wconf 86' lang='lat' dir='ltr'><strong>antiquis</strong></span> <span class='ocrx_word' id='word_1_875' title='bbox 3471 5691 3574 5761; x_wconf 89' lang='lat' dir='ltr'><strong>legi</strong></span> <span class='ocrx_word' id='word_1_876' title='bbox 3597 5687 3790 5761; x_wconf 18' lang='lat' dir='ltr'><strong>‘Erigc-</strong></span> 
     </span>
    </p>
   </div>
   <div class='ocr_carea' id='block_1_126' title="bbox 2226 5758 3786 5858">
    <p class='ocr_par' dir='ltr' id='par_1_126' title="bbox 2226 5758 3786 5858">
     <span class='ocr_line' id='line_1_127' title="bbox 2226 5758 3786 5858; baseline -0.002 -39"><span class='ocrx_word' id='word_1_877' title='bbox 2226 5781 2369 5858; x_wconf 60' lang='lat' dir='ltr'><strong>pan}.</strong></span> <span class='ocrx_word' id='word_1_878' title='bbox 2399 5763 2534 5846; x_wconf 61' lang='lat' dir='ltr'><strong>Quid</strong></span> <span class='ocrx_word' id='word_1_879' title='bbox 2568 5760 2804 5838; x_wconf 71' lang='lat' dir='ltr'><strong>codices,</strong></span> <span class='ocrx_word' id='word_1_880' title='bbox 2847 5762 2983 5828; x_wconf 84' lang='lat' dir='ltr'><strong>quos</strong></span> <span class='ocrx_word' id='word_1_881' title='bbox 2996 5759 3112 5831; x_wconf 79' lang='lat' dir='ltr'><strong>ipsi</strong></span> <span class='ocrx_word' id='word_1_882' title='bbox 3142 5758 3459 5831; x_wconf 82' lang='lat' dir='ltr'><strong>evolvimus,</strong></span> <span class='ocrx_word' id='word_1_883' title='bbox 3486 5758 3786 5830; x_wconf 56' lang='lat' dir='ltr'><strong>piol‘erani.</strong></span> 
     </span>
    </p>
   </div>
  </div>
