4036 5706
243 350 280 404 5
1084 340 1170 395 DE
1207 339 1363 395 VITA
1405 339 1491 395 ET
1533 337 1934 395 Pl‘tdﬁCEPllS
1971 337 2017 393 J.
2060 340 2276 396 SCOTI.
2306 341 2573 397 -—P.\RS
2612 343 2650 398 I.
3460 352 3497 405 ϐ

244 457 660 522 Scuto-Hiberni
700 454 1038 511 dicebantur.
1069 455 1258 510 Ericns
1303 455 1522 524 quidem
1561 453 1823 509 Antissio-
1854 461 1899 520 Λ
1928 469 2068 524 quae
2093 455 2308 524 quidem
2334 456 2499 512 dictio
2529 473 2718 525 parum
2747 457 3022 530 discrepat
3038 460 3108 516 ab
3129 463 3363 535 Eriugcn
3381 466 3452 537 (ε)
3477 471 3508 502 ⁸

241 552 492 611 dorensis
511 551 581 606 ad
611 549 865 605 Carolum
897 547 1122 604 Calvum
1150 547 1224 601 ita
1253 547 1444 602 scribit
1473 545 1546 616 (α)
1585 563 1598 599 :
1635 566 1651 597 ι
1688 545 1825 612 Quid

240 644 554 711 Hiberniam
599 654 917 702 memorem,
947 647 1257 708 contempto
1285 638 1457 708 pelagi
1489 637 1825 702 discriminc,

239 754 375 809 perte
402 745 518 792 toto
541 749 664 790 eum
687 747 850 802 grege
878 731 1316 801 philosophorum
1343 731 1410 786 ad
1435 729 1612 786 littora
1645 740 1824 784 nostra

239 829 564 898 litigi-autem
605 825 661 877 »ε
696 823 897 878 Eadem
925 822 991 878 de
1036 836 1095 876 re
1135 821 1345 877 consuli
1384 829 1560 891 potest
1593 819 1828 876 .lacobus

237 919 518 981 Usserius,
541 915 920 978 Armacltanus
939 914 1400 984 archiepiscopus,
1418 913 1470 966 in
1495 912 1827 982 praefatione

237 1016 304 1070 ad
331 1013 688 1086 epistolarmn
719 1010 1130 1066 llibernicarum
1159 1008 1398 1080 syllogen
1424 1025 1438 1061 :
1473 1007 1654 1078 plures
1678 1012 1824 1061 enim

236 1107 390 1162 lticce
441 1105 523 1158 vir
579 1103 922 1158 doctissimus
974 1108 1220 1156 recenset
1271 1099 1556 1162 Hibernos,
1601 1098 1693 1166 qui
1733 1113 1830 1167 per

232 1197 414 1253 Caroli
445 1196 648 1266 Magni,
676 1194 854 1249 Caroli
899 1193 1070 1256 Calvi,
1113 1191 1315 1246 Alfredi
1361 1189 1539 1262 Magni
1587 1201 1825 1259 tempora

233 1290 484 1345 doctrina
518 1295 859 1359 praestantes
886 1286 1187 1340 innotuere.
1210 1283 1312 1350 Qui
1345 1299 1471 1337 vero
1497 1283 1565 1338 ob
1595 1283 1826 1351 patriam

231 1380 552 1436 Hiberniam
605 1378 832 1449 Erigeua
875 1376 1284 1447 cognominatus
1315 1375 1407 1441 sit,
1443 1375 1694 1430 inventus
1738 1382 1828 1428 est

231 1487 416 1526 neruo.

304 1562 684 1617 (lenissimum
735 1560 901 1631 igitur
943 1574 1062 1614 esse
1092 1549 1365 1628 putamus,
1405 1555 1667 1613 Joannem
1718 1572 1826 1612 non

228 1654 358 1708 ideo
409 1668 534 1708 esse
581 1651 1024 1722 cognominatum
1077 1650 1386 1721 Erigenam,
1441 1658 1500 1704 ut
1559 1649 1826 1704 indicetur

233 1762 255 1795 ‹
297 1743 366 1798 ab
401 1743 531 1797 Erin
559 1743 774 1813 genitus
806 1762 823 1793 ι
856 1743 957 1810 (Ιι),
987 1741 1080 1798 sed
1107 1756 1405 1812 cognomen
1438 1739 1701 1810 Erigenae
1723 1740 1824 1810 ipsi

1931 547 2011 618 (et
2031 557 2311 603 contracto
2341 548 2592 620 Ergone).
2619 547 2739 605 Jam
2769 558 2878 605 tota
2904 561 3048 607 terra
3073 554 3142 610 ab
3163 555 3294 623 ipsis
3317 556 3508 615 Wallis

1929 640 2206 698 modernis
2251 642 2448 696 dicitur
2486 642 2722 713 Eryuug,
2757 644 2840 698 vel
2890 645 3140 701 Ereinuc.
3187 648 3287 715 Qui
3318 650 3507 705 obser-

1927 734 2156 795 vaverit,
2201 741 2436 802 quantae
2490 733 2544 787 in
2593 733 2710 789 aliis
2759 734 3087 790 dictionibus
3143 737 3388 794 barbaris
3433 741 3506 795 ad

1927 836 2171 876 normam
2188 821 2410 877 latinam
2435 823 2820 892 detorquendis
2842 827 3167 881 mutationes
3188 828 3505 899 plerumque

1927 912 2080 978 tiam,
2107 929 2211 968 non
2261 930 2422 985 aegre
2468 917 2566 970 has
2594 917 2915 972 lcvinseulas
2957 918 3338 976 altercationes
3373 922 3508 976 mihi

1927 1005 2031 1059 hac
2079 1006 2132 1059 in
2191 1022 2320 1061 voce
2373 1009 2651 1063 concedet.
2719 1009 3008 1064 Enimvero
3065 1011 3203 1065 liber
3245 1012 3511 1067 ecclesiae

1926 1094 2297 1152 Landavensis
2336 1098 2389 1152 in
2436 1108 2567 1153 tom.
2601 1099 2663 1152 ιιι
2720 1099 3000 1155 Monastiei
3049 1102 3358 1172 Anglicani,
3410 1103 3509 1159 Gi-

1929 1187 2113 1241 raldus
2139 1204 2356 1258 quoque
2383 1190 2734 1247 (Sambi-ensis
2759 1191 2812 1245 in
2833 1191 3121 1248 Cambriae
3146 1195 3511 1265 descriptione

1925 1281 2138 1352 plenius
2177 1283 2243 1338 dc
2282 1283 2384 1339 hac
2427 1285 2742 1354 regiuncula
2784 1287 3073 1342 docebunt.
3134 1287 3376 1353 Quorum
3424 1289 3512 1343 hic

1927 1383 2098 1436 notat,
2153 1373 2318 1430 fuisse
2371 1385 2578 1445 partem
2627 1377 2940 1433 dioeceseos
2982 1379 3320 1435 Meuevcnsis
3365 1381 3506 1451 (f)...

1928 1463 2096 1532 Hujus
2117 1480 2330 1536 quoque
2353 1467 2718 1536 provineiolae
2740 1470 2986 1525 meminit
3016 1471 3154 1524 liber
3179 1472 3502 1544 Domesday,

1928 1557 1981 1612 in
2009 1574 2117 1628 quo
2137 1559 2213 1613 sic
2243 1558 2360 1627 lego
2392 1578 2404 1612 :
2439 1579 2456 1611 ι
2477 1579 2493 1611 ν
2531 1578 2552 1611 ‹
2589 1560 2702 1615 llae
2732 1562 3153 1617 consuetudines
3183 1572 3337 1617 erant
3361 1563 3509 1618 Walo

1926 1647 2155 1704 lensium
2183 1649 2248 1704 Τ.
2273 1649 2336 1703 ll.
2361 1650 2423 1704 Ε..
2451 1651 2503 1704 in
2537 1651 2937 1715 Arehenefcldt,
2969 1654 3021 1706 id
3049 1663 3132 1708 est
3171 1653 3379 1725 Ergone
3419 1674 3437 1706 ο
3456 1674 3501 1708 ο.

1999 1740 2148 1807 Quae
2171 1755 2293 1794 cum
2327 1740 2398 1794 ita
2423 1741 2550 1805 sint,
2585 1743 2726 1795 hanc
2751 1741 2816 1795 de
2848 1740 2996 1796 Scoti
3029 1743 3200 1811 patria
3235 1743 3512 1811 conjectu-

227 1834 452 1888 atiunde
490 1833 724 1888 venisse.
781 1833 839 1887 ιιι
883 1848 1050 1903 quum
1099 1833 1459 1902 intelligerent
1509 1831 1608 1886 viri
1656 1832 1822 1895 docti,
1859 1818 1898 1875 Β
1930 1847 2044 1885 ram
2073 1831 2273 1886 nemini
2309 1847 2413 1885 non
2456 1830 2771 1902 placituram
2818 1847 2938 1886 esse
2966 1834 3318 1888 arbitramur.
3343 1833 3510 1891 Nobis

226 1935 486 1996 coeptqu
515 1933 600 1980 est
631 1925 852 1995 quaeri,
885 1940 1013 1979 num
1053 1925 1276 1992 vestigia
1305 1925 1482 1993 aliqua
1521 1923 1826 1993 deprchen-

224 2018 515 2081 derentur,
535 2017 677 2071 unde
701 2017 962 2088 Erigonae
983 2032 1176 2072 nomen
1201 2017 1420 2072 ductum
1441 2017 1610 2071 videri
1635 2015 1822 2085 possit.

293 2107 425 2162 Jam
459 2108 642 2162 cuncti
686 2116 1013 2171 statuerunt,
1045 2108 1096 2162 id
1125 2108 1268 2178 quod
1314 2122 1412 2162 nos
1451 2121 1666 2176 quoque
1696 2121 1826 2176 pro-

223 2201 451 2264 bamus,
484 2215 588 2253 non
620 2199 799 2254 minus
832 2199 1116 2270 Erigenae,
1147 2213 1310 2269 quam
1337 2197 1485 2253 Scoti
1521 2213 1714 2253 nomen
1759 2198 1826 2251 ad

225 2291 414 2346 Nostri
461 2292 728 2363 originem
770 2291 1152 2346 declarandam
1199 2292 1510 2361 pertinere,
1555 2300 1721 2360 atque
1750 2289 1824 2344 ita

224 2400 419 2454 porro,
448 2400 614 2454 quum
644 2383 860 2439 nomine
887 2383 1037 2438 Secti
1070 2383 1238 2446 natio,
1257 2392 1312 2437 et
1340 2383 1463 2437 inde
1484 2392 1628 2438 terra
1649 2381 1824 2451 patria

224 2479 538 2550 significata
589 2479 682 2542 sit,
732 2480 948 2534 nomine
993 2479 1258 2550 Erigeuae
1309 2480 1478 2548 ipsam
1529 2480 1822 2548 regionem,

223 2569 318 2624 rei
359 2571 532 2640 ipsum
567 2569 846 2639 oppidum,
890 2571 940 2623 in
969 2587 1078 2640 quo
1125 2569 1286 2641 hujus
1330 2571 1464 2625 coeli
1509 2570 1681 2625 lucem
1717 2570 1830 2640 pri~

226 2678 385 2717 mum
417 2663 785 2732 conspexerit,
815 2663 1064 2719 indicari.

302 2754 461 2810 llanc
489 2756 754 2810 rationem
787 2764 1004 2810 secutus
1028 2756 1092 2810 G.
1137 2755 1478 2812 Maekenzius
1509 2756 1824 2826 conjectura

223 2846 464 2916 assequi
506 2845 695 2912 voluit,
737 2846 976 2901 Scotiam
1026 2863 1148 2902 esse
1198 2847 1422 2902 Joannis
1469 2849 1696 2918 patriam
1727 2849 1824 2918 (c).

224 2941 368 2995 Nam
399 2940 453 2994 in
485 2938 669 2994 Scotia
708 2942 871 2994 situm
916 2955 1037 2994 esse
1081 2941 1335 3010 oppidum
1367 2940 1513 3003 Aire,
1545 2938 1687 3009 quod
1719 2941 1827 2994 for-

225 3039 380 3086 tasse
408 3032 848 3102 progeneraverit
873 3031 1158 3095 Joannem,
1181 3049 1348 3102 quum
1375 3049 1441 3086 ex
1468 3031 1626 3101 hujus
1645 3034 1824 3103 oppidi

227 3126 455 3179 nomine
478 3124 636 3179 facile
675 3125 892 3179 ductum
921 3140 1039 3179 esse
1093 3126 1262 3194 possit
1309 3141 1502 3179 nomen
1539 3126 1816 3196 Erigonae.

303 3215 383 3268 En
415 3215 677 3284 quidquid
704 3230 901 3269 causae
939 3215 1038 3268 viri
1081 3215 1246 3275 docti,
1285 3224 1343 3267 ut
1371 3214 1584 3270 Scotiae
1612 3216 1820 3285 patriae

224 3304 496 3360 Joannem
545 3305 901 3372 vindicarent,
941 3305 1262 3359 inmedium
1313 3306 1672 3376 protulerunt.
1718 3306 1823 3363 Ve-

229 3412 353 3450 rum
386 3396 441 3450 in
471 3411 556 3461 eo,
587 3399 715 3450 dum
740 3396 940 3451 certius
975 3395 1058 3452 ve!
1088 3397 1421 3466 probabilius
1445 3398 1646 3468 aliquid
1678 3399 1825 3453 inve-

227 3489 436 3553 niatur,
491 3489 633 3542 haud
673 3487 830 3543 facile
877 3503 1204 3558 quemquam
1262 3490 1610 3558 acquiescere
1667 3506 1826 3562 posse

229 3581 584 3634 arbitramur.
613 3579 768 3646 Quod
797 3580 929 3634 dum'
951 3596 1126 3650 neque
1151 3597 1214 3634 ex
1249 3579 1527 3645 [libet-ma,
1562 3597 1735 3656 neque
1757 3598 1823 3637 ex

229 3671 421 3727 Scotia
451 3671 675 3726 allatura
727 3670 996 3736 videmus,
1023 3671 1065 3724 Τ
1072 3672 1488 3726 hornas‘Galeus
1537 3671 1717 3726 attulit
1756 3688 1824 3727 ex

229 3767 451 3820 \V'allia.
486 3765 635 3820 Illius
681 3765 948 3819 sententia
986 3763 1101 3819 fere
1141 3765 1274 3820 haec
1317 3773 1444 3819 est:
1478 3781 1672 3820 nomen
1709 3766 1824 3820 Eri—

227 3874 405 3926 gcnae
435 3873 544 3912 non
573 3872 696 3912 esse
722 3857 1098 3928 compositum,
1126 3858 1218 3911 sed
1250 3857 1568 3926 simpliciter
1601 3857 1826 3911 duetqu

229 3969 258 4004 a
294 3951 518 4007 nomine
553 3950 656 4005 loci
689 3949 902 4004 natalis.
945 3950 1018 4004 De
1070 3949 1173 4004 hoc
1219 3949 1337 4003 loco
1376 3948 1540 4002 natali
1592 3949 1667 4003 ita
1711 3949 1822 4004 dis-

230 4047 365 4100 serit
417 4042 497 4116 (d)
545 4062 558 4098 :
613 4059 628 4093 ι
689 4041 782 4096 Est
827 4041 1036 4112 Ergene
1091 4055 1218 4110 pars
1269 4055 1376 4094 non
1427 4040 1824 4096 contemnemla

235 4135 653 4192 llerefordensis
682 4134 998 4194 comitatus,
1027 4131 1259 4186 Walliae
1287 4132 1657 4196 contermina;
1692 4133 1822 4194 into,

231 4245 402 4298 unum
433 4243 466 4284 e
504 4227 686 4295 regnis
711 4225 942 4280 Walliae
994 4223 1093 4278 fuit
1145 4225 1247 4279 hoc
1298 4233 1561 4293 tempore,
1615 4222 1826 4279 Alfi-ide

232 4322 604 4378 tributarium.
636 4319 693 4373 In
734 4319 837 4375 hoc
886 4326 1062 4372 tractu
1090 4316 1298 4388 reperio
1342 4316 1519 4372 locum
1551 4316 1816 4382 Eriuvcn,

305 4457 381 4528 (α)
424 4456 512 4511 Cf.
545 4456 743 4528 Thom.
772 4453 1038 4528 Moore].
1063 4454 1107 4528 _l.
1137 4452 1180 4528 _l.
1211 4453 1298 4507 15.

1927 1934 2076 1978 certe
2111 1924 2183 1977 ita
2220 1925 2448 1987 arridet,
2474 1933 2551 1988 ut,
2584 1924 2674 1993 qui
2711 1935 2992 1994 praeterea
3019 1926 3168 1990 nihil,
3203 1928 3346 1995 quod
3379 1944 3506 1997 pro-

1925 2015 2046 2085 pius
2068 2015 2133 2068 ad
2165 2015 2688 2069 verisimilitudinem
2747 2017 2989 2081 accedat,
3011 2033 3200 2072 eruere
3238 2034 3395 2087 posse
3428 2020 3507 2072 vi-

1925 2109 2170 2172 deamur,
2206 2108 2307 2162 hoc
2338 2106 2453 2162 loco
2485 2108 2536 2161 in
2568 2123 2630 2162 ea
2659 2109 3111 2178 acquiescendum
3144 2121 3411 2178 putemus.
3441 2113 3504 2146 ν*

1927 2202 2091 2271 quue
2131 2216 2197 2256 eo
2250 2201 2507 2256 libentius
2560 2201 2828 2266 facimus,
2877 2218 3042 2272 quum
3102 2205 3270 2258 etiam
3329 2206 3508 2258 virum

1926 2292 2298 2347 doctissimum
2349 2291 2438 2346 llr.
2485 2294 2546 2348 Ο.
2599 2292 2661 2346 F.
2716 2292 3016 2357 llockium,
3058 2293 3212 2361 cujus
3242 2293 3507 2364 judicium

1927 2385 2084 2440 nobis
2113 2384 2330 2455 plurimi
2374 2399 2495 2439 esse
2529 2385 2707 2451 debet,
2755 2385 2942 2440 hacin
2986 2386 3256 2442 sententia
3303 2387 3506 2440 versari

1925 2477 2212 2532 videamus
2240 2479 2334 2548 (g).

1998 2569 2208 2635 Restat,
2243 2569 2434 2638 utjam
2479 2570 2546 2626 de
2583 2580 2828 2642 tempore
2864 2572 3160 2638 videamus,
3202 2586 3310 2641 quo
3350 2579 3512 2627 natus

1927 2668 1998 2722 sit
2023 2666 2279 2722 Joannes.
2308 2665 2420 2722 Etsi
2454 2667 2619 2738 igitur
2648 2681 2715 2722 ne
2752 2667 2855 2720 hac
2892 2667 3112 2736 quidem
3159 2667 3226 2722 de
3269 2683 3327 2720 re
3367 2667 3510 2736 apud

1926 2760 2179 2830 antiquos
2203 2765 2452 2814 auctores
2480 2759 2697 2814 disertis
2727 2758 2906 2813 verbis
2949 2758 3242 2828 quidquam
3270 2759 3510 2829 perscri-

1925 2859 2077 2920 ptum
2106 2849 2197 2913 sit,
2224 2850 2567 2920 repcriuntur
2591 2859 2770 2902 tamen
2803 2848 3019 2911 indicia,
3045 2864 3111 2902 ex
3165 2848 3360 2918 quibus
3396 2847 3508 2901 sal-

1930 2949 2035 2995 tem
2064 2940 2262 3009 aliquid
2283 2940 2462 3010 colligi
2487 2948 2668 3009 queat.
2699 2938 2923 2992 Constat
2947 2938 3092 2992 enim
3113 2935 3512 3007 quodammodo

1928 3032 1995 3085 de
2038 3040 2312 3101 tempore,
2363 3045 2460 3102 per
2494 3031 2639 3100 quod
2674 3029 2954 3084 det-trinae
2986 3028 3148 3084 laude
3185 3029 3513 3098 conspicuus

1930 3123 2050 3177 fuit.

1995 3214 2129 3268 Nam
2157 3229 2346 3270 versus
2367 3215 2572 3285 aliquot
2590 3215 2658 3272 ab
2685 3213 2801 3284 ipso
2825 3213 3101 3270 confectos
3125 3213 3385 3269 habemus
3409 3213 3510 3284 (Ir),

1925 3306 2040 3376 qui,
2071 3321 2192 3361 cum
2217 3304 2440 3361 Joannis
2465 3305 2593 3370 νιιι,
2621 3306 2828 3360 Summi
2858 3305 3154 3368 Pontificis,
3182 3305 3510 3360 mentionem

1925 3400 2384 3465 faciant"",non
2407 3409 2532 3453 ante
2575 3405 2733 3454 tinem
2759 3400 2885 3453 arni
2917 3398 3278 3455 DCCCLXXIi
3301 3414 3355 3468 p.
3377 3398 3508 3454 Chr.

1928 3502 2040 3546 nat.
2078 3491 2264 3562 scripti
2306 3502 2463 3554 sunt;
2499 3509 2598 3547 nec
2628 3503 2806 3546 tamen
2830 3501 3210 3564 praeterquam
3241 3493 3382 3562 quod
3398 3492 3513 3560 jam

1926 3585 2148 3640 circiter
2178 3600 2380 3639 annmn
2437 3583 2834 3650 DCCCLXXV,
2882 3595 2943 3638 ut
2991 3601 3112 3640 cum
3147 3586 3320 3654 aliqua
3364 3593 3516 3639 certe

1929 3675 2396 3730 verisimilitudine
2441 3689 2507 3730 ex
2536 3675 2765 3746 epistola
2793 3675 3062 3731 Anastasii
3119 3676 3514 3730 bibliothecarii

1928 3767 1993 3820 de
2042 3764 2249 3820 Joanne
2284 3771 2471 3819 nostro
2519 3765 2584 3819 ad
2627 3765 2879 3820 Carolum
2930 3765 3155 3821 Calvum
3210 3766 3412 3836 scripta
3445 3767 3511 3837 (ὁ)

1927 3857 2219 3928 colligitur,
2274 3855 2416 3910 diem
2469 3870 2783 3925 supremum
2833 3858 3046 3911 videtur
3100 3857 3334 3922 obiisse,
3392 3857 3518 3911 ullis

1927 3950 2173 4011 omnino,
2197 3962 2337 4018 quae
2368 3949 2586 4018 probari
2627 3951 2856 4018 possint,
2887 3951 3242 4020 argumentis,
3275 3950 3327 4004 id
3366 3952 3508 4019 quod

1931 4043 2068 4098 infra
2111 4045 2252 4114 (cap.
2299 4042 2364 4111 V)
2410 4042 2778 4104 ostendemus,
2821 4038 3078 4105 ellieitur,
3137 4041 3310 4108 ipsum
3367 4039 3507 4092 ultra

1929 4151 2127 4190 animm
2157 4132 2377 4188 circiter
2407 4127 2774 4187 DCCCLXXV
2802 4131 2966 4184 vitam
2997 4130 3336 4199 produxisse.

2002 4225 2203 4282 Deinde
2225 4225 2357 4280 satis
2382 4223 2721 4294 exploratum
2749 4222 2996 4286 habetur,
3024 4219 3135 4289 jam
3165 4220 3386 4274 circiter
3411 4236 3512 4272 an-

1931 4335 2058 4374 umn
2093 4315 2308 4371 DCCCI.
2335 4313 2597 4370 Joannem
2635 4321 2886 4368 nostrmn
2937 4328 2999 4368 ea
3031 4311 3310 4367 doctrinae
3345 4310 3514 4381 gloria
3601 4383 3604 4386 ἢ

1930 4449 2102 4505 “'ood
2135 4449 2291 4519 (llist.
2319 4456 2372 4503 et
2403 4446 2570 4519 antiq.
2593 4445 2785 4519 Oxunii
2816 4462 2867 4517 p.
2893 4445 2979 4518 15)
3010 4443 3515 4519 auctoribusBaleo

308 4515 382 4599 (2b)
417 4528 603 4596 Supra
637 4527 873 4599 diximus
921 4543 938 4574 ι
975 4523 1187 4599 in_l§rin
1222 4535 1391 4599 qualus
1427 4542 1488 4599 ρ,
1519 4523 1824 4599 accuratior
1856 4533 1904 4593 ι)
1929 4531 1983 4599 et
2017 4515 2204 4599 Pitseo
2227 4519 2356 4599 illud
2379 4515 2656 4599 oppiduni,
2689 4517 2776 4599 c_ni
2817 4515 3096 4599 nomen
3130 4515 3370 4599 ille‘nevia
3401 4517 3517 4569 sive

233 4593 626 4669 grammaticae
674 4598 815 4651 ratio
847 4595 1107 4669 postulat
1162 4613 1179 4645 ί
1219 4594 1302 4669 ίειι)
1350 4593 1478 4647 Exin
1527 4596 1740 4663 genitus
1778 4614 1822 4647 ι.

238 4664 320 4723 ΕΙ.
349 4671 668 4739 anguigcna,
698 4667 1012 4739 alienigena,
1039 4664 1432 4739 Latonigeno...

311 4741 378 4811 (ς)
409 4733 492 4811 Cf.
515 4733 638 4803 'G.-
678 4733 1209 4811 blarckeitz‘iehLives
1235 4733 1357 4811 and
1391 4733 1726 4811 _Cltarorters
1772 4735 1832 4804 of

239 4805 387 4865 Scots
409 4810 658 4864 Writers.
690 4808 885 4862 Edinb.
919 4806 1076 4871 1708,
1106 4805 1199 4860 fol.
1243 4805 1361 4859 Vol.
1390 4805 1432 4870 l,
1458 4821 1511 4876 p.
1542 4806 1631 4860 49.

311 4880 384 4951 (cl)
411 4880 492 4935 Cf.
535 4881 731 4951 Ἰ“Ιι()ιιι.
754 4877 974 4951 Gale._l.
1002 4877 1038 4930 l.
1064 4885 1198 4951 test.
1230 4893 1287 4951 p.
1322 4875 1407 4929 lt).

313 4882 362 4951 (cl
411 4882 492 4935 Cf.
535 4882 731 4934 Thom.
754 4882 907 4932 Gate.
938 4882 974 4930 l.
1002 4882 1038 4930 l.
1078 4885 1198 4930 test.
1230 4893 1283 4946 p.
1322 4882 1407 4929 lt).

313 4882 384 5023 (ei
409 4950 740 5023 Monendnm
792 4955 876 5023 est
909 4948 1022 5023 hoc
1063 4947 1201 5023 loco,
1245 4946 1539 5023 lfiostrumL
1571 4954 1630 5023 μί
1664 4959 1826 5015 supra

239 5017 593 5082 ostendimus,
628 5021 680 5073 in
713 5017 1108 5086 antiquissimis
1150 5019 1304 5072 libris
1357 5028 1464 5071 tam
1501 5018 1828 5088 Erittgcttatt't

242 5093 364 5158 diei,
403 5108 567 5164 quam
618 5091 931 5163 Erigonam.
976 5088 1124 5156 Quae
1174 5105 1263 5145 res
1309 5089 1532 5143 maximi
1583 5086 1831 5160 profecto

242 5174 324 5218 est
346 5164 601 5217 momenti
618 5164 668 5215 λι.

315 5235 378 5306 (ι’)
401 5234 513 5306 Est
531 5229 984 5306 ἱ,‹;ἰιιιιςλριἰςιξξῑρΞ
999 5239 1061 5284 ut
1085 5230 1207 5306 geri
1226 5228 1431 5299 aliquid
1459 5229 1829 5306 lateat‘i‘nﬁ‘eo,

245 5299 382 5371 quod
422 5299 654 5360 Bulaeus
682 5300 849 5372 (llist.
883 5299 1041 5356 Univ.
1085 5301 1264 5357 Paris.
1301 5308 1431 5354 tom.
1462 5303 1502 5368 I,
1537 5317 1590 5371 p.
1621 5299 1747 5370 609)
1776 5306 1831 5354 et

314 5443 416 5498 *1η
439 5464 455 5495 ι
477 5438 900 5511 antiquissimis»
926 5439 1076 5511 libris
1098 5441 1401 5498 Johannem
1424 5443 1530 5498 dici
1558 5439 1830 5511 Eriginam

243 5517 338 5584 tice
369 5517 546 5570 docuit
575 5508 822 5584 Thomas
846 5508 1060 5584 Caicus,
1089 5527 1265 5584 neque
1295 5514 1515 5584 otnnino
1540 5508 1832 5584 verisimile

243 5583 466 5651 videtur.
495 5585 549 5639 lu
574 5581 954 5653 antiquissimis
971 5583 1117 5653 enim
1147 5581 1422 5639 codicibus
1452 5585 1648 5640 dicitur
1674 5581 1832 5635 Jeru-

243 5661 392 5706 aenn.
431 5655 484 5706 in
516 5655 635 5706 aliis
667 5652 784 5706 sec.
819 5665 872 5702 x1
901 5652 983 5706 vel
1017 5669 1090 5706 χιι
1131 5654 1426 5706 Eriunena:
1465 5655 1694 5706 Eriaena
1732 5666 1832 5704 no-

1935 4591 2139 4646 Famtm
2171 4585 2427 4651 Davidis,
2451 4585 2677 4643 Joannis
2716 4587 2893 4641 locum
2937 4587 3173 4641 natalem
3208 4585 3373 4639 fuisse
3416 4601 3517 4655 pu-

1933 4671 2070 4717 tant.
2101 4661 2273 4716 llisee
2323 4659 2468 4714 enim
2525 4657 2856 4721 auctoribus,
2886 4658 2955 4714 de
2993 4658 3048 4710 l.
3080 4657 3245 4714 Scuto
3284 4656 3520 4726 Erigena

1933 4732 2293 4788 referentibus
2318 4745 2512 4800 parum
2541 4729 2666 4783 fidei
2697 4727 2884 4782 haberi
2912 4742 3094 4799 posse,
3117 4726 3253 4780 infra
3270 4725 3425 4799 (Cap.
3451 4725 3520 4792 Υ)

1933 4803 2304 4859 ostendemus.

2007 4873 2080 4945 (g)
2110 4872 2192 4928 Cf.
2226 4873 2341 4943 ejus
2377 4871 2442 4945 de
2466 4868 2517 4923 J.
2561 4868 2649 4924 Se.
2673 4866 2838 4945 “Erig.
2889 4866 3359 4945 scriptitmcnlam,
3383 4881 3526 4934 quae

1935 4937 2209 5067 Ξςρξςὶιυι·
2254 4937 2306 4999 in
2340 4941 2621 5010 ephemer.
2672 4937 2951 4996 Bonnens.
3005 4937 3267 4994 fascicqu
3317 4951 3429 4996 xu,
3469 4951 3524 5004 ῃ.

1972 5037 2066 5067 Ο-ι)
2108 5055 2121 5067 .

1934 5017 2228 5204 ἵξῗῖ
2258 5083 2394 5138 Acta
2445 5078 2704 5138 Sanctor.
2752 5076 2888 5133 0rd.
2946 5082 3006 5138 s.
3054 5074 3349 5133 Benedicti.
3395 5071 3530 5126 Pars

1986 5202 1995 5204 -
2029 5172 2086 5204 η-
2123 5194 2137 5204 .
2200 5194 2248 5204 ,η

1935 5157 2338 5298 Πηῆἒΐῖἓὶξιειι,
2369 5221 2529 5298 Alex.
2562 5217 2956 5298 Hist._eccles.,
2983 5231 3110 5278 tom.
3143 5216 3232 5284 Vl,
3253 5213 3532 5270 dissertat.

1939 5288 2087 5356 de‘t.
2119 5300 2263 5356 Scot.
2294 5295 2598 5367 Erigena...
2631 5292 2661 5363 ς
2692 5290 2747 5355 t,
2773 5288 2841 5343 v1

1939 5435 2170 5506 Erigena
2200 5433 2724 5506 modomonuimus,
2763 5438 2865 5480 nec
2895 5443 3011 5506 non
3031 5414 3543 5506 inundatio-dedico

1937 5486 2416 5578 elipiié'éu'ﬁr'a’in
2465 5486 2750 5559 Prooemio
2785 5505 2984 5553 nostro
3014 5496 3370 5564 disputantur.
3405 5486 3542 5540 Am-

1942 5593 2110 5684 θ¹λὲἕςὶ
2137 5580 2525 5704 fﬁ'jghmes
2557 5654 2697 5706 papa
2742 5634 2851 5689 vm
2892 5633 3277 5706 intelligendus
3320 5628 3414 5706 sit,
3449 5627 3544 5696 qui
