4056 6276
478 358 514 415 7
1609 349 1696 404 Dlt
1731 373 1779 404 ιο.
1816 348 2040 406 δυυίυ
2073 344 2606 420 ,υυΜΜεΝΤΑΤια
3711 355 3749 412 8

485 493 585 551 per
609 474 839 533 Galliam
867 481 1055 529 notum
1078 470 1264 536 fuisse,
1293 476 1353 524 ut
1380 469 1432 524 in
1463 482 1796 525 summorum
1820 468 2058 522 virorum
2085 470 2135 530 Α
2160 468 2305 522 omni
2334 464 2613 523 doctrinae
2637 483 2837 540 genere
2865 470 3189 527 instructum
3212 511 3229 538 ,
3263 471 3316 527 in
3355 468 3586 528 Galliam
3624 487 3750 544 per.

481 568 552 625 de
569 563 1062 640 praedestinatione
1086 560 1455 617 controversia
1480 559 1822 624 liincmarus,
1847 557 2063 613 archie-

483 659 738 729 piscopus
766 652 1095 719 Remensis,’
1117 660 1171 708 et
1196 651 1494 716 Pardulns,
1527 650 1810 720 episcopus
1845 648 2065 704 Laudu-

481 749 688 815 nensis,
719 750 867 809 eum,
896 745 989 816 qui
1014 759 1168 800 suam
1199 757 1412 814 quoque
1440 743 1541 798 hac
1563 742 1628 797 de
1651 757 1712 797 re
1739 741 2064 797 sententiam

483 839 680 897 litteris
726 838 1053 899 illustraret,
1107 835 1419 905 impulerint
1468 833 1566 905 (α).
1621 833 1768 889 Secti
1820 832 1957 887 liber
1998 832 2065 886 de

479 928 976 1002 praedestinatione
998 927 1197 998 prodiit
1229 940 1371 980 anno
1401 923 1749 993 DCCCLl(b).
1777 922 1893 978 Huc
1911 936 2065 977 accc-

482 1022 583 1086 dit,
606 1020 751 1090 quod
774 1017 969 1073 Scotus
990 1018 1107 1072 sine
1124 1015 1235 1069 ulla
1260 1014 1616 1078 dubitatione,
1639 1021 1701 1067 ut
1721 1014 1772 1067 in
1805 1011 1977 1082 capite
1999 1010 2063 1066 lll

480 1111 867 1173 ostendemus,
914 1107 1026 1176 jam
1073 1115 1199 1160 ante
1247 1103 1464 1160 DCCCL
1493 1102 1672 1158 Caroli
1718 1101 1867 1157 Calvi
1907 1099 2063 1169 jussu

481 1197 969 1270 PseudoADionysii
1007 1195 1366 1265 Areopagitae
1406 1192 1572 1247 libros
1613 1207 1677 1247 ex
1712 1205 1909 1262 graeco
1949 1204 2065 1244 ser-

483 1306 646 1349 mone
692 1291 745 1346 in
792 1289 1017 1343 latinum
1078 1285 1371 1342 transtulit.
1421 1282 1623 1338 Verum
1666 1283 1711 1337 si
1758 1282 1880 1351 quis
1922 1281 2064 1337 hanc

484 1383 658 1455 ipsam
687 1394 802 1436 rem
829 1368 1083 1434 accurate
1128 1374 1472 1446 perpenderit
1492 1412 1507 1437 ,
1540 1371 1727 1437 facile,
1753 1371 2060 1442 opinamur,

483 1470 774 1531 concedet,
801 1467 1064 1524 Joannem
1102 1466 1212 1535 jam
1256 1464 1460 1533 aliquot
1495 1462 1724 1517 fortasse
1757 1461 1912 1515 anuis
1941 1468 2064 1514 ante

482 1577 686 1618 annum
733 1557 954 1618 DCCCL
1000 1558 1053 1613 in
1099 1555 1269 1611 Gallia
1320 1554 1507 1609 fuisse.
1550 1553 1697 1620 Quae
1736 1567 1825 1607 res
1864 1551 2062 1627 mirum

483 1661 745 1723 quantum
775 1665 842 1706 eo
877 1647 1150 1711 ﬁrmatur,
1192 1644 1335 1714 quod
1367 1642 1424 1698 S.
1457 1641 1819 1707 Prudentius,
1848 1640 2062 1710 episco-

481 1762 586 1816 pus
632 1741 1003 1804 Tricassinus,
1052 1747 1111 1794 ut
1157 1735 1345 1808 procul
1386 1735 1548 1790 dubio
1597 1731 1865 1788 afﬁrmare
1906 1745 2061 1803 posse

2164 558 2372 613 rexisse
2392 559 2459 614 ad
2480 559 2733 616 Carolum
2755 558 2999 627 Calvum,
3019 562 3110 633 qui
3133 564 3203 619 ob
3223 578 3344 619 eam
3368 564 3563 636 ipsam,
3584 579 3750 636 quam

2162 648 2358 703 miram
2407 649 2462 704 in
2510 649 2729 707 homine
2772 652 2949 709 inesse
2977 654 3201 720 viderit,
3230 654 3533 710 litterarum
3573 656 3752 711 scien—

2164 738 2334 805 tiam,
2364 753 2487 796 eum
2519 741 2641 796 aula
2682 758 2778 797 sua
2805 740 3191 816 benignissime
3230 747 3524 817 exceperit.
3563 746 3752 818 Neque

2164 827 2443 895 habemus,
2477 846 2574 886 cur
2602 832 2705 887 hac
2731 832 2785 887 in
2813 850 2897 900 re,
2926 836 2979 890 id
3004 837 3149 905 quod
3178 834 3318 891 infra
3350 837 3403 892 iu
3440 837 3562 893 aliis
3587 840 3754 894 rebus

2162 933 2263 975 usu
2292 922 2488 987 veniet,
2517 922 2784 983 Guilelmo
2810 925 2882 981 sit
2905 926 3271 983 ditlideudum.

2233 1011 2366 1068 Cum
2397 1022 2627 1085 utroque
2651 1015 2769 1071 loco
2791 1016 2982 1073 iisdem
3002 1016 3122 1074 fere
3140 1019 3319 1074 verbis
3342 1033 3475 1075 usus
3499 1020 3593 1087 sit,
3614 1019 3753 1076 alte-

2164 1118 2283 1158 rum
2313 1113 2521 1160 tantum
2540 1146 2555 1172 ,
2589 1106 2822 1178 eumque
2852 1111 3088 1166 maxime
3116 1113 3459 1182 perspicuum
3501 1113 3607 1168 huc
3651 1128 3750 1182 ap-

2161 1210 2425 1267 ponemus
2450 1196 2511 1267 (il
2543 1215 2557 1252 :
2591 1218 2609 1251 ε
2633 1199 3022 1272 Hie(Erigena)
3048 1200 3233 1259 relicta
3257 1204 3550 1275 patria(iu)
3573 1204 3752 1259 Fran-

2164 1286 2302 1341 ciam
2330 1288 2397 1342 ad
2424 1288 2674 1344 Carolum
2693 1289 2916 1347 Calvum
2942 1294 3110 1361 venit,
3135 1310 3166 1349 a
3195 1310 3303 1364 quo
3341 1312 3534 1366 magna
3560 1297 3750 1368 digna—
3812 1360 3817 1365 ,

2163 1379 2329 1433 ιίοηθΔ
2357 1388 2679 1450 susceptus,
2730 1380 3076 1439 familiarium
3132 1386 3368 1455 partium
3425 1387 3747 1453 habebatur,

2164 1469 2602 1540 transigebatque
2622 1487 2745 1526 cum
2771 1487 2836 1528 eo
2865 1481 2972 1527 tam
2998 1474 3161 1537 seria,
3192 1490 3354 1544 quam
3380 1474 3595 1544 joca,...
3621 1475 3752 1546 quia

2162 1559 2426 1616 miraculo
2454 1562 2714 1617 scientiae
2740 1561 2862 1631 ejus
2890 1579 2985 1619 rex
3010 1573 3201 1635 captus
3228 1585 3248 1618 ι
3283 1575 3444 1621 esset.

2236 1646 2292 1702 Si
2324 1648 2489 1718 igitur
2516 1651 2830 1708 accuratius
2862 1651 3079 1707 tandem
3122 1667 3246 1708 eum
3270 1692 3288 1719 ,
3326 1669 3486 1723 quem
3534 1652 3755 1724 quaeri-

2164 1753 2305 1805 mus,
2334 1757 2535 1796 annum
2565 1742 2895 1800 constituere
2924 1744 3184 1809 velimus,
3234 1747 3367 1800 haec
3406 1746 3519 1800 sint
3557 1746 3750 1800 obser-

487 1837 756 1901 videmur,
780 1833 895 1905 jam
924 1837 1049 1887 ante
1089 1844 1288 1891 annum
1319 1823 1677 1882 DCCCXLVII
1720 1825 1773 1879 in
1816 1823 2060 1878 intimam
2091 1822 2138 1882 B
2166 1831 2339 1886 vanda
2364 1850 2377 1886 :
2405 1833 2638 1902 primum
2661 1874 2678 1900 ,
2725 1836 2938 1891 ostendi
2983 1836 3166 1906 potius
3199 1852 3390 1907 posse,
3424 1836 3751 1909 Erigenam,

483 1926 834 2000 cumJoanne
856 1932 1043 1979 nostro
1064 1920 1488 1977 familiaritatem
1513 1917 1795 1989 pervenit;
1823 1915 1984 1985 idque
2006 1915 2060 1969 in

486 2023 599 2091 ipsa
630 2016 808 2075 Caroli
847 2013 996 2071 Calvi
1040 2012 1188 2084 regia
1217 2024 1463 2065 versans.
1501 2005 1800 2077 Compellat
1825 2004 1967 2062 enim
2000 2003 2058 2058 S.

482 2110 811 2168 Prudentius
858 2109 910 2162 iu
931 2105 1079 2159 libro
1121 2117 1243 2166 suo,
1275 2100 1368 2170 qui
1399 2099 1715 2154 inscribitur
1743 2115 1762 2148 ι
1794 2096 1869 2150 De
1905 2109 2061 2165 prae-

482 2201 845 2261 destinatione
878 2204 1066 2253 contra
1106 2192 1156 2248 J.
1191 2193 1412 2248 Scotum
1443 2211 1462 2244 ο
1485 2187 1840 2262 (Erigenam),
1862 2187 2062 2256 quique

482 2294 621 2350 liber
665 2305 732 2345 eo
776 2290 922 2358 ipso,
970 2281 1126 2354 cuius
1167 2282 1495 2337 mentionem
1536 2277 1804 2343 fecimus,
1836 2275 2062 2332 Joannis

483 2383 630 2441 Scoti
660 2384 727 2438 de
749 2376 1245 2452 praedestinatione
1272 2374 1409 2427 libro
1430 2379 1754 2442 provocatus
1772 2375 1912 2433 erat,
1935 2382 2060 2423 eum

484 2484 545 2532 ut
566 2474 864 2538 hominem,
899 2469 1118 2539 antiqua
1145 2466 1258 2537 jam
1302 2463 1669 2519 familiaritate
1700 2461 1802 2516 sibi
1842 2457 2062 2539 conjun-

481 2565 815 2623 otissimum.
842 2561 900 2616 ln
924 2538 1043 2630 ipso
1080 2557 1201 2613 libri
1235 2554 1458 2611 exordio
1485 2552 1556 2626 (ε)
1582 2571 1597 2607 ε
1628 2571 1648 2604 ‹
1690 2538 2060 2620 Blasphemias

482 2670 605 2716 tuas
644 2677 690 2722 ι,
725 2656 833 2721 ait,
878 2673 896 2705 ι
934 2652 1194 2716 Joannes,
1238 2661 1495 2720 percurso
1521 2642 1895 2716 perversitatis
1938 2649 2060 2695 tuae

469 2751 621 2806 libro
646 2764 713 2803 eo
743 2744 1027 2803 molestius
1053 2741 1267 2812 accepi,
1296 2754 1404 2810 quo
1432 2746 1484 2793 te
1512 2734 1833 2791 familiarius
1859 2732 2060 2804 ample-

481 2839 690 2903 irtebar,
718 2832 1043 2906 peculim-ius
1081 2829 1367 2903 diligebam
1401 2847 1447 2893 ι,
1477 2834 1535 2883 et
1572 2827 1627 2881 in
1667 2824 1772 2880 ﬁne
1817 2822 2057 2893 ejusdem

480 2931 601 2988 libri
642 2930 720 3001 (ά)
746 2930 882 2985 haec
903 2926 1103 2981 habet:
1137 2941 1154 2976 ι
1184 2921 1282 2978 llis
1315 2921 1369 2976 in
1407 2918 1621 2975 nomine
1650 2916 1740 2973 Dei
1773 2931 1871 2987 pro
1897 2921 2057 2984 captu

483 3038 639 3079 meae
668 3018 1013 3093 pusillitatis,
1060 3024 1182 3071 tuae
1208 3028 1423 3085 quoque
1455 3010 1837 3075 correctionis,
1865 3009 2061 3065 Frater

478 3090 743 3178 Joannes,
774 3090 948 3184 gratia
979 3108 1220 3165 exaratis
1255 3105 1387 3161 libet
1417 3102 1693 3161 succincte
1723 3102 1932 3173 singula
1964 3102 2057 3157 ad-

473 3213 674 3262 notare
708 3224 753 3257 ι.
783 3201 948 3273 Atqui
966 3198 1031 3255 S.
1058 3196 1404 3261 Prudentius,
1430 3194 1690 3265 puerulus
1714 3209 1781 3248 ex
1803 3192 2056 3263 Hispania

479 3299 659 3372 patria
691 3297 746 3353 in
773 3295 1006 3353 Galliam
1054 3292 1318 3348 deductus
1359 3289 1544 3358 ibique
1583 3288 1875 3352 educatus,
1917 3300 2066 3341 com-

483 3390 669 3462 plures
706 3401 878 3444 annos
921 3392 1047 3440 ante
1076 3381 1347 3439 dioecesin
1380 3379 1742 3435 Tricassinam
1779 3377 1881 3449 ipsi
1914 3392 2067 3432 man-

485 3483 666 3539 datam
694 3476 1129 3537 mandandamve
1152 3474 1208 3530 in
1236 3472 1413 3529 Caroli
1441 3470 1588 3527 Calvi
1637 3469 1760 3525 aula
1803 3469 1937 3524 vixit
1970 3467 2065 3541 (ε),

486 3576 796 3631 litterarum
845 3570 1040 3628 studiis
1109 3566 1268 3623 unice
1331 3564 1543 3621 deditus
1596 3582 1609 3618 :
1669 3579 1813 3619 anno
1885 3570 2068 3618 autem

489 3662 846 3725 DCCCXLVll
879 3677 1003 3719 eum
1036 3659 1148 3730 jam
1181 3658 1482 3729 suscepisse
1515 3656 1821 3712 invenimus
1862 3656 2071 3710 dioece-

484 3764 570 3819 sin
604 3759 967 3816 Tricassinam
1002 3756 1098 3829 (Ῑ).
1137 3755 1285 3823 Quae
1328 3769 1451 3809 cum
1483 3752 1559 3808 ita
1588 3751 1734 3818 sint,
1776 3767 1937 3808 nemo
1965 3766 2072 3808 non

484 3856 717 3912 libenter
752 3850 1090 3907 adsentietur
1117 3847 1359 3902 Thomae
1400 3843 1648 3909 Mooreo,
1688 3844 1742 3898 in
1786 3843 1871 3899 his
1913 3842 2074 3899 rebus

484 3941 822 4017 Laniganum
882 3939 1161 4012 sequenti,
1224 3937 1317 4009 qui
1380 3944 1565 4009 putat,
1610 3934 1827 4017 circiter
1872 3949 2073 3991 annum

485 4014 802 4095 noctxw
830 4034 1117 4106 Erigenam
1146 4031 1212 4087 ad
1234 4018 1416 4087 GallOs
1439 4014 1654 4084 venisse
1681 4027 1778 4099 (g).

557 4129 782 4198 Quodsi,
805 4141 946 4198 quae
969 4125 1147 4181 adhuc
1168 4124 1234 4181 de
1254 4121 1403 4180 Seoti
1423 4130 1603 4178 aetate
1624 4121 1896 4193 disputata
1921 4127 2072 4186 sunt,

483 4224 541 4280 id
564 4223 709 4294 quod
740 4219 898 4277 facile
931 4217 1328 4275 crediderimus
1344 4257 1362 4278 .
1387 4230 1420 4271 a
1442 4231 1575 4271 vero
1599 4230 1706 4270 non
1746 4215 2073 4279 abhorrent,

485 4314 752 4371 Guilelmo
801 4309 1278 4367 Malmesburiense
1299 4309 1564 4364 accersito
1585 4307 1786 4363 certius
1814 4306 2077 4375 quodam-

414 4390 425 4401 ’
483 4403 646 4460 modo
676 4401 871 4457 natalis
899 4400 1017 4471 ejus
1065 4414 1240 4454 anuus
1290 4398 1543 4453 constitui
1586 4398 1785 4467 petest.
1825 4394 1875 4449 Is
1916 4394 2079 4466 igitur

487 4484 922 4563 antiquissimus,
952 4497 1214 4560 quantum
1236 4488 1558 4558 reperimus,
1586 4496 1800 4553 auctor,
1828 4488 1918 4557 qui
1948 4487 2074 4540 data
2105 4521 2155 4580 Β

487 4602 648 4659 opera
679 4587 746 4642 de
771 4584 1033 4655 Erigenae
1052 4582 1275 4637 historia
1298 4581 1429 4652 egit,
1452 4594 1721 4650 quemque
1749 4578 2078 4649 posteriores

488 4678 866 4736 chronicorum
891 4674 1191 4746 scriptores
1218 4674 1321 4728 hac
1345 4673 1396 4726 in
1432 4687 1490 4726 re
1509 4713 1524 4738 ,
1556 4680 1618 4725 ut
1642 4670 1730 4735 ﬁt,
1759 4670 1825 4724 ad
1849 4670 2073 4723 verbum

488 4768 603 4824 fere
645 4766 813 4822 secuti
844 4774 1004 4827 sunt,
1037 4763 1242 4819 duobus
1281 4761 1448 4825 locis,
1477 4775 1612 4831 quos
1642 4775 1709 4815 ex
1744 4778 1762 4810 ‹
1800 4759 2016 4814 iueditis
2049 4777 2067 4811 ι

488 4860 606 4930 ejus
638 4858 793 4916 libris
814 4858 1052 4912 Thomas
1070 4854 1269 4910 Galeas
1295 4853 1534 4924 integros
1560 4850 1850 4921 exscripsit
1867 4848 1965 4921 (It),
1989 4864 2077 4905 sa-

491 4951 567 5006 tis
601 4958 787 5010 auerte
816 4947 993 5013 docet,
1014 4945 1303 5017 Erigenam
1336 4942 1517 4999 adulta
1538 4941 1653 5012 jam
1684 4950 1886 5008 aetate,
1912 4949 2075 5017 atque

558 5080 637 5150 (α)
672 5075 758 5150 (ξς.
786 5090 907 5150 sup.
932 5074 1037 5150 col.
1078 5073 1272 5150 l,_r_t_ot.
1304 5089 1354 5127 c.

562 5139 637 5219 ἱρή
670 5145 769 5219 Cf.
796 5139 920 5219 Egit.
950 5145 1106 5219 Alex.
1143 5142 1502 5219 llist._ec_cle§.
1534 5155 1677 5197 saec.
1719 5139 1874 5219 ΙΧοξ
1896 5182 1912 5207 ,
1944 5140 2075 5219 (ηεξἐ

487 5221 533 5279 Y
563 5210 794 5292 §_'VJ.N:
816 5212 940 5292 _V_ll;
966 5214 1107 5270 Hist.
1138 5214 1241 5292 litt:
1252 5214 1331 5292 ‘de
1349 5211 1656 5292 la_Frauce,
1675 5220 1806 5268 tom.
1832 5210 1874 5267 V
1902 5228 1955 5283 p.
1973 5211 2080 5267 422

486 5284 660 5366 “leid?!
682 5303 744 5366 P:
766 5288 873 5366 eis
899 5295 1071 5366 φίλι
1312 5285 1453 5366 med}

561 5351 759 5487 (ligatis.
796 5356 1029 5412 Maxima
1056 5351 1305 5412 biblioth.
1346 5363 1455 5410 vet.
1499 5353 1742 5419 Patrum,
1790 5361 1922 5408 tom.
1956 5351 2074 5418 XV,

488 5448 547 5503 p.
571 5448 677 5487 sou
703 5448 767 5484 υ.

561 5497 761 5581 (ιη-01⁵.
791 5497 893 5581 1.1.
925 5513 981 5581 ρ.
1013 5496 1119 5554 592
1145 5496 1207 5552 B.

584 5563 633 5641 e)’
648 5570 715 5641 In
728 5563 1076 5641 qua_Erigena
1090 5582 1304 5641 quoque
1316 5564 1563 5622 fuiLVid.
1580 5581 1701 5641 sup:
1714 5563 1884 5641 001ρρ
1894 5572 2013 5641 pot.
2029 5579 2080 5618 c.

588 5634 662 5714 f)_
793 5634 1062 5714 Histflitt.
1084 5634 1149 5693 de
1169 5634 1232 5693 [α’
1244 5636 1472 5702 France,
1500 5646 1630 5692 tom.
1649 5634 1721 5703 Υ,
1735 5650 1789 5706 p.
1814 5634 1922 5689 240
1934 5649 2075 5705 seq.,

490 5724 548 5771 et
573 5710 668 5782 qui
691 5710 770 5782 ibi
800 5711 1089 5782 laudantur
1113 5718 1383 5782 auctores.

546 5776 639 5861 ,(ῇ)
676 5780 764 5843 Cf.
804 5780 1039 5841 Historia
1082 5779 1201 5851 ejus
1245 5777 1368 5861 llib.
1397 5776 1516 5836 Vol.
1561 5778 1615 5846 l,
1645 5792 1764 5850 cap.
1804 5778 1888 5834 l3.
1915 5777 2072 5835 Vers.

2165 1923 2266 1979 etsi
2292 1925 2395 1979 sub
2421 1926 2583 1981 tinem
2625 1927 2753 1981 anni
2782 1926 3146 1983 DCCCLXXII
3176 1929 3355 1985 adhuc
3381 1929 3542 1993 vixit,
3569 1939 3752 1985 tamen

2163 2020 2290 2068 ante
2316 2029 2518 2069 annum
2556 2014 2920 2073 DCCCLXXV
2948 2025 3221 2073 mortuum
3250 2033 3405 2084 esse,
3431 2033 3591 2087 quam
3624 2032 3754 2073 eum

2161 2114 2285 2175 post
2309 2105 2452 2161 hunc
2478 2106 2653 2176 ipsum
2682 2122 2887 2162 anmun
2914 2108 3388 2176 vixisse;deinde,
3425 2125 3553 2166 eum
3591 2111 3753 2166 circi-

2165 2209 2246 2256 ter
2272 2218 2473 2257 aunum
2505 2201 2820 2259 DCCCXLV
2844 2204 3029 2259 adulta
3057 2203 3169 2273 jam
3198 2204 3363 2261 fuisse
3384 2213 3563 2261 aetate
3588 2214 3753 2275 atque

2162 2292 2231 2348 ab
2249 2293 2397 2347 omni
2426 2295 2706 2349 doctrinae
2733 2309 2934 2366 genere
2975 2294 3322 2350 instructum.
3364 2296 3546 2366 Atque
3587 2296 3745 2362 hinc,

2161 2383 2288 2438 dum
2318 2384 2529 2440 illorqu
2561 2394 2888 2454 temporum,
2914 2385 3112 2455 quibus
3138 2386 3282 2441 haud
3308 2384 3467 2441 facile
3493 2395 3621 2453 ante
3646 2386 3751 2441 tri-

2161 2474 2422 2530 cesimum
2451 2476 2594 2530 vitae
2618 2491 2822 2532 annum
2851 2476 3136 2547 quisquam
3162 2475 3325 2532 talem
3348 2476 3449 2531 sibi
3468 2476 3753 2532 doctrinae

2160 2563 2385 2636 gloriam
2425 2581 2620 2637 parare
2666 2566 2886 2636 potuit,
2939 2565 3207 2621 rationem
3252 2565 3543 2630 habueris,
3593 2564 3755 2623 facile

2159 2659 2442 2714 nobiscum
2456 2658 2695 2730 colliges,
2714 2666 2900 2714 natum
2915 2657 3085 2714 videri
3108 2658 3390 2729 Erigenam
3416 2658 3557 2713 inter
3576 2656 3756 2715 DCCC

2160 2762 2217 2808 et
2239 2752 2507 2809 DCCCXV
2539 2751 2655 2808 fere
2680 2767 2739 2822 p.
2763 2751 2895 2808 Chr.
2921 2761 3034 2806 nat.
3064 2765 3253 2806 armos.

2233 2842 2437 2900 Verum
2458 2851 2734 2912 utcunque
2766 2858 2856 2898 res
2885 2856 2944 2897 se
2975 2841 3170 2906 habet,
3209 2842 3311 2897 hoc
3339 2848 3486 2897 certe
3522 2855 3626 2897 non
3653 2856 3757 2898 ve-

2169 2950 2376 2999 remur,
2396 2950 2464 2989 ne
2485 2934 2608 3003 quis
2622 2932 2776 2988 nobis
2795 2942 3031 3002 opponat
3052 2931 3584 2996 Staudemnaierum,
3604 2946 3760 2987 eum-

2163 3041 2300 3096 que,
2349 3026 2443 3096 qui
2497 3026 2641 3080 hunc
2683 3034 2902 3079 secutus
2946 3034 3063 3089 est,
3114 3024 3489 3080 Scblueterum
3519 3023 3623 3095 (j),
3661 3025 3755 3094 qui

2162 3101 2448 3187 Erigenam
2478 3116 2696 3170 circiter
2740 3130 2941 3169 annum
2974 3114 3361 3171 DCCCXXVlll
3400 3125 3585 3171 natum
3634 3131 3760 3173 esse

2167 3208 2398 3271 volunt,
2447 3207 2533 3262 bis
2590 3208 2671 3261 usi
2724 3207 3023 3262 rationibus
3067 3206 3186 3279 (Ιί);
3231 3226 3250 3259 t
3283 3207 3516 3263 Cireiter
3555 3222 3759 3263 annum

2168 3296 2454 3353 DCCCLIII
2482 3296 2712 3368 Erigena
2735 3299 2848 3369 jam
2874 3297 3020 3353 fama
3039 3298 3174 3359 satis
3195 3313 3390 3370 magna
3412 3297 3711 3355 excellebat
3734 3316 3757 3349 ι

2171 3388 2446 3457 (vidimus,
2465 3389 2568 3445 hoc
2587 3388 2811 3460 ipsijam
2827 3389 3070 3461 pluribus
3083 3391 3242 3445 annis
3261 3399 3388 3446 ante
3407 3405 3532 3446 eum
3553 3405 3761 3447 annum

2172 3482 2494 3554 contigisse)
2523 3501 2538 3538 :
2572 3501 2592 3535 ι
2622 3482 2823 3553 scripta
2852 3481 2972 3552 ejus
3002 3483 3300 3554 juvenilem
3345 3483 3556 3552 spirant
3592 3484 3762 3540 animi

2172 3575 2422 3631 ardorem
2477 3574 2627 3635 {talia
2673 3582 2990 3644 argumenta
3044 3572 3160 3644 jam
3222 3587 3320 3643 per
3369 3587 3430 3629 se
3471 3573 3762 3629 admodum

2174 3679 2297 3721 esse
2340 3664 2521 3721 solent
2547 3663 2794 3730 inﬁrma;
2833 3671 3149 3733 praeterea,
3177 3662 3224 3718 si
3257 3660 3460 3719 Hockio
3495 3662 3557 3735 (ι)
3584 3662 3768 3718 credi-

2173 3772 2326 3823 mus,
2361 3756 2542 3812 omnia
2589 3755 2693 3811 alia
2736 3754 3076 3827 invenimus)
3113 3773 3127 3809 :
3160 3755 3344 3825 itaque
3390 3756 3763 3820 confidenter,

2173 3851 2463 3925 Erigenam
2487 3851 2602 3916 illo,
2633 3851 2702 3906 de
2723 3866 2832 3920 quo
2860 3850 3120 3915 diximus,
3144 3858 3409 3920 tempore,
3444 3849 3765 3905 vicesimum

2175 3944 2424 4017 quintum
2453 3942 2598 3999 vitae
2616 3957 2829 3998 annum
2856 3940 3056 4012 egisse,
3081 3941 3247 3997 statui
3277 3949 3455 4012 potest
3482 3959 3529 3995 ι.

2796 4115 3025 4172 CAPUT
3071 4114 3137 4171 Il.

2180 4254 2328 4321 Quae
2365 4253 2420 4309 in
2457 4253 2663 4308 Joanne
2690 4247 2847 4321 Scoto
2884 4249 3079 4319 fuerint
3108 4245 3334 4321 eruditio
3356 4253 3512 4317 atque
3536 4243 3767 4310 litterae,

2650 4330 2699 4376 et
2723 4320 2860 4375 unde
2883 4336 2973 4374 eas
2998 4319 3302 4390 perceperit.
3374 4370 3377 4373 .

2251 4478 2781 4550 Recognoscentibus
2803 4476 2961 4532 nobis
2993 4474 3367 4531 tantummodo
3387 4487 3476 4542 ea,
3497 4487 3637 4542 quae
3651 4469 3766 4541 jam

2180 4572 2430 4643 proximo
2459 4571 2637 4641 capite
2668 4569 2734 4624 de
2767 4567 2932 4625 Scoto
2959 4569 3231 4638 disputata
3260 4574 3415 4629 sunt,
3450 4573 3765 4635 promptum

2180 4662 2626 4732 propositumque
2656 4659 2762 4715 erit
2782 4699 2798 4725 ,
2828 4659 2974 4714 haud
3004 4657 3213 4729 vulgari
3261 4655 3410 4711 illum
3455 4654 3767 4722 hominem,

2180 4765 2320 4821 quae
2364 4749 2482 4819 ejus
2531 4750 2723 4804 aetatis
2771 4757 2855 4803 est
2898 4747 3071 4812 ratio,
3116 4747 3363 4802 doctrina
3408 4744 3766 4809 excelluisse,

2181 4850 2347 4911 atque
2378 4841 2515 4895 adeo
2547 4840 2688 4895 inter
2717 4839 2887 4909 ipsius
2916 4836 3205 4908 aequales,
3239 4836 3330 4907 qui
3364 4836 3466 4892 hac
3495 4835 3549 4890 in
3575 4851 3634 4891 re
3663 4835 3769 4905 ipsi

2180 4940 2614 5005 compararetur,
2647 4932 2737 4987 vix
2767 4932 3049 4987 inventum
3084 4945 3208 4988 esse
3245 4943 3590 5001 quemquam.
3617 4926 3770 4995 Quae

2179 5066 2440 5137 German.
2475 5063 2640 5137 $01.1
2666 5063 2871 5137 p.A3E_Sl.
2890 5133 2910 5137 Α
2965 5131 2981 5137 _
3140 5132 3152 5137 Α
3362 5130 3392 5137 __
3413 5114 3427 5126 ,

2278 5137 2332 5208 Ιρ)
2373 5135 2455 5208 Cf.
2481 5130 2687 5208 Thom;
2711 5134 2863 5208 Gale.
2965 5131 3003 5188 1.
3031 5132 3235 5187 testim.
3263 5146 3318 5203 p.
3359 5130 3414 5187 5.
3443 5131 3498 5187 7.

2279 5204 2323 5269 εν
2358 5206 2441 5260 cr.
2482 5206 2635 5262 Gale.
2661 5206 2698 5258 I.
2732 5205 2768 5258 ι.
2799 5219 2856 5274 ρ.
2886 5204 2941 5259 7.

2278 5266 2327 5361 ί)
2367 5274 2449 5332 Cf.
2485 5266 2855 5361 ejus'librum,
2897 5289 3058 5345 quem
3087 5288 3209 5343 sup.
3255 5272 3358 5329 col.
3382 5271 3437 5338 ι,
3463 5266 3772 5340 not.glau-

2183 5346 2451 5406 davimus.
2565 5346 2651 5401 Ill.

2184 5419 2331 5492 __(k)
2370 5419 2479 5492 Cf.»
2528 5414 2907 5492 tandeumaier
2938 5412 3061 5492 Job.
3095 5412 3247 5492 Scott
3276 5413 3506 5492 ἰῆς-ἱερῆα
3534 5408 3773 5492 μειᾶῄὰἰθ

2184 5479 2584 5545 Wissensehaft
2611 5488 2788 5542 seiner
2817 5484 2955 5540 Zeit.
2982 5486 3167 5540 Erster
3187 5479 3685 5539 'fbeilfFrankfurt
3714 5494 3771 5533 a.

2184 5560 2253 5603 Μ-
2288 5559 2423 5603 ΙΩΜ
2451 5574 2504 5603 n-
2554 5556 2658 5603 496
2688 5572 2826 5603 δρα--
2858 5556 2949 5603 nhi
2981 5564 3159 5603 tamen
3193 5556 3243 5603 in
3268 5554 3373 5603 ima
3405 5567 3528 5603 nan.
3556 5547 3680 5603 126.
3712 5554 3774 5603 ut

2184 5560 2255 5615 Μ.
2288 5559 2423 5616 1854
2451 5574 2504 5629 p.
2554 5556 2658 5613 126
2688 5572 2828 5625 seq.,
2858 5556 2949 5610 ubi
2981 5564 3160 5610 tamen
3193 5556 3243 5609 in
3268 5554 3373 5608 ima
3405 5567 3528 5624 pag.
3556 5548 3680 5615 l26,
3712 5554 3774 5603 ut

2182 5646 2252 5712 es
2285 5632 2370 5694 iis,
2395 5637 2881 5712 quaesequuntur,
2910 5634 3078 5696 patet,
3104 5640 3201 5696 pro
3224 5625 3329 5681 853
3355 5623 3614 5680 mendose
3636 5620 3774 5676 scri-

2179 5710 2340 5775 ptum
2367 5712 2452 5757 est
2480 5700 2605 5757 858.

2251 5772 2312 5847 (Ι)
2352 5771 2435 5829 Cf.
2468 5770 2666 5827 librum
2694 5767 2798 5827 col.
2830 5767 2885 5835 6,
2910 5773 3023 5823 not.
3048 5782 3081 5839 g
3106 5764 3252 5821 laud.
