4036 5612
263 451 294 508 9
1069 451 1155 506 DE
1195 451 1353 509 VITA
1391 449 1480 506 ΕΤ
1519 441 1848 504 ΡΒᾹΞΟΙΞΡἸ

1959 441 2006 499 J.
2047 443 2262 500 SCOTl.
2304 476 2371 487 —
2411 444 2591 501 PARS
2630 444 2668 500 Ι.
3453 437 3525 497 ιο

249 561 401 620 ’ὃοοιὶ
426 561 670 618 doctrina
693 561 784 618 hie
809 561 970 632 paulo
996 565 1306 618 accuratius
1328 573 1412 619 est
1436 557 1824 635 persequenda.
1855 557 1904 616 A
1933 558 2078 613 locos
2105 559 2344 629 ablegari
2393 559 2681 629 possimus.
2721 555 2786 612 lli
2815 570 2944 612 vero
2977 557 3104 623 loci,
3146 572 3307 628 quam
3331 572 3524 626 parum

263 653 432 709 Semel
461 663 641 723 tamen
671 663 834 723 atque
861 653 1113 709 universe
1143 654 1215 708 ita
1243 655 1507 709 monitum
1543 667 1665 707 esse
1685 649 1836 704 volu-

260 760 402 804 mus.
446 743 710 813 quidquid
758 744 860 798 hoc
901 743 1020 799 loco
1065 745 1164 814 ipsi
1206 744 1380 800 laudis
1428 745 1716 806 tribuatur,
1751 740 1834 805 id,

260 835 357 889 nisi
373 834 488 905 ejus
505 833 698 889 aetatis
720 835 906 889 habita
928 834 1154 899 ratione,
1175 835 1273 906 ipsi
1300 835 1558 890 tributum
1577 850 1680 889 non
1695 849 1834 890 esse.

325 925 566 980 Primum
617 926 785 996 igitur
822 927 957 982 satis
1002 942 1253 998 magnam
1292 928 1345 981 in
1384 942 1448 982 eo
1483 926 1840 996 deprehendi-

261 1031 374 1068 mus
395 1014 687 1068 latinarum
729 1015 1029 1070 litterarum
1054 1016 1440 1086 cognitionem.
1475 1015 1680 1069 Laudat
1700 1013 1838 1070 Boe-

269 1105 459 1170 thium,
491 1105 744 1172 Piinium,
775 1107 1081 1178 Virgilium,
1114 1108 1457 1174 Ciceronem,
1501 1108 1670 1174 alios;
1704 1124 1841 1178 quos

265 1211 511 1267 magnam
541 1206 754 1267 partem
809 1197 923 1268 ipse
959 1197 1088 1269 legit
1117 1198 1215 1271 (τι).
1246 1199 1480 1253 Plurima
1511 1198 1673 1254 latine
1707 1198 1842 1253 scri-

259 1292 402 1365 psit,
459 1289 685 1361 ejusqne
733 1293 911 1346 oratio
959 1300 1066 1345 tam
1113 1293 1322 1361 poetica
1354 1307 1517 1361 quam
1557 1306 1716 1362 prosa
1760 1298 1844 1346 est

255 1384 568 1455 perspicua,
601 1382 793 1456 plena,
827 1380 939 1436 fere
970 1381 1206 1452 elegans.
1242 1381 1359 1448 Quo
1397 1381 1596 1434 factum
1629 1389 1712 1435 est
1734 1420 1748 1444 ,
1784 1388 1846 1435 ut

253 1475 384 1529 adeo
410 1472 784 1544 Chrysostomi
811 1487 934 1526 eum
962 1473 1282 1540 cognomine
1310 1471 1717 1526 honestaverint
1747 1470 1840 1542 (ὁ).

252 1567 457 1622 Deinde
485 1568 674 1632 etiam,
708 1566 760 1620 id
791 1568 933 1636 quod
966 1575 1113 1622 certe
1136 1567 1510 1621 admirandum
1539 1575 1644 1631 est,
1682 1582 1843 1636 grae-

253 1672 347 1713 cae
399 1657 619 1724 linguae
660 1656 942 1712 scientiam
980 1657 1082 1711 sibi
1122 1666 1566 1726 comparaverat;
1594 1672 1694 1710 nec
1724 1670 1844 1711 eam

255 1747 606 1801 mediocrem.
647 1745 742 1799 Est
784 1745 1003 1815 quidem
1030 1786 1046 1812 ,
1098 1754 1157 1799 ut
1197 1760 1265 1800 ex
1313 1746 1551 1814 antiquis
1584 1745 1845 1801 Graeciae

252 1833 615 1903 scriptoribus
663 1833 909 1888 classicis
955 1834 1043 1888 vix
1099 1833 1267 1888 ullum
1309 1834 1503 1905 legisse
1549 1835 1840 1889 videatur:

1941 653 2192 723 ponderis
2221 653 2321 707 soli
2353 668 2449 722 per
2482 667 2540 706 se
2577 651 2844 716 habeant,
2887 650 3006 706 luce
3052 659 3137 706 est
3185 651 3384 706 clarius
3436 652 3524 718 (i).

1941 741 2050 797 Nec
2089 743 2284 797 desunt
2323 742 2414 796 alii
2449 741 2573 806 loci,
2612 741 2702 796 ubi
2749 740 2981 810 Erigena
3030 740 3347 796 manifestos
3380 739 3526 795 LXX

1940 833 2297 904 interpretum
2315 843 2369 888 et
2389 833 2638 904 vulgatae
2663 833 2928 887 versionis
2967 846 3184 887 errores
3221 831 3522 900 amplexus,

1949 946 1967 978 ι
1997 927 2062 981 de
2083 926 2334 982 hebraica
2371 926 2596 980 veritate
2633 944 2649 976 ι
2691 924 2823 978 nihil
2846 923 3047 993 cogitat
3073 921 3172 994 (ι’).
3199 922 3360 977 Libro
3387 920 3528 976 Vde

1943 1018 2063 1074 Div.
2091 1017 2210 1072 Nat.
2241 1033 2359 1088 cap.
2384 1016 2452 1070 58
2473 1017 2544 1070 ita
2576 1015 2768 1072 scribit
2795 1031 2848 1070 ιι
2869 1012 3130 1086 Jcsaphat
3165 1012 3526 1082 compositum

1943 1119 2026 1165 est
2056 1124 2120 1162 ex
2150 1112 2244 1165 ἰαώ
2273 1118 2326 1163 et
2357 1108 2551 1181 (Σαφάτ.
2576 1108 2643 1162 Ει
2674 1111 2767 1164 ῐαὼ
2799 1105 3016 1176 quidem
3046 1103 3242 1159 multas
3265 1105 3531 1170 interpre-

1946 1203 2176 1258 tationes
2203 1202 2395 1267 habet;
2431 1201 2820 1270 interpretatur
2841 1197 2988 1253 enim
3017 1195 3266 1258 visibilis,
3300 1203 3392 1248 aut
3421 1192 3529 1247 Do-

1946 1294 2148 1357 minus,
2177 1301 2272 1347 aut
2301 1292 2491 1362 gloria.
2519 1298 2612 1345 aut
2639 1290 2902 1353 existens,
2941 1296 3035 1342 aut
3061 1295 3197 1349 erat,
3227 1292 3322 1339 aut
3350 1291 3454 1346 est,
3479 1290 3535 1338 et

1946 1383 2160 1439 futurus
2208 1392 2327 1448 est;
2370 1381 2549 1454 (ἷαφάτ
2596 1390 2775 1436 autem
2828 1379 3057 1434 vertitur
3096 1377 3148 1431 in
3187 1374 3479 1445 judicium.
3509 1393 3529 1425 ι

1946 1475 2100 1543 Quod
2135 1484 2283 1530 certe
2313 1475 2612 1542 scripturus
2643 1486 2748 1526 non
2778 1469 2974 1534 fuerat,
3013 1468 3058 1523 si
3090 1461 3196 1521 non
3226 1481 3294 1520 ex
3322 1464 3534 1520 Graeco

1947 1565 2129 1637 aliquo
2153 1565 2414 1620 Hebraica
2453 1579 2548 1619 sua
2587 1562 2914 1626 sustulisset,
2945 1561 3039 1616 sed
3073 1560 3189 1630 ipse
3216 1557 3532 1613 hebraicunt

1947 1673 2226 1714 sacrorum
2265 1655 2551 1712 bibliorum
2580 1653 2822 1709 codicem
2851 1651 3142 1707 evolvisset
3177 1647 3272 1721 (lt).
3303 1648 3419 1703 Huc
3443 1662 3536 1702 ac-

1947 1749 2108 1812 cedit,
2142 1747 2285 1820 quod
2332 1747 2447 1818 ipse
2478 1747 2544 1800 de
2578 1744 2737 1799 divis.
2785 1742 2909 1797 Nat.
2949 1740 3016 1808 V,
3049 1741 3086 1795 2
3123 1741 3287 1802 med.,
3320 1738 3411 1793 ubi
3449 1739 3534 1792 in-

1950 1840 2392 1912 terpretationem
2423 1837 2658 1894 nominis
2697 1855 2714 1887 ι
2735 1833 3030 1890 Cherubim
3060 1853 3079 1885 ι
3114 1829 3387 1902 proponit,
3414 1827 3533 1898 ejus

254 1935 439 1973 verum
483 1920 626 1974 inter
671 1918 865 1976 Patres
907 1920 1218 1983 Ecclesiae,
1264 1937 1400 1991 quos
1430 1930 1656 1985 vocant,
1691 1921 1845 1991 longe

1959 1933 2415 2006 interpretationis
2458 1940 2711 1988 auctores
2751 1929 2936 1983 laudat
2979 1923 3534 1995 Pseudo-Dionysium

254 2011 446 2066 melius
473 2011 624 2066 novit
663 2026 888 2082 graecos
917 2026 1078 2080 quam
1105 2011 1322 2066 latinos.
1355 2011 1476 2066 Illos
1505 2012 1697 2067 saltem
1726 2026 1846 2066 sae-

250 2103 476 2173 pissime
506 2112 672 2159 testes
694 2101 918 2172 profert,
956 2100 1076 2158 illos
1103 2103 1334 2174 plurima
1367 2102 1525 2158 laude
1556 2103 1844 2175 prosequi-

253 2206 340 2250 tur
360 2197 456 2266 (c).
492 2196 727 2266 Scriptis
764 2197 898 2261 suis,
931 2196 1224 2266 praecipue
1244 2212 1384 2266 quae
1413 2206 1538 2252 sunt
1561 2197 1627 2251 de
1649 2211 1848 2268 genere

253 2288 500 2356 poetico,
547 2286 715 2341 multa
755 2285 946 2341 Graeca
985 2287 1248 2352 inseruit;
1282 2287 1333 2341 in
1365 2288 1701 2343 carminibus
1733 2287 1847 2355 ejus

255 2378 448 2449 integri
487 2394 682 2433 versus
722 2379 902 2450 graeci
952 2379 1295 2448 reperiuntur
1331 2378 1407 2450 (ιί)
1443 2380 1492 2432 ⁸.
1547 2378 1846 2434 Nonnullos

253 2483 472 2538 quoque
503 2467 988 2538 PseudosDionysii
1019 2467 1377 2539 Areopagitae
1406 2467 1570 2522 libros
1593 2477 1647 2523 et
1678 2467 1849 2523 Scho-

251 2558 318 2612 lia
344 2558 572 2614 Maximi
595 2558 909 2628 cujusdam,
941 2573 1079 2628 quae
1104 2567 1160 2613 et
1204 2560 1317 2629 ipsa
1355 2560 1632 2614 subdititia
1663 2561 1852 2615 dicun-

252 2656 358 2714 tur,
395 2665 530 2720 rege
561 2648 756 2704 Carolo
783 2647 948 2704 Calvo
977 2649 1288 2719 postulante
1317 2648 1388 2720 (ε)
1424 2664 1455 2704 e
1497 2664 1694 2719 graeco
1736 2665 1850 2705 ser-

252 2754 423 2794 mone
449 2740 504 2794 in
532 2739 760 2794 latinum
791 2740 1080 2794 convertit.

312 2828 484 2895 Quod
515 2843 646 2883 vero
691 2829 930 2894 fuerunt,
961 2829 1052 2899 qui
1090 2827 1178 2885 vel
1219 2829 1474 2885 hebraice
1538 2839 1596 2884 et
1636 2830 1851 2902 syriace

247 2919 404 2991 Erige
419 2935 552 2974 nam
589 2920 815 2976 scivisse
851 2921 1262 2990 suspicarentur
1292 2921 1393 2990 (Ῑ),
1421 2936 1514 2976 eos
1548 2932 1698 2977 certe
1733 2923 1850 2991 opi-

247 3012 335 3067 nio
355 3011 564 3066 fefellit
591 3027 606 3066 :
640 3013 777 3068 satis
803 3013 949 3068 enim
971 3023 1218 3082 apertum
1242 3024 1348 3081 est,
1371 3015 1471 3070 nisi
1495 3017 1846 3086 paucissima,

247 3117 346 3158 nec
374 3119 456 3156 ea
495 3110 605 3156 tam
658 3102 914 3157 hebraica
948 3113 1042 3157 aut
1076 3105 1286 3174 syriaco
1309 3145 1324 3169 ,
1361 3119 1523 3173 quam
1561 3120 1725 3176 super
1749 3105 1854 3160 he-

250 3193 471 3248 braicis
509 3202 562 3246 et
588 3193 838 3264 syriacis,
869 3193 1044 3262 ipsum
1073 3209 1181 3249 non
1214 3195 1469 3250 tenuisse.
1498 3195 1618 3252 Uno
1643 3205 1850 3250 tantum

1946 2026 2326 2098 Areopagitam
2361 2032 2414 2079 et
2456 2021 2837 2093 Epiphanium,
2877 2018 3030 2089 cujus
3056 2017 3254 2072 librum
3289 2033 3308 2066 ι
3337 2014 3404 2070 de
3426 2013 3535 2070 He-

1946 2116 2148 2172 braicis
2188 2114 2510 2170 Nominibus
2538 2132 2555 2164 ι
2585 2113 2738 2167 citat.

2018 2205 2160 2261 Cave
2186 2214 2364 2260 tamen
2392 2201 2582 2259 credas
2598 2241 2612 2267 ,
2644 2215 2742 2255 nos
2762 2199 2868 2254 hac
2910 2196 3274 2268 disputatione
3297 2195 3365 2250 de
3388 2193 3538 2250 Seoti

1948 2297 2108 2352 laude
2155 2295 2448 2366 quidquam
2499 2293 2801 2348 detractum
2847 2288 3004 2345 velle.
3028 2286 3227 2342 Verum
3270 2298 3448 2356 neque
3485 2285 3537 2338 in

1950 2387 2241 2443 virtutibus
2269 2385 2351 2440 eis
2389 2381 2806 2439 commemorari
2841 2379 3128 2443 voluimus,
3149 2391 3289 2447 quae
3316 2389 3424 2430 non
3455 2389 3541 2429 es-
3625 2403 3628 2405 λ

1949 2487 2089 2544 sent,
2122 2485 2178 2532 et
2208 2476 2356 2532 brevi
2387 2474 2612 2545 patebit,
2640 2486 2801 2543 quam
2835 2471 2969 2525 haec
2993 2469 3109 2540 ipsa
3138 2467 3434 2538 disputatio
3472 2466 3542 2520 ad

1951 2570 2112 2624 aliam
2141 2569 2208 2624 de
2235 2568 2398 2623 Scoto
2425 2564 2798 2637 quaestionem
2819 2559 3218 2630 dijudicandam
3243 2556 3535 2627 pertineat.

2022 2660 2293 2730 Quidquid
2316 2658 2464 2714 Scoti
2498 2655 2830 2726 temporibus
2855 2661 3075 2724 praeter
3103 2663 3292 2705 sacras
3326 2647 3540 2702 litteras

1952 2754 2007 2808 in
2037 2752 2240 2808 scholis
2267 2751 2584 2814 docebatur,
2617 2745 2921 2802 liberalium
2958 2743 3154 2799 artium
3201 2740 3316 2796 fere
3346 2738 3544 2794 ﬁnibul

1952 2845 2430 2914 circumscriptum
2465 2851 2600 2898 erat.
2645 2839 2834 2910 Neque
2861 2839 3003 2892 inter
3030 2835 3148 2906 ejus
3182 2833 3436 2905 aequales
3463 2833 3543 2886 in-

1951 2946 2144 2991 ventus
2187 2945 2293 3001 est,
2333 2935 2425 3005 qui
2465 2935 2660 2989 harum
2705 2933 2906 2986 artium
2948 2929 3060 2984 fere
3102 2929 3236 2983 lines
3275 2927 3416 2982 ultra
3456 2941 3542 2990 ea,

1952 3043 2090 3096 quae
2119 3036 2229 3080 tum
2263 3027 2314 3080 in
2344 3025 2622 3080 hominum
2653 3022 2905 3077 manibus
2947 3035 3068 3075 esse
3096 3019 3364 3082 solebant,
3396 3031 3544 3071 com-

1952 3118 2170 3189 pendia,
2199 3116 2306 3171 ullo
2335 3117 2494 3170 modo
2521 3114 2810 3185 proferret.
2840 3111 2970 3166 iure
2997 3111 3161 3182 igitur
3177 3110 3290 3181 jam
3318 3107 3546 3162 laudan-

1957 3211 2058 3265 dus
2101 3218 2185 3263 est
2221 3205 2478 3272 Joannes,
2509 3205 2600 3276 qui
2639 3212 2845 3258 tantam
2881 3217 3006 3256 cum
3055 3201 3205 3256 hisce
3235 3198 3392 3254 libris
3411 3213 3546 3252 con~

246 3282 365 3337 loco
392 3283 482 3356 (ει)
509 3285 721 3354 syriaca
759 3286 1022 3352 quaedam
1052 3284 1230 3350 all'ert,
1263 3286 1356 3340 sed
1389 3289 1485 3351 ita,
1532 3295 1589 3340 ut
1629 3287 1742 3358 ipse
1771 3288 1853 3342 in—
1962 3299 2191 3355 traxisse
2247 3297 2496 3352 videatur
2549 3293 3002 3350 familiaritatem.
3040 3299 3098 3346 ut
3133 3291 3355 3346 omnino
3395 3289 3447 3343 in
3477 3288 3545 3342 iis

248 3375 412 3441 dicet,
454 3390 576 3430 sese
601 3374 661 3429 S.
690 3374 889 3430 Basilio
907 3388 969 3428 ea
993 3376 1208 3430 debere.
1236 3375 1623 3432 Hebraicorum
1641 3379 1854 3448 saepius

250 3469 480 3536 quidem
509 3470 839 3524 mentionem
866 3470 1016 3536 facit,
1042 3484 1143 3524 nec
1179 3478 1357 3524 tamen
1385 3471 1634 3537 doctius;
1659 3473 1857 3543 quippe

253 3573 398 3628 quae
427 3568 488 3614 et
532 3559 644 3628 ipsa
677 3561 790 3633 suis
813 3561 986 3616 oculis
1025 3562 1246 3616 minime
1277 3561 1588 3631 inspexerit.
1620 3562 1855 3632 Ablega-

253 3665 380 3704 mur
411 3652 496 3722 (It)
545 3653 613 3704 ad
645 3651 819 3706 locum
851 3653 916 3706 in‘
952 3652 1090 3708 libro
1119 3652 1192 3717 ll,
1225 3667 1345 3723 cap.
1385 3653 1456 3706 20
1487 3654 1552 3708 de
1591 3653 1857 3710 divisione

254 3741 522 3807 Naturae,
555 3742 644 3796 ubi
673 3742 872 3812 legitur
902 3761 916 3797 :
956 3761 974 3794 ι
1015 3751 1158 3798 terra
1187 3751 1366 3797 autem
1416 3752 1534 3798 erat
1575 3744 1858 3800 invisibilis

253 3845 309 3891 et
337 3837 704 3908 incomposita
733 3854 778 3903 i;
806 3838 885 3893 sic
907 3837 1298 3892 transtulerunt
1327 3835 1467 3892 LXX
1493 3837 1853 3907 lnterpretes;

254 3944 351 3984 seu
393 3929 700 3985 secundum
738 3929 1044 3984 hebraicam
1097 3929 1408 3994 veritatem,
1445 3939 1658 3984 (terra.
1675 3938 1854 3983 autem

253 4029 380 4075 erat
409 4021 594 4075 inanis
633 4029 688 4075 ct
714 4034 883 4077 vacua
907 4040 960 4077 ι,
987 4020 1190 4076 Eodem
1207 4019 1331 4089 jure
1371 4021 1435 4078 ad
1467 4021 1650 4090 plures
1690 4022 1854 4076 etiam

325 4177 406 4246 (α)
446 4175 533 4230 Cf.
562 4175 628 4230 de
655 4173 914 4246 div._Nat.
941 4192 979 4238 ι,
1013 4174 1114 4241 36;
1149 4191 1229 4246 ιιι,
1276 4175 1370 4240 ll;
1405 4190 1497 4246 tv,
1522 4175 1582 4241 '7;
1635 4192 1716 4241 ιιι,
1756 4178 1857 4233 54-

251 4244 359 4311 36;
385 4244 427 4312 ι,
465 4246 568 4310 16;
603 4261 642 4309 ι,
676 4245 782 4310 55;
812 4261 874 4309 ιι,
906 4247 1004 4308 l7;
1033 4261 1116 4311 ιιι,
1148 4245 1250 4312 53;
1282 4261 1320 4312 ι,
1349 4246 1438 4312 45,
1477 4245 1567 4313 45,
1597 4247 1768 4315 8,1Ο,
1801 4251 1852 4315 7,

250 4317 322 4371 59
353 4327 467 4372 cet.
505 4316 581 4370 De
611 4317 880 4384 praedest.
905 4332 1058 4370 xvm.
1157 4327 1159 4330 ‘

325 4387 419 4513 (:1;
449 4385 536 4442 Cf.
586 4386 1095 4442 Staudenmaierum
1153 4403 1207 4459 p.
1256 4387 1402 4454 206,
1448 4387 1599 4444 Gale.
1649 4391 1851 4446 testim.

252 4599 265 4610 .
325 4528 400 4599 (ε)
443 4527 730 4611 ﬂaminem
769 4531 987 4611 saepius
1018 4528 1182 4611 citat‘;
1217 4543 1316 4611 n_e_c
1343 4529 1660 4611 ιυηιολιηρίιιβ
1686 4531 1856 4588 libros

250 4599 373 4668 ipse
408 4599 632 4654 videtur
664 4599 971 4655 excussisse
998 4619 1010 4654 :
1037 4601 1109 4655 cf.
1136 4599 1202 4654 de
1230 4601 1338 4654 div.
1367 4616 1448 4663 ιιι,
1471 4600 1560 4654 56.
1591 4600 1647 4655 Si
1671 4617 1854 4669 quem-

1961 3389 2305 3444 habitaverit.
2343 3387 2500 3444 Certe
2529 3386 2672 3440 enim
2698 3426 2713 3452 ,
2736 3384 2836 3440 etsi
2874 3383 2992 3438 illos
3021 3382 3189 3438 libros
3219 3395 3548 3436 non-omnes

1959 3481 2209 3536 omnibus
2259 3479 2391 3534 locis
2433 3477 2694 3539 nominat,
2750 3491 2858 3540 res,
2885 3489 3019 3546 quas
3064 3473 3362 3539 continent,
3411 3471 3546 3527 satis

1959 3570 2061 3626 sibi
2106 3570 2352 3641 cognitas
2395 3568 2584 3631 fuisse,
2629 3566 2826 3636 ubique
2869 3565 3086 3634 scriptis
3128 3565 3240 3619 suis
3281 3563 3542 3619 declarat.

1959 3664 2123 3735 Cujus
2153 3663 2230 3718 rei
2254 3668 2572 3732 argumento
2619 3659 2858 3730 singulos
2886 3658 3034 3712 locos
3062 3655 3296 3728 allegare
3325 3655 3544 3726 longum

1959 3765 2061 3818 est,
2093 3769 2265 3824 neque
2307 3751 2674 3808 necessarium
2717 3751 3048 3804 arbitramur
3077 3748 3162 3821 (Ι).
3204 3747 3338 3803 Nam
3380 3762 3545 3816 supra

1955 3847 2067 3918 jam
2101 3845 2635 3901 Malmesburiensem
2666 3842 2991 3907 audivimus,
3023 3856 3145 3897 cum
3175 3840 3248 3895 ita
3271 3849 3543 3902 narraret,

1959 3937 2210 3993 Carolqu
2244 3936 2465 3993 Calvum
2496 3955 2514 3987 ί
2541 3935 2800 3990 miraculo
2845 3935 3104 3989 scientiae
3139 3953 3185 4001 ι,
3223 3949 3329 4004 qua
3357 3932 3548 3987 fuisset

1961 4029 2181 4098 Scotus,
2212 4019 2446 4100 captum,
2491 4028 2543 4081 in
2570 4025 2822 4083 omnibus
2853 4025 3016 4081 rebus
3047 4025 3096 4080 ei
3130 4023 3420 4095 plurimum
3460 4024 3544 4076 in-

1960 4182 2099 4266 Suunt
2129 4189 2311 4238 autem
2347 4179 2551 4254 Hegelii
2591 4179 2657 4235 de
2697 4177 2860 4234 Scoto
2891 4185 2971 4234 tot
3006 4175 3118 4232 fere
3141 4189 3376 4242 errores,
3413 4184 3554 4246 quot

1960 4256 2216 4396 “igitr.
2243 4323 2444 4396 deidiv.
2473 4320 2599 4396 ιω.
2628 4320 2690 4387 ιι,
2719 4319 2908 4376 19-20.

2055 4393 2109 4467 ιε’)
2143 4394 2225 4467 er.
2260 4394 2433 4467 Hiort.
2473 4393 2508 4446 l.
2538 4393 2575 4446 ι.

2055 4401 2109 4467 h)
2143 4401 2225 4449 cr.
2260 4401 2433 4449 Hiort.
2473 4401 2508 4446 ι.
2538 4401 2575 4446 ι.

2031 4401 2092 4539 ξὶ)
2145 4464 2228 4539 Cl‘.
2260 4464 2675 4539 Staudenmaier
2709 4479 2768 4539 p._
2790 4462 2896 4518 206
2936 4475 3092 4539 seqq.
3129 4468 3246 4514 not.
3284 4459 3344 4539 5ἒ
3371 4457 3563 4539 Atque.

1958 4530 2178 4606 ea'i'psa
2219 4537 2419 4591 locutio
2457 4553 2469 4588 :
2509 4553 2528 4586 ι
2574 4530 2837 4589 Hebraica
2867 4530 3068 4587 veritas
3107 4551 3125 4584 ι
3157 4530 3347 4601 procul
3382 4531 3548 4589 dubio

1959 4611 2028 4664 ad
2079 4607 2138 4663 S.
2193 4605 2508 4676 Hieronymi
2553 4606 2858 4660 versionem
2907 4610 3147 4674 spectat;
3196 4599 3357 4674 hujus
3402 4601 3552 4675 enim

251 4685 422 4742 quam
448 4710 466 4733 ,
513 4669 858 4742 Aristotelem
899 4671 1014 4742 suis
1054 4669 1224 4726 oculis
1254 4671 1500 4742 viderit;
1533 4670 1607 4742 cf.
1654 4671 1851 4742 Roger.
1887 4675 1932 4732 D
1963 4681 2090 4735 illud
2129 4693 2325 4732 nomen
2359 4669 2476 4731 fuit.

249 4738 430 4812 Baco.
478 4740 618 4812 apud
667 4739 864 4812 Wood.
907 4741 1114 4812 llistor.
1173 4741 1320 4795 univ.
1371 4740 1546 4794 Oxon.
1594 4741 1634 4804 l,
1674 4738 1846 4812 p.15.

251 4809 472 4865 Deinde
493 4810 562 4864 cl.
587 4811 655 4866 de
675 4810 784 4863 div.
814 4811 936 4866 Nat.
962 4827 1025 4875 ιι,
1057 4811 1158 4877 29;
1193 4827 1274 4873 ιιι,
1297 4811 1388 4876 2Ι,
1411 4812 1501 4874 26,
1529 4812 1617 4873 27,
1646 4809 1734 4871 '50,
1760 4813 1849 4878 32,

251 4879 361 4946 '53,
420 4879 526 4947 54,;
575 4897 662 4946 IV,
710 4882 814 4945 16;
872 4898 945 4950 tv,
1000 4883 1063 4950 i;
1114 4897 1178 4947 ιι,
1225 4883 1328 4947 28;
1378 4884 1546 4950 tv,5;
1589 4883 1851 4949 v,25;t,

251 4950 346 5016 10,
382 4960 495 5005 cet.
529 4960 638 5005 cet.

250 5022 413 5148 6034)
437 5020 522 5074 Cf.
543 5022 674 5076 edit.
697 5020 996 5107 Schlueteri
1024 5040 1077 5095 p.
1111 5022 1236 5087 597,
1266 5021 1391 5087 601,
1424 5023 1549 5090 602,
1571 5023 1697 5089 605,
1723 5023 1850 5099 604,

368 5131 382 5144 .
418 5091 647 5148 (Angelo
680 5085 993 5148 Mat.(.lass.
1025 5096 1186 5148 Auct.
1228 5104 1360 5147 tom.
1389 5093 1456 5148 V.
1489 5112 1540 5148 ι).
1569 5096 1693 5148 451.
1722 5095 1850 5148 458.

368 5085 648 5165 ζωιιεεμξ
669 5091 808 5165 Mai.
825 5085 993 5165 Class.
1024 5085 1186 5150 'Auct.
1225 5085 1360 5147 tom.
1379 5085 1456 5158 ν,
1488 5085 1546 5165 p.
1569 5085 1693 5159 451,
1722 5085 1852 5165 4758,

249 5161 386 5240 ﬁll,
419 5160 551 5240 ιρι,
585 5163 715 5240 412,
743 5162 1067 5240 ;_infra
1122 5179 1366 5229 carmen,
1408 5160 1573 5221 ιι.“ν.
1621 5167 1706 5222 Vl.
1747 5160 1854 5219 Vll.

249 5233 392 5304 “ll.
427 5231 710 5304 AAnimadv.
744 5230 915 5304 βάκ.)
1252 5279 1268 5288 π

337 5303 403 5372 ξι)
444 5301 528 5357 Cl.
558 5304 699 5358 infra
731 5303 862 5372 Cap.
890 5301 978 5362 lll.

323 5314 403 5445 t3
1023 5377 1277 5445 Erigena,
1305 5377 1438 5432 oder
1465 5395 1568 5436 von
1603 5379 1728 5436 dem
1754 5376 1856 5434 Ur-

248 5458 504 5570 ἲξῖἶξὲξη
521 5446 1075 5552 υὲηθνρειιιςὶδιιίειιθιι
1112 5446 1617 5528 PhilosOphiemnd
1676 5449 1859 5530 ihrem

269 5534 284 5569 ι
457 5552 466 5558 ,
580 5531 674 5548 ον..-

269 5531 361 5569 Ie"
371 5531 504 5568 Ιειεὲιι
541 5531 674 5552 κον-ι·

2033 4750 2106 4822 (i)
2165 4747 2451 4822 Velut__de
2497 4743 2789 4822 div._Nat._
2823 4743 2889 4808 11,
2921 4744 3016 4822 20,
3071 4743 3162 4798 ubi
3193 4742 3369 4798 locum
3401 4741 3553 4798 illum

1961 4813 2154 4892 psdlin‘.
2201 4833 2287 4892 es
2320 4817 2500 4888 (Vulg.
2531 4817 2644 4886 CIX)
2675 4829 2728 4869 v.
2758 4813 2795 4868 5
2830 4816 3056 4870 omnino
3090 4827 3372 4885 perperam
3429 4827 3558 4868 con-

1962 4889 2082 4944 v-'.'
2129 4905 2177 4943 m
2204 4889 2310 4942 hab
2349 4898 2385 4943 t.

1997 4905 2344 5032 Saltet:
2390 4956 2576 5032 enim,
2615 4955 2959 5032 opinamur,_
2991 4954 3312 5032 Hebraicum
3363 4966 3562 5032 nomen

1959 5022 2190 5119 uegit-ty
2215 5022 2670 5102 (Jehosclmphatf
2695 5041 2801 5080 non
2846 5026 3167 5099 scripsisset
3200 5022 3476 5093 Josaphat,
3507 5030 3567 5074 ut

1961 5139 2207 5204 Graecis,
2223 5139 2430 5211 quippe
2466 5139 2668 5206 quibus
2706 5133 2886 5190 littera
2917 5133 2968 5190 Ιι
3011 5133 3164 5196 desit,
3193 5123 3570 5211 et.inde‘V_ulf

1962 5221 2144 5281 gatae,
2173 5195 2344 5280 quam'
2366 5195 2609 5276 'vocant,
2639 5221 2763 5281 mos
2799 5211 2915 5281 est;
2975 5195 3158 5275 neque
3195 5197 3437 5281 solvisset
3472 5195 3574 5281 h'oc

1961 5268 2160 5339 nomen
2191 5268 2244 5350 in
2286 5268 2946 5350 iacti.(quod'ﬂebraicum
3022 5268 3124 5350 ιιόιι
3165 5268 3356 5350 est)_‘et
3385 5268 3572 5335 ch'r,

1960 5337 2056 5410 sed
2085 5337 2139 5410 in
2165 5345 2286 5438 l'lji‘l?
2321 5337 2488 5426 (VJe‘It-o
2520 5348 2708 5426 [vah])
2736 5353 2790 5402 et
3026 5337 3330 5419 (scltapltat).

2037 5461 2100 5534 (ί)
2141 5460 2242 5528 Qui
2272 5438 2464 5534 :lamgn
2509 5450 2955 5534 singulosml‘oc’ols
3037 5446 3297 5516 inspicere
3335 5438 3550 5480 vni-mpii

2019 5517 2054 5542 “
2083 5517 2119 5552 τ·
2151 5517 2221 5568 τεο
2256 5532 2346 5568 diu
2399 5528 2500 5562 ωηο
2556 5531 2575 5558 ι
2604 5517 2704 5568 "in
2756 5521 2826 5554 0°
2878 5517 2954 5544 "“
