4056 6276
464 405 526 458 Il
1607 395 1692 449 DE
1726 395 1774 449 .l.
1815 392 2034 448 SCOTO
2079 391 2595 451 COMMENTATIO.
3669 395 3734 448 l9.

463 511 718 568 dulsisse.
752 508 924 564 Unum
960 514 1140 561 tamen
1167 506 1271 562 hoc
1297 505 1416 560 loco
1438 504 1760 559 mouendmn
1801 520 1922 560 esse
1949 521 2041 575 pn-
2074 507 2116 564 Λ
2150 504 2288 574 apud
2330 519 2428 558 nos
2456 505 2712 575 ponderis
2737 519 2854 560 esse
2884 505 3040 561 debet
3067 504 3157 578 (e).
3181 507 3358 576 Atque
3379 505 3444 561 de
3467 506 3730 562 industria

464 614 665 669 tamus,
697 602 920 656 Scotum
956 608 1198 654 nostrum
1227 599 1294 652 de
1337 598 1495 652 rebus
1524 597 1924 652 mathematicis
1959 598 2040 652 di-

462 702 798 765 sputantem,
831 691 1026 745 mirum
1067 697 1324 758 quantum
1362 704 1392 743 a
1421 689 1803 744 mathematica
1839 689 2048 744 subtili-

466 793 576 840 tate
629 785 820 838 abesse
874 781 1203 850 deprehendi
1239 799 1253 832 :
1293 781 1435 851 quod
1472 797 1592 836 eum
1635 781 1769 836 alias
1812 781 1910 851 ipsi
1947 797 2047 836 usu

466 877 636 941 venit,
668 886 780 929 tum
813 889 941 930 vero
971 874 1060 946 (de
1099 873 1208 928 div.
1236 873 1356 928 Nat.
1399 874 1496 941 lll,
1521 873 1782 945 54—36),
1818 875 1906 930 ubi
1927 875 2046 944 plu-

466 970 620 1025 ribus
641 969 897 1039 explicat,
923 983 1063 1036 quae
1104 967 1205 1023 sibi
1241 967 1310 1022 de
1346 983 1601 1022 mensura
1639 976 1839 1028 terrae,
1870 967 2045 1033 lunae,

471 1070 577 1116 cel.
613 1069 719 1114 cet.
753 1058 1142 1114 verisimillima
1172 1058 1458 1114 videantur
1482 1058 1579 1131 (ιι).

537 1153 722 1222 Itaque
745 1167 809 1206 eo
843 1161 1158 1221 perventum
1188 1163 1291 1216 est,
1319 1161 1398 1214 ut,
1422 1167 1562 1220 quae
1585 1151 1636 1206 in
1659 1150 1866 1206 Joanne
1889 1151 2048 1207 fuerit

468 1242 842 1312 philosophiae
870 1249 925 1295 et
952 1240 1251 1312 theologiae
1287 1241 1536 1307 scientia,
1569 1242 2046 1296 demonstrandum

469 1336 563 1388 sit.

539 1427 757 1480 Certum
805 1424 967 1495 igitur
1008 1423 1452 1499 exploratumque
1496 1422 1772 1484 habemus,
1808 1423 2048 1478 omnimn

471 1536 663 1574 earum
697 1535 898 1581 rerum,
926 1533 1064 1587 quae
1097 1517 1182 1571 illa
1209 1524 1385 1570 aetate
1415 1532 1445 1570 a
1477 1515 1738 1586 theologis
1769 1515 2047 1570 disceban-

469 1618 576 1670 tur,
615 1609 789 1678 ipsum
819 1608 952 1661 satis
983 1621 1208 1676 gnarum
1240 1605 1426 1660 fuisse.
1459 1606 1803 1676 Quantopere
1840 1605 2052 1675 graecis

467 1701 714 1755 ecclesiae
740 1699 990 1753 Patribus
1009 1711 1130 1753 sese
1156 1697 1382 1762 dederit,
1415 1697 1527 1766 jam
1553 1713 1713 1767 supra
1749 1698 2050 1768 expositum

468 1799 569 1855 est,
597 1806 697 1845 nec
733 1772 927 1844 iterum
956 1789 1248 1843 decantare
1276 1787 1407 1842 libet
1439 1805 1452 1840 :
1479 1795 1535 1842 et
1575 1786 1790 1850 latinos,
1823 1787 1924 1840 etsi
1967 1801 2052 1839 ra—

467 1882 580 1936 rius
603 1895 792 1936 eorum
839 1877 1145 1934 testimonia
1189 1876 1411 1948 profert,
1450 1886 1628 1930 tamen
1663 1877 1783 1930 ideo
1823 1892 1928 1930 non
1961 1893 2053 1931 ne-

463 1973 651 2040 glexit.
682 1971 1042 2043 Augustinum
1074 1969 1291 2038 quidem
1325 1968 1495 2037 pluris
1531 1966 1645 2022 fere
1679 1968 1973 2022 aestimare
2000 1975 2054 2020 et

473 2065 782 2135 diligentius
843 2064 1038 2132 legisse
1090 2061 1337 2125 videtur,
1388 2075 1552 2130 quam
1607 2060 1772 2114 ullum
1812 2060 1879 2114 de
1915 2073 2055 2126 grte-

465 2157 546 2212 cis
585 2157 684 2226 (ιι).

539 2247 763 2302 Sacram
791 2243 982 2298 deinde
1021 2242 1378 2312 Scripturam,
1413 2252 1522 2310 quo
1549 2239 1728 2296 studio
1752 2237 2056 2308 pervoluta-

471 2339 546 2393 vit
567 2339 590 2392 ?
615 2337 787 2405 Quam
809 2337 1051 2392 onmium
1085 2337 1278 2390 virium
1321 2335 1616 2390 intentione
1649 2334 2057 2389 accuratissime

465 2427 740 2498 explicare
774 2435 1002 2481 conatus
1053 2424 1179 2480 est?
1213 2425 1497 2478 lnnumera
1551 2421 1712 2492 hujus
1745 2422 2056 2494 diligentiae

467 2531 784 2589 argumenta
809 2518 889 2572 vel
917 2518 1047 2573 solis
1066 2519 1132 2572 de
1157 2517 1418 2571 dirisione
1440 2515 1677 2570 Naturae
1699 2514 1852 2570 libris
1882 2516 2057 2570 inesse

466 2611 733 2664 videmus.
782 2609 890 2665 Nec
925 2610 1158 2678 denique
1193 2608 1296 2662 alia
1330 2609 1394 2662 de
1421 2622 1581 2662 causa
1613 2608 1727 2661 ticri
1762 2609 1958 2676 potuit,
2000 2616 2057 2660 ut

469 2703 554 2758 bis
592 2702 647 2755 in
676 2701 1112 2755 doctissimorum
1152 2699 1429 2754 hominum
1460 2698 1526 2753 de
1557 2701 1717 2753 rebus
1746 2699 2057 2770 theologicis

469 2793 828 2856 dissensione,
871 2793 922 2846 id
945 2792 1085 2862 quod
1110 2807 1229 2846 mox
1258 2789 1517 2860 peculiari
1546 2789 1911 2860 disputatione
1941 2805 2059 2859 pcr-

467 2897 762 2952 sequemur
790 2884 886 2954 (c),
918 2899 947 2937 a
986 2883 1318 2954 gravissimis
1342 2881 1473 2936 viris
1494 2889 1549 2935 et
1571 2882 1688 2952 ipse
1719 2882 1784 2936 ad
1814 2881 2055 2936 scriben-

471 2975 597 3030 dmn
628 2974 701 3028 sit
725 2975 1006 3044 impulsus.

540 3067 694 3134 Quod
720 3077 898 3122 autem
933 3067 985 3121 in
1016 3064 1314 3135 theologiae
1343 3066 1476 3118 lines
1507 3064 1723 3135 ingenio
1753 3079 1852 3119 suo
1883 3064 2058 3134 philo-

472 3158 642 3228 SOplio
670 3158 830 3212 nimis
857 3172 982 3211 acre
1015 3155 1324 3226 permisisse
1353 3156 1549 3209 dicitur
1578 3156 1863 3224 imperium
1882 3196 1896 3218 ,
1930 3155 2057 3210 licet

2149 615 2243 652 eos
2273 609 2479 652 tantum
2516 600 2615 654 hoc
2662 599 2779 654 loco
2811 608 2975 654 testes
3019 600 3387 664 adhibuimus,
3421 599 3510 670 qui
3560 601 3731 670 ipsam

2149 691 2414 763 Erigonae
2458 692 2854 762 philosophiam
2905 708 3118 748 summo
3160 707 3324 762 opere
3369 691 3732 746 detestantur.

2149 785 2264 852 Qua
2294 786 2358 840 de
2401 801 2459 840 re
2498 787 2694 840 iterum
2739 785 2998 840 Bruekeri
3054 786 3216 840 verba
3276 785 3641 839 transcribere
3673 786 3735 838 li-

2150 887 2266 931 ceat
2286 894 2298 928 :
2318 877 2640 953 praesertim
2661 893 2824 946 quum
2848 876 3025 940 simul,
3047 877 3253 946 idquod
3282 876 3332 930 in
3366 873 3605 930 extrenia
3635 877 3735 930 hu-

2145 967 2232 1038 jus
2243 972 2435 1041 capitis
2451 980 2602 1043 parte
2618 972 2771 1026 nobis
2793 972 2911 1026 usui
2935 973 3060 1036 erit,
3078 972 3418 1041 apertissime
3437 971 3734 1032 declarent,

2151 1063 2323 1132 qualis
2353 1064 2488 1119 haec
2531 1065 2644 1135 ipsa
2683 1065 3020 1136 philosophia
3062 1064 3243 1120 fuerit.
3275 1063 3365 1118 Ait
3396 1064 3561 1134 igitur
3601 1063 3733 1116 Bru~

2151 1156 2347 1212 ckerus
2374 1157 2466 1228 (Γ),
2507 1173 2721 1212 omnem
2753 1157 2899 1212 Scoti
2929 1157 3321 1228 philosophiam
3371 1158 3476 1212 huc
3505 1157 3685 1212 redire
3719 1173 3733 1208 :

2157 1268 2174 1300 ι
2205 1249 2421 1313 Omnia,
2451 1263 2805 1320 quaecunque
2853 1257 3000 1314 sunt,
3054 1265 3160 1303 non
3222 1247 3528 1302 radicaliter
3576 1248 3736 1302 modo

2151 1351 2204 1396 et
2238 1341 2562 1407 virtualiter,
2594 1341 2686 1396 sed
2723 1349 2777 1395 et
2818 1341 3181 1396 essentialiter
3219 1341 3270 1395 in
3301 1339 3410 1394 Deo
3445 1339 3734 1403 contineri,

2153 1442 2314 1502 atque.
2342 1431 2475 1487 adeo
2506 1432 2687 1487 omnia
2724 1449 2788 1486 ex
2821 1433 2928 1488 Deo
2953 1433 3019 1486 ab
3047 1442 3270 1488 aeterno
3297 1447 3580 1503 progressa
3615 1447 3740 1485 esse

2152 1531 2208 1576 et
2237 1521 2476 1587 ﬂuxisse,
2509 1521 2672 1592 inque
2705 1521 2883 1576 varias
2913 1522 3114 1576 classes
3144 1522 3458 1576 inferiorum
3485 1531 3539 1576 et
3579 1536 3739 1589 supe-

2157 1613 2380 1676 riorum,
2424 1612 2750 1668 deteriorum
2784 1612 3173 1681 meliorumque
3219 1613 3420 1666 cntium
3454 1612 3736 1676 distincta,

2155 1710 2373 1762 tandem
2432 1707 2484 1761 in
2547 1706 2750 1761 fontem
2812 1707 3186 1776 originemque
3231 1722 3382 1761 suam
3432 1706 3506 1776 (id
3560 1705 3737 1762 estin

2160 1799 2348 1870 Deum)
2397 1799 2633 1854 reditura
2680 1815 2798 1854 esse
2834 1819 2878 1852 ι.
2918 1796 3048 1852 Jnre
3107 1799 3172 1853 de
3229 1797 3416 1852 eadem
3471 1796 3741 1867 Erigenae

2090 1863 2129 1920 Β
2159 1863 2494 1960 philosophia
2524 1886 2622 1944 hoc
2649 1905 2860 1958 quoque
2888 1888 3084 1958 legitur
3107 1887 3247 1957 apud
3269 1863 3599 1941 Bruckcrum
3619 1886 3697 1956 (g)
3724 1905 3736 1939 :

2164 2003 2179 2031 ι
2207 1982 2356 2048 Quae
2392 1981 2640 2050 quamvis
2685 1989 2908 2034 externa
2961 1978 3280 2034 dialecticae
3325 1977 3584 2033 methodo
3626 1986 3736 2030 tra-

2160 2069 2450 2139 ctandiun
2476 2070 2667 2125 ordine
2692 2069 3039 2124 Aristotelem
3078 2069 3300 2133 referat,
3327 2084 3488 2138 quem
3521 2068 3740 2134 Scelus,

2158 2158 2398 2214 Graecae
2442 2159 2653 2229 linguae
2695 2169 2947 2213 accurate
2997 2175 3216 2230 gnarus,
3272 2158 3464 2227 legisse
3504 2157 3742 2220 videtur,

2161 2261 2269 2305 tota
2303 2261 2481 2306 tamen
2505 2249 2929 2304 Alexandrinum
2951 2250 3350 2305 Platonicorum
3377 2250 3741 2304 recentiorum

2159 2355 2392 2414 systema
2448 2342 2735 2413 exprimit,
2797 2351 3152 2412 apertumque
3203 2340 3352 2405 facit,
3407 2348 3570 2394 totam
3617 2354 3742 2393 eum

2161 2433 2428 2502 (Scotum)
2471 2431 2891 2502 metaphysieam
2939 2447 3090 2485 suam
3140 2446 3204 2485 ex
3252 2428 3744 2499 Pseudo—Diouysio

2161 2522 2526 2594 (AerOpagita)
2573 2523 2841 2585 hausisse,
2888 2531 2942 2576 et
2965 2521 3120 2590 juxta
3173 2522 3365 2576 hormu
3397 2519 3742 2591 philosOphoo

2162 2630 2277 2668 rum
2307 2613 2497 2683 placita
2531 2612 2898 2683 philosophari
2933 2632 2980 2666 ι.

2230 2749 2406 2819 Atque
2431 2749 2496 2803 de
2522 2747 2668 2804 Scoti
2685 2747 2937 2802 doctrina
2971 2749 3106 2802 satis
3127 2748 3328 2801 dictum
3352 2757 3454 2801 est.
3481 2745 3747 2800 Venimus

2160 2856 2301 2894 nunc
2343 2841 2409 2895 ad
2439 2840 2512 2904 id,
2545 2837 2698 2907 cujus
2731 2839 2903 2909 gratia
2936 2846 3102 2892 totam
3136 2838 3281 2890 illam
3321 2836 3747 2906 disputationem

2161 2934 2263 2987 hoc
2291 2932 2410 2986 loco
2439 2931 2768 2985 inseruimus
2789 2970 2804 2995 ,
2851 2931 2993 2984 unde
3029 2931 3224 2985 Scotns
3256 2931 3559 2985 doctrinam
3590 2943 3746 2983 suam

2159 3024 2480 3094 perceperit.

2229 3135 2568 3204 Quamquam
2597 3147 2658 3187 ea
2690 3143 2888 3197 aetate,
2927 3148 3032 3203 qua
3065 3144 3250 3187 nostro
3275 3129 3477 3199 judicio
3513 3131 3744 3201 Erigena

470 3264 660 3304 verum
693 3248 759 3302 sit
783 3288 798 3312 ,
839 3248 978 3302 hanc
1011 3257 1188 3302 tamen
1223 3246 1546 3301 sententiam
1577 3257 1817 3300 nostram
1843 3245 2054 3300 irritam

2163 3237 2323 3281 natus
2346 3236 2451 3292 est,
2497 3224 2678 3280 seculo
2732 3240 2874 3279 nono
2919 3224 3156 3288 ineunte,
3187 3239 3282 3294 per
3307 3232 3471 3278 totam
3505 3222 3746 3278 Scotiam

473 3355 579 3395 non
616 3338 766 3393 facit.

543 3432 662 3488 1am
690 3448 819 3487 vero
852 3433 903 3486 iu
938 3431 1297 3501 philosophia,
1347 3431 1653 3502 quicunque
1681 3430 1856 3486 idonei
1899 3430 2059 3500 hujus

484 3525 558 3578 rei
583 3522 794 3590 judices
824 3530 989 3586 sunt,
1021 3521 1184 3576 Seoto
1215 3536 1343 3590 prae
1394 3522 1646 3576 onmibus
1673 3523 1791 3592 ejus
1818 3521 2059 3591 aequali-

473 3617 574 3668 bus
599 3613 831 3683 palmam
864 3611 1075 3666 deferre
1113 3627 1220 3666 non
1261 3613 1525 3666 dubitant.
1557 3613 1786 3666 Prodeat
1808 3614 1889 3667 vir
1912 3613 2058 3668 cele-

474 3701 838 3767 berrimus,.l.
871 3701 1194 3765 Brut-herus,
1237 3703 1326 3771 qui
1376 3703 1426 3756 in
1469 3703 1653 3756 critica
1692 3703 2061 3773 philosophiae

474 3795 701 3849 historia
744 3795 822 3866 ((1)
872 3795 946 3848 ita
983 3794 1250 3864 scripsit:
1297 3813 1314 3844 ι
1345 3793 1515 3849 Nemo
1581 3794 1682 3848 hoc
1729 3795 1912 3849 seculo
1959 3797 2059 3863 (Ix)

472 3885 844 3955 philoSOphiac
870 3884 1024 3938 laude
1051 3884 1220 3953 magis
1245 3885 1490 3948 eminuit,
1527 3901 1688 3955 quam
1717 3885 1766 3939 J.
1797 3887 1990 3940 Scotns
2013 3905 2058 3938 ι.

472 3978 540 4031 Et
568 3978 764 4032 deinde
794 3996 804 4030 :
838 3997 856 4028 ι
887 3977 1167 4046 Sapientis
1194 3992 1385 4031 nomen
1423 3977 1492 4032 ob
1521 3959 1892 4048 philosophiae
1925 3979 2064 4032 uoti-

475 4070 603 4122 tiam
631 4084 855 4137 prorsus
879 4067 1205 4138 singularem
1235 4067 1613 4138 acccpit.—-lu
1640 4069 1834 4137 pusillo
1864 4069 2059 4139 (Seoti)

472 4177 704 4231 corpore
745 4177 995 4232 magnum
1028 4161 1291 4215 habitavit
1337 4160 1612 4232 ingenium
1646 4193 1713 4200 ——
1746 4177 1906 4230 supra
1941 4179 2058 4218 mo-

479 4255 604 4307 dum
647 4264 862 4306 acutum
903 4262 956 4305 et
988 4252 1280 4316 excellens,
1303 4254 1403 4315 sic,
1440 4262 1498 4305 ut
1531 4267 1690 4305 nemo
1719 4253 1791 4305 illi
1830 4252 1929 4306 ista
1972 4267 2062 4307 ae-

476 4353 582 4398 tate
631 4345 681 4397 in
730 4344 1064 4412 philosophia
1105 4344 1438 4412 praestiterit
1475 4363 1518 4396 ι.
1553 4342 1646 4396 llis
1686 4343 1940 4396 Bruekeri
1983 4345 2064 4397 di-

475 4436 598 4496 ctis,
636 4436 831 4502 quibus
874 4436 1025 4504 plura
1072 4433 1313 4503 ejusdem
1355 4435 1594 4489 auctoris
1635 4435 1835 4489 addere
1876 4452 2061 4505 posse-

474 4541 595 4582 mus
632 4542 736 4580 non
774 4526 952 4581 minus
1012 4527 1175 4581 Scoto
1220 4525 1540 4589 honorifica,
1573 4527 1794 4581 omnino
1834 4542 2061 4580 consen-

478 4617 618 4669 tittnt
658 4615 747 4670 alii
794 4616 919 4679 viri,
961 4631 1188 4685 quormn
1226 4614 1486 4684 judicium
1531 4628 1586 4671 et
1630 4618 1802 4687 ipsum
1839 4617 2058 4687 plurimi

545 4754 620 4823 (ιι)
665 4753 841 4819 Quare
867 4752 1242 4808 Schlneterum
1275 4753 1440 4807 etiam
1469 4755 1521 4808 in
1544 4769 1610 4807 eo
1637 4769 1852 4808 errasse
1883 4757 2059 4808 credi-

477 4842 615 4892 Inus,
648 4825 787 4892 quod
827 4831 900 4893 (p.
938 4823 1022 4892 Ill)
1071 4825 1201 4878 dicit
1237 4842 1254 4874 ι
1290 4824 1514 4879 Carolus
1551 4823 1746 4878 Calvus
1800 4841 1890 4878 rex
1923 4826 2057 4878 Sco-

478 4905 586 4948 tum
637 4895 877 4948 Parisios
923 4896 1135 4948 vocavit
1171 4904 1223 4948 et
1275 4896 1592 4962 magistrum
1655 4895 1707 4948 in
1757 4896 2056 4950 mathesi...

475 4967 752 5019 constituit
775 4985 821 5016 ι.
848 4965 1134 5020 (laetorum
1166 4967 1216 5018 id
1244 4981 1459 5035 quoque
1487 4965 1761 5020 fatendum
1797 4976 1903 5030 est,
1935 4967 2056 5020 nul-

477 5037 584 5089 lum
621 5035 841 5089 (ιιιιιιίιιο
872 5051 898 5088 a
926 5037 1080 5089 nobis
1104 5044 1294 5089 testem
1320 5047 1588 5104 repertum
1612 5051 1754 5096 esse.
1778 5036 1930 5104 cujus
1959 5055 2056 5089 au-

476 5108 726 5160 ctoritate
779 5105 1017 5160 conlisus
1064 5105 1418 5167 Sehlueturus
1480 5107 1581 5161 hoc
1630 5106 1830 5162 dixisse
1881 5109 2057 5176 putari

475 5187 657 5230 tttteal.

492 5194 744 5318 μ’ῗῦὶῖὐι.
779 5246 846 5300 de
875 5246 982 5299 div.
1012 5247 1132 5300 Nat.
1169 5246 1208 5310 Ι,
1232 5247 1330 5308 ιὸξ
1365 5246 1450 5307 ιν,
1489 5247 1551 5301 Η
1577 5246 1688 5318 (ubi
1723 5267 1740 5298 ι
1762 5247 2061 5303 scientissi-

477 5333 624 5372 mum
682 5318 1184 5386 divinissimumque
1237 5319 1544 5388 theologum
1598 5337 1615 5369 ι
1685 5337 1701 5368 ε
1762 5328 1968 5372 tantum
2005 5328 2061 5373 et.

480 5398 589 5441 tam
618 5404 872 5458 magnum
905 5389 1080 5442 virum
1126 5409 1144 5440 ι
1181 5405 1302 5442 eum
1338 5390 1605 5458 appellat.
1641 5389 1868 5458 aliisque
1904 5405 2056 5458 prae-

482 5467 626 5530 terea
675 5459 923 5513 laudibus
951 5470 1126 5519 ornat,
1159 5474 1257 5530 nec
1303 5476 1408 5513 non
1447 5460 1917 5530 diligentissiumm
1945 5458 2061 5524 ejus

485 5529 772 5583 lectionem
799 5530 1080 5596 ostendit),
1115 5529 1154 5594 l,
1196 5529 1296 5594 4'3;
1334 5529 1397 5594 ll,
1442 5530 1524 5596 15,
1553 5529 1646 5596 2t),
1703 5529 1794 5595 25,
1832 5530 1926 5596 28,
1955 5532 2056 5592 ‘2‘);

478 5597 565 5660 Ill,
596 5599 649 5663 8,
679 5601 768 5663 16,
797 5609 904 5654 cet.
945 5609 1049 5656 cet.

550 5669 621 5738 (cl
662 5669 793 5740 Cap.
826 5669 914 5724 IV.

555 5740 632 5813 (τι)
665 5739 754 5813 9f.
785 5741 1196 5813 ton'i._lll7(edit.
1245 5743 1509 5813 Lipsieus.
1545 5742 1696 5812 1741)
1728 5761 1779 5812 p.
1808 5742 1905 5797 6H
1942 5760 2056 5811 seq.

553 5809 624 5883 (c)
653 5809 732 5866 Cf.
784 5809 874 5866 Dr.
922 5811 1086 5869 ﬂock.
1124 5813 1156 5868 l.
1194 5815 1227 5869 l.
1264 5809 1323 5886 pf
1361 5815 1429 5870 55
1477 5831 1650 5886 scqq.,
1682 5809 2054 5870 Tennemauti.

2162 3327 2325 3388 atque
2347 3316 2592 3387 Angliam
2615 3315 2918 3369 litterarum
2944 3315 3119 3369 studia
3142 3313 3362 3368 omnino
3387 3307 3746 3368 intermortua

2156 3411 2436 3480 jacchant,
2475 3417 2677 3473 tamen,
2711 3408 2824 3464 sive
2857 3410 2908 3462 in
2942 3407 3124 3462 Seotia
3167 3407 3399 3462 natalem
3443 3407 3619 3461 locum
3651 3407 3750 3461 ha-

2162 3501 2297 3568 lmit,
2321 3501 2454 3563 sive,
2480 3500 2532 3555 id
2565 3500 2707 3570 quod
2749 3499 2903 3554 nobis
2930 3499 3294 3552 certissimum
3331 3499 3506 3552 visum
3547 3505 3652 3561 est,
3692 3497 3750 3551 in

2162 3592 2377 3660 Anglia,
2423 3601 2654 3660 utroque
2683 3599 2833 3644 certe
2865 3589 2984 3643 loco
3013 3590 3184 3658 prima
3219 3587 3542 3643 eruditionis
3584 3597 3752 3657 atque

2164 3685 2444 3739 doctrinae
2475 3699 2606 3738 suae
2633 3683 2982 3737 fundamenta
3016 3681 3270 3736 facillime
3293 3680 3393 3735 sibi
3420 3679 3752 3734 constituere

2165 3779 2357 3848 potuit.
2395 3777 2624 3832 Asserus
2651 3777 2890 3846 quidem,
2936 3777 3020 3830 vir
3068 3775 3155 3831 ille
3198 3775 3562 3836 doctissinms,
3595 3774 3752 3842 cujus

2165 3867 2478 3921 fidelissima
2535 3881 2699 3935 opera
2737 3865 2791 3919 in
2841 3866 3148 3919 excitandis
3196 3865 3500 3917 litterarum
3557 3861 3752 3916 studiis

2163 3958 2417 4013 Alfredus
2447 3974 2673 4028 magnus
2704 3960 2977 4022 utebatur,
3031 3957 3083 4011 in
3115 3973 3177 4011 ea
3223 3957 3338 4026 ipsa
3385 3957 3604 4026 regione
3635 3955 3714 4023 (Ιι)
3735 3995 3750 4018 ,

2162 4065 2266 4120 qua
2308 4049 2594 4120 Erigonam
2652 4058 2838 4103 natum
2907 4048 3072 4103 videri
3121 4047 3375 4112 diximus,
3421 4063 3528 4101 non
3576 4047 3750 4100 solum

2163 4146 2445 4205 educatus,
2465 4159 2649 4198 verum
2673 4144 2834 4198 etiam
2857 4141 3100 4198 eruditus
3118 4150 3222 4195 est.
3249 4139 3356 4195 Nec
3372 4139 3542 4194 multo
3562 4148 3750 4206 postea

2165 4239 2265 4292 hoc
2295 4238 2494 4291 factum
2529 4251 2648 4289 esse
2673 4243 2908 4289 constat.

2233 4348 2652 4404 Considerantes
2717 4357 2892 4401 autem
2923 4388 2938 4412 ,
2989 4355 3248 4416 quantam
3303 4360 3483 4399 rerum
3537 4344 3748 4413 copiam

2164 4457 2324 4511 quam
2357 4448 2606 4495 accurate
2633 4440 2905 4509 cognitam
2933 4439 3181 4494 habuerit
3211 4437 3462 4508 Erigena,
3494 4436 3611 4491 sine
3641 4434 3749 4488 ulla

2165 4530 2502 4584 dubitatione
2533 4529 2810 4599 rejicimur
2827 4529 2891 4583 ad
2915 4529 3245 4589 lliberniam,
3264 4542 3402 4596 quae
3418 4527 3521 4580 illis
3537 4535 3741 4594 tempo-

2170 4621 2317 4677 ribus
2339 4631 2391 4676 et
2420 4620 2797 4676 florentissima
2829 4621 3153 4692 optimarum
3183 4621 3380 4674 artium
3409 4618 3561 4688 quasi
3592 4617 3752 4671 sedes

2168 4753 2301 4808 llist.
2345 4753 2543 4807 Philos.
2589 4752 2705 4806 Vol.
2740 4752 2874 4814 Vlll,
2919 4768 3044 4822 pars
3071 4751 3115 4814 l,
3145 4768 3194 4820 p.
3217 4751 3286 4806 65
3317 4766 3496 4822 seqq.,
3525 4748 3752 4822 doetis-

2166 4825 2286 4877 simi
2318 4823 2650 4878 Bene-.lietini
2691 4840 2722 4875 e
2767 4819 3184 4891 congregatione
3209 4823 3274 4877 S.
3323 4819 3490 4874 Mauri
3524 4820 3576 4872 in
3603 4819 3748 4872 llist.

2165 4894 2292 4949 Litt.
2324 4903 2452 4948 tom.
2489 4893 2551 4957 ν,
2589 4910 2640 4963 p.
2675 4894 2795 4955 417,
2830 4903 2932 4946 cet.
2964 4902 3068 4948 cet.

2237 4965 2312 5037 (l')
2339 4963 2419 5020 Cf.
2450 4963 2490 5018 1.¹
2521 4965 2553 5037 l.
2670 4964 2791 5037 621.
2826 4963 3002 5037 Quare
3052 4964 3138 5037 hic
3179 4963 3243 5037 ad
3277 4962 3540 5037 Erigonae
3577 4959 3752 5037 philo-

2166 5032 2409 5107 sophiam
2439 5032 3092 5107 declarandamllruckeri
3123 5033 3302 5107 potius
3323 5032 3502 5107 verbis
3526 5032 3599 5083 uti
3633 5047 3750 5083 ma-

2166 5105 2441 5164 luerimus.
2475 5122 2636 5175 quam
2670 5105 2887 5165 nostris,
2921 5113 3026 5167 est,
3049 5105 3354 5173 Opiuamur,
3387 5105 3437 5157 in
3472 5110 3746 5175 promptu.

2165 5176 2348 5248 Neque
2377 5172 2770 5248 tnag'noﬂoperc
2811 5191 2908 5229 nos
2944 5172 3140 5239 movet,
3181 5176 3323 5248 quod
3369 5190 3504 5226 unus
3537 5180 3588 5248 et
3622 5172 3748 5248 item

2167 5242 2320 5318 alter.
2370 5242 2835 5318 qui'syllabarum
2882 5242 3532 5318 aucupentvelitagcre,
3573 5243 3625 5295 in
3669 5242 3752 5318 his

2166 5313 2426 5374 Bruckcri
2463 5313 2662 5383 verbis,
2693 5331 2832 5386 quae
2871 5313 3253 5387 reprehendat,
3302 5315 3444 5368 facili
3478 5329 3638 5383 opera
3671 5313 3752 5366 in-
3783 5375 3786 5382 ι

2167 5392 2349 5444 venire
2383 5391 2571 5457 possit.

2240 5463 2315 5532 (gl
2346 5461 2427 5514 CI'.
2466 5461 2499 5512 Ι.
2531 5460 2564 5512 l.
2599 5477 2650 5530 p.
2679 5459 2804 5514 620.

2239 5526 2317 5603 (7i)
2347 5532 2404 5603 lu
2431 5526 2614 5600 parte,
2634 5540 2712 5603 _ut
2758 5529 2989 5603 traditur
3019 5529 3129 5603 (ιτς.
3159 5544 3329 5603 supra
3350 5527 3492 5603 _Cap.
3531 5527 3572 5593 l)
3602 5526 3750 5603 dioe:

2167 5597 2310 5657 cesis
2338 5597 2676 5655 Mehevensis
2701 5619 2714 5654 :
2745 5610 2907 5669 atque
2935 5601 2984 5653 in
3017 5597 3130 5669 ipsa
3158 5597 3406 5669 Menevia
3429 5597 3665 5669 Asserus
3684 5597 3754 5650 ad

2166 5673 2378 5728 litteras
2434 5673 2696 5726 incubuit.
2756 5668 2839 5726 (1f.
2899 5668 3100 5725 Mabill.
3157 5670 3337 5729 annal.
3393 5668 3596 5724 Bened.
3654 5668 3752 5721 lib.

2167 5756 2395 5806 xxxvtu,
2432 5760 2482 5797 ιι.
2516 5743 2602 5796 7|.
