4056 6276
299 356 366 417 15
1124 354 1214 414 DE
1255 356 1412 414 “TA
1449 358 1537 415 ET
1574 357 1979 437 PRECEP'l‘lS
2016 360 2065 415 J.
2107 358 2325 425 SCOTI.
2361 390 2433 405 -—
2465 364 2643 420 PARS
2687 363 2728 421 Ι.
3502 368 3574 426 Ur

291 482 409 531 erat
451 469 652 545 (e).'et
688 470 758 526 ab
788 468 1088 530 innumera
1130 472 1519 542 propemodum
1572 481 1879 529 exterarum
1914 475 1954 534 Α
2054 472 2194 531 Hinc
2210 472 2327 544 jam
2352 476 2487 535 satis
2508 478 2812 534 existimari
2839 479 2985 547 licet,
3011 482 3209 552 quibus
3231 498 3300 541 ex
3331 483 3573 541 inutilius

292 563 596 628 hominum,
624 562 715 635 qui
760 563 829 619 ad
870 562 1176 619 litterarum
1206 566 1384 621 studia
1421 581 1482 621 se
1507 565 1873 636 applicabant,

289 654 636 712 multitudine
678 654 965 724 petebatur
1007 655 1107 727 (b).
1154 655 1447 713 Hiberniae
1499 656 1664 727 igitur
1712 656 1878 711 etiam

288 745 487 804 Scelus
515 755 721 812 noster,
770 755 830 801 ut
855 747 1170 816 conjectura
1197 747 1287 804 illa
1314 748 1557 819 quidem,
1590 756 1647 802 at
1675 747 1871 815 certis-

284 840 424 896 sima
444 879 460 905 ,
480 838 693 909 assequi
724 854 1032 910 possumus,
1061 839 1258 896 saltem
1287 839 1554 910 politioris
1577 838 1743 905 illius,
1770 852 1877 909 qua

286 930 477 994 valuit,
527 930 809 989 doctrinae
853 945 1120 985 summam
1151 930 1422 988 debebat:
1450 931 1541 987 hic
1568 931 1773 987 latinae
1819 940 1876 989 et

282 1036 518 1099 graecae
569 1020 641 1093 (c)
686 1020 901 1092 linguae
932 1030 1316 1092 praeceptores
1357 1023 1596 1080 nancisci
1643 1032 1876 1093 poterat,

286 1112 379 1167 hic
409 1112 676 1167 bonarum
709 1111 906 1166 artium
936 1151 953 1178 ,
1003 1112 1093 1167 hic
1138 1111 1442 1184 tbeologiae
1468 1123 1527 1168 et
1555 1114 1875 1181 nominatim

282 1199 608 1258 dialecticae
636 1201 989 1273 philosophae
1018 1200 1117 1273 (ά).

356 1294 511 1350 llaec
540 1293 852 1364 conjccmra
881 1295 1103 1351 omnino
1131 1308 1257 1349 vera
1287 1308 1410 1350 esse
1451 1294 1759 1351 declaratur
1784 1295 1877 1352 illo

281 1388 343 1445 S.
375 1386 687 1453 Prudentii,
713 1387 954 1459 episcopi
988 1387 1315 1452 Tricassini,
1347 1388 1490 1457 loco,
1523 1404 1685 1459 quem
1714 1406 1874 1460 supra

281 1476 593 1543 attulimus,
643 1492 861 1548 quoque
908 1478 1000 1533 hic
1044 1477 1396 1537 doctissimus
1447 1480 1573 1545 vir,
1623 1479 1770 1536 Scoti
1822 1492 1876 1537 et

280 1569 531 1638 aequalis
565 1578 620 1624 et
662 1585 729 1625 ex
776 1570 953 1635 amico
1009 1570 1389 1638 adversarius,
1443 1572 1544 1643 ipsi
1595 1573 1666 1643 (e)
1704 1590 1717 1625 :
1749 1592 1767 1624 ι
1801 1573 1877 1629 Te

277 1660 462 1716 solum
490 1660 736 1715 omnium
776 1680 823 1726 ι,
856 1660 966 1727 ait,
1003 1678 1023 1714 ι
1052 1662 1432 1718 acutissimum
1462 1659 1671 1718 Galliae
1701 1671 1874 1729 trans-

276 1750 434 1804 misit
480 1749 773 1816 llibcrnia,
824 1760 924 1817 ut,
975 1766 1117 1821 quae
1146 1751 1326 1808 nullus
1374 1753 1581 1823 absque
1632 1761 1683 1810 te
1733 1754 1877 1813 scire

273 1851 515 1911 poterat,
548 1842 655 1896 tuis
679 1842 1078 1899 eruditionibus
1115 1844 1423 1911 obtineret;
1459 1845 1555 1901 sed
1601 1845 1764 1912 absit,
1814 1854 1873 1902 ut
1906 1861 1951 1920 Β

273 1930 487 1985 Celtica
551 1932 859 2002 eloquentia
930 1942 1049 1989 tuas
1111 1933 1473 1990 nubilationes
1530 1935 1782 1991 admittat
1818 1955 1867 1994 ι.

272 2022 427 2093 Quid
458 2025 561 2080 hoc
590 2024 711 2079 loco
738 2026 1019 2096 apertius?
1052 2026 1337 2098 Expressis
1389 2026 1501 2082 fere
1531 2028 1712 2084 verbis
1752 2028 1873 2087 Eri.-

271 2131 479 2188 genam
520 2116 574 2171 in
624 2115 880 2173 llibernia
909 2118 1208 2185 eruditum,
1248 2127 1414 2191 atque
1446 2119 1522 2176 ita
1565 2118 1619 2174 in
1645 2117 1873 2175 Galliam

270 2207 585 2278 profectum
611 2223 731 2263 esse
758 2208 1066 2263 confirmat.

356 2300 614 2356 Diximus
633 2301 793 2357 modo
818 2319 837 2353 ο
856 2300 1196 2358 dialecticam
1214 2303 1587 2375 philosopbam
1612 2324 1630 2357 ι
1657 2319 1687 2359 a
1711 2303 1875 2359 Scoto

272 2392 328 2450 in
364 2394 629 2450 Hibernia
657 2395 794 2452 disci
832 2396 1090 2465 potuisse,
1124 2397 1297 2468 ipsam
1331 2397 1727 2471 philosophiam
1768 2412 1875 2455 non

268 2472 792 2552 commemorantes,
835 2502 1000 2556 quum
1029 2495 1230 2553 tamen,
1280 2498 1341 2544 ut
1388 2489 1442 2545 in
1487 2490 1671 2561 priore
1715 2486 1876 2558 hujus

273 2578 481 2649 capitis
501 2587 653 2648 parte
672 2578 926 2647 vidimus,
940 2579 1106 2635 etiam
1132 2578 1276 2634 illius
1298 2580 1434 2635 satis
1458 2580 1666 2651 peritus
1688 2579 1872 2635 fuerit.

273 2669 399 2725 Hoc
447 2670 572 2727 ideo
618 2670 822 2727 factum
848 2680 957 2735 est,
985 2672 1133 2743 quod
1178 2671 1292 2728 sola
1331 2671 1422 2726 illa
1469 2670 1774 2738 dialectica,
1822 2671 1875 2725 in

274 2781 393 2838 qua
421 2774 650 2822 externa
694 2765 1054 2837 Erigenianac
1081 2764 1456 2836 philosophiae
1486 2764 1661 2823 forma
1701 2764 1882 2820 cerni.

1983 565 2248 637 Erigenae
2279 568 2618 638 philosophia
2667 573 2999 641 provenerit,
3032 589 3267 647 eumque
3295 577 3352 633 in
3392 576 3572 634 Gallia

1981 658 2216 726 primum
2247 657 2367 713 illos
2396 656 2878 732 Pseudo—Diouysii
2907 662 3070 718 libros
3095 667 3434 736 cognovisse.

2049 746 2226 818 Atque
2251 748 2356 804 hoc
2376 748 2498 806 loco
2529 767 2636 807 non
2663 763 2750 807 est
2777 756 3254 824 praetereundum,
3280 759 3426 829 quod
3455 757 3544 829 plu
3563 789 3589 801 ο

1980 833 2103 890 rimi
2144 844 2397 893 auctores
2443 838 2510 895 de
2553 838 2861 910 longinquis
2892 841 3194 908 itineribus.
3221 847 3420 915 quibus
3445 847 3538 902 Eri
3557 877 3585 888 -

1978 941 2137 997 gena,
2159 935 2450 1000 antequam
2470 930 2525 986 in
2546 930 2773 988 Galliam
2797 932 3071 1004 profectus
3089 936 3181 1001 sit,
3209 944 3265 991 et
3284 935 3570 993 Graeciam

1979 1029 2034 1077 et
2076 1019 2352 1077 Oriemem
2401 1022 2701 1079 studiorum
2752 1038 2915 1081 causa
2972 1024 3417 1095 perlustraverit,
3446 1044 3571 1099 par-

1943 1138 1948 1142 -
1982 1110 2076 1165 tim
2106 1110 2486 1178 confidentius,
2514 1114 2712 1185 partim
2760 1114 3002 1171 timidius
3032 1117 3358 1174 mentionem
3388 1112 3573 1175 facere
3624 1188 3642 1198 ε

1979 1199 2210 1256 soleant.
2245 1201 2452 1269 Quibus
2499 1205 2843 1261 sermonibus
2891 1206 3095 1262 nullam
3139 1223 3367 1278 prorsus
3411 1208 3570 1266 fidem

1979 1291 2341 1353 adhibendam
2368 1307 2489 1349 esse
2512 1308 2819 1353 censemus.
2848 1296 3083 1353 Tantum
3124 1300 3271 1359 enim
3299 1300 3470 1367 abest,
3514 1312 3575 1357 ut

1980 1382 2088 1437 ulla
2112 1384 2245 1440 satis
2269 1383 2425 1440 firma
2451 1387 2781 1455 auctoritate
2805 1397 2901 1444 aut
2928 1389 3032 1445 alia
3062 1390 3274 1448 ratione
3300 1392 3569 1460 nitantur,

1978 1483 2058 1541 ut,
2084 1474 2282 1545 quibus
2303 1478 2527 1537 omnino
2563 1491 2966 1552 expugnentur,
2990 1484 3044 1540 in
3073 1486 3310 1545 medium
3339 1487 3573 1559 proferri

1978 1575 2207 1635 queant.
2235 1566 2432 1626 Baleus
2460 1569 2622 1642 igitur
2644 1580 2698 1628 et
2722 1572 2957 1641 Pitseus,
2995 1575 3087 1645 qui
3121 1576 3454 1635 «ιιιίειοῑὶδω
3485 1578 3573 1635 lit-

1979 1656 2241 1711 terariam
2298 1658 2685 1717 Britannorum
2718 1682 2743 1715 ι.
2788 1676 3249 1734 composuerunt,
3306 1678 3569 1739 quantum

1980 1759 2081 1800 nos
2115 1745 2332 1816 quidem
2365 1748 2567 1805 scimus
2590 1752 2674 1822 (ἰ),
2714 1752 2876 1822 primi
2920 1753 2989 1810 de
3030 1754 3136 1811 illis
3175 1758 3569 1828 peregrinatio-

1980 1832 2138 1889 nibus
2163 1836 2450 1906 scripsere.
2483 1836 2684 1896 Verum
2711 1841 2913 1897 flustra
2944 1842 3089 1915 ipsos
3120 1844 3187 1901 iis
3215 1845 3569 1911 defendendis

1978 1937 2141 1996 atque
2168 1927 2498 1988 aﬂirmandis
2524 1940 2748 1990 conatos
2791 1949 2932 2002 esse,
2972 1935 3085 2006 jam
3119 1952 3186 1992 ex
3222 1938 3495 1997 Bruckero
3516 1952 3573 1997 et

1977 2017 2186 2074 Thema
2216 2019 2383 2078 Galeo
2415 2020 2492 2094 (j)
2525 2024 2897 2097 intelligimus.
2944 2026 3170 2084 Multum
3219 2029 3414 2087 deinde
3468 2033 3569 2089 tri-

1977 2107 2149 2165 buunt
2201 2110 2268 2167 iis
2321 2114 2522 2179 verbis,
2556 2129 2697 2185 quae
2741 2125 2799 2172 ut
2830 2136 2849 2169 ι
2885 2118 3057 2189 ipsius
3103 2119 3367 2191 Erigonae
3408 2125 3575 2180 verba

1978 2201 2248 2277 [iugerum
2313 2206 2583 2264 Baconem
2642 2213 2935 2269 memoriae
2981 2214 3286 2284 prodidisse
3331 2214 3572 2286 legamus

1977 2296 2118 2366 apud
2143 2296 2292 2353 'Ant.
2326 2298 2501 2356 Wood
2543 2299 2636 2373 (Ir),
2692 2302 2992 2359 dummodo
3029 2303 3278 2376 llogerus
3321 2306 3465 2363 Baco
3506 2308 3573 2363 de

1976 2403 2167 2445 eorum
2219 2398 2441 2448 auctore
2486 2407 2594 2449 non
2642 2395 2911 2449 erraverit
2947 2393 3009 2465 (ι)
3041 2414 3087 2459 ι.
3123 2394 3235 2451 Nos
3278 2405 3484 2464 autem,
3526 2398 3570 2453 si

1979 2478 2107 2550 quid
2134 2478 2403 2547 videmus,
2433 2482 2597 2537 etiam
2643 2482 2747 2538 hoc
2774 2482 3051 2539 fatendum
3075 2500 3196 2542 esse
3216 2486 3570 2552 arbitrantur,

1979 2586 2048 2625 ne
2076 2570 2273 2627 Bacoui
2302 2572 2519 2643 quidem
2548 2572 2634 2627 illa
2665 2572 2829 2628 verba
2861 2575 3178 2641 necessario
3209 2576 3571 2641 adscribeudu

1980 2677 2121 2719 esse.
2153 2662 2230 2719 Ita
2276 2664 2422 2719 enim
2464 2663 2557 2719 illo
2591 2663 2713 2722 loco
2760 2666 3025 2736 scriptum
3057 2674 3178 2723 est:
3205 2686 3225 2721 ι
3252 2667 3498 2739 llogerus
3528 2668 3574 2730 si

1979 2754 2197 2825 quidem
2243 2752 2555 2809 Baconus...
2611 2770 2709 2825 pro
2749 2753 3011 2811 ﬁdissimo
3063 2770 3190 2813 eum
3231 2756 3571 2831 (Scotum)...

275 2867 402 2922 tur,
435 2873 501 2911 ex
532 2856 787 2912 Hibernia
814 2857 915 2926 ipsi
938 2858 1178 2929 profecta
1205 2871 1327 2914 esse
1366 2862 1584 2927 potest:
1618 2858 1735 2925 ipsa
1761 2857 1879 2925 ejus

1985 2844 2286 2915 linguarum
2320 2846 2685 2916 interprete...
2716 2847 3066 2918 depraedicat
3091 2850 3170 2921 (in
3196 2850 3392 2921 glossis
3412 2866 3575 2923 super

274 2948 628 3018 philosophia
649 2988 664 3008 ,
707 2948 763 3004 id
790 2948 935 3018 quod
956 2946 1070 3016 jam
1105 2962 1172 3004 ex
1205 2946 1465 3002 Bruekeri
1494 2946 1699 3011 verbis,
1739 2961 1881 3016 quae
1982 2937 2179 2993 librum
2193 2937 2503 2995 Αΐίδιοῑειίε
2522 2941 2589 2996 de
2602 2942 2829 2996 86078159
2842 2953 3180 3007 εεοιὉιοτυιιι
3197 2973 3269 2991 *-
3287 2958 3362 2999 m-
3382 2945 3571 3014 SCPiP'»

275 3052 451 3106 supra
481 3036 559 3108 (f)
590 3036 783 3091 ultimo
803 3037 921 3093 loco
943 3038 1245 3108 posuimus,
1275 3037 1494 3109 planum
1523 3045 1629 3102 est,
1657 3036 1877 3099 aliunde
1983 3043 2033 3100 ρ·
2059 3027 2150 3101 4);
2179 3028 2266 3084 cvi
2297 3028 2641 3086 tribuendum
2667 3046 2762 3102 pO!
2770 3046 2831 3089 1‘0
2855 3041 3060 3098 censet.
3103 3034 3248 3104 (ιυοά
3276 3032 3432 3093 libris
3454 3036 3574 3105 qui--

272 3126 451 3181 venit.
503 3126 675 3199 llujus
722 3128 801 3183 rei
851 3127 1337 3183 luculentis-simum
1385 3127 1552 3198 ipsius
1613 3127 1880 3199 Erigenae
1986 3120 2211 3175 busdam
2237 3119 2602 3177 Aristotelicis
2631 3122 2778 3178 veris
2808 3137 2874 3179 ac
2898 3124 3149 3195 genuinis
3175 3124 3429 3181 fruimur.
3456 3123 3575 3185 Non

279 3216 664 3273 testimonium
697 3233 1084 3290 proponemus,
1117 3220 1260 3290 quod
1291 3228 1471 3277 exstat,
1501 3219 1553 3274 in
1599 3218 1880 3289 prooemio
1908 3221 1952 3282 Ο
1985 3209 2174 3282 reliqui
2205 3210 2403 3279 locum,
2448 3211 2622 3281 inquit
2667 3213 2756 3270 ille
2780 3213 3041 3281 Joannes,
3070 3230 3172 3271 nec
3201 3214 3486 3287 templum,
3515 3216 3571 3275 ὶη

276 3309 352 3363 ad
378 3328 396 3360 ι
419 3307 639 3364 Scholia
661 3308 719 3364 S.
747 3309 960 3365 Maximi
988 3311 1039 3365 in
1061 3309 1381 3381 Gregorium
1404 3310 1712 3385 theologum
1739 3309 1815 3382 (g)
1831 3329 1876 3369 ι.

279 3399 367 3453 Eo
396 3399 564 3469 igitur
591 3398 709 3455 loco
735 3400 924 3471 paucis
949 3400 1132 3455 verbis
1165 3400 1327 3454 totius
1352 3400 1728 3471 pliilOSOpbiae
1750 3415 1883 3456 suae

281 3492 528 3547 indolem
579 3502 833 3549 accurate
881 3493 1170 3557 describit,
1226 3495 1353 3549 huic
1400 3494 1755 3569 descriptioni
1805 3494 1881 3557 ita

278 3584 568 3654 praefatus
604 3600 620 3638 :
657 3603 676 3636 ι
716 3584 1055 3642 Fortassis...
1086 3602 1194 3641 non
1228 3596 1338 3643 tam
1380 3588 1577 3642 densas
1619 3585 1882 3643 subierim

282 3674 550 3744 caligines
574 3673 655 3745 (S.
686 3674 964 3746 Maximi),
1017 3677 1119 3732 nisi
1167 3678 1412 3735 viderem
1464 3678 1768 3750 praefatum
1818 3678 1880 3741 Β,

285 3762 657 3819 Maximum...
698 3765 750 3820 iu
799 3781 1055 3836 processu
1104 3768 1186 3822 sui
1236 3769 1417 3839 operis
1462 3769 1882 3827 obscurissimas

283 3854 347 3909 S.
383 3855 627 3928 Dionysii
653 3857 1012 3930 Areopagitae
1034 3861 1351 3927 sententias,
1375 3861 1528 3932 cujus
1550 3863 1881 3935 symbolicos

286 3946 726 4017 theologieosque
770 3965 963 4006 sensus
1006 3967 1180 4021 nuper
1207 3953 1359 4009 vobis
1396 3954 1474 4025 (li)
1507 3954 1761 4011 similiter
1775 3954 1867 4023 ju-

285 4036 544 4091 bentibus
593 4040 865 4107 transtuli,
916 4042 1308 4109 introduxisse,
1351 4044 1695 4115 mirabilique
1722 4047 1881 4101 modo

289 4127 648 4193 dilucidassc,
686 4129 737 4184 in
771 4139 978 4187 tantum
1002 4172 1015 4195 ,
1048 4142 1109 4188 ut
1154 4134 1302 4189 nullo
1347 4136 1508 4190 modo
1551 4135 1881 4202 dubitareu‘,

286 4217 530 4274 divinam
580 4221 945 4287 clementiam,
976 4239 1117 4293 quae
1160 4225 1429 4282 illuminat
1458 4226 1774 4282 abscondita
1806 4236 1885 4283 te-

291 4307 610 4375 nebrarum,
640 4324 735 4364 sua
768 4308 1020 4365 ineffabili
1044 4314 1380 4384 providentia
1408 4315 1511 4372 hoc
1534 4316 1883 4386 disposuisse,

288 4406 433 4450 utea
460 4398 701 4465 quidem,
733 4414 873 4467 quae
898 4401 1053 4455 nobis
1080 4402 1315 4459 maxime
1355 4405 1601 4461 abstrusa
1650 4406 1702 4461 in
1734 4421 1888 4476 prac-

290 4488 449 4542 dictis
498 4487 559 4542 B.
613 4488 853 4561 Dionysii
901 4491 1055 4547 libris
1090 4502 1184 4549 aut
1223 4495 1310 4549 vix
1353 4497 1539 4566 pervia
1586 4512 1889 4577 sensusque

1982 3302 2180 3373 quibus
2224 3302 2531 3374 philosophi
2560 3316 2960 3361 consueverunt
2987 3320 3315 3376 conmanere
3342 3314 3398 3362 et
3420 3321 3578 3377 repo-

1983 3410 2114 3451 nere
2145 3409 2242 3453 sua
2281 3409 2447 3466 Opera
2467 3404 2702 3463 secreta,
2723 3412 2867 3468 quae
2897 3412 3004 3452 non
3026 3398 3268 3465 visitavi,
3326 3412 3428 3454 uta:
3477 3397 3576 3454 ali-

1982 3501 2143 3555 quem
2158 3485 2737 3559 peritissimum,quem
2752 3488 2957 3545 credidi
2987 3489 3191 3545 habere
3214 3488 3452 3561 aliquam
3480 3505 3577 3547 no:

1986 3575 2157 3630 titiam
2188 3576 2485 3648 descriptis
2507 3577 2914 3649 philosophicis,
2937 3594 3097 3650 quem
3121 3595 3229 3635 non
3250 3579 3574 3651 exquisivi».

2056 3664 2207 3733 Quae
2231 3666 2397 3736 igitur
2423 3667 2607 3733 verba,
2651 3667 2698 3724 si
2734 3684 2801 3724 ne
2825 3668 3061 3726 Bacenis
3092 3670 3310 3740 quidem
3337 3670 3467 3737 sint,
3496 3669 3576 3731 in:

1986 3760 2188 3815 certius
2198 3760 2364 3817 etiam
2384 3769 2488 3824 est,
2515 3777 2641 3816 num
2658 3762 2770 3817 sint
2786 3762 3075 3834 Erigenae.
3087 3763 3248 3831 Esto;
3274 3763 3579 3821 habeantur

1986 3859 2041 3908 et
2066 3851 2297 3909 Bacenis
2338 3862 2391 3910 et
2422 3853 2721 3926 Erigenae.’
2747 3854 2888 3922 Quid
2920 3856 3080 3913 inde?
3108 3854 3245 3911 Num
3278 3856 3346 3912 de
3373 3871 3437 3912 ea
3480 3871 3579 3926 pe»

1986 3945 2360 4014 regrinatione
2396 3938 2716 4015 loquuntur,
2746 3962 2910 4017 quam
2940 3963 3103 4018 supra
3131 3946 3371 4004 diximus
3393 3946 3579 4013 2001³-

1986 4036 2219 4101 rucrint,
2252 4036 2365 4103 ubi,
2397 4037 2544 4107 quod
2580 4036 2932 4111 moxfacturi
2965 4054 3176 4105 sumus,
3219 4040 3473 4110 graviora
3504 4054 3571 4093 ae.

1986 4127 2223 4181 certiora
2253 4127 2385 4196 ipsis
2418 4128 2836 4199 apposuerimus
2866 4129 2983 4201 (m).
3010 4128 3150 4197 Sunt
3177 4129 3415 4199 denique
3435 4170 3450 4193 ,
3484 4131 3578 4199 qui

1985 4227 2211 4289 putent,
2260 4220 2347 4275 vel
2377 4235 2441 4276 ca
2475 4222 2541 4283 de
2572 4236 2733 4281 causa
2767 4220 2917 4278 Scoti
2947 4220 3078 4277 illud
3108 4222 3212 4277 iter
3256 4222 3308 4276 iu
3357 4221 3576 4277 dubita-

1989 4315 2188 4369 tionem
2220 4314 2521 4368 vocandum
2574 4327 2681 4368 non
2730 4328 2897 4379 esse,
2927 4313 3075 4383 quod
3122 4322 3233 4369 tam
3282 4312 3576 4369 multarum

1989 4421 2169 4461 rerum
2202 4405 2490 4461 scientiam
2544 4405 2598 4461 in
2646 4421 2712 4461 eo
2760 4404 3249 4476 deprehendamus,
3281 4421 3442 4476 quas,
3470 4406 3575 4467 nisi

1989 4499 2046 4554 in
2076 4497 2321 4562 Oriente,
2346 4513 2613 4569 nusquam
2638 4499 2848 4555 discere
2872 4499 3129 4569 potuerit.
3147 4498 3247 4555 His
3266 4509 3449 4555 autem
3471 4499 3577 4558 hoc

290 4587 508 4633 nostros
538 4579 726 4649 fugere
755 4580 1097 4648 videbantur,
1146 4584 1422 4656 aperiret,
1478 4587 1882 4657 sapientissimo
1917 4583 1960 4643 D
1991 4590 2109 4659 ipso
2135 4589 2314 4660 rapite
2344 4589 2458 4660 jam
2490 4588 2826 4645 satisfactum
2852 4605 2974 4645 esse
3008 4599 3282 4661 putamus.
3313 4589 3579 4647 llebraice

288 4671 534 4738 praefato
585 4672 818 4729 Maximo
858 4672 1192 4731 lucidissime
1245 4677 1592 4747 explanante.
1642 4681 1880 4752 Exempli

291 4779 472 4827 causa,
508 4774 568 4818 ut
610 4782 773 4820 unum
815 4766 883 4821 de
909 4767 1154 4839 pluribus
1181 4771 1382 4838 dicam,
1421 4774 1689 4844 quomodo
1720 4790 1884 4832 causa

289 4867 602 4909 omnium...
633 4877 676 4910 ι.

362 4962 441 5035 (α)
467 4963 550 5045 gr.
584 4964 778 5045 Thom.
807 4964 1009 5045 Ligure.
1033 5012 1059 5045 ,Α
1076 4971 1208 5045 hist.
1256 4971 1378 5028 Ilib.
1414 4974 1529 5030 Vol.
1558 4974 1602 5041 ι,
1629 4992 1751 5045 cap.
1795 4977 1880 5043 ιδ,

291 5033 447 5109 Verg.
479 5034 663 5109 Germ.
699 5036 737 5101 Ι,
767 5054 822 5109 p.
857 5033 1119 5097 all-53$.

363 5103 442 5246 Eb)
470 5104 554 5159 Cf.
595 5103 789 5162 Thom'.
818 5109 1017 5167 Moore.
1054 5113 1087 5165 l.
1120 5112 1156 5164 Ι.
1188 5128 1241 5183 p.
1269 5112 1396 5177 551,
1428 5114 1558 5169 551.

388 5182 437 5244 r)
466 5174 549 5230 Cf.
576 5176 772 5232 Thom.
822 5179 1024 5237 Moore.
1058 5183 1091 5236 l.
1121 5182 1158 5237 ι.
1204 5200 1258 5246 p.
1288 5183 1426 5246 550,
1473 5194 1558 5246 et,

322 5174 437 5255 _A(r)
576 5176 772 5255 Thom.
822 5179 1030 5255 Moore.
1058 5183 1091 5236 l.
1121 5182 1158 5237 Ι.
1188 5174 1258 5255 'p.
1288 5174 1392 5239 550
1411 5226 1426 5249 ,
1473 5194 1558 5251 et,
1589 5201 1749 5255 quem
1796 5188 1882 5243 ille

289 5246 445 5305 citat.
485 5246 668 5303 Usscr.
699 5249 751 5302 in
781 5251 940 5307 epist.
970 5251 1094 5307 llib.

367 5315 448 5395 (ά)
584 5318 782 5395 Thom.
812 5315 1013 5395 Moore.
1052 5322 1087 5376 l.
1117 5321 1153 5377 l.
1180 5340 1233 5395 p.
1258 5325 1383 5380 552.
1750 5378 1759 5387 .

369 5387 651 5464 (θρα-ξ.
688 5390 854 5464 Prud.
907 5393 974 5464 de
1018 5387 1293 5464 praetl'est.
1345 5404 1531 5450 contra
1556 5396 1603 5451 .I.
1658 5396 1882 5454 Scotum

293 5470 412 5539 rap.
446 5458 798 5539 lﬁzohlaxilna
824 5458 1070 5539 bibliotb.
1099 5473 1204 5521 vet.
1238 5474 1453 5537 patrum
1476 5469 1606 5523 edit.
1634 5468 1879 5539 Lugduu.

295 5517 426 5599 min,
462 5527 578 5599 xv,
610 5545 666 5599 υ.
700 5517 823 5586 sat.
854 5533 898 5587 E

364 5597 447 5677 (Ι)
584 5597 715 5677 gap.
755 5601 951 5677 ll.:cnl.
982 5604 1071 5677 12,
1095 5614 1208 5662 not.
1232 5625 1285 5677 g.

366 5670 445 5749 t9)
469 5667 559 5749 Et:
587 5667 779 5749 Th'oe-
811 5667 1326 5749 Geltz-__Aiipensl-,"p-
1356 5679 1420 5734 ιι.

588 5742 918 5824 ςβιρῼιιιυιρ
951 5734 1134 5824 Calvi).
1171 5734 1421 5824 Qilﬂinfngt
1452 5767 1570 5824 cap.
1612 5750 1696 5824 ill.

369 5808 429 5874 (il
475 5808 558 5864 cr.
593 5811 851 5868 Brucker.
902 5815 937 5870 ι.
990 5817 1023 5870 ι.
1069 5834 1121 5887 ιι.
1175 5820 1307 5887 cas;
1361 5808 1553 5878 τιιρηῐ.
1603 5822 1734 5880 cum
1775 5823 1808 5879 l.
1841 5824 1876 5878 ι.

1990 4688 2085 4734 aut
2135 4680 2345 4751 syriace
2407 4679 2606 4739 Scottis
2658 4679 2940 4736 nescivit:
2990 4694 3218 4751 graecas
3270 4678 3481 4736 litteras
3523 4680 3577 4736 in

1992 4769 2252 4829 Hibernia
2274 4772 2485 4829 discere
2506 4772 2680 4844 potuit
2703 4789 2717 4826 :
2745 4773 2910 4828 etiam
2934 4772 3037 4828 hoc
3061 4772 3577 4841 demonstravimus,

1991 4880 2098 4934 quo
2127 4864 2193 4919 de
2222 4863 2371 4920 fonte
2405 4862 2525 4934 ejus
2555 4862 2895 4934 philosophia
2927 4862 3252 4918 manaverit.
3284 4861 3393 4921 Nec
3444 4863 3576 4939 illud

1993 4977 2192 5045 testim.
2226 4991 2280 5045 p.
2309 4978 2362 5032 9.

2063 5048 2138 5116 (.j)
2164 5044 2247 5101 Cf.
2274 5047 2376 5103 loc.
2405 5047 2548 5103 laud.

1987 5115 2247 5242 “giving
2284 5118 2486 5241 1355mm
2537 5128 2591 5174 et
2645 5120 2815 5191 autiq.
2854 5120 3029 5185 liniv.
3084 5120 3258 5177 Oxon.
3310 5118 3575 5177 1674M.

2035 5203 2104 5241 ll).
2141 5203 2180 5252 I,
2214 5204 2265 5252 p.
2299 5203 2387 5242 π),

2060 5256 2234 5332 (ηαξ
2270 5257 2440 5332 Ιιίοει.
2472 5260 2631 5332 ρ.58,
2651 5261 2752 5325 59;
2785 5260 3217 5332 Staudeumaier.
3239 5276 3293 5332 p.
3315 5259 3573 5332 {45447.

2059 5327 2155 5399 (in)
2192 5327 2443 5384 Ceteru'm
2472 5327 2667 5386 ’etiam
2715 5332 2809 5386 Dr.
2859 5330 3154 5394 llockium,
3189 5327 3254 5385 νζ
3301 5330 3372 5387 cl.
3395 5370 3421 5395 ,-
3457 5331 3574 5393 his.

1987 5415 2129 5470 quae
2160 5398 2437 5472 dicuntur,
2470 5400 2733 5472 Erigeuae
2760 5402 2959 5461 verbis.
3006 5411 3210 5472 motum
3251 5416 3371 5472 esse
3402 5416 3574 5471 appa-

1994 5479 2116 5543 ret;
2142 5470 2463 5543 concedens
2506 5470 2653 5527 enim
2684 5472 2742 5541 (Ι.
2768 5473 2805 5525 l.
2833 5488 2890 5543 p.
2923 5473 3039 5543 '55)“
3059 5471 3129 5527 de
3173 5470 3460 5543 itineribus
3503 5474 3577 5527 ita

1991 5540 2229 5614 scribit:
2266 5559 2283 5592 ‹
2313 5540 2385 5595 Er
2407 5541 2534 5614 liam
2575 5540 2713 5599 nach
2736 5540 3208 5614 igrossendleisen
3233 5582 3249 5607 .
3279 5542 3367 5614 die
3391 5558 3453 5598 er
3478 5558 3578 5598 zur

1990 5610 2346 5685 Aufsuchung
2372 5610 2834 5685 philosophisrlfer
2857 5610 3055 5668 Werke
3076 5614 3191 5685 und
3208 5613 3282 5668 im
3300 5612 3579 5685 Umgange

1994 5682 2093 5737 mit
2114 5682 2216 5735 den
2244 5680 2464 5738 Weiseu
2494 5680 2674 5738 seiiicr
2702 5683 2823 5738 Zeit
2845 5682 3159 5739 verwendet
3184 5684 3352 5749 batte,
3377 5680 3445 5738 an
3474 5680 3576 5739 (Ιιῖυ

1994 5752 2103 5824 Hui~
2129 5751 2285 5824 Caris
2316 5753 2412 5808 des
2457 5753 2663 5809 Kahleu
2701 5775 2717 5805 ι
2764 5754 2891 5823 (hoc
2911 5764 2997 5810 est
3026 5772 3037 5805 τ
3070 5753 3280 5824 Magnis
3305 5754 3579 5809 itineribus

1993 5823 2061 5877 ad
2084 5821 2430 5895 pcrquireudu
2455 5842 2611 5895 opem
2633 5821 2990 5897 philosophica
3016 5836 3062 5881 et
3084 5827 3150 5881 ad
3166 5821 3573 5898 sapientissimo:
