4036 5622
508 397 579 454 I5
1628 395 1716 451 DE
1751 395 1799 453 J.
1844 393 2066 451 SCOTO
2098 391 2618 453 COMMENTATIO.
3698 398 3762 447 tb

509 512 806 585 quidquam
831 510 992 574 valet,
1022 510 1167 581 quod
1197 524 1229 564 a
1258 510 1390 565 viris
1418 508 1594 565 doctis
1632 508 1713 581 (α)
1736 496 2086 565 αηίωοάνθν-
2112 509 2161 568 Α
2188 508 2433 579 epistola,
2475 508 2542 564 ad
2591 509 2766 579 ipsum
2816 508 3068 565 Carolmn
3099 504 3321 566 Calvum
3352 508 3563 581 scripta:
3595 510 3763 565 conti-

508 607 630 661 sum
657 613 761 670 est,
800 602 1131 660 simillimam
1156 617 1278 658 esse
1315 602 1581 674 Erigenae
1612 602 2006 673 philosophiam
2033 610 2090 658 et
2187 609 2401 666 nentur,
2433 615 2760 672 magnopere
2784 599 3016 667 dilIidas,
3048 610 3333 672 propterea
3363 603 3531 671 quod,
3563 602 3763 672 quibus

507 694 784 759 Indorum,
812 708 953 763 quae
978 692 1283 764 Sankbyiea
1306 702 1531 748 vocatur
1562 702 1619 748 et
1649 693 1870 764 Yogiea.
1903 692 2086 763 Neque

505 786 652 842 enim
677 799 880 841 novum
910 793 1006 840 aut
1032 784 1333 839 inauditum
1362 783 1521 848 foret,
1552 785 1597 838 si
1625 772 1680 840 et
1707 785 1901 840 Scotus
1929 792 1984 839 et
2002 784 2086 839 ln-

505 879 662 935 dicae
691 878 835 933 illius
859 877 1234 949 philosophiae
1258 886 1510 933 auctores
1534 893 1633 933 suo
1658 878 1886 948 quisque
1912 878 2085 933 Marte

505 970 609 1026 sibi
657 985 757 1024 ova
808 970 1088 1041 pullosque
1143 970 1370 1025 fecerint
1400 986 1414 1021 :
1446 979 1500 1024 et
1527 986 1622 1025 eos
1653 969 1799 1041 ipsos
1842 970 2081 1041 philoso-

503 1063 673 1133 phos,
700 1077 842 1133 quos
880 1062 1110 1134 Erigena
1141 1062 1243 1117 sibi
1279 1063 1445 1118 duces
1482 1062 1645 1134 ebgit
1673 1077 1738 1117 ac
1784 1070 2081 1132 praecepto-

507 1171 616 1220 res,
638 1147 928 1226 plurimum
952 1156 1204 1212 Indorum
1225 1156 1668 1228 philosophorum
1698 1155 1899 1212 scrinia
1927 1170 2079 1211 com-

502 1247 701 1318 pilasse
727 1247 947 1303 scimus.
1222 1320 1225 1321 γ

569 1338 690 1393 Jam
717 1332 847 1394 vero
873 1338 1122 1408 exposito
1143 1377 1159 1405 ,
1207 1353 1370 1408 quam
1399 1335 1544 1393 nulla
1574 1336 1837 1408 probabili
1868 1337 2080 1393 ratione

498 1429 742 1486 adhibita
766 1443 1014 1486 rumores
1037 1429 1113 1485 illi
1136 1431 1203 1486 de
1223 1428 1447 1485 Joannis
1467 1428 1641 1485 nostri
1663 1428 1948 1483 itineribus
1973 1427 2082 1483 cir-

501 1521 718 1577 cumlati
746 1520 983 1587 fuerint,
1005 1520 1194 1592 paucis
1219 1520 1270 1575 id
1288 1561 1302 1584 ,
1326 1527 1547 1589 propter
1570 1518 1713 1597 quod
1737 1518 2076 1588 potissimum

498 1631 561 1670 ea
597 1614 822 1669 omnino
864 1613 1012 1668 nulla
1039 1626 1160 1667 esse
1197 1619 1486 1682 putemus,
1518 1608 2079 1679 explicabimus..Pri-

495 1719 644 1759 mum
693 1704 859 1776 igitur
900 1704 1159 1759 habemus
1189 1701 1551 1773 fragmentum
1580 1700 1873 1771 epistolae,
1913 1716 2076 1772 quam

493 1798 814 1853 Anastasius
832 1796 1154 1853 bibliotheca
1164 1795 1296 1859 rius,
1322 1794 1469 1850 Scoti
1493 1793 1732 1865 aequalis
1750 1801 1806 1848 et
1826 1809 2072 1851 summus

2186 690 2390 745 ﬁrmari
2419 699 2656 761 queant,
2687 692 2823 747 satis
2864 692 3030 747 multa
3065 692 3325 747 habemus
3352 692 3450 763 (ι’).
3481 692 3573 748 Ille
3601 693 3764 762 igitur

2183 782 2402 838 Ericus:
2426 801 2444 833 ‹
2468 783 2560 839 Vel
2582 783 2868 847 maxime»,
2885 783 3082 854 inquit,
3104 802 3122 835 ι
3139 784 3302 839 Vobis
3316 794 3590 839 aeternam
3612 793 3766 853 parat

2185 875 2529 940 memoriam,
2562 876 2702 946 quod
2734 875 3068 931 famatissimi
3097 876 3181 931 avi
3215 876 3391 932 Vestri
3436 875 3621 931 Caroli
3645 887 3762 931 stu-

2183 965 2329 1020 dium
2354 981 2481 1035 erga
2504 964 2839 1022 immortales
2860 965 3174 1037 disciplinas
3195 982 3298 1021 non
3320 967 3480 1023 modo
3500 984 3564 1022 ex
3589 982 3766 1036 aequo

2182 1056 2638 1126 repraesentatis,
2670 1072 2857 1111 verum
2889 1056 3054 1112 etiam
3102 1056 3509 1127 incomparabili
3552 1058 3767 1115 fervore

2182 1148 2598 1214 transcenditis;
2622 1147 2784 1214 dum,
2812 1148 2956 1218 quod
2983 1148 3072 1203 ille
3097 1149 3289 1219 sopitis
3329 1149 3517 1204 eduxit
3566 1149 3768 1205 cineri-

2179 1241 2313 1305 bus,
2365 1241 2477 1297 Vos
2515 1240 2757 1296 fomento
2801 1239 3123 1312 multiplici,
3169 1249 3282 1295 tum
3340 1241 3763 1305 beneficiorum,

2180 1341 2294 1389 tum
2347 1333 2719 1399 auctoritatis,
2777 1347 2952 1403 usque
3000 1326 3217 1405 quaque
3252 1335 3665 1404 provehitis.....
3708 1335 3765 1390 Id

2179 1426 2333 1482 vobis
2360 1426 2630 1497 singulare
2651 1426 2883 1482 studium
2907 1426 3180 1490 effecistis,
3209 1437 3270 1482 ut
3294 1427 3464 1482 sicubi
3494 1436 3763 1483 terrarum

2179 1516 2423 1589 magistri
2452 1516 2710 1573 ﬂorerent
2735 1518 2933 1573 artium
2953 1558 2967 1582 ,
2993 1533 3224 1588 quarum
3253 1518 3606 1588 principalem
3635 1534 3767 1588 ope-

2179 1623 2296 1663 ram
2326 1608 2668 1679 philosophia
2703 1610 3008 1680 pollicetur,
3054 1611 3158 1666 hoc
3183 1610 3252 1665 ad
3276 1611 3547 1681 publicam
3574 1612 3762 1666 erudi-

2179 1699 2380 1756 tionem
2434 1701 2794 1771 undecunque
2844 1702 3035 1757 Vestra
3082 1701 3346 1758 celsitudo
3394 1700 3720 1759 conduceret
3746 1745 3763 1773 ,

2177 1793 2405 1848 comitas
2475 1792 2773 1847 attraheret
2791 1834 2806 1857 ,
2864 1776 3167 1863 dapsilitas‘
3202 1803 3543 1865 provocaret.
3565 1833 3582 1849 .
3603 1835 3620 1848 .
3638 1834 3654 1849 .
3676 1834 3691 1849 .
3711 1835 3725 1848 .
3743 1834 3759 1849 .

494 1890 815 1956 admirator,
851 1891 917 1945 de
943 1904 1010 1946 co
1037 1889 1105 1945 ad
1136 1887 1388 1944 Carolum
1416 1887 1638 1944 Calvum
1675 1887 1827 1944 misit
1844 1929 1856 1949 .
1891 1903 1999 1958 qua
2027 1887 2074 1943 is
2104 1877 2149 1937 Β
2176 1884 2315 1953 Quid
2342 1884 2653 1941 Hiberniam
2675 1901 2968 1941 memorem
2990 1928 3004 1952 ,
3028 1896 3340 1957 contempto
3362 1888 3533 1958 pelagi
3561 1888 3760 1943 discri-

492 1980 710 2052 quidem
739 1966 1079 2051 apertissime
1105 1981 1470 2046 demonstrat,
1498 1994 1558 2035 se
1583 1979 1716 2034 nihil
1742 1994 1976 2050 unquam
2009 1980 2076 2036 de

474 2073 596 2127 nlla
628 2073 917 2143 longinqua
943 2057 1060 2142 ejus
1091 2073 1529 2143 peregrinatione
1557 2070 1847 2126 audivisse.
1873 2069 2076 2126 Scribit

488 2164 633 2218 enim
662 2164 739 2234 (ὁ)
771 2181 784 2216 :
816 2168 844 2213 ἐ
880 2161 1183 2216 Mirandum
1213 2175 1428 2231 quoque
1449 2169 1531 2216 est
1553 2201 1569 2227 ,
1590 2160 1860 2231 quomodo
1884 2159 1970 2215 ille
1993 2160 2077 2215 vir

491 2257 774 2320 barbarus,
806 2253 1067 2309 Joannem
1098 2254 1249 2316 dico,
1278 2254 1403 2320 ille,
1434 2254 1527 2324 qui
1568 2254 1621 2308 in
1667 2253 1861 2307 finibus
1889 2251 2073 2307 mundi

488 2345 717 2416 positus,
749 2352 955 2425 quanto
976 2342 1053 2398 ab
1083 2343 1481 2398 hominibus
1508 2326 2072 2407 conversatione,

488 2444 642 2492 tanto
664 2434 811 2490 credi
859 2434 1033 2504 potuit
1073 2435 1299 2491 alterius
1344 2435 1558 2504 linguae
1596 2434 1832 2489 dictione
1857 2433 2070 2503 longin-

485 2544 658 2601 quus,
690 2529 821 2585 talia
860 2528 1138 2585 intellectu
1170 2544 1364 2598 capere
1410 2528 1462 2582 in
1511 2527 1784 2596 aliamque
1829 2527 2069 2596 linguam

487 2618 784 2676 transferre
832 2619 1064 2674 valuerit
1108 2619 1179 2690 (c)
1235 2639 1280 2673 ι.
1333 2617 1534 2673 Deinde
1593 2617 1651 2673 S.
1709 2615 2069 2681 Prudentius,

483 2726 646 2782 quem
672 2708 927 2780 et'ipsum
958 2710 1107 2766 Scoti
1137 2709 1413 2785 aequalem
1444 2717 1496 2766 et
1524 2725 1590 2765 ex
1618 2709 1794 2764 amico
1816 2709 2071 2788 adversa-

485 2802 624 2857 rium
654 2799 859 2857 factum
890 2816 1012 2856 esse
1043 2800 1380 2859 audivimus.
1417 2816 1527 2871 quo
1556 2799 1675 2855 loco
1710 2799 1777 2854 de
1810 2797 2069 2854 Hibernia

481 2902 543 2949 ut
562 2893 828 2961 Erigenae
848 2894 1107 2965 magistra
1132 2892 1373 2963 loquitur
1391 2891 1493 2963 (ιι),
1520 2900 1669 2948 certe
1692 2892 1855 2947 etiam
1878 2888 2072 2945 Orien-

482 2985 553 3041 tis
571 2992 666 3039 aut
683 2983 946 3040 Graeciae
969 2983 1299 3039 mentionem
1316 2982 1607 3053 injecisset,
1626 2982 1752 3036 dum
1774 2980 2070 3051 quidquam

480 3075 549 3132 de
572 3075 659 3131 his
677 3073 1054 3144 comperisset.
1077 3070 1195 3127 Huc
1219 3072 1460 3136 accedit,
1482 3073 1627 3143 quod
1647 3070 1827 3127 nullus
1847 3072 2069 3127 omnino

477 3184 549 3225 ex
577 3167 843 3239 Erigenae
872 3165 1091 3235 scriptis
1118 3163 1271 3220 Iocus
1294 3161 1475 3218 afferri
1498 3170 1705 3234 potest,
1737 3161 1828 3217 ubi
1860 3161 1974 3233 ipse
2002 3162 2069 3217 de

2174 1977 2320 2032 mine
2340 1992 2511 2048 paene
2536 1985 2650 2033 toto
2676 1993 2797 2033 cum
2829 1994 2990 2050 grege
3018 1978 3462 2049 philosophorum
3485 1980 3551 2035 ad
3576 1980 3760 2036 littora

2173 2077 2358 2124 nostra
2405 2067 2764 2139 migrantem?
2807 2068 3045 2137 Quorum
3093 2070 3337 2142 quisquis
3381 2073 3607 2142 peritior
3646 2081 3756 2138 est,

2174 2157 2317 2212 ultro
2339 2157 2441 2214 sibi
2466 2158 2653 2214 imlicit
2681 2159 2901 2214 exilium
2920 2201 2936 2227 ,
2969 2170 3027 2215 ut
3053 2159 3329 2216 Salomoni
3356 2162 3759 2233 sapientissimo

2174 2248 2465 2327 famuletur
2487 2251 2555 2306 ad
2582 2258 2880 2307 votum.....
2913 2271 2932 2305 ι

2242 2340 2418 2413 Atque
2441 2342 2583 2397 inter
2605 2342 2703 2398 hos
2725 2342 2892 2409 viros,
2921 2342 3203 2398 doctrinae
3224 2340 3381 2399 laude
3410 2345 3758 2415 conspicuos,

2171 2449 2400 2506 quorum
2446 2436 2644 2506 partim
2690 2446 2944 2501 vocatos,
2981 2438 3181 2509 partim
3231 2437 3374 2493 ultro
3402 2439 3468 2493 ad
3499 2437 3757 2497 Carolum

2170 2525 2387 2582 venisse
2415 2540 2481 2581 ex
2512 2526 2674 2582 Erice
2708 2526 2983 2592 videmus,
3029 2526 3169 2581 fama
3218 2527 3285 2581 ad
3334 2536 3578 2597 posteros
3610 2539 3759 2586 certe

2170 2632 2305 2688 prae
2352 2618 2606 2674 omnibus
2634 2619 2834 2675 ceteris
2862 2619 3091 2675 eminuit
3114 2619 3349 2676 Joannes
3393 2604 3607 2676 Scelus.
3640 2622 3758 2688 Quo

2171 2716 2351 2762 autem
2381 2707 2506 2779 jure
2535 2710 2900 2764 recentiorum
2930 2709 3149 2781 plurimi
3197 2709 3272 2783 (g)
3312 2725 3436 2766 eum
3484 2727 3515 2766 a
3562 2710 3758 2767 Carolo

2170 2797 2336 2854 Calvo
2361 2799 2684 2855 arcessitum
2715 2800 2918 2866 dicant,
2970 2817 3067 2856 nos
3114 2802 3331 2871 quidem
3374 2802 3618 2872 profecto
3648 2817 3755 2859 non

2172 2890 2541 2961 intelligimus.
2557 2890 2857 2948 Guilelmus
2885 2893 3029 2947 enim
3058 2892 3572 2957 Malmesburiensis,
3588 2908 3754 2963 quem

2172 2985 2405 3056 primum
2428 2985 2533 3040 hac
2557 2985 2622 3039 de
2646 2999 2705 3039 re
2730 2986 3015 3055 scripsisse
3030 2984 3142 3054 jam
3168 3002 3235 3040 ex
3259 2986 3462 3042 'f‘homa
3485 2985 3653 3042 Galeo
3675 2985 3756 3056 (Ii)

2171 3075 2423 3146 colligas,
2478 3090 2747 3145 quemque
2776 3075 2995 3132 Simeon
3049 3076 3452 3142 Dunehnensis,
3500 3076 3756 3131 Matthias

2171 3167 2812 3237 Westmouasteriensis,
2845 3168 2935 3225 alii
2961 3170 3028 3225 ad
3053 3169 3277 3224 verbum
3307 3170 3422 3225 fere
3452 3169 3757 3239 descripse‘

480 3258 684 3315 exteris
731 3256 1104 3327 philosophis,
1157 3253 1480 3323 quibuscnm
1525 3266 1710 3309 coram
1758 3251 1861 3309 sibi
1909 3250 2140 3326 collo-(3
2175 3261 2451 3321 ruutzsed
2483 3259 2782 3317 Guilelmus
2804 3261 3301 3317 Malmesburicnsis
3338 3260 3509 3315 tribus
3533 3259 3670 3316 locis
3688 3260 3754 3333 (ἱ)

480 3351 682 3421 quendi
711 3348 942 3405 facultas
984 3347 1177 3409 fuerit,
1220 3360 1524 3403 sermonem
1554 3346 1754 3412 faciat,
1786 3354 1882 3400 aut
1909 3344 2070 3401 ullius

476 3441 936 3515 peregrinationis
965 3439 1268 3496 studiorum
1298 3454 1457 3496 causa
1500 3446 1782 3510 susceptae
1808 3439 2070 3495 memine-

482 3537 587 3602 rit;
627 3522 798 3607 quum
827 3549 1044 3605 semper
1085 3548 1180 3588 eos
1212 3541 1463 3589 auctores
1491 3533 1715 3605 alleget,
1746 3548 1976 3603 quorum
2006 3532 2069 3587 li-

486 3629 614 3683 bros
643 3627 697 3682 in
730 3627 988 3682 Hibernia
1021 3635 1117 3682 aut
1138 3627 1193 3681 in
1215 3625 1387 3682 Gallia
1421 3638 1678 3681 excutere
1706 3625 1901 3694 potuit.
1930 3624 2068 3692 Quid

484 3718 717 3789 denique
746 3718 835 3773 illa
865 3726 1184 3789 tempestate
1210 3716 1293 3773 vel
1328 3717 1381 3772 in
1408 3715 1637 3772 Graecia
1668 3716 1952 3771 doctrinae
1979 3730 2071 3771 ac-

485 3808 629 3879 quiri
673 3796 948 3878 potuerit,
979 3823 1083 3863 non
1111 3807 1295 3863 hercle
1324 3805 1675 3877 intelligimus
1704 3823 1719 3860 :
1751 3820 1819 3861 ne
1846 3805 1918 3860 ibi
1945 3805 2066 3875 qui-

484 3899 607 3955 dem
638 3898 969 3968 splendidam
1000 3907 1112 3952 tum
1159 3897 1530 3968 philosophiae
1570 3895 1937 3952 conditionem
1981 3895 2066 3950 in-

483 3991 769 4047 venimus:
798 3989 1045 4046 Athenae
1065 3990 1445 4069 obmutuerant
1474 3989 1565 4061 (e).

554 4084 732 4155 Atque
756 4082 893 4139 haec
915 4082 983 4139 de
1009 4099 1068 4139 re
1095 4091 1204 4139 tam
1232 4083 1375 4139 futili
1403 4083 1610 4142 dixisse
1634 4082 1867 4145 sufﬁciat
1898 4102 1912 4140 :
1943 4100 2070 4157 pro-

483 4176 794 4247 grediamur
819 4176 886 4229 ad
917 4174 1141 4246 reliqua.

793 4256 797 4261 ’
845 4270 855 4279 ‘
1098 4264 1325 4321 CAPUT
1363 4266 1473 4321 ηιμ

556 4356 703 4421 Quae
723 4355 879 4423 fuerit
903 4355 1049 4411 Scoti
1070 4358 1299 4411 conditio
1318 4358 1469 4427 apud
1482 4357 1729 4412 Caro/um
1752 4357 1991 4413 Calvum.

464 4490 467 4493 λ
550 4448 776 4503 Carolus
797 4449 1013 4513 Calvus,
1037 4465 1203 4519 quum
1232 4449 1423 4515 multa,
1445 4466 1585 4520 quae
1605 4451 1728 4505 boni
1755 4451 1897 4521 regis
1916 4458 2061 4519 sunt,

484 4540 538 4594 in
564 4554 624 4594 se
651 4538 1006 4593 desideranda
1037 4540 1255 4605 faceret,
1280 4541 1515 4609 optimas
1542 4549 1720 4595 tamen
1763 4553 1910 4597 artes
1938 4557 2063 4612 pro-

2172 3352 2363 3408 iisdem
2389 3354 2777 3424 propemodum
2806 3353 2990 3408 verbis
3020 3371 3035 3408 :
3065 3373 3083 3405 ι
3114 3352 3354 3424 (Scotus)
3374 3392 3389 3417 ,
3421 3352 3532 3418 ait,
3565 3353 3755 3409 relicta

2168 3443 2343 3513 patria
2376 3442 2659 3499 Frauciam
2688 3444 2755 3499 ad
2777 3442 3025 3499 Carolum
3049 3441 3270 3497 Calvum
3311 3443 3555 3506 transiit,
3583 3459 3611 3496 a
3644 3460 3754 3513 (ιιιο

2168 3550 2366 3606 magna
2417 3534 2727 3605 dignatione
2783 3541 3064 3603 susceptus
3120 3533 3469 3587 familiarium
3514 3535 3753 3604 partium

2168 3627 2535 3683 habebatur...
2577 3645 2622 3682 ι.
2661 3626 2825 3682 Addit
2867 3635 3147 3696 praeterea
3191 3627 3243 3679 iu
3285 3625 3442 3679 libris
3484 3625 3551 3679 de
3582 3626 3752 3695 gestis

2170 3733 2355 3787 regum
2376 3718 2693 3789 Anglorum,
2717 3737 2736 3769 ι
2756 3717 3209 3786 concrepantibus
3231 3717 3467 3786 undique
3484 3716 3751 3772 bellorum

2171 3809 2477 3883 fragoribus
2510 3831 2529 3863 ι
2566 3812 2739 3879 ipsum
2772 3810 2823 3863 in
2851 3809 3079 3864 Galliam
3130 3808 3350 3863 abiisse.

2242 3903 2360 3970 Quo
2389 3910 2630 3972 tempore
2658 3902 2726 3955 ad
2766 3900 3018 3955 Carolum
3062 3899 3353 3954 secessisse
3395 3898 3661 3964 videatur,
3693 3900 3750 3955 in

2169 3993 2347 4065 primo
2364 3993 2542 4064 capite
2562 3992 2931 4063 exposuimus,
2946 3990 3164 4045 circiter
3182 4006 3383 4044 annum
3408 3988 3747 4067 DCCCXLV.

2242 4087 2427 4159 Hunc,
2466 4087 2509 4141 si
2540 4087 2824 4156 quisquam
2844 4125 2858 4149 ,
2888 4099 3075 4138 verum
3120 4084 3221 4161 sibi
3252 4082 3617 4140 Maecenatem
3648 4085 3750 4141 de-

2168 4180 2361 4237 vinxit.
2392 4179 2575 4250 anue
2596 4177 2773 4234 Caroli
2805 4176 3063 4233 facilitate
3090 4177 3161 4231 ita
3193 4191 3326 4232 usus
3353 4176 3521 4233 fuisse
3553 4193 3747 4231 narra-

2171 4281 2281 4338 tur,
2313 4279 2374 4325 ut
2397 4287 2501 4326 non
2532 4284 2860 4340 magnopere
2885 4277 3070 4340 ageret
3096 4266 3374 4324 Horatium
3393 4310 3407 4331 ,
3435 4268 3519 4322 cui
3545 4268 3613 4321 ab
3639 4268 3750 4323 Au-

2167 4370 2324 4433 gusto
2353 4360 2612 4429 scriptum
2644 4357 2852 4423 ferunt,
2898 4377 2916 4410 ‹
2950 4367 3189 4413 sumeret
3232 4357 3331 4412 sibi
3379 4344 3582 4428 aliquid
3607 4355 3750 4425 juris

2167 4453 2309 4526 apud
2357 4467 2455 4518 se,
2501 4459 2755 4521 tanquam
2794 4451 2838 4506 si
2878 4451 3160 4507 convictor
3202 4451 3301 4507 sibi
3340 4450 3501 4506 fuerit
3536 4472 3583 4506 ι.
3612 4450 3747 4505 Mal-

2167 4541 2553 4599 mesburieusis
2578 4532 2793 4612 quidem
2835 4541 2908 4612 (j)
2938 4556 2953 4596 :
2984 4559 3002 4593 ι
3039 4541 3302 4613 (Scottis),
3333 4542 3538 4612 inquit,
3572 4553 3746 4597 trans-

481 4640 664 4700 pterea
684 4645 792 4685 non
825 4628 1077 4699 neglexit.
1110 4630 1301 4686 Ericus
1324 4631 1541 4701 quidem
1571 4630 2062 4696 Altissiodorensis,
2098 4634 2142 4693 l)
2170 4634 2350 4714 igebat
2393 4649 2515 4689 cum
2545 4648 2611 4688 eo
2651 4633 2885 4706 (Carolo)
2923 4643 3029 4688 tam
3059 4635 3200 4689 seria
3225 4676 3240 4700 ,
3268 4651 3431 4705 quam
3467 4634 3621 4703 joca,
3657 4637 3740 4689 in~

483 4725 575 4793 qui
631 4722 750 4790 eius
798 4723 1041 4793 aequalis
1095 4724 1232 4792 fuit,
1299 4726 1528 4782 summis
1573 4742 1696 4781 eum
1745 4725 1848 4781 hac
1897 4726 1965 4782 de
2012 4743 2069 4782 re

485 4812 739 4869 laudibus
763 4822 924 4869 ornat
956 4832 969 4868 :
1001 4829 1105 4869 nec
1128 4824 1242 4882 est,
1272 4830 1371 4871 cur
1395 4814 1555 4885 hujus
1581 4816 1859 4881 laudibus,
1889 4816 1989 4871 etsi
2015 4817 2066 4871 in

479 4960 707 5029 quosque
733 4945 831 5026 ⁸ειιὶ
856 4945 1366 5029 ᾳευξεοηυεηίεῃςάοδ
1392 4947 1645 5029 susCeplis
1667 4949 1735 5007 ad
1758 4948 1937 5004 aulam
1957 4948 2065 5004 Ca-

479 5013 578 5068 roli
599 5013 745 5070 Calvi
767 5016 920 5068 venit.
950 5016 1217 5070 ANIIADV.
1241 5017 1423 5088 EDIT.)
1544 5013 1553 5018 ’

508 5155 525 5167 ἱ
549 5084 627 5158 (a)
657 5083 739 5167 Cf.
775 5083 945 5167 flock.
979 5084 1015 5139 l.
1039 5086 1105 5167 _l.,
1132 5088 1288 5167 p._.'_55
1313 5097 1470 5167 ,_not.
1502 5087 1571 5167 ελ
1607 5086 1804 5167 linter.
1833 5088 2059 5167 Geschi-

475 5153 747 5283 ξιιέξάιὰθν
777 5153 1147 5227 Ριιὶιοθοριιίθξ
1199 5158 1496 5230 Hamburg.
1529 5154 1647 5215 Vol.
1679 5159 1771 5227 IV,
1817 5176 1871 5231 p.
1918 5158 2055 5223 561,

546 5298 624 5438 ξὺῖ
663 5296 750 5353 Cf.
780 5296 977 5354 Thom.
1008 5297 1163 5354 Gale.
1195 5301 1395 5355 testim.
1433 5315 1487 5369 p.
1522 5300 1576 5354 8.

568 5385 599 5422 6
659 5370 858 5423 Sermo
875 5379 954 5418 est
981 5372 1048 5416 de.
1070 5370 1551 5420 Mdmmonvsii

568 5369 619 5426 6)
659 5370 858 5423 Sermo
875 5379 954 5418 est
981 5372 1048 5416 de.
1070 5370 1551 5420 “semirumonvsii
1579 5369 1749 5426 ιίιῃιίε,
1774 5386 1910 5424 ηιιος
1936 5370 2050 5418 Eri-

2167 4724 2521 4794 dividuusque
2541 4740 2727 4781 comes
2754 4734 2810 4780 et
2840 4740 3058 4780 mensae
3084 4734 3140 4780 et
3167 4726 3403 4782 cubiculi
3428 4736 3577 4792 erat,
3610 4727 3741 4782 mul-

2170 4825 2254 4871 tae
2307 4814 2535 4871 facetiae
2587 4817 2913 4889 ingenuique
2961 4817 3190 4887 leporis,
3223 4835 3454 4889 quorum
3498 4821 3742 4891 exempla

2164 4949 2219 5023 l_n
2250 4952 2559 5023 bocautem
2582 4950 2875 5023 Ericiloco
2896 4952 3254 5008 describenda
3280 4954 3493 5023 saepius
3519 4968 3549 5005 a
3580 4951 3740 5007 Stan-

2164 5020 2474 5094 denniaiero
2551 5022 2906 5094 recessionis,
2953 5038 3137 5094 quum,
3188 5020 3386 5094 potius
3429 5023 3745 5077 Hollaudum‘

2170 5089 2315 5166 (Julii
2349 5107 2518 5166 mens.
2550 5101 2680 5145 tom.
2720 5091 2839 5154 VII,
2876 5108 2928 5161 p.
2964 5089 3358 5166 iﬁlli—#222
3403 5094 3469 5166 A)
3517 5108 3744 5163 sequen-

2170 5161 2298 5217 dum
2329 5177 2449 5215 esse
2476 5163 2823 5223 duceremus,
2851 5177 3014 5230 quam
3057 5162 3229 5220 illum.

2241 5230 2315 5303 (g)
2348 5230 2429 5284 Cf.
2480 5230 2652 5286 Hiort.
2686 5248 2739 5298 p.
2782 5231 2988 5303 739-40,
3035 5232 3463 5288 Staudenmaier.
3507 5249 3561 5303 p.
3617 5231 3734 5287 liii.

2168 5299 2516 5356 Schlueterus
2545 5304 2736 5357 saltem
2780 5302 2882 5355 hoc
2930 5304 3122 5364 habet,
3174 5302 3430 5357 Scotum.
3460 5299 3572 5355 μεὶς·
3708 5316 3732 5322 ν’

2166 5371 2219 5420 in
2247 5370 2475 5427 Galliam
2502 5386 2561 5418 ςρ
2582 5371 2892 5414 l‘nnlnliccno
2953 5389 2979 5402 ει
3162 5372 3196 5384 ⁸
