4056 6276
221 364 294 420 17
1051 363 1137 420 DE
1175 363 1335 421 VITA
1373 365 1463 422 ET
1495 366 1898 425 PMCEPTIS
1935 366 1984 426 J.
2029 370 2244 428 SCOTJ.
2287 403 2356 417 -—
2391 374 2572 433 PARS
2611 377 2650 433 1.
3429 386 3495 444 18

216 471 494 542 hodieque
520 481 771 528 constant
801 470 910 545 (a),
957 484 1015 529 ut
1055 486 1182 531 sunt
1218 477 1316 531 ista
1345 495 1359 531 :
1399 478 1691 534 Assederat
1739 481 1807 536 ad
1836 485 1882 543 Α
1911 496 2082 538 annos
2103 485 2400 553 praefuisse
2433 490 2680 544 traditur.
2715 489 2982 549 Plurimos
3027 495 3291 553 habemus
3337 498 3498 568 hujus

215 583 471 627 mensam
503 578 695 624 contra
741 585 924 641 regem
973 571 1043 625 ad
1088 571 1251 626 aliam
1301 574 1514 628 tabulae
1561 584 1804 644 partem;

216 658 646 730 procedentibus
706 660 1003 730 poculis....
1051 660 1280 717 Carolus
1333 663 1510 718 fronte
1563 666 1810 720 hilariori

219 759 348 818 post
389 749 657 818 quaedam
693 750 820 816 alia,
843 767 965 806 cum
997 751 1221 808 vidisset
1254 751 1515 809 Joannem
1550 755 1805 824 quiddam

220 839 455 905 fecisse,
483 841 626 910 quod
654 840 986 906 Gallicanam
1022 843 1332 898 comitatem
1360 845 1686 910 offenderet,
1718 863 1808 900 ur-

219 935 364 989 bane
396 935 664 1004 increpuit
699 945 754 991 et
783 936 918 990 dixit
951 954 965 990 :
1015 936 1154 1004 Quid
1204 939 1370 993 distat
1421 938 1564 994 inter
1593 938 1805 996 Sottum

216 1037 275 1081 et
304 1026 589 1082 Scottum?
615 1028 819 1083 Retulit
856 1029 942 1084 ille
973 1030 1196 1085 solenne
1223 1031 1514 1085 convitium
1545 1032 1597 1085 in
1624 1041 1809 1087 aucto-

218 1135 338 1173 rem
363 1129 419 1173 et
452 1121 766 1190 respondit:
806 1120 1007 1175 Tabula
1041 1123 1374 1177 tantum!....
1411 1121 1523 1178 Nec
1555 1138 1685 1178 vero
1712 1137 1807 1178 rex

215 1223 532 1268 commotus
553 1222 636 1268 est
651 1253 669 1280 ,
693 1215 836 1284 quod
862 1214 1124 1269 miraculo
1147 1214 1406 1269 scientiae
1431 1214 1596 1284 ipsius
1617 1223 1808 1284 captus

216 1307 490 1362 adversus
535 1306 851 1375 Magistrum
897 1321 997 1362 nec
1025 1307 1168 1362 dicto
1195 1307 1476 1377 insurgere
1509 1306 1687 1362 vellet.
1715 1306 1807 1361 Sic

214 1415 344 1454 eum
375 1400 578 1454 usitate
600 1400 851 1453 vocabat.
879 1399 1010 1453 Item
1045 1415 1168 1454 cum
1216 1399 1327 1470 regi
1357 1398 1668 1454 convivanti
1701 1397 1804 1452 mi-

216 1490 395 1543 nister
443 1488 681 1556 patinam
725 1486 1039 1552 obtulisset,
1068 1503 1209 1558 quae
1255 1489 1391 1543 duos
1433 1489 1610 1558 pisces
1649 1503 1808 1557 prae-

216 1581 457 1651 grandes
501 1579 713 1650 adjecto
761 1595 869 1634 uno
915 1578 1217 1635 minusculo
1270 1581 1612 1645 contineret,
1656 1580 1806 1635 dedit

216 1671 314 1726 ille
361 1670 650 1740 Magistro,
697 1679 757 1725 ut
802 1671 1246 1726 accumbentibus
1295 1669 1506 1725 duobus
1547 1671 1701 1740 juxta
1745 1684 1804 1726 se

215 1761 439 1817 clericis
465 1761 846 1831 departiretur.
871 1761 1042 1816 Erant
1068 1761 1143 1814 illi
1166 1761 1448 1831 giganteae
1471 1761 1661 1826 molis;
1688 1761 1804 1832 ipse

1912 576 1988 628 rei
2040 586 2322 642 auctores;
2375 595 2575 645 unum,
2627 597 2788 651 quem
2854 585 3047 655 reliqui
3100 591 3276 645 secuti
3322 603 3494 661 sunt,

1909 679 2178 736 quemque
2217 667 2342 736 jure
2385 671 2535 740 sequi
2568 683 2894 741 potuerunt,
2924 678 2968 732 si
3001 694 3058 734 re
3085 696 3210 734 vera
3241 681 3384 738 illius
3410 693 3494 740 est

1910 757 2278 812 testimonium
2329 759 2432 830 (e),
2504 762 2608 817 huc
2658 763 3033 834 allegabimus.
3096 768 3287 825 Exstat
3341 773 3491 829 locus

1907 846 2168 914 epistolae
2199 847 2402 905 Nicolai
2449 851 2466 904 Ι
2501 851 2657 906 Ροηι.
2705 853 2846 909 Max.
2891 857 2956 910 ad
2989 856 3239 915 Carolum
3271 863 3490 919 Calvum

1908 938 2174 1007 scriptae,
2225 956 2333 1010 quo
2383 943 2531 1008 loco,
2579 954 2637 999 ut
2681 946 2897 1016 plurimi
2944 953 3310 1021 contendunt,
3359 957 3493 1013 haec

1909 1037 2034 1083 sunt
2085 1031 2308 1100 legenda
2340 1052 2352 1088 :
2390 1052 2408 1085 ι
2445 1034 2584 1090 Hinc
2628 1047 2742 1103 est,
2788 1041 2930 1109 quod
2960 1043 3233 1101 dilectioni
3277 1060 3492 1106 vestrae

1907 1125 2254 1178 vehementer
2284 1137 2536 1196 rogantes
2584 1130 2934 1198 mandamus,
2967 1143 3234 1204 quatenus
3259 1139 3492 1208 Aposlo-

1907 1211 2036 1266 latui
2069 1225 2252 1270 nostro
2296 1219 2634 1286 praedictum
2679 1219 2943 1276 Joannem
2994 1230 3391 1296 repraesentari
3417 1230 3493 1284 fa-

1907 1303 2086 1370 ciatis,
2114 1316 2208 1361 aut
2254 1319 2400 1364 certe
2428 1309 2653 1367 Parisiis
2684 1313 2734 1368 in
2767 1313 2958 1370 Studio
2981 1337 2998 1368 ι
3033 1318 3108 1388 (id
3137 1329 3219 1374 est
3255 1322 3489 1392 schola),

1912 1413 1932 1446 ι
1963 1395 2119 1465 cujus
2146 1399 2339 1468 capital
2369 1420 2387 1452 »
2417 1401 2493 1468 (id
2517 1411 2598 1456 est
2622 1405 2804 1473 caput)
2846 1424 2865 1457 ι
2891 1407 3001 1476 jam
3024 1408 3151 1463 olim
3183 1410 3348 1467 fuisse
3368 1429 3490 1482 per-

1907 1488 2141 1555 hibetur,
2167 1493 2365 1546 morari
2394 1508 2498 1547 non
2526 1494 2788 1550 sinatis...
2815 1498 2892 1566 (f)
2925 1518 2969 1552 ι.
2997 1500 3071 1555 De
3097 1511 3359 1571 tempore,
3385 1520 3492 1574 quo

1907 1578 2042 1634 haec
2088 1582 2314 1650 epistola
2361 1584 2560 1654 scripta
2610 1585 2712 1650 sit,
2761 1586 2960 1658 legitur
3006 1591 3149 1660 apud
3190 1593 3492 1649 Bulaeum:

1913 1690 1934 1723 ι
1968 1672 2162 1726 Datum
2208 1690 2350 1728 anno
2391 1675 2582 1745 Apost.
2632 1677 2802 1731 nostri
2853 1677 2947 1739 Ill,
2989 1699 3008 1732 ι
3054 1682 3146 1750 qui
3193 1691 3277 1738 est
3323 1699 3497 1740 annus

1908 1761 2221 1818 DCCCLX:
2262 1763 2353 1818 alii
2384 1764 2604 1830 dicunt,
2649 1766 2867 1821 circiter
2893 1767 3132 1839 quinque
3175 1772 3333 1827 annis
3375 1782 3500 1843 post

216 1854 479 1926 perexilis
507 1855 770 1924 corporis.
803 1853 972 1920 Tum,
999 1853 1334 1934 quisemper
1362 1853 1562 1923 aliquid
1590 1853 1801 1909 honesti
1838 1845 1878 1903 Β
1905 1865 2024 1905 eam
2068 1866 2188 1906 esse
2219 1852 2421 1906 datam.
2451 1853 2603 1920 Quod
2628 1856 2671 1909 si
2716 1855 2804 1911 hic
2833 1857 2976 1912 illius
3017 1860 3278 1929 epistolae
3307 1861 3459 1917 locus
3479 1903 3495 1929 ,

220 1946 559 2010 inveniebat,
582 1954 640 2001 ut
677 1945 938 2000 laetitiam
959 1947 1362 2001 convivautium
1390 1947 1675 2012 excitaret,
1720 1962 1805 2002 re-

217 2039 393 2092 tentis
417 2038 522 2093 sibi
550 2038 762 2093 duobus
805 2036 1132 2108 majoribus,
1173 2052 1338 2092 unum
1379 2037 1641 2092 minorem
1672 2037 1804 2092 duo-

214 2128 325 2183 bus
344 2127 642 2183 distribuit.
664 2128 927 2198 Arguenti
958 2127 1296 2196 iniquitatem
1314 2127 1624 2197 partitionis
1645 2127 1760 2198 regi
1786 2145 1800 2180 :

216 2220 357 2285 lmo,
377 2220 573 2290 inquit,
593 2221 727 2276 bene
750 2219 852 2276 feci
878 2227 932 2273 et
954 2234 1146 2290 aeque,
1168 2234 1292 2272 nam
1309 2217 1399 2274 hic
1413 2227 1498 2273 est
1518 2234 1657 2274 unus
1678 2234 1805 2288 par-

218 2327 345 2378 vus,
361 2313 428 2368 de
445 2328 506 2368 se
519 2313 722 2379 dicens,
739 2322 795 2368 et
807 2313 913 2368 duo
925 2311 1174 2382 grandes,
1191 2312 1367 2382 pisces
1383 2319 1608 2383 tangens
1625 2330 1638 2366 :
1656 2313 1805 2367 item-

218 2419 329 2473 que
350 2403 418 2457 ad
440 2418 536 2459 eos
555 2419 871 2465 conversus,
891 2404 978 2458 hic
1011 2412 1137 2457 sunt
1159 2403 1266 2458 duo
1296 2403 1475 2474 magni
1499 2403 1680 2458 clerici
1704 2404 1805 2459 im-

219 2497 396 2552 mensi
419 2506 475 2551 ct
497 2512 635 2551 unus
657 2498 903 2567 exiguus,
918 2497 1116 2565 piscem
1141 2496 1491 2551 nihilominus
1514 2506 1738 2567 tangens
1757 2517 1803 2550 ι.

295 2587 482 2655 Itaque
511 2587 746 2642 Joannes
773 2596 976 2648 noster,
1006 2595 1065 2640 ut
1088 2585 1360 2649 videmus,
1394 2585 1583 2640 intima
1613 2586 1807 2641 Carolo

219 2681 594 2736 familiaritate
612 2681 932 2751 conjunctus
953 2681 1006 2735 iu
1030 2682 1143 2749 ipsa
1171 2680 1315 2750 regia
1337 2689 1501 2748 atque
1516 2679 1570 2733 in
1593 2694 1804 2734 summa

222 2772 505 2826 hominum
531 2771 847 2826 celebritate
874 2772 1210 2827 versabatur.
1256 2770 1410 2837 Quod
1442 2771 1570 2825 item
1601 2769 1808 2825 Pardu-

220 2861 308 2915 lus
335 2861 622 2930 episcopus
647 2861 1015 2916 Laudunensis
1061 2868 1313 2925 testatur,
1337 2860 1429 2928 qui
1458 2860 1677 2915 circiter
1712 2875 1808 2914 an-

222 2969 350 3006 num
383 2951 669 3007 DCCCLlll
694 2953 765 3006 ita
793 2954 860 3007 de
889 2967 954 3006 eo
979 2953 1199 3021 scripsit
1233 2969 1246 3005 :
1282 2970 1301 3002 ι
1338 2950 1535 3006 Scotus
1565 2951 1681 3014 ille,
1713 2952 1806 3022 qui

221 3051 307 3097 est
355 3043 408 3096 in
462 3041 663 3111 palatio
721 3042 860 3113 regis
910 3041 1112 3113 (Caroli
1163 3040 1373 3110 Calvi),
1425 3038 1662 3095 Joannes
1712 3057 1809 3096 no-

221 3132 368 3186 mine
407 3131 482 3200 (ὁ)
521 3151 566 3184 ι.
601 3130 718 3185 Jam
754 3145 819 3186 ex
870 3131 956 3185 his
1001 3129 1293 3198 conjicias,
1346 3144 1471 3184 eum
1519 3145 1692 3198 usque
1739 3130 1807 3184 ab

220 3223 313 3278 illo
345 3192 585 3293 tempore
604 3264 617 3285 ,
641 3237 750 3292 quo
768 3222 835 3277 ad
854 3192 1119 3278 Carolum.
1138 3221 1316 3286 venit,
1342 3192 1617 3290 plurimos
1635 3235 1808 3275 annos
1834 3192 1882 3254 Ο

220 3313 478 3384 deinceps
502 3314 554 3368 in
581 3315 698 3384 ejus
725 3314 872 3385 regia
898 3313 1118 3367 vixisse.
1151 3311 1263 3366 Hoc
1292 3321 1471 3365 autem
1507 3311 1803 3375 nescimus,

222 3423 291 3460 an
324 3407 533 3461 certius
565 3407 729 3461 etiam
764 3405 941 3476 colligi
968 3414 1133 3475 queat
1160 3419 1225 3458 ex
1261 3404 1367 3458 illis
1401 3403 1550 3458 Scoti
1602 3403 1806 3458 carmi-

222 3499 416 3564 nibus,
447 3513 587 3566 quae
616 3497 964 3552 Scblueterus
994 3509 1124 3550 suae
1169 3494 1393 3551 editioni
1441 3493 1701 3548 librorum
1742 3493 1809 3548 de

221 3591 490 3645 divisione
531 3589 768 3644 Naturae
797 3587 1028 3656 adjecit;
1076 3603 1197 3658 qua:
1234 3597 1384 3642 certe
1413 3586 1644 3641 diversis
1675 3595 1810 3639 tem-

223 3682 448 3751 poribus
477 3682 773 3751 composita
817 3689 977 3745 sunt,
1009 3695 1072 3734 ac
1112 3678 1315 3749 passim
1367 3676 1809 3732 manifestissime

225 3775 420 3828 docent
443 3812 458 3834 ,
486 3786 609 3824 eum
638 3770 743 3825 sibi
776 3770 940 3825 fuisse
967 3778 1281 3834 auctorem,
1309 3768 1400 3837 qui
1427 3783 1458 3820 a
1482 3766 1675 3821 Carolo
1703 3765 1812 3820 ale-

224 3871 375 3915 retur
403 3860 498 3930 (c).
525 3859 656 3926 Qua:
676 3876 765 3915 res
789 3860 955 3914 etiam
978 3874 1044 3913 eo
1073 3872 1416 3927 summopere
1445 3857 1656 3910 videtur
1681 3870 1822 3914 con-ﬁ

226 3953 471 4017 firmari,
508 3951 649 4022 quod
680 3953 791 4022 ipse
824 3951 1017 4005 Scotus
1048 3950 1101 4003 in
1135 3949 1412 4018 prooemio
1439 3946 1564 4000 libri
1613 3946 1696 4000 sui
1745 3946 1812 4000 de

223 4043 726 4100 Pracdestinatione
759 4043 935 4100 Caroli
975 4041 1346 4098 benevolentia
1390 4057 1456 4095 ac
1489 4039 1811 4094 liberalitate

226 4139 327 4192 sibi
355 4138 616 4209 obtigisse
638 4139 736 4202 ait,
763 4148 838 4200 ut,
860 4137 1001 4206 quod
1025 4146 1236 4205 tempus
1256 4135 1347 4188 alii
1375 4134 1536 4188 rebus
1557 4131 1812 4202 gerendis

227 4230 503 4286 insumere
533 4231 798 4293 debeant,
829 4229 880 4283 id
907 4245 938 4282 a
965 4243 1023 4283 se
1046 4228 1348 4282 litterarum
1380 4225 1574 4280 studiis
1600 4224 1812 4293 impen-

229 4323 402 4377 datur.
424 4322 609 4388 Quoad
635 4323 722 4378 hic
744 4323 1005 4377 mansisse
1029 4321 1328 4376 existimari
1362 4320 1553 4391 possit,
1580 4334 1705 4373 mox
1729 4317 1808 4390 (ά)

228 4416 533 4470 videbimus
553 4455 568 4481 ,
605 4431 772 4485 quum
798 4417 864 4469 de
888 4413 1092 4468 ultimis
1118 4412 1234 4483 ejus
1276 4412 1402 4466 fatis
1425 4410 1810 4480 disputabitur.

298 4506 490 4577 Neque
532 4505 697 4561 solius
720 4505 930 4570 Caroli,
965 4505 1018 4559 id
1049 4505 1192 4575 quod
1225 4513 1373 4575 patet
1398 4519 1465 4558 ex
1491 4503 1815 4558 Malmesbu-

228 4599 440 4663 rirnse,
472 4597 788 4668 Magistrum
838 4598 1022 4652 dicunt
1049 4595 1311 4650 Joannem
1347 4614 1359 4648 :
1410 4610 1596 4650 verum
1645 4594 1809 4649 etiam

228 4690 613 4745 celeberrimae
650 4689 726 4744 illi
767 4709 785 4742 ι
824 4688 1043 4744 scholae
1093 4687 1371 4742 Palatinae
1409 4707 1428 4740 ι
1483 4686 1681 4742 multos
1715 4700 1814 4757 per

297 4828 376 4896 (a)
403 4826 490 4897 Cf.
525 4827 676 4897 Cale.
699 4827 747 4897 _l.
780 4827 820 4888 Ι,
849 4839 1079 4897 appenn.
1109 4840 1160 4894 p.
1193 4825 1277 4879 88.

323 4895 374 4966 ὸ)
413 4896 499 4950 Cf.
535 4895 666 4966 Cap.
698 4895 957 4966 l.col.’9,
993 4905 1105 4966 not.
1137 4912 1185 4966 ς.

323 4899 350 4949 b
413 4899 499 4950 Cf.
535 4899 666 4966 Cap.
698 4899 738 4957 1,
767 4899 870 4950 col.
903 4899 957 4958 9,
993 4905 1104 4949 not.
1139 4912 1185 4946 ε.

320 4899 374 5035 εξ
408 4966 492 5021 Cf.
522 4968 705 5021 Carm.
735 4965 836 5032 XI,
866 4966 930 5031 ὥς
966 4966 1030 5020 Vl
1051 5005 1065 5031 ,
1095 4964 1254 5019 55-“
1282 4980 1296 5029 ;
1327 4964 1389 5028 ll,
1421 4962 1616 5029 69-72;
1645 4962 1694 5028 l,
1721 4962 1816 5017 77-

229 5039 326 5102 8i;
363 5039 416 5100 1.
443 5039 689 5092 46-77...

298 5109 381 5178 (d)
411 5108 605 5178 Capite
631 5105 695 5160 ν.

297 5173 371 5252 (ej
397 5173 953 5233 CffStaudenmaier.
985 5177 1021 5232 l.
1053 5175 1094 5229 ι.
1125 5191 1179 5246 p.
1211 5173 1314 5230 159
1343 5184 1455 5229 not.
1488 5176 1521 5230 5
1550 5185 1605 5230 et
1631 5191 1682 5245 p.
1719 5173 1817 5230 166

228 5262 349 5390 not]
357 5252 392 5388 )1
409 5290 504 5374 έίο
535 5318 741 5374 Nicolai
771 5318 810 5372 1.
847 5319 1011 5372 verba
1063 5331 1132 5390 se_
1164 5315 1814 5390 habent_apud_Bulaeum

238 5386 388 5458 (hist.
424 5389 723 5445 Universit.
751 5390 921 5444 Paris.
953 5398 1084 5442 tom.
1116 5387 1164 5448 ι,
1189 5402 1242 5456 p.
1276 5387 1430 5457 184),
1463 5387 1551 5458 qui
1582 5386 1647 5439 de
1677 5386 1816 5458 auti-

233 5456 335 5528 quo
365 5460 666 5529 exemplari
700 5476 760 5514 ea
789 5459 1364 5529 deprompta‘essoait.
1409 5457 1630 5508 laudans
1664 5475 1680 5505 α
1719 5456 1824 5510 Ga-

237 5531 385 5584 briel.
420 5531 630 5584 Naudei
669 5530 890 5584 Collect.
938 5546 1003 5583 ex
1051 5528 1295 5584 bibliotli.
1329 5530 1501 5583 Oxon.
1545 5547 1562 5577 ι
1607 5527 1711 5581 Sed
1745 5527 1822 5579 iu—

239 5544 385 5586 Dl’lcl.
421 5544 630 5584 Nauuet
669 5544 890 5584 unuect.
938 5546 1003 5583 ex
1051 5544 1295 5584 ninnotn.
1329 5544 1501 5583 uxon.
1545 5547 1562 5577 ι
1607 5544 1711 5581 aeu
1745 5544 1818 5579 m-

239 5610 428 5656 ventus
454 5611 542 5656 est
561 5642 576 5665 ,
605 5602 694 5670 qui
717 5601 952 5655 Bulaeum
975 5597 1284 5653 fraudicuke
1301 5597 1616 5654 insimulare
1639 5596 1818 5661 vellet,

303 5717 331 5746 ⁸
345 5714 542 5770 Joanni
560 5732 593 5766 a
611 5711 802 5767 Carolo
816 5712 974 5782 Calvo
989 5712 1292 5780 mandatum
1311 5726 1448 5779 esse,
1466 5712 1587 5782 utin
1605 5719 1824 5767 contro-

239 5787 410 5840 versia
442 5783 808 5841 Paschasiana
846 5780 1002 5841 suum
1041 5784 1213 5840 de'ss.
1243 5780 1570 5840 eucharistia
1600 5797 1822 5837 sensum

1841 4547 1890 4606 Ι)

1909 1955 2009 1995 nec
2037 1941 2376 2008 dubitamus,
2410 1945 2540 2013 quin
2593 1945 2666 1999 ita
2715 1946 2818 2012 sit,
2865 1963 2923 2002 re
2967 1963 3092 2003 vera
3126 1960 3208 2005 est
3251 1949 3495 2018 Nicolai,

1910 2031 2106 2088 Scotus
2137 2044 2324 2089 noster
2351 2036 2495 2090 circa
2541 2052 2634 2092 eos
2665 2053 2869 2104 annos,
2900 2055 3036 2109 quos
3087 2041 3351 2107 diximus,
3382 2041 3496 2110 jam

1906 2123 2114 2192 pridem
2146 2123 2539 2180 Parisiensibus
2588 2126 2893 2182 litterarum
2927 2130 3118 2185 studiis
3165 2147 3272 2186 non
3317 2133 3491 2188 solum

1909 2215 2181 2281 interfuit,
2227 2232 2414 2270 verum
2454 2203 2636 2272 etiam
2688 2219 2942 2288 praefuit.
2998 2219 3266 2288 Quamdiu
3315 2235 3495 2279 autem

1907 2315 2095 2375 postea
2117 2321 2182 2362 eo
2204 2308 2411 2363 honore
2432 2324 2497 2362 ac
2521 2308 2638 2364 loco
2660 2310 2943 2376 manserit,
2968 2311 3128 2381 plane
3149 2311 3460 2384 ignoramus
3484 2331 3498 2368 :

1909 2413 2009 2454 nec
2055 2399 2202 2454 ullibi
2243 2400 2538 2469 quidquam
2591 2402 2953 2472 perscriptum
2985 2403 3326 2469 invenimus,
3361 2406 3504 2460 unde

1908 2497 2198 2558 appareat,
2235 2499 2415 2544 utrum
2468 2489 2674 2544 Nicolai
2702 2491 2858 2561 jussu
2908 2493 3135 2546 Romam
3165 2495 3366 2549 missus
3396 2495 3498 2560 sit,

1909 2595 2013 2636 nec
2044 2597 2131 2634 ne.
2167 2581 2652 2639 Staudenmaierus
2679 2584 2755 2654 (p.
2790 2583 3052 2657 166-167)
3080 2601 3204 2640 eum
3235 2603 3341 2642 non
3377 2603 3500 2643 esse

1909 2671 2134 2729 missum
2180 2674 2458 2729 aﬂirmat:
2502 2691 2604 2730 nec
2645 2685 2728 2730 est
2773 2678 2917 2746 quod
2963 2678 3163 2733 nimiae
3205 2679 3378 2748 ipsum
3425 2689 3501 2733 te-

1909 2766 2174 2820 meritatis
2202 2780 2432 2836 arguere
2478 2765 2724 2821 velimus.
2756 2766 2977 2823 Constat
3008 2771 3186 2836 enim,
3214 2785 3377 2840 quam
3408 2785 3498 2824 ca-

1910 2873 2002 2910 rus
2018 2857 2130 2926 regi
2147 2873 2246 2912 suo
2259 2857 2422 2914 fuerit
2436 2860 2686 2931 Erigeua,
2703 2869 2758 2916 et
2780 2862 2921 2917 hunc
2943 2863 3115 2933 ipsum
3137 2878 3316 2934 regem
3335 2865 3498 2920 etiam

1908 2947 2044 3001 alias
2063 2963 2396 3002 summorum
2425 2951 2738 3019 pontificum
2764 2953 3018 3007 mandata
3042 2969 3230 3023 parum
3255 2970 3498 3010 curasse.

1982 3037 2267 3107 Reliquum
2295 3048 2410 3103 est,
2441 3048 2500 3093 ut
2523 3039 2590 3093 de
2616 3042 2954 3111 gravioribus
2981 3044 3306 3112 quibusdam
3333 3059 3498 3114 nego-

1911 3128 2034 3192 tiis,
2065 3143 2206 3198 quae
2248 3137 2530 3198 praeterea
2569 3129 2762 3186 Joanni
2797 3147 2827 3186 a
2871 3133 3066 3189 Carolo
3092 3136 3347 3190 mandata
3378 3151 3502 3191 esse

1911 3221 2254 3289 accrpimus,
2282 3221 2472 3291 paucis
2498 3223 2784 3277 dicendum
2831 3225 2921 3278 sit.
2953 3225 3104 3292 Quae
3139 3227 3356 3297 quidem
3388 3243 3505 3282 om-

1910 3312 2040 3366 nino
2067 3313 2215 3367 fuere
2241 3313 2349 3368 duo
2376 3331 2389 3367 :
2416 3313 2670 3379 alterum,
2697 3325 2758 3370 ut
2781 3315 2946 3371 latine
2976 3319 3227 3374 redderet
3253 3328 3308 3373 et
3333 3319 3504 3375 libros

1909 3404 2115 3472 aliquot
2143 3404 2624 3477 Pseudo-Dionysii
2650 3413 2706 3459 et
2728 3405 2944 3463 Scholia
2976 3409 3192 3465 Maximi
3223 3410 3503 3479 cujusdam

1912 3495 1965 3550 in
1992 3495 2314 3566 Gregorium
2347 3499 2652 3572 theol0gum
2696 3503 2858 3573 (quae
2896 3502 3021 3556 item
3055 3503 3334 3557 subdititia
3381 3517 3503 3558 esse

1913 3590 2268 3660 creduntur),
2298 3590 2563 3658 alterum,
2596 3603 2688 3660 ut,
2716 3603 2835 3648 orta
2863 3610 2959 3664 per
2983 3593 3334 3648 Paschasium
3364 3593 3508 3648 Rad-

1913 3679 2130 3734 bertum
2157 3681 2496 3737 dissensione
2522 3683 2590 3738 de
2632 3682 2691 3738 S.
2730 3683 3068 3738 Eucharistia
3091 3723 3106 3746 ,
3145 3683 3260 3752 ipse
3292 3697 3507 3752 quoque

1911 3770 2202 3825 scribendo
2251 3771 2391 3826 hanc
2439 3788 2553 3826 rem
2602 3772 2899 3842 explicaret
2921 3771 2974 3825 ⁸.
3007 3772 3251 3827 Alterum
3285 3781 3465 3826 autem
3489 3813 3506 3836 ,

1910 3861 2160 3930 proximo
2181 3863 2354 3932 capite
2377 3863 2652 3934 sigillatim
2687 3864 2752 3919 de
2774 3863 3162 3918 controversiis
3191 3862 3506 3932 theologicis

1911 3954 2109 4022 quibus
2138 3955 2367 4024 Erigena
2397 3955 2706 4025 implicatus
2733 3955 2867 4020 fuit,
2895 3955 3132 4020 acturis,
3156 3954 3243 4010 hic
3269 3962 3508 4008 tantum-

1911 4045 2072 4099 modo
2092 4047 2649 4110 commemorandum,
2675 4047 2988 4118 ceteroquin
3032 4045 3350 4100 mittendum
3383 4053 3466 4098 est
3491 4062 3503 4096 :

1913 4137 1978 4191 de
2007 4135 2204 4199 altero,
2241 4151 2379 4204 quae
2413 4137 2595 4191 dicere
2625 4137 2957 4200 habeamus,
3000 4136 3134 4190 haec
3167 4143 3316 4189 sunt.

1981 4226 2255 4282 Ludovico
2282 4226 2378 4282 Pio
2427 4227 2704 4297 complura
2745 4225 3222 4296 Pseudo-Dionysii
3262 4224 3506 4292 Areopa-

1914 4321 2058 4393 gitae
2091 4321 2291 4391 scripta
2323 4321 2464 4376 dono
2502 4320 2724 4374 miserat
2756 4318 2979 4375 Michael
3015 4317 3246 4381 Balbus;
3279 4331 3422 4380 non,
3449 4324 3508 4368 ut

1916 4401 2135 4483 quidam
2166 4413 2368 4482 opinati
2402 4411 2621 4466 fuerunt
2659 4411 2761 4482 (g),
2787 4426 2930 4464 anno
2952 4404 3384 4472 DCCCXXIVW,
3412 4405 3509 4460 sed

1917 4520 2060 4559 anno
2080 4503 2546 4569 DCCCXXVIIM,
2580 4518 2681 4558 nec
2705 4503 2755 4556 in
2785 4502 3012 4556 latinum
3043 4513 3350 4556 sermonem
3373 4511 3504 4552 con-

1917 4613 2072 4652 versa
2091 4638 2104 4662 ,
2134 4596 2274 4666 quod
2299 4596 2424 4650 item
2449 4601 2707 4666 putarunt
2736 4594 2833 4648 viri
2865 4593 3007 4649 docti
3038 4593 3138 4662 (Ιι),
3161 4590 3255 4646 sed
3289 4605 3503 4662 graeca.

1918 4687 2069 4743 Hanc
2099 4688 2357 4757 temporis
2381 4687 2642 4740 rationem
2686 4699 2866 4737 veram
2891 4697 3012 4738 esse
3038 4679 3429 4736 demonstravit
3451 4693 3503 4730 v.

1921 4822 2068 4892 quod
2099 4821 2261 4875 verba
2291 4821 2358 4874 de
2391 4838 2409 4870 ι
2454 4817 2649 4892 Schola
2679 4815 2969 4892 Parisiensi
3001 4815 3224 4892 ejusque
3252 4810 3509 4892 prmfecto

1923 4880 2155 4959 Erigena
2195 4911 2212 4940 ι
2246 4892 2359 4960 ipse
2394 4889 2732 4960 inseruisset.
2779 4885 2978 4960 yerunt
3028 4880 3336 4960 enimvero,
3364 4880 3508 4960 quod

1925 4951 2154 5031 alii:qui
2183 4951 2389 5034 tau-tum
2415 4959 2658 5034 qumdam
2679 4973 2750 5034 rx
2776 4955 2977 5034 Nicolai
3004 4951 3506 5034 epistola‘cscerpta

1925 5021 2236 5094 habebant,
2263 5031 2313 5084 in
2348 5021 2547 5083 his'illa
2579 5030 2742 5082 verba
2774 5042 2877 5078 non
2908 5021 3145 5092 legerent
3165 5063 3180 5085 ,
3207 5021 3388 5094 Ilnlaei
3451 5021 3507 5072 li-

1923 5105 2044 5158 dem
2069 5118 2172 5154 non
2201 5091 2506 5174 expugnat;
2541 5113 2639 5151 nec
2677 5097 2763 5159 id,
2790 5095 2930 5164 quod
2964 5091 3035 5174 illi
3067 5092 3338 5174 quaedam
3366 5091 3508 5157 lege-

1924 5182 2220 5241 rent,quae
2269 5159 2408 5241 apud
2450 5159 2591 5241 hunc
2621 5184 2725 5222 non
2755 5159 2932 5219 erant.
2981 5159 3114 5241 Nam
3161 5171 3212 5241 et
3245 5159 3506 5241 Bulaeus,

1923 5227 1982 5298 ut
2023 5227 2456 5296 Staudenniaier.
2499 5238 2535 5292 Ι.
2571 5239 2608 5292 l.
2658 5248 2803 5292 recte
2840 5243 3043 5297 monet,
3074 5232 3299 5287 forsitan
3335 5227 3510 5284 solum

1923 5321 2178 5381 excerpta
2207 5310 2413 5365 habuit.
3383 5366 3395 5378 ο

2004 5384 2017 5400 I
2056 5382 2070 5400 κ
2108 5381 2174 5400 ιη-
2232 5379 2342 5400 ηεκ.
2398 5380 2472 5400 ιι..
2530 5379 2586 5400 ΑΔ
2624 5378 2670 5400 ι-
2712 5375 2912 5400 D..-_--
2965 5383 2978 5400 ι
3032 5371 3134 5400 11η
3184 5369 3283 5400 me:
3335 5367 3483 5400 Hm»

1930 5367 2188 5507 '(gycr.
2226 5379 2364 5432 Hist.
2394 5380 2492 5434 (iu.
2523 5379 2586 5432 de
2621 5378 2670 5430 la
2705 5375 2935 5441 France,
2965 5371 3074 5460 l.‘V
3097 5387 3154 5457 γρ.
3178 5369 3304 5454 tas,
3334 5367 3508 5421 lliort.

1928 5453 1967 5508 1.
2025 5495 2036 5506 .
2061 5451 2309 5523 ρηάὄηςι
2328 5450 2522 5523 Baron.
2545 5449 2728 5523 animi.
2749 5438 3483 5523 τι([.τξ[ι;-ζ)(λ(](ίξξὶι1)ίυ(ᾔεις.-¹

2001 5508 2081 5592 (hi
2106 5522 2190 5592 cr.
2223 5508 2428 5576 unum.
2466 5521 2646 5592 annui.
2678 5514 2990 5592 uiiqxxw,
3021 5526 3075 5562 n.
3103 5511 3194 5576 59,
3234 5508 3376 5564 um.
3403 5508 3506 5561 tiu.

1926 5595 1990 5648 de
2011 5588 2070 5648 Ἰιὶ
2092 5591 2322 5657 France,
2356 5601 2486 5646 tom.
2522 5588 2584 5654 V,
2617 5605 2670 5660 p.
2697 5589 2798 5642 425
2826 5595 2932 5642 cet.

1927 5711 2184 5777 aperiret,
2200 5709 2422 5762 omnino
2439 5723 2541 5761 non
2557 5715 2759 5763 constat
2800 5701 2937 5777 Quid
2950 5706 3134 5777 noster
3155 5699 3206 5753 in
3232 5697 3322 5753 illo
3333 5702 3508 5777 certav-

1927 5766 2070 5838 niinc
2091 5766 2282 5848 egerit,
2307 5780 2359 5834 in
2387 5772 3022 5843 PrommRicvpcsuitnus.
3045 5770 3311 5828 Asiuaov.
3347 5766 3486 5821 Enn
