  <div class='ocr_page' id='page_1' title='image "/cluster/home/n/w/nwhite01/storage/ocr_20150623/122/hvd.32044015471659/047.png"; bbox 0 0 4056 6276; ppageno 0'>
   <div class='ocr_carea' id='block_1_1' title="bbox 501 288 3766 374">
    <p class='ocr_par' dir='ltr' id='par_1_1' title="bbox 501 288 3766 374">
     <span class='ocr_line' id='line_1_1' title="bbox 501 288 3766 374; baseline 0.006 -19"><span class='ocrx_word' id='word_1_1' title='bbox 501 312 566 374; x_wconf 68' lang='grc' dir='ltr'><strong>ιε)</strong></span> <span class='ocrx_word' id='word_1_2' title='bbox 1623 307 1708 362; x_wconf 87' lang='lat' dir='ltr'><strong>DE</strong></span> <span class='ocrx_word' id='word_1_3' title='bbox 1745 305 1794 362; x_wconf 65' lang='grc' dir='ltr'><strong>ι.</strong></span> <span class='ocrx_word' id='word_1_4' title='bbox 1838 305 2059 364; x_wconf 74' lang='lat' dir='ltr'><strong>scoro</strong></span> <span class='ocrx_word' id='word_1_5' title='bbox 2097 305 2614 366; x_wconf 70' lang='lat' dir='ltr'><strong>COMMENTATIO.</strong></span> <span class='ocrx_word' id='word_1_6' title='bbox 2931 299 2940 310; x_wconf 91' lang='lat'><strong><em>&#39;</em></strong></span> <span class='ocrx_word' id='word_1_7' title='bbox 3697 288 3766 374; x_wconf 65' lang='lat' dir='ltr'><strong>eo</strong></span> 
     </span>
    </p>
   </div>
   <div class='ocr_carea' id='block_1_2' title="bbox 502 411 3768 502">
    <p class='ocr_par' dir='ltr' id='par_1_2' title="bbox 502 411 3768 502">
     <span class='ocr_line' id='line_1_2' title="bbox 502 411 3768 502; baseline 0.003 -27"><span class='ocrx_word' id='word_1_8' title='bbox 502 421 573 475; x_wconf 82' lang='lat' dir='ltr'><strong>et.</strong></span> <span class='ocrx_word' id='word_1_9' title='bbox 609 419 808 490; x_wconf 81' lang='lat' dir='ltr'><strong>Pagitts</strong></span> <span class='ocrx_word' id='word_1_10' title='bbox 843 418 896 475; x_wconf 91' lang='lat' dir='ltr'><strong>in</strong></span> <span class='ocrx_word' id='word_1_11' title='bbox 934 436 952 470; x_wconf 79' lang='grc' dir='ltr'>ι</span> <span class='ocrx_word' id='word_1_12' title='bbox 988 417 1187 476; x_wconf 91' lang='lat' dir='ltr'><strong>Critica</strong></span> <span class='ocrx_word' id='word_1_13' title='bbox 1233 418 1288 474; x_wconf 87' lang='lat' dir='ltr'><strong>in</strong></span> <span class='ocrx_word' id='word_1_14' title='bbox 1333 417 1515 474; x_wconf 87' lang='lat' dir='ltr'><strong>annal.</strong></span> <span class='ocrx_word' id='word_1_15' title='bbox 1566 419 1782 476; x_wconf 89' lang='lat' dir='ltr'><strong>Baronii</strong></span> <span class='ocrx_word' id='word_1_16' title='bbox 1817 439 1834 472; x_wconf 86' lang='grc'><strong>›</strong></span> <span class='ocrx_word' id='word_1_17' title='bbox 1865 420 1941 491; x_wconf 87' lang='lat' dir='ltr'><strong>(a)</strong></span> <span class='ocrx_word' id='word_1_18' title='bbox 1971 438 1984 474; x_wconf 89' lang='lat'><strong>:</strong></span> <span class='ocrx_word' id='word_1_19' title='bbox 2017 421 2083 476; x_wconf 86' lang='lat' dir='ltr'><strong>de</strong></span> <span class='ocrx_word' id='word_1_20' title='bbox 2117 426 2156 483; x_wconf 71' lang='grc' dir='ltr'><strong>Α</strong></span> <span class='ocrx_word' id='word_1_21' title='bbox 2187 423 2640 491; x_wconf 85' lang='lat' dir='ltr'><strong>quemadmodum</strong></span> <span class='ocrx_word' id='word_1_22' title='bbox 2685 425 2861 495; x_wconf 79' lang='lat' dir='ltr'><strong>capite</strong></span> <span class='ocrx_word' id='word_1_23' title='bbox 2893 427 3138 496; x_wconf 82' lang='lat' dir='ltr'><strong>proximo</strong></span> <span class='ocrx_word' id='word_1_24' title='bbox 3173 443 3200 482; x_wconf 90' lang='lat' dir='ltr'><strong>a</strong></span> <span class='ocrx_word' id='word_1_25' title='bbox 3243 411 3398 484; x_wconf 84' lang='lat' dir='ltr'><strong>nobis</strong></span> <span class='ocrx_word' id='word_1_26' title='bbox 3425 439 3508 486; x_wconf 90' lang='lat' dir='ltr'><strong>est</strong></span> <span class='ocrx_word' id='word_1_27' title='bbox 3531 431 3768 502; x_wconf 69' lang='lat' dir='ltr'><strong>eXplica-</strong></span> 
     </span>
    </p>
   </div>
   <div class='ocr_carea' id='block_1_3' title="bbox 506 507 2084 580">
    <p class='ocr_par' dir='ltr' id='par_1_3' title="bbox 506 507 2084 580">
     <span class='ocr_line' id='line_1_3' title="bbox 506 507 2084 580; baseline 0 -16"><span class='ocrx_word' id='word_1_28' title='bbox 506 510 656 565; x_wconf 82' lang='lat' dir='ltr'><strong>libris</strong></span> <span class='ocrx_word' id='word_1_29' title='bbox 684 507 876 580; x_wconf 82' lang='lat' dir='ltr'><strong>graeco</strong></span> <span class='ocrx_word' id='word_1_30' title='bbox 907 523 1158 563; x_wconf 85' lang='lat' dir='ltr'><strong>sermone</strong></span> <span class='ocrx_word' id='word_1_31' title='bbox 1189 508 1405 580; x_wconf 77' lang='lat' dir='ltr'><strong>scriptis</strong></span> <span class='ocrx_word' id='word_1_32' title='bbox 1444 524 1660 563; x_wconf 90' lang='lat' dir='ltr'><strong>omnem</strong></span> <span class='ocrx_word' id='word_1_33' title='bbox 1686 510 1868 563; x_wconf 89' lang='lat' dir='ltr'><strong>animo</strong></span> <span class='ocrx_word' id='word_1_34' title='bbox 1897 518 2084 564; x_wconf 88' lang='lat' dir='ltr'><strong>nostro</strong></span> 
     </span>
    </p>
   </div>
   <div class='ocr_carea' id='block_1_4' title="bbox 505 601 2084 673">
    <p class='ocr_par' dir='ltr' id='par_1_4' title="bbox 505 601 2084 673">
     <span class='ocr_line' id='line_1_4' title="bbox 505 601 2084 673; baseline 0 -16"><span class='ocrx_word' id='word_1_35' title='bbox 505 602 815 671; x_wconf 76' lang='lat' dir='ltr'><strong>scrupulum</strong></span> <span class='ocrx_word' id='word_1_36' title='bbox 843 603 1024 658; x_wconf 91' lang='lat' dir='ltr'><strong>evellit</strong></span> <span class='ocrx_word' id='word_1_37' title='bbox 1048 601 1334 658; x_wconf 87' lang='lat' dir='ltr'><strong>llilduinus</strong></span> <span class='ocrx_word' id='word_1_38' title='bbox 1368 603 1553 666; x_wconf 84' lang='lat' dir='ltr'><strong>abbas,</strong></span> <span class='ocrx_word' id='word_1_39' title='bbox 1595 603 1684 671; x_wconf 87' lang='lat' dir='ltr'><strong>qui</strong></span> <span class='ocrx_word' id='word_1_40' title='bbox 1713 603 1827 673; x_wconf 90' lang='lat' dir='ltr'><strong>ipse</strong></span> <span class='ocrx_word' id='word_1_41' title='bbox 1855 619 1948 659; x_wconf 88' lang='lat' dir='ltr'><strong>eos</strong></span> <span class='ocrx_word' id='word_1_42' title='bbox 1967 619 2084 659; x_wconf 87' lang='lat' dir='ltr'><strong>ser-</strong></span> 
     </span>
    </p>
   </div>
   <div class='ocr_carea' id='block_1_5' title="bbox 512 695 2082 764">
    <p class='ocr_par' dir='ltr' id='par_1_5' title="bbox 512 695 2082 764">
     <span class='ocr_line' id='line_1_5' title="bbox 512 695 2082 764; baseline 0.001 -18"><span class='ocrx_word' id='word_1_43' title='bbox 512 695 716 749; x_wconf 87' lang='lat' dir='ltr'><strong>vandos</strong></span> <span class='ocrx_word' id='word_1_44' title='bbox 774 704 1090 763; x_wconf 87' lang='lat' dir='ltr'><strong>acceperat,</strong></span> <span class='ocrx_word' id='word_1_45' title='bbox 1143 702 1305 763; x_wconf 88' lang='lat' dir='ltr'><strong>atque</strong></span> <span class='ocrx_word' id='word_1_46' title='bbox 1351 696 1422 749; x_wconf 90' lang='lat' dir='ltr'><strong>ita</strong></span> <span class='ocrx_word' id='word_1_47' title='bbox 1474 696 1538 749; x_wconf 88' lang='lat' dir='ltr'><strong>de</strong></span> <span class='ocrx_word' id='word_1_48' title='bbox 1598 695 1662 749; x_wconf 88' lang='lat' dir='ltr'><strong>iis</strong></span> <span class='ocrx_word' id='word_1_49' title='bbox 1713 696 1930 764; x_wconf 87' lang='lat' dir='ltr'><strong>scripsit</strong></span> <span class='ocrx_word' id='word_1_50' title='bbox 1969 696 2082 764; x_wconf 86' lang='lat' dir='ltr'><strong>(b):</strong></span> 
     </span>
    </p>
   </div>
   <div class='ocr_carea' id='block_1_6' title="bbox 515 769 2085 855">
    <p class='ocr_par' dir='ltr' id='par_1_6' title="bbox 515 769 2085 855">
     <span class='ocr_line' id='line_1_6' title="bbox 515 769 2085 855; baseline 0.003 -22"><span class='ocrx_word' id='word_1_51' title='bbox 515 801 532 833; x_wconf 80' lang='grc' dir='ltr'>ι</span> <span class='ocrx_word' id='word_1_52' title='bbox 578 783 935 838; x_wconf 79' lang='lat' dir='ltr'><strong>Authenticos</strong></span> <span class='ocrx_word' id='word_1_53' title='bbox 968 800 1201 855; x_wconf 84' lang='lat' dir='ltr'><strong>namque</strong></span> <span class='ocrx_word' id='word_1_54' title='bbox 1232 784 1450 840; x_wconf 89' lang='lat' dir='ltr'><strong>eosdem</strong></span> <span class='ocrx_word' id='word_1_55' title='bbox 1492 785 1659 839; x_wconf 89' lang='lat' dir='ltr'><strong>libros</strong></span> <span class='ocrx_word' id='word_1_56' title='bbox 1684 800 1874 855; x_wconf 82' lang='lat' dir='ltr'><strong>graeca</strong></span> <span class='ocrx_word' id='word_1_57' title='bbox 1907 769 2085 854; x_wconf 80' lang='lat' dir='ltr'><strong>lingua</strong></span> 
     </span>
    </p>
   </div>
   <div class='ocr_carea' id='block_1_7' title="bbox 507 875 2084 946">
    <p class='ocr_par' dir='ltr' id='par_1_7' title="bbox 507 875 2084 946">
     <span class='ocr_line' id='line_1_7' title="bbox 507 875 2084 946; baseline 0.003 -18"><span class='ocrx_word' id='word_1_58' title='bbox 507 875 844 944; x_wconf 87' lang='lat' dir='ltr'><strong>conscriptos</strong></span> <span class='ocrx_word' id='word_1_59' title='bbox 876 915 889 928; x_wconf 96' lang='lat'><strong>.</strong></span> <span class='ocrx_word' id='word_1_60' title='bbox 920 914 934 928; x_wconf 94' lang='lat'><strong>.</strong></span> <span class='ocrx_word' id='word_1_61' title='bbox 967 915 980 930; x_wconf 92' lang='lat'><strong>.</strong></span> <span class='ocrx_word' id='word_1_62' title='bbox 1015 914 1029 930; x_wconf 94' lang='lat'><strong>.</strong></span> <span class='ocrx_word' id='word_1_63' title='bbox 1061 915 1075 928; x_wconf 91' lang='lat'><strong>.</strong></span> <span class='ocrx_word' id='word_1_64' title='bbox 1108 891 1204 946; x_wconf 91' lang='lat' dir='ltr'><strong>pro</strong></span> <span class='ocrx_word' id='word_1_65' title='bbox 1231 891 1452 932; x_wconf 88' lang='lat' dir='ltr'><strong>munere</strong></span> <span class='ocrx_word' id='word_1_66' title='bbox 1476 879 2015 946; x_wconf 76' lang='lat' dir='ltr'><strong>magnosuscrpimns</strong></span> <span class='ocrx_word' id='word_1_67' title='bbox 2039 899 2084 932; x_wconf 76' lang='grc' dir='ltr'><strong>ι.</strong></span> 
     </span>
    </p>
   </div>
   <div class='ocr_carea' id='block_1_8' title="bbox 581 968 2086 1025">
    <p class='ocr_par' dir='ltr' id='par_1_8' title="bbox 581 968 2086 1025">
     <span class='ocr_line' id='line_1_8' title="bbox 581 968 2086 1025; baseline 0.001 -3"><span class='ocrx_word' id='word_1_68' title='bbox 581 968 862 1023; x_wconf 82' lang='lat' dir='ltr'><strong>Summum</strong></span> <span class='ocrx_word' id='word_1_69' title='bbox 904 969 989 1022; x_wconf 92' lang='lat' dir='ltr'><strong>his</strong></span> <span class='ocrx_word' id='word_1_70' title='bbox 1033 968 1242 1024; x_wconf 75' lang='lat' dir='ltr'><strong>frivolis</strong></span> <span class='ocrx_word' id='word_1_71' title='bbox 1266 979 1392 1024; x_wconf 89' lang='lat' dir='ltr'><strong>tunc</strong></span> <span class='ocrx_word' id='word_1_72' title='bbox 1415 985 1535 1024; x_wconf 84' lang='lat' dir='ltr'><strong>cmn</strong></span> <span class='ocrx_word' id='word_1_73' title='bbox 1563 971 1795 1024; x_wconf 79' lang='lat' dir='ltr'><strong>maxime</strong></span> <span class='ocrx_word' id='word_1_74' title='bbox 1828 971 2086 1025; x_wconf 52' lang='lat' dir='ltr'><strong>hererem</strong></span> 
     </span>
    </p>
   </div>
   <div class='ocr_carea' id='block_1_9' title="bbox 508 1057 2089 1132">
    <p class='ocr_par' dir='ltr' id='par_1_9' title="bbox 508 1057 2089 1132">
     <span class='ocr_line' id='line_1_9' title="bbox 508 1057 2089 1132; baseline 0.003 -20"><span class='ocrx_word' id='word_1_75' title='bbox 508 1059 781 1112; x_wconf 79' lang='lat' dir='ltr'><strong>habebant</strong></span> <span class='ocrx_word' id='word_1_76' title='bbox 810 1058 967 1113; x_wconf 89' lang='lat' dir='ltr'><strong>Galli.</strong></span> <span class='ocrx_word' id='word_1_77' title='bbox 1012 1057 1279 1113; x_wconf 84' lang='lat' dir='ltr'><strong>Putabant</strong></span> <span class='ocrx_word' id='word_1_78' title='bbox 1324 1061 1502 1126; x_wconf 91' lang='lat' dir='ltr'><strong>enim,</strong></span> <span class='ocrx_word' id='word_1_79' title='bbox 1550 1061 1668 1130; x_wconf 85' lang='lat' dir='ltr'><strong>ejus</strong></span> <span class='ocrx_word' id='word_1_80' title='bbox 1701 1061 1935 1132; x_wconf 81' lang='lat' dir='ltr'><strong>Dionysii</strong></span> <span class='ocrx_word' id='word_1_81' title='bbox 1976 1063 2089 1132; x_wconf 88' lang='lat' dir='ltr'><strong>ipsa</strong></span> 
     </span>
    </p>
   </div>
   <div class='ocr_carea' id='block_1_10' title="bbox 509 1149 2088 1222">
    <p class='ocr_par' dir='ltr' id='par_1_10' title="bbox 509 1149 2088 1222">
     <span class='ocr_line' id='line_1_10' title="bbox 509 1149 2088 1222; baseline 0.001 -19"><span class='ocrx_word' id='word_1_82' title='bbox 509 1165 650 1213; x_wconf 88' lang='lat' dir='ltr'><strong>csse,</strong></span> <span class='ocrx_word' id='word_1_83' title='bbox 683 1150 770 1218; x_wconf 90' lang='lat' dir='ltr'><strong>qui</strong></span> <span class='ocrx_word' id='word_1_84' title='bbox 798 1149 1002 1218; x_wconf 88' lang='lat' dir='ltr'><strong>primus</strong></span> <span class='ocrx_word' id='word_1_85' title='bbox 1031 1151 1253 1204; x_wconf 84' lang='lat' dir='ltr'><strong>Athenis</strong></span> <span class='ocrx_word' id='word_1_86' title='bbox 1285 1152 1569 1222; x_wconf 75' lang='lat' dir='ltr'><strong>epiSCOpns</strong></span> <span class='ocrx_word' id='word_1_87' title='bbox 1601 1151 1720 1217; x_wconf 90' lang='lat' dir='ltr'><strong>fuit,</strong></span> <span class='ocrx_word' id='word_1_88' title='bbox 1752 1153 1880 1206; x_wconf 90' lang='lat' dir='ltr'><strong>etin</strong></span> <span class='ocrx_word' id='word_1_89' title='bbox 1918 1152 2088 1206; x_wconf 85' lang='lat' dir='ltr'><strong>Gallia</strong></span> 
     </span>
    </p>
   </div>
   <div class='ocr_carea' id='block_1_11' title="bbox 511 1238 2092 1311">
    <p class='ocr_par' dir='ltr' id='par_1_11' title="bbox 511 1238 2092 1311">
     <span class='ocr_line' id='line_1_11' title="bbox 511 1238 2092 1311; baseline 0.001 -17"><span class='ocrx_word' id='word_1_90' title='bbox 511 1239 745 1294; x_wconf 85' lang='lat' dir='ltr'><strong>divinam</strong></span> <span class='ocrx_word' id='word_1_91' title='bbox 792 1240 914 1294; x_wconf 87' lang='lat' dir='ltr'><strong>Jesu</strong></span> <span class='ocrx_word' id='word_1_92' title='bbox 945 1238 1144 1294; x_wconf 87' lang='lat' dir='ltr'><strong>Christi</strong></span> <span class='ocrx_word' id='word_1_93' title='bbox 1174 1241 1473 1295; x_wconf 81' lang='lat' dir='ltr'><strong>doctrinam</strong></span> <span class='ocrx_word' id='word_1_94' title='bbox 1503 1242 1807 1311; x_wconf 79' lang='lat' dir='ltr'><strong>divulgasse</strong></span> <span class='ocrx_word' id='word_1_95' title='bbox 1835 1242 2092 1297; x_wconf 86' lang='lat' dir='ltr'><strong>credeba-</strong></span> 
     </span>
    </p>
   </div>
   <div class='ocr_carea' id='block_1_12' title="bbox 516 1331 2088 1404">
    <p class='ocr_par' dir='ltr' id='par_1_12' title="bbox 516 1331 2088 1404">
     <span class='ocr_line' id='line_1_12' title="bbox 516 1331 2088 1404; baseline 0.001 -19"><span class='ocrx_word' id='word_1_96' title='bbox 516 1342 604 1386; x_wconf 91' lang='lat' dir='ltr'><strong>tur</strong></span> <span class='ocrx_word' id='word_1_97' title='bbox 631 1331 721 1403; x_wconf 90' lang='lat' dir='ltr'><strong>(c).</strong></span> <span class='ocrx_word' id='word_1_98' title='bbox 746 1332 1048 1388; x_wconf 89' lang='lat' dir='ltr'><strong>Ludovicus</strong></span> <span class='ocrx_word' id='word_1_99' title='bbox 1074 1333 1256 1404; x_wconf 82' lang='lat' dir='ltr'><strong>igitur,</strong></span> <span class='ocrx_word' id='word_1_100' title='bbox 1284 1334 1498 1402; x_wconf 83' lang='lat' dir='ltr'><strong>quando</strong></span> <span class='ocrx_word' id='word_1_101' title='bbox 1524 1350 1620 1403; x_wconf 90' lang='lat' dir='ltr'><strong>per</strong></span> <span class='ocrx_word' id='word_1_102' title='bbox 1651 1343 1816 1388; x_wconf 90' lang='lat' dir='ltr'><strong>totam</strong></span> <span class='ocrx_word' id='word_1_103' title='bbox 1842 1334 2088 1399; x_wconf 89' lang='lat' dir='ltr'><strong>Galliam,</strong></span> 
     </span>
    </p>
   </div>
   <div class='ocr_carea' id='block_1_13' title="bbox 512 1423 2092 1495">
    <p class='ocr_par' dir='ltr' id='par_1_13' title="bbox 512 1423 2092 1495">
     <span class='ocr_line' id='line_1_13' title="bbox 512 1423 2092 1495; baseline 0.002 -21"><span class='ocrx_word' id='word_1_104' title='bbox 512 1423 600 1490; x_wconf 89' lang='lat' dir='ltr'><strong>qui</strong></span> <span class='ocrx_word' id='word_1_105' title='bbox 631 1439 734 1477; x_wconf 91' lang='lat' dir='ltr'><strong>non</strong></span> <span class='ocrx_word' id='word_1_106' title='bbox 765 1424 1018 1477; x_wconf 81' lang='lat' dir='ltr'><strong>mediocri</strong></span> <span class='ocrx_word' id='word_1_107' title='bbox 1039 1464 1052 1486; x_wconf 94' lang='lat'><strong>,</strong></span> <span class='ocrx_word' id='word_1_108' title='bbox 1084 1424 1176 1477; x_wconf 92' lang='lat' dir='ltr'><strong>sed</strong></span> <span class='ocrx_word' id='word_1_109' title='bbox 1204 1423 1380 1492; x_wconf 89' lang='lat' dir='ltr'><strong>aliqua</strong></span> <span class='ocrx_word' id='word_1_110' title='bbox 1412 1440 1638 1494; x_wconf 85' lang='lat' dir='ltr'><strong>graecae</strong></span> <span class='ocrx_word' id='word_1_111' title='bbox 1669 1424 1883 1495; x_wconf 83' lang='lat' dir='ltr'><strong>linguae</strong></span> <span class='ocrx_word' id='word_1_112' title='bbox 1910 1427 2092 1479; x_wconf 79' lang='lat' dir='ltr'><strong>scien-</strong></span> 
     </span>
    </p>
   </div>
   <div class='ocr_carea' id='block_1_14' title="bbox 513 1511 2092 1584">
    <p class='ocr_par' dir='ltr' id='par_1_14' title="bbox 513 1511 2092 1584">
     <span class='ocr_line' id='line_1_14' title="bbox 513 1511 2092 1584; baseline 0.003 -20"><span class='ocrx_word' id='word_1_113' title='bbox 513 1513 587 1565; x_wconf 89' lang='lat' dir='ltr'><strong>tia</strong></span> <span class='ocrx_word' id='word_1_114' title='bbox 620 1511 856 1567; x_wconf 83' lang='lat' dir='ltr'><strong>imbutus</strong></span> <span class='ocrx_word' id='word_1_115' title='bbox 902 1521 1077 1578; x_wconf 89' lang='lat' dir='ltr'><strong>esset,</strong></span> <span class='ocrx_word' id='word_1_116' title='bbox 1117 1513 1203 1566; x_wconf 83' lang='lat' dir='ltr'><strong>vix</strong></span> <span class='ocrx_word' id='word_1_117' title='bbox 1255 1515 1650 1584; x_wconf 89' lang='lat' dir='ltr'><strong>reperiebatur,</strong></span> <span class='ocrx_word' id='word_1_118' title='bbox 1676 1516 1857 1568; x_wconf 85' lang='lat' dir='ltr'><strong>statim</strong></span> <span class='ocrx_word' id='word_1_119' title='bbox 1903 1515 2092 1570; x_wconf 87' lang='lat' dir='ltr'><strong>horum</strong></span> 
     </span>
    </p>
   </div>
   <div class='ocr_carea' id='block_1_15' title="bbox 429 1595 2098 1680">
    <p class='ocr_par' dir='ltr' id='par_1_15' title="bbox 429 1595 2098 1680">
     <span class='ocr_line' id='line_1_15' title="bbox 429 1595 2098 1680; baseline 0.004 -21"><span class='ocrx_word' id='word_1_120' title='bbox 429 1595 438 1602; x_wconf 61' lang='grc'><em>’</em></span> <span class='ocrx_word' id='word_1_121' title='bbox 511 1606 771 1661; x_wconf 91' lang='lat' dir='ltr'><strong>librorum</strong></span> <span class='ocrx_word' id='word_1_122' title='bbox 799 1609 951 1678; x_wconf 89' lang='lat' dir='ltr'><strong>quasi</strong></span> <span class='ocrx_word' id='word_1_123' title='bbox 985 1610 1286 1664; x_wconf 76' lang='lat' dir='ltr'><strong>versionem</strong></span> <span class='ocrx_word' id='word_1_124' title='bbox 1312 1609 1582 1680; x_wconf 88' lang='lat' dir='ltr'><strong>quandam</strong></span> <span class='ocrx_word' id='word_1_125' title='bbox 1615 1610 1911 1665; x_wconf 86' lang='lat' dir='ltr'><strong>instituisse</strong></span> <span class='ocrx_word' id='word_1_126' title='bbox 1951 1612 2098 1665; x_wconf 81' lang='lat' dir='ltr'><strong>vide-</strong></span> 
     </span>
    </p>
   </div>
   <div class='ocr_carea' id='block_1_16' title="bbox 517 1699 2100 1772">
    <p class='ocr_par' dir='ltr' id='par_1_16' title="bbox 517 1699 2100 1772">
     <span class='ocr_line' id='line_1_16' title="bbox 517 1699 2100 1772; baseline 0.004 -22"><span class='ocrx_word' id='word_1_127' title='bbox 517 1706 620 1759; x_wconf 88' lang='lat' dir='ltr'><strong>tur,</strong></span> <span class='ocrx_word' id='word_1_128' title='bbox 654 1699 809 1768; x_wconf 87' lang='lat' dir='ltr'><strong>idque</strong></span> <span class='ocrx_word' id='word_1_129' title='bbox 831 1714 926 1768; x_wconf 90' lang='lat' dir='ltr'><strong>per</strong></span> <span class='ocrx_word' id='word_1_130' title='bbox 951 1699 1255 1754; x_wconf 88' lang='lat' dir='ltr'><strong>Ililduinum</strong></span> <span class='ocrx_word' id='word_1_131' title='bbox 1277 1741 1291 1766; x_wconf 93' lang='lat'><strong>,</strong></span> <span class='ocrx_word' id='word_1_132' title='bbox 1321 1701 1372 1754; x_wconf 92' lang='lat' dir='ltr'><strong>in</strong></span> <span class='ocrx_word' id='word_1_133' title='bbox 1417 1702 1743 1757; x_wconf 86' lang='lat' dir='ltr'><strong>monasterio</strong></span> <span class='ocrx_word' id='word_1_134' title='bbox 1774 1700 1831 1756; x_wconf 89' lang='lat' dir='ltr'><strong>S.</strong></span> <span class='ocrx_word' id='word_1_135' title='bbox 1855 1702 2100 1772; x_wconf 82' lang='lat' dir='ltr'><strong>Dionysii</strong></span> 
     </span>
    </p>
   </div>
   <div class='ocr_carea' id='block_1_17' title="bbox 2187 515 3769 588">
    <p class='ocr_par' dir='ltr' id='par_1_17' title="bbox 2187 515 3769 588">
     <span class='ocr_line' id='line_1_17' title="bbox 2187 515 3769 588; baseline 0.008 -23"><span class='ocrx_word' id='word_1_136' title='bbox 2187 520 2298 566; x_wconf 91' lang='lat' dir='ltr'><strong>tum</strong></span> <span class='ocrx_word' id='word_1_137' title='bbox 2320 551 2334 576; x_wconf 94' lang='lat'><strong>,</strong></span> <span class='ocrx_word' id='word_1_138' title='bbox 2366 521 2533 567; x_wconf 90' lang='lat' dir='ltr'><strong>totum</strong></span> <span class='ocrx_word' id='word_1_139' title='bbox 2573 529 2632 567; x_wconf 86' lang='lat' dir='ltr'><strong>se</strong></span> <span class='ocrx_word' id='word_1_140' title='bbox 2659 515 2725 570; x_wconf 87' lang='lat' dir='ltr'><strong>iis</strong></span> <span class='ocrx_word' id='word_1_141' title='bbox 2751 516 2902 571; x_wconf 89' lang='lat' dir='ltr'><strong>daret</strong></span> <span class='ocrx_word' id='word_1_142' title='bbox 2929 557 2942 582; x_wconf 90' lang='lat'><strong>,</strong></span> <span class='ocrx_word' id='word_1_143' title='bbox 2975 525 3252 588; x_wconf 85' lang='lat' dir='ltr'><strong>totamque</strong></span> <span class='ocrx_word' id='word_1_144' title='bbox 3279 535 3346 574; x_wconf 85' lang='lat' dir='ltr'><strong>ex</strong></span> <span class='ocrx_word' id='word_1_145' title='bbox 3376 535 3564 576; x_wconf 88' lang='lat' dir='ltr'><strong>eorum</strong></span> <span class='ocrx_word' id='word_1_146' title='bbox 3598 523 3769 577; x_wconf 89' lang='lat' dir='ltr'><strong>sacris</strong></span> 
     </span>
    </p>
   </div>
   <div class='ocr_carea' id='block_1_18' title="bbox 2184 606 3198 677">
    <p class='ocr_par' dir='ltr' id='par_1_18' title="bbox 2184 606 3198 677">
     <span class='ocr_line' id='line_1_18' title="bbox 2184 606 3198 677; baseline 0.002 -18"><span class='ocrx_word' id='word_1_147' title='bbox 2184 606 2575 676; x_wconf 86' lang='lat' dir='ltr'><strong>philosophiam</strong></span> <span class='ocrx_word' id='word_1_148' title='bbox 2598 606 2700 660; x_wconf 90' lang='lat' dir='ltr'><strong>sibi</strong></span> <span class='ocrx_word' id='word_1_149' title='bbox 2732 623 2888 661; x_wconf 89' lang='lat' dir='ltr'><strong>suum</strong></span> <span class='ocrx_word' id='word_1_150' title='bbox 2915 617 3198 677; x_wconf 84' lang='lat' dir='ltr'><strong>repeteret.</strong></span> 
     </span>
    </p>
   </div>
   <div class='ocr_carea' id='block_1_19' title="bbox 2259 698 3771 770">
    <p class='ocr_par' dir='ltr' id='par_1_19' title="bbox 2259 698 3771 770">
     <span class='ocr_line' id='line_1_19' title="bbox 2259 698 3771 770; baseline 0.002 -20"><span class='ocrx_word' id='word_1_151' title='bbox 2259 698 2333 750; x_wconf 90' lang='lat' dir='ltr'><strong>De</strong></span> <span class='ocrx_word' id='word_1_152' title='bbox 2355 704 2597 766; x_wconf 88' lang='lat' dir='ltr'><strong>tempore</strong></span> <span class='ocrx_word' id='word_1_153' title='bbox 2616 737 2630 761; x_wconf 96' lang='lat'><strong>,</strong></span> <span class='ocrx_word' id='word_1_154' title='bbox 2657 711 2765 766; x_wconf 90' lang='lat' dir='ltr'><strong>quo</strong></span> <span class='ocrx_word' id='word_1_155' title='bbox 2792 698 2875 751; x_wconf 87' lang='lat' dir='ltr'><strong>his</strong></span> <span class='ocrx_word' id='word_1_156' title='bbox 2901 699 3132 768; x_wconf 84' lang='lat' dir='ltr'><strong>negotiis</strong></span> <span class='ocrx_word' id='word_1_157' title='bbox 3158 708 3452 770; x_wconf 89' lang='lat' dir='ltr'><strong>occupatus</strong></span> <span class='ocrx_word' id='word_1_158' title='bbox 3478 699 3606 766; x_wconf 81' lang='lat' dir='ltr'><strong>fuit,</strong></span> <span class='ocrx_word' id='word_1_159' title='bbox 3636 700 3771 756; x_wconf 83' lang='lat' dir='ltr'><strong>nihil</strong></span> 
     </span>
    </p>
   </div>
   <div class='ocr_carea' id='block_1_20' title="bbox 2186 785 3771 856">
    <p class='ocr_par' dir='ltr' id='par_1_20' title="bbox 2186 785 3771 856">
     <span class='ocr_line' id='line_1_20' title="bbox 2186 785 3771 856; baseline 0.003 -18"><span class='ocrx_word' id='word_1_160' title='bbox 2186 785 2344 856; x_wconf 82' lang='lat' dir='ltr'><strong>plane</strong></span> <span class='ocrx_word' id='word_1_161' title='bbox 2370 787 2509 854; x_wconf 90' lang='lat' dir='ltr'><strong>apud</strong></span> <span class='ocrx_word' id='word_1_162' title='bbox 2536 796 2789 841; x_wconf 85' lang='lat' dir='ltr'><strong>auctores</strong></span> <span class='ocrx_word' id='word_1_163' title='bbox 2813 787 3061 840; x_wconf 88' lang='lat' dir='ltr'><strong>habetur.</strong></span> <span class='ocrx_word' id='word_1_164' title='bbox 3098 787 3380 842; x_wconf 77' lang='lat' dir='ltr'><strong>Credimus</strong></span> <span class='ocrx_word' id='word_1_165' title='bbox 3409 798 3588 843; x_wconf 90' lang='lat' dir='ltr'><strong>autem</strong></span> <span class='ocrx_word' id='word_1_166' title='bbox 3615 831 3630 854; x_wconf 95' lang='lat'><strong>,</strong></span> <span class='ocrx_word' id='word_1_167' title='bbox 3664 805 3771 842; x_wconf 92' lang='lat' dir='ltr'><strong>non</strong></span> 
     </span>
    </p>
   </div>
   <div class='ocr_carea' id='block_1_21' title="bbox 2190 875 3772 946">
    <p class='ocr_par' dir='ltr' id='par_1_21' title="bbox 2190 875 3772 946">
     <span class='ocr_line' id='line_1_21' title="bbox 2190 875 3772 946; baseline 0.001 -18"><span class='ocrx_word' id='word_1_168' title='bbox 2190 875 2356 929; x_wconf 90' lang='lat' dir='ltr'><strong>multo</strong></span> <span class='ocrx_word' id='word_1_169' title='bbox 2387 885 2508 945; x_wconf 92' lang='lat' dir='ltr'><strong>post</strong></span> <span class='ocrx_word' id='word_1_170' title='bbox 2533 877 2650 946; x_wconf 82' lang='lat' dir='ltr'><strong>ejus</strong></span> <span class='ocrx_word' id='word_1_171' title='bbox 2672 877 2724 929; x_wconf 91' lang='lat' dir='ltr'><strong>in</strong></span> <span class='ocrx_word' id='word_1_172' title='bbox 2748 875 2978 930; x_wconf 86' lang='lat' dir='ltr'><strong>Galliam</strong></span> <span class='ocrx_word' id='word_1_173' title='bbox 3008 877 3315 940; x_wconf 75' lang='lat' dir='ltr'><strong>adventura,</strong></span> <span class='ocrx_word' id='word_1_174' title='bbox 3339 879 3502 931; x_wconf 85' lang='lat' dir='ltr'><strong>etiam</strong></span> <span class='ocrx_word' id='word_1_175' title='bbox 3531 887 3655 932; x_wconf 88' lang='lat' dir='ltr'><strong>ante</strong></span> <span class='ocrx_word' id='word_1_176' title='bbox 3678 893 3772 930; x_wconf 82' lang='lat' dir='ltr'><strong>an-</strong></span> 
     </span>
    </p>
   </div>
   <div class='ocr_carea' id='block_1_22' title="bbox 2191 969 3776 1029">
    <p class='ocr_par' dir='ltr' id='par_1_22' title="bbox 2191 969 3776 1029">
     <span class='ocr_line' id='line_1_22' title="bbox 2191 969 3776 1029; baseline 0.003 -4"><span class='ocrx_word' id='word_1_177' title='bbox 2191 988 2316 1025; x_wconf 91' lang='lat' dir='ltr'><strong>num</strong></span> <span class='ocrx_word' id='word_1_178' title='bbox 2353 969 2566 1026; x_wconf 83' lang='lat' dir='ltr'><strong>DCCCL</strong></span> <span class='ocrx_word' id='word_1_179' title='bbox 2608 972 2745 1026; x_wconf 88' lang='lat' dir='ltr'><strong>hanc</strong></span> <span class='ocrx_word' id='word_1_180' title='bbox 2800 986 2912 1026; x_wconf 88' lang='lat' dir='ltr'><strong>rem</strong></span> <span class='ocrx_word' id='word_1_181' title='bbox 2941 989 3039 1026; x_wconf 88' lang='lat' dir='ltr'><strong>usu</strong></span> <span class='ocrx_word' id='word_1_182' title='bbox 3081 973 3312 1028; x_wconf 78' lang='lat' dir='ltr'><strong>venisse.</strong></span> <span class='ocrx_word' id='word_1_183' title='bbox 3340 972 3500 1029; x_wconf 91' lang='lat' dir='ltr'><strong>Certe</strong></span> <span class='ocrx_word' id='word_1_184' title='bbox 3549 975 3601 1028; x_wconf 93' lang='lat' dir='ltr'><strong>in</strong></span> <span class='ocrx_word' id='word_1_185' title='bbox 3636 973 3776 1028; x_wconf 90' lang='lat' dir='ltr'><strong>libro</strong></span> 
     </span>
    </p>
   </div>
   <div class='ocr_carea' id='block_1_23' title="bbox 2191 1063 3777 1133">
    <p class='ocr_par' dir='ltr' id='par_1_23' title="bbox 2191 1063 3777 1133">
     <span class='ocr_line' id='line_1_23' title="bbox 2191 1063 3777 1133; baseline -0.001 -15"><span class='ocrx_word' id='word_1_186' title='bbox 2191 1077 2290 1119; x_wconf 90' lang='lat' dir='ltr'><strong>suo</strong></span> <span class='ocrx_word' id='word_1_187' title='bbox 2305 1063 2372 1117; x_wconf 90' lang='lat' dir='ltr'><strong>de</strong></span> <span class='ocrx_word' id='word_1_188' title='bbox 2391 1063 2898 1131; x_wconf 89' lang='lat' dir='ltr'><strong>praedestinatione,</strong></span> <span class='ocrx_word' id='word_1_189' title='bbox 2914 1077 3072 1133; x_wconf 87' lang='lat' dir='ltr'><strong>quem</strong></span> <span class='ocrx_word' id='word_1_190' title='bbox 3091 1065 3308 1119; x_wconf 89' lang='lat' dir='ltr'><strong>circiter</strong></span> <span class='ocrx_word' id='word_1_191' title='bbox 3330 1080 3530 1119; x_wconf 89' lang='lat' dir='ltr'><strong>annum</strong></span> <span class='ocrx_word' id='word_1_192' title='bbox 3562 1063 3777 1120; x_wconf 71' lang='lat' dir='ltr'><strong>DCCCI.</strong></span> 
     </span>
    </p>
   </div>
   <div class='ocr_carea' id='block_1_24' title="bbox 2193 1153 3777 1226">
    <p class='ocr_par' dir='ltr' id='par_1_24' title="bbox 2193 1153 3777 1226">
     <span class='ocr_line' id='line_1_24' title="bbox 2193 1153 3777 1226; baseline 0 -18"><span class='ocrx_word' id='word_1_193' title='bbox 2193 1153 2542 1222; x_wconf 87' lang='lat' dir='ltr'><strong>conscripsit,</strong></span> <span class='ocrx_word' id='word_1_194' title='bbox 2570 1153 2683 1223; x_wconf 89' lang='lat' dir='ltr'><strong>jam</strong></span> <span class='ocrx_word' id='word_1_195' title='bbox 2713 1154 2882 1208; x_wconf 90' lang='lat' dir='ltr'><strong>multo</strong></span> <span class='ocrx_word' id='word_1_196' title='bbox 2921 1155 3073 1223; x_wconf 89' lang='lat' dir='ltr'><strong>plura</strong></span> <span class='ocrx_word' id='word_1_197' title='bbox 3108 1156 3372 1226; x_wconf 82' lang='lat' dir='ltr'><strong>longeque</strong></span> <span class='ocrx_word' id='word_1_198' title='bbox 3411 1156 3514 1210; x_wconf 89' lang='lat' dir='ltr'><strong>alia</strong></span> <span class='ocrx_word' id='word_1_199' title='bbox 3549 1155 3613 1224; x_wconf 82' lang='grc' dir='ltr'><strong>(ἰ)</strong></span> <span class='ocrx_word' id='word_1_200' title='bbox 3645 1170 3777 1225; x_wconf 88' lang='lat' dir='ltr'><strong>pro-</strong></span> 
     </span>
    </p>
   </div>
   <div class='ocr_carea' id='block_1_25' title="bbox 2195 1243 3781 1316">
    <p class='ocr_par' dir='ltr' id='par_1_25' title="bbox 2195 1243 3781 1316">
     <span class='ocr_line' id='line_1_25' title="bbox 2195 1243 3781 1316; baseline -0.001 -18"><span class='ocrx_word' id='word_1_201' title='bbox 2195 1243 2536 1311; x_wconf 71' lang='lat' dir='ltr'><strong>tuli&#39;t,.quam</strong></span> <span class='ocrx_word' id='word_1_202' title='bbox 2567 1257 2706 1312; x_wconf 90' lang='lat' dir='ltr'><strong>quae</strong></span> <span class='ocrx_word' id='word_1_203' title='bbox 2749 1259 2777 1298; x_wconf 91' lang='lat' dir='ltr'><strong>a</strong></span> <span class='ocrx_word' id='word_1_204' title='bbox 2833 1244 2964 1299; x_wconf 89' lang='lat' dir='ltr'><strong>solis</strong></span> <span class='ocrx_word' id='word_1_205' title='bbox 3011 1245 3264 1300; x_wconf 83' lang='lat' dir='ltr'><strong>Hibernis</strong></span> <span class='ocrx_word' id='word_1_206' title='bbox 3307 1245 3640 1316; x_wconf 85' lang='lat' dir='ltr'><strong>philosophis</strong></span> <span class='ocrx_word' id='word_1_207' title='bbox 3683 1252 3781 1298; x_wconf 88' lang='lat' dir='ltr'><strong>aut</strong></span> 
     </span>
    </p>
   </div>
   <div class='ocr_carea' id='block_1_26' title="bbox 2197 1335 3782 1407">
    <p class='ocr_par' dir='ltr' id='par_1_26' title="bbox 2197 1335 3782 1407">
     <span class='ocr_line' id='line_1_26' title="bbox 2197 1335 3782 1407; baseline 0.001 -17"><span class='ocrx_word' id='word_1_208' title='bbox 2197 1335 2456 1407; x_wconf 81' lang='lat' dir='ltr'><strong>theologis</strong></span> <span class='ocrx_word' id='word_1_209' title='bbox 2477 1351 2601 1391; x_wconf 91' lang='lat' dir='ltr'><strong>eum</strong></span> <span class='ocrx_word' id='word_1_210' title='bbox 2648 1337 2904 1392; x_wconf 85' lang='lat' dir='ltr'><strong>didicisse</strong></span> <span class='ocrx_word' id='word_1_211' title='bbox 2941 1339 3148 1392; x_wconf 88' lang='lat' dir='ltr'><strong>credas.</strong></span> <span class='ocrx_word' id='word_1_212' title='bbox 3194 1337 3311 1393; x_wconf 87' lang='lat' dir='ltr'><strong>Huc</strong></span> <span class='ocrx_word' id='word_1_213' title='bbox 3356 1339 3584 1400; x_wconf 85' lang='lat' dir='ltr'><strong>accedit,</strong></span> <span class='ocrx_word' id='word_1_214' title='bbox 3635 1338 3782 1407; x_wconf 83' lang='lat' dir='ltr'><strong>quod</strong></span> 
     </span>
    </p>
   </div>
   <div class='ocr_carea' id='block_1_27' title="bbox 2195 1427 3786 1500">
    <p class='ocr_par' dir='ltr' id='par_1_27' title="bbox 2195 1427 3786 1500">
     <span class='ocr_line' id='line_1_27' title="bbox 2195 1427 3786 1500; baseline -0.001 -18"><span class='ocrx_word' id='word_1_215' title='bbox 2195 1427 2444 1482; x_wconf 87' lang='lat' dir='ltr'><strong>Carolum</strong></span> <span class='ocrx_word' id='word_1_216' title='bbox 2467 1469 2480 1491; x_wconf 98' lang='lat'><strong>,</strong></span> <span class='ocrx_word' id='word_1_217' title='bbox 2519 1429 2702 1497; x_wconf 89' lang='lat' dir='ltr'><strong>procul</strong></span> <span class='ocrx_word' id='word_1_218' title='bbox 2737 1429 2899 1483; x_wconf 91' lang='lat' dir='ltr'><strong>dubio</strong></span> <span class='ocrx_word' id='word_1_219' title='bbox 2934 1429 3312 1500; x_wconf 79' lang='lat' dir='ltr'><strong>Areopagitam</strong></span> <span class='ocrx_word' id='word_1_220' title='bbox 3357 1429 3538 1500; x_wconf 82' lang='lat' dir='ltr'><strong>legere</strong></span> <span class='ocrx_word' id='word_1_221' title='bbox 3567 1444 3786 1484; x_wconf 82' lang='lat' dir='ltr'><strong>summe</strong></span> 
     </span>
    </p>
   </div>
   <div class='ocr_carea' id='block_1_28' title="bbox 2196 1519 3781 1591">
    <p class='ocr_par' dir='ltr' id='par_1_28' title="bbox 2196 1519 3781 1591">
     <span class='ocr_line' id='line_1_28' title="bbox 2196 1519 3781 1591; baseline -0.001 -16"><span class='ocrx_word' id='word_1_222' title='bbox 2196 1521 2522 1590; x_wconf 89' lang='lat' dir='ltr'><strong>cupientem,</strong></span> <span class='ocrx_word' id='word_1_223' title='bbox 2549 1535 2713 1590; x_wconf 89' lang='lat' dir='ltr'><strong>quum</strong></span> <span class='ocrx_word' id='word_1_224' title='bbox 2748 1519 3030 1590; x_wconf 80' lang='lat' dir='ltr'><strong>Erigenam</strong></span> <span class='ocrx_word' id='word_1_225' title='bbox 3056 1523 3288 1590; x_wconf 88' lang='lat' dir='ltr'><strong>hospitio</strong></span> <span class='ocrx_word' id='word_1_226' title='bbox 3316 1522 3640 1591; x_wconf 75' lang='lat' dir='ltr'><strong>excepisset,</strong></span> <span class='ocrx_word' id='word_1_227' title='bbox 3673 1537 3781 1575; x_wconf 91' lang='lat' dir='ltr'><strong>non</strong></span> 
     </span>
    </p>
   </div>
   <div class='ocr_carea' id='block_1_29' title="bbox 2197 1611 3788 1682">
    <p class='ocr_par' dir='ltr' id='par_1_29' title="bbox 2197 1611 3788 1682">
     <span class='ocr_line' id='line_1_29' title="bbox 2197 1611 3788 1682; baseline -0.001 -17"><span class='ocrx_word' id='word_1_228' title='bbox 2197 1612 2286 1666; x_wconf 89' lang='lat' dir='ltr'><strong>diu</strong></span> <span class='ocrx_word' id='word_1_229' title='bbox 2307 1612 2487 1682; x_wconf 86' lang='lat' dir='ltr'><strong>graeci</strong></span> <span class='ocrx_word' id='word_1_230' title='bbox 2518 1611 2599 1666; x_wconf 88' lang='lat' dir='ltr'><strong>sui</strong></span> <span class='ocrx_word' id='word_1_231' title='bbox 2628 1612 2832 1666; x_wconf 90' lang='lat' dir='ltr'><strong>codicis</strong></span> <span class='ocrx_word' id='word_1_232' title='bbox 2857 1611 3080 1666; x_wconf 81' lang='lat' dir='ltr'><strong>oblitum</strong></span> <span class='ocrx_word' id='word_1_233' title='bbox 3125 1611 3293 1667; x_wconf 86' lang='lat' dir='ltr'><strong>fuisse</strong></span> <span class='ocrx_word' id='word_1_234' title='bbox 3321 1622 3592 1682; x_wconf 88' lang='lat' dir='ltr'><strong>putamus.</strong></span> <span class='ocrx_word' id='word_1_235' title='bbox 3624 1611 3788 1665; x_wconf 87' lang='lat' dir='ltr'><strong>Deni-</strong></span> 
     </span>
    </p>
   </div>
   <div class='ocr_carea' id='block_1_30' title="bbox 2199 1700 3782 1771">
    <p class='ocr_par' dir='ltr' id='par_1_30' title="bbox 2199 1700 3782 1771">
     <span class='ocr_line' id='line_1_30' title="bbox 2199 1700 3782 1771; baseline -0.001 -17"><span class='ocrx_word' id='word_1_236' title='bbox 2199 1717 2304 1771; x_wconf 85' lang='lat' dir='ltr'><strong>que</strong></span> <span class='ocrx_word' id='word_1_237' title='bbox 2342 1716 2640 1770; x_wconf 88' lang='lat' dir='ltr'><strong>nusquam,</strong></span> <span class='ocrx_word' id='word_1_238' title='bbox 2669 1709 2931 1770; x_wconf 89' lang='lat' dir='ltr'><strong>quantum</strong></span> <span class='ocrx_word' id='word_1_239' title='bbox 2961 1702 3193 1766; x_wconf 88' lang='lat' dir='ltr'><strong>scimus,</strong></span> <span class='ocrx_word' id='word_1_240' title='bbox 3223 1702 3324 1755; x_wconf 90' lang='lat' dir='ltr'><strong>nisi</strong></span> <span class='ocrx_word' id='word_1_241' title='bbox 3359 1703 3410 1755; x_wconf 92' lang='lat' dir='ltr'><strong>in</strong></span> <span class='ocrx_word' id='word_1_242' title='bbox 3441 1701 3665 1770; x_wconf 87' lang='lat' dir='ltr'><strong>cpistola</strong></span> <span class='ocrx_word' id='word_1_243' title='bbox 3693 1700 3782 1754; x_wconf 85' lang='lat' dir='ltr'><strong>illa</strong></span> 
     </span>
    </p>
   </div>
   <div class='ocr_carea' id='block_1_31' title="bbox 516 1771 3782 1868">
    <p class='ocr_par' dir='ltr' id='par_1_31' title="bbox 516 1771 3782 1868">
     <span class='ocr_line' id='line_1_31' title="bbox 516 1771 3782 1868; baseline 0.002 -28"><span class='ocrx_word' id='word_1_244' title='bbox 516 1787 804 1852; x_wconf 91' lang='lat' dir='ltr'><strong>abbatem,</strong></span> <span class='ocrx_word' id='word_1_245' title='bbox 841 1805 964 1843; x_wconf 82' lang='lat' dir='ltr'><strong>cum</strong></span> <span class='ocrx_word' id='word_1_246' title='bbox 1016 1789 1222 1858; x_wconf 89' lang='lat' dir='ltr'><strong>ipsum,</strong></span> <span class='ocrx_word' id='word_1_247' title='bbox 1254 1791 1342 1846; x_wconf 89' lang='lat' dir='ltr'><strong>cui</strong></span> <span class='ocrx_word' id='word_1_248' title='bbox 1385 1791 1503 1846; x_wconf 88' lang='lat' dir='ltr'><strong>illos</strong></span> <span class='ocrx_word' id='word_1_249' title='bbox 1531 1794 1824 1848; x_wconf 86' lang='lat' dir='ltr'><strong>servandos</strong></span> <span class='ocrx_word' id='word_1_250' title='bbox 1858 1793 2094 1846; x_wconf 84' lang='lat' dir='ltr'><strong>tradide-</strong></span> <span class='ocrx_word' id='word_1_251' title='bbox 2129 1771 2171 1828; x_wconf 67' lang='grc' dir='ltr'><strong>Β</strong></span> <span class='ocrx_word' id='word_1_252' title='bbox 2199 1792 2549 1854; x_wconf 86' lang='lat' dir='ltr'><strong>dedicatoria,</strong></span> <span class='ocrx_word' id='word_1_253' title='bbox 2571 1791 2804 1846; x_wconf 87' lang='lat' dir='ltr'><strong>versioni</strong></span> <span class='ocrx_word' id='word_1_254' title='bbox 2825 1792 3179 1868; x_wconf 69' lang='lat' dir='ltr'><strong>AreOpagitac</strong></span> <span class='ocrx_word' id='word_1_255' title='bbox 3209 1794 3539 1862; x_wconf 88' lang='lat' dir='ltr'><strong>praemissa,</strong></span> <span class='ocrx_word' id='word_1_256' title='bbox 3562 1792 3667 1846; x_wconf 85' lang='lat' dir='ltr'><strong>ulla</strong></span> <span class='ocrx_word' id='word_1_257' title='bbox 3693 1808 3782 1846; x_wconf 85' lang='lat' dir='ltr'><strong>ra-</strong></span> 
     </span>
    </p>
   </div>
   <div class='ocr_carea' id='block_1_32' title="bbox 518 1878 2098 1953">
    <p class='ocr_par' dir='ltr' id='par_1_32' title="bbox 518 1878 2098 1953">
     <span class='ocr_line' id='line_1_32' title="bbox 518 1878 2098 1953; baseline 0.006 -25"><span class='ocrx_word' id='word_1_258' title='bbox 518 1886 604 1930; x_wconf 88' lang='lat' dir='ltr'><strong>rat</strong></span> <span class='ocrx_word' id='word_1_259' title='bbox 647 1878 747 1948; x_wconf 85' lang='lat' dir='ltr'><strong>(d).</strong></span> <span class='ocrx_word' id='word_1_260' title='bbox 780 1878 895 1932; x_wconf 87' lang='lat' dir='ltr'><strong>Ilac</strong></span> <span class='ocrx_word' id='word_1_261' title='bbox 925 1881 990 1934; x_wconf 90' lang='lat' dir='ltr'><strong>de</strong></span> <span class='ocrx_word' id='word_1_262' title='bbox 1030 1883 1308 1946; x_wconf 91' lang='lat' dir='ltr'><strong>versione,</strong></span> <span class='ocrx_word' id='word_1_263' title='bbox 1351 1891 1624 1952; x_wconf 87' lang='lat' dir='ltr'><strong>utcunque</strong></span> <span class='ocrx_word' id='word_1_264' title='bbox 1671 1882 1804 1946; x_wconf 81' lang='lat' dir='ltr'><strong>fuit,</strong></span> <span class='ocrx_word' id='word_1_265' title='bbox 1833 1900 2098 1953; x_wconf 80' lang='lat' dir='ltr'><strong>nusquam</strong></span> 
     </span>
    </p>
   </div>
   <div class='ocr_carea' id='block_1_33' title="bbox 517 1966 2102 2042">
    <p class='ocr_par' dir='ltr' id='par_1_33' title="bbox 517 1966 2102 2042">
     <span class='ocr_line' id='line_1_33' title="bbox 517 1966 2102 2042; baseline 0.004 -21"><span class='ocrx_word' id='word_1_266' title='bbox 517 1966 633 2023; x_wconf 83' lang='lat' dir='ltr'><strong>fere</strong></span> <span class='ocrx_word' id='word_1_267' title='bbox 665 1981 1148 2025; x_wconf 87' lang='lat' dir='ltr'><strong>commemoratum</strong></span> <span class='ocrx_word' id='word_1_268' title='bbox 1171 1982 1284 2038; x_wconf 86' lang='lat' dir='ltr'><strong>est;</strong></span> <span class='ocrx_word' id='word_1_269' title='bbox 1311 1988 1477 2042; x_wconf 90' lang='lat' dir='ltr'><strong>quare</strong></span> <span class='ocrx_word' id='word_1_270' title='bbox 1497 2013 1511 2036; x_wconf 92' lang='lat'><strong>,</strong></span> <span class='ocrx_word' id='word_1_271' title='bbox 1538 1973 1582 2026; x_wconf 87' lang='lat' dir='ltr'><strong>si</strong></span> <span class='ocrx_word' id='word_1_272' title='bbox 1606 1971 1707 2026; x_wconf 85' lang='lat' dir='ltr'><strong>fuit</strong></span> <span class='ocrx_word' id='word_1_273' title='bbox 1731 2012 1746 2036; x_wconf 93' lang='lat'><strong>,</strong></span> <span class='ocrx_word' id='word_1_274' title='bbox 1776 1984 1924 2028; x_wconf 89' lang='lat' dir='ltr'><strong>certe</strong></span> <span class='ocrx_word' id='word_1_275' title='bbox 1957 1973 2102 2028; x_wconf 88' lang='lat' dir='ltr'><strong>nullo</strong></span> 
     </span>
    </p>
   </div>
   <div class='ocr_carea' id='block_1_34' title="bbox 521 2057 2104 2133">
    <p class='ocr_par' dir='ltr' id='par_1_34' title="bbox 521 2057 2104 2133">
     <span class='ocr_line' id='line_1_34' title="bbox 521 2057 2104 2133; baseline 0.004 -22"><span class='ocrx_word' id='word_1_276' title='bbox 521 2057 574 2112; x_wconf 92' lang='lat' dir='ltr'><strong>in</strong></span> <span class='ocrx_word' id='word_1_277' title='bbox 615 2061 791 2129; x_wconf 92' lang='lat' dir='ltr'><strong>pretio</strong></span> <span class='ocrx_word' id='word_1_278' title='bbox 817 2061 1002 2116; x_wconf 89' lang='lat' dir='ltr'><strong>haberi</strong></span> <span class='ocrx_word' id='word_1_279' title='bbox 1027 2063 1198 2130; x_wconf 92' lang='lat' dir='ltr'><strong>potuit</strong></span> <span class='ocrx_word' id='word_1_280' title='bbox 1223 2062 1314 2133; x_wconf 86' lang='lat' dir='ltr'><strong>(e).</strong></span> <span class='ocrx_word' id='word_1_281' title='bbox 1346 2063 1530 2132; x_wconf 84' lang='lat' dir='ltr'><strong>Itaque</strong></span> <span class='ocrx_word' id='word_1_282' title='bbox 1551 2062 1778 2118; x_wconf 78' lang='lat' dir='ltr'><strong>Camlus</strong></span> <span class='ocrx_word' id='word_1_283' title='bbox 1799 2063 2018 2126; x_wconf 86' lang='lat' dir='ltr'><strong>Calvus,</strong></span> <span class='ocrx_word' id='word_1_284' title='bbox 2045 2072 2104 2118; x_wconf 90' lang='lat' dir='ltr'><strong>ut</strong></span> 
     </span>
    </p>
   </div>
   <div class='ocr_carea' id='block_1_35' title="bbox 519 2153 2106 2225">
    <p class='ocr_par' dir='ltr' id='par_1_35' title="bbox 519 2153 2106 2225">
     <span class='ocr_line' id='line_1_35' title="bbox 519 2153 2106 2225; baseline 0.006 -21"><span class='ocrx_word' id='word_1_285' title='bbox 519 2160 637 2205; x_wconf 88' lang='lat' dir='ltr'><strong>erat</strong></span> <span class='ocrx_word' id='word_1_286' title='bbox 669 2153 1000 2218; x_wconf 87' lang='lat' dir='ltr'><strong>litterarmu,</strong></span> <span class='ocrx_word' id='word_1_287' title='bbox 1055 2156 1342 2225; x_wconf 87' lang='lat' dir='ltr'><strong>praecipue</strong></span> <span class='ocrx_word' id='word_1_288' title='bbox 1372 2170 1682 2219; x_wconf 90' lang='lat' dir='ltr'><strong>sacrarum,</strong></span> <span class='ocrx_word' id='word_1_289' title='bbox 1728 2157 1906 2212; x_wconf 92' lang='lat' dir='ltr'><strong>studio</strong></span> <span class='ocrx_word' id='word_1_290' title='bbox 1949 2159 2106 2214; x_wconf 87' lang='lat' dir='ltr'><strong>unice</strong></span> 
     </span>
    </p>
   </div>
   <div class='ocr_carea' id='block_1_36' title="bbox 519 2243 2105 2320">
    <p class='ocr_par' dir='ltr' id='par_1_36' title="bbox 519 2243 2105 2320">
     <span class='ocr_line' id='line_1_36' title="bbox 519 2243 2105 2320; baseline 0.006 -24"><span class='ocrx_word' id='word_1_291' title='bbox 519 2243 769 2308; x_wconf 87' lang='lat' dir='ltr'><strong>deditus,</strong></span> <span class='ocrx_word' id='word_1_292' title='bbox 827 2261 991 2313; x_wconf 90' lang='lat' dir='ltr'><strong>quum</strong></span> <span class='ocrx_word' id='word_1_293' title='bbox 1054 2256 1246 2302; x_wconf 87' lang='lat' dir='ltr'><strong>nactus</strong></span> <span class='ocrx_word' id='word_1_294' title='bbox 1290 2258 1436 2303; x_wconf 87' lang='lat' dir='ltr'><strong>esset</strong></span> <span class='ocrx_word' id='word_1_295' title='bbox 1484 2249 1768 2320; x_wconf 75' lang='lat' dir='ltr'><strong>Erigonam</strong></span> <span class='ocrx_word' id='word_1_296' title='bbox 1830 2251 2105 2307; x_wconf 90' lang='lat' dir='ltr'><strong>hominem</strong></span> 
     </span>
    </p>
   </div>
   <div class='ocr_carea' id='block_1_37' title="bbox 520 2339 2110 2414">
    <p class='ocr_par' dir='ltr' id='par_1_37' title="bbox 520 2339 2110 2414">
     <span class='ocr_line' id='line_1_37' title="bbox 520 2339 2110 2414; baseline 0.008 -26"><span class='ocrx_word' id='word_1_297' title='bbox 520 2347 738 2404; x_wconf 89' lang='lat' dir='ltr'><strong>praeter</strong></span> <span class='ocrx_word' id='word_1_298' title='bbox 769 2339 983 2394; x_wconf 87' lang='lat' dir='ltr'><strong>solitum</strong></span> <span class='ocrx_word' id='word_1_299' title='bbox 1034 2357 1259 2410; x_wconf 78' lang='lat' dir='ltr'><strong>graecae</strong></span> <span class='ocrx_word' id='word_1_300' title='bbox 1298 2342 1512 2413; x_wconf 88' lang='lat' dir='ltr'><strong>linguae</strong></span> <span class='ocrx_word' id='word_1_301' title='bbox 1557 2346 1828 2414; x_wconf 89' lang='lat' dir='ltr'><strong>peritum,</strong></span> <span class='ocrx_word' id='word_1_302' title='bbox 1859 2347 2110 2400; x_wconf 86' lang='lat' dir='ltr'><strong>commit-</strong></span> 
     </span>
    </p>
   </div>
   <div class='ocr_carea' id='block_1_38' title="bbox 521 2428 2106 2500">
    <p class='ocr_par' dir='ltr' id='par_1_38' title="bbox 521 2428 2106 2500">
     <span class='ocr_line' id='line_1_38' title="bbox 521 2428 2106 2500; baseline 0.007 -21"><span class='ocrx_word' id='word_1_303' title='bbox 521 2428 742 2481; x_wconf 89' lang='lat' dir='ltr'><strong>tendum</strong></span> <span class='ocrx_word' id='word_1_304' title='bbox 767 2444 871 2484; x_wconf 93' lang='lat' dir='ltr'><strong>non</strong></span> <span class='ocrx_word' id='word_1_305' title='bbox 895 2431 1134 2499; x_wconf 89' lang='lat' dir='ltr'><strong>putavit,</strong></span> <span class='ocrx_word' id='word_1_306' title='bbox 1161 2440 1219 2486; x_wconf 93' lang='lat' dir='ltr'><strong>ut</strong></span> <span class='ocrx_word' id='word_1_307' title='bbox 1247 2447 1274 2485; x_wconf 90' lang='lat' dir='ltr'><strong>a</strong></span> <span class='ocrx_word' id='word_1_308' title='bbox 1297 2431 1512 2489; x_wconf 83' lang='lat' dir='ltr'><strong>fortuna</strong></span> <span class='ocrx_word' id='word_1_309' title='bbox 1533 2435 1718 2489; x_wconf 83' lang='lat' dir='ltr'><strong>datam</strong></span> <span class='ocrx_word' id='word_1_310' title='bbox 1743 2436 2106 2500; x_wconf 85' lang='lat' dir='ltr'><strong>occasionem,</strong></span> 
     </span>
    </p>
   </div>
   <div class='ocr_carea' id='block_1_39' title="bbox 514 2518 2108 2601">
    <p class='ocr_par' dir='ltr' id='par_1_39' title="bbox 514 2518 2108 2601">
     <span class='ocr_line' id='line_1_39' title="bbox 514 2518 2108 2601; baseline 0.004 -28"><span class='ocrx_word' id='word_1_311' title='bbox 514 2518 718 2587; x_wconf 85' lang='lat' dir='ltr'><strong>justam</strong></span> <span class='ocrx_word' id='word_1_312' title='bbox 745 2524 958 2577; x_wconf 89' lang='lat' dir='ltr'><strong>tandem</strong></span> <span class='ocrx_word' id='word_1_313' title='bbox 978 2523 1190 2578; x_wconf 90' lang='lat' dir='ltr'><strong>illorum</strong></span> <span class='ocrx_word' id='word_1_314' title='bbox 1209 2525 1468 2580; x_wconf 90' lang='lat' dir='ltr'><strong>librorum</strong></span> <span class='ocrx_word' id='word_1_315' title='bbox 1485 2527 1983 2601; x_wconf 84' lang='lat' dir='ltr'><strong>interpretationem</strong></span> <span class='ocrx_word' id='word_1_316' title='bbox 2007 2527 2108 2582; x_wconf 89' lang='lat' dir='ltr'><strong>sibi</strong></span> 
     </span>
    </p>
   </div>
   <div class='ocr_carea' id='block_1_40' title="bbox 521 2615 2113 2688">
    <p class='ocr_par' dir='ltr' id='par_1_40' title="bbox 521 2615 2113 2688">
     <span class='ocr_line' id='line_1_40' title="bbox 521 2615 2113 2688; baseline 0.005 -22"><span class='ocrx_word' id='word_1_317' title='bbox 521 2615 868 2682; x_wconf 86' lang='lat' dir='ltr'><strong>comparandi</strong></span> <span class='ocrx_word' id='word_1_318' title='bbox 893 2655 907 2681; x_wconf 95' lang='lat'><strong>,</strong></span> <span class='ocrx_word' id='word_1_319' title='bbox 931 2615 1248 2671; x_wconf 88' lang='lat' dir='ltr'><strong>dimitteret.</strong></span> <span class='ocrx_word' id='word_1_320' title='bbox 1273 2617 1637 2684; x_wconf 81' lang='lat' dir='ltr'><strong>Quamobrem</strong></span> <span class='ocrx_word' id='word_1_321' title='bbox 1666 2635 1732 2674; x_wconf 88' lang='lat' dir='ltr'><strong>eo</strong></span> <span class='ocrx_word' id='word_1_322' title='bbox 1747 2619 1969 2688; x_wconf 89' lang='lat' dir='ltr'><strong>jubente</strong></span> <span class='ocrx_word' id='word_1_323' title='bbox 1996 2621 2113 2674; x_wconf 86' lang='lat' dir='ltr'><strong>Eri-</strong></span> 
     </span>
    </p>
   </div>
   <div class='ocr_carea' id='block_1_41' title="bbox 524 2705 2110 2780">
    <p class='ocr_par' dir='ltr' id='par_1_41' title="bbox 524 2705 2110 2780">
     <span class='ocr_line' id='line_1_41' title="bbox 524 2705 2110 2780; baseline 0.004 -24"><span class='ocrx_word' id='word_1_324' title='bbox 524 2718 661 2770; x_wconf 76' lang='lat' dir='ltr'><strong>gena</strong></span> <span class='ocrx_word' id='word_1_325' title='bbox 691 2705 755 2760; x_wconf 91' lang='lat' dir='ltr'><strong>ad</strong></span> <span class='ocrx_word' id='word_1_326' title='bbox 782 2705 952 2780; x_wconf 89' lang='lat' dir='ltr'><strong>libros</strong></span> <span class='ocrx_word' id='word_1_327' title='bbox 973 2707 1448 2779; x_wconf 81' lang='lat' dir='ltr'><strong>Pseudo-Dionysii</strong></span> <span class='ocrx_word' id='word_1_328' title='bbox 1479 2710 1530 2764; x_wconf 93' lang='lat' dir='ltr'><strong>in</strong></span> <span class='ocrx_word' id='word_1_329' title='bbox 1556 2710 1782 2764; x_wconf 87' lang='lat' dir='ltr'><strong>latinum</strong></span> <span class='ocrx_word' id='word_1_330' title='bbox 1805 2725 2110 2766; x_wconf 83' lang='lat' dir='ltr'><strong>sermonem</strong></span> 
     </span>
    </p>
   </div>
   <div class='ocr_carea' id='block_1_42' title="bbox 521 2800 2110 2872">
    <p class='ocr_par' dir='ltr' id='par_1_42' title="bbox 521 2800 2110 2872">
     <span class='ocr_line' id='line_1_42' title="bbox 521 2800 2110 2872; baseline 0.004 -24"><span class='ocrx_word' id='word_1_331' title='bbox 521 2800 916 2852; x_wconf 76' lang='lat' dir='ltr'><strong>convertendos</strong></span> <span class='ocrx_word' id='word_1_332' title='bbox 945 2800 1184 2854; x_wconf 83' lang='lat' dir='ltr'><strong>animum</strong></span> <span class='ocrx_word' id='word_1_333' title='bbox 1217 2801 1416 2870; x_wconf 86' lang='lat' dir='ltr'><strong>adjecit</strong></span> <span class='ocrx_word' id='word_1_334' title='bbox 1441 2803 1543 2872; x_wconf 76' lang='lat' dir='ltr'><strong>(f).</strong></span> <span class='ocrx_word' id='word_1_335' title='bbox 1574 2803 1929 2868; x_wconf 84' lang='lat' dir='ltr'><strong>Quosautem</strong></span> <span class='ocrx_word' id='word_1_336' title='bbox 1963 2802 2110 2856; x_wconf 90' lang='lat' dir='ltr'><strong>illius</strong></span> 
     </span>
    </p>
   </div>
   <div class='ocr_carea' id='block_1_43' title="bbox 521 2888 2115 2962">
    <p class='ocr_par' dir='ltr' id='par_1_43' title="bbox 521 2888 2115 2962">
     <span class='ocr_line' id='line_1_43' title="bbox 521 2888 2115 2962; baseline 0.004 -25"><span class='ocrx_word' id='word_1_337' title='bbox 521 2888 760 2942; x_wconf 88' lang='lat' dir='ltr'><strong>auctoris</strong></span> <span class='ocrx_word' id='word_1_338' title='bbox 783 2889 948 2943; x_wconf 89' lang='lat' dir='ltr'><strong>libros</strong></span> <span class='ocrx_word' id='word_1_339' title='bbox 972 2890 1134 2944; x_wconf 90' lang='lat' dir='ltr'><strong>latine</strong></span> <span class='ocrx_word' id='word_1_340' title='bbox 1159 2892 1486 2954; x_wconf 89' lang='lat' dir='ltr'><strong>reddiderit,</strong></span> <span class='ocrx_word' id='word_1_341' title='bbox 1519 2893 1634 2962; x_wconf 89' lang='lat' dir='ltr'><strong>ipse</strong></span> <span class='ocrx_word' id='word_1_342' title='bbox 1663 2892 1898 2962; x_wconf 86' lang='lat' dir='ltr'><strong>Erigena</strong></span> <span class='ocrx_word' id='word_1_343' title='bbox 1925 2899 2115 2945; x_wconf 89' lang='lat' dir='ltr'><strong>narrat</strong></span> 
     </span>
    </p>
   </div>
   <div class='ocr_carea' id='block_1_44' title="bbox 525 2977 2110 3052">
    <p class='ocr_par' dir='ltr' id='par_1_44' title="bbox 525 2977 2110 3052">
     <span class='ocr_line' id='line_1_44' title="bbox 525 2977 2110 3052; baseline 0.002 -21"><span class='ocrx_word' id='word_1_344' title='bbox 525 2977 580 3031; x_wconf 90' lang='lat' dir='ltr'><strong>in</strong></span> <span class='ocrx_word' id='word_1_345' title='bbox 638 2977 866 3049; x_wconf 88' lang='lat' dir='ltr'><strong>epistola</strong></span> <span class='ocrx_word' id='word_1_346' title='bbox 902 2981 1229 3037; x_wconf 87' lang='lat' dir='ltr'><strong>dedicatoria</strong></span> <span class='ocrx_word' id='word_1_347' title='bbox 1274 2982 1341 3036; x_wconf 91' lang='lat' dir='ltr'><strong>ad</strong></span> <span class='ocrx_word' id='word_1_348' title='bbox 1387 2982 1641 3037; x_wconf 90' lang='lat' dir='ltr'><strong>Carolum</strong></span> <span class='ocrx_word' id='word_1_349' title='bbox 1686 2983 1917 3052; x_wconf 87' lang='lat' dir='ltr'><strong>scripta,</strong></span> <span class='ocrx_word' id='word_1_350' title='bbox 1951 2997 2110 3050; x_wconf 89' lang='lat' dir='ltr'><strong>quam</strong></span> 
     </span>
    </p>
   </div>
   <div class='ocr_carea' id='block_1_45' title="bbox 525 3069 2110 3144">
    <p class='ocr_par' dir='ltr' id='par_1_45' title="bbox 525 3069 2110 3144">
     <span class='ocr_line' id='line_1_45' title="bbox 525 3069 2110 3144; baseline 0.004 -24"><span class='ocrx_word' id='word_1_351' title='bbox 525 3069 694 3124; x_wconf 87' lang='lat' dir='ltr'><strong>latino</strong></span> <span class='ocrx_word' id='word_1_352' title='bbox 725 3086 822 3125; x_wconf 92' lang='lat' dir='ltr'><strong>suo</strong></span> <span class='ocrx_word' id='word_1_353' title='bbox 847 3071 1208 3142; x_wconf 81' lang='lat' dir='ltr'><strong>Areopagitae</strong></span> <span class='ocrx_word' id='word_1_354' title='bbox 1232 3074 1519 3142; x_wconf 86' lang='lat' dir='ltr'><strong>praemisit</strong></span> <span class='ocrx_word' id='word_1_355' title='bbox 1541 3073 1616 3144; x_wconf 87' lang='lat' dir='ltr'><strong>(g)</strong></span> <span class='ocrx_word' id='word_1_356' title='bbox 1650 3091 1663 3126; x_wconf 91' lang='lat'><strong>:</strong></span> <span class='ocrx_word' id='word_1_357' title='bbox 1701 3073 1870 3128; x_wconf 89' lang='lat' dir='ltr'><strong>libros</strong></span> <span class='ocrx_word' id='word_1_358' title='bbox 1895 3074 1962 3127; x_wconf 92' lang='lat' dir='ltr'><strong>de</strong></span> <span class='ocrx_word' id='word_1_359' title='bbox 1995 3072 2110 3126; x_wconf 86' lang='lat' dir='ltr'><strong>hie-</strong></span> 
     </span>
    </p>
   </div>
   <div class='ocr_carea' id='block_1_46' title="bbox 524 3163 2116 3230">
    <p class='ocr_par' dir='ltr' id='par_1_46' title="bbox 524 3163 2116 3230">
     <span class='ocr_line' id='line_1_46' title="bbox 524 3163 2116 3230; baseline 0.001 -15"><span class='ocrx_word' id='word_1_360' title='bbox 524 3164 738 3217; x_wconf 85' lang='lat' dir='ltr'><strong>rarchia</strong></span> <span class='ocrx_word' id='word_1_361' title='bbox 767 3164 988 3219; x_wconf 85' lang='lat' dir='ltr'><strong>coelesti</strong></span> <span class='ocrx_word' id='word_1_362' title='bbox 1012 3206 1027 3230; x_wconf 91' lang='lat'><strong>,</strong></span> <span class='ocrx_word' id='word_1_363' title='bbox 1059 3165 1126 3220; x_wconf 89' lang='lat' dir='ltr'><strong>de</strong></span> <span class='ocrx_word' id='word_1_364' title='bbox 1165 3165 1474 3220; x_wconf 88' lang='lat' dir='ltr'><strong>hierarehia</strong></span> <span class='ocrx_word' id='word_1_365' title='bbox 1505 3164 1873 3219; x_wconf 85' lang='lat' dir='ltr'><strong>ecclesiastica</strong></span> <span class='ocrx_word' id='word_1_366' title='bbox 1896 3204 1909 3224; x_wconf 93' lang='lat'><strong>,</strong></span> <span class='ocrx_word' id='word_1_367' title='bbox 1939 3165 2004 3217; x_wconf 90' lang='lat' dir='ltr'><strong>de</strong></span> <span class='ocrx_word' id='word_1_368' title='bbox 2034 3163 2116 3216; x_wconf 88' lang='lat' dir='ltr'><strong>di-</strong></span> 
     </span>
    </p>
   </div>
   <div class='ocr_carea' id='block_1_47' title="bbox 445 3253 2116 3324">
    <p class='ocr_par' dir='ltr' id='par_1_47' title="bbox 445 3253 2116 3324">
     <span class='ocr_line' id='line_1_47' title="bbox 445 3253 2116 3324; baseline 0.001 -20"><span class='ocrx_word' id='word_1_369' title='bbox 445 3253 448 3257; x_wconf 86' lang='grc'><em>’</em></span> <span class='ocrx_word' id='word_1_370' title='bbox 526 3253 991 3308; x_wconf 85' lang='lat' dir='ltr'><strong>vinisnominibus</strong></span> <span class='ocrx_word' id='word_1_371' title='bbox 1013 3295 1029 3320; x_wconf 91' lang='lat'><strong>,</strong></span> <span class='ocrx_word' id='word_1_372' title='bbox 1064 3256 1129 3310; x_wconf 89' lang='lat' dir='ltr'><strong>de</strong></span> <span class='ocrx_word' id='word_1_373' title='bbox 1155 3255 1421 3322; x_wconf 83' lang='lat' dir='ltr'><strong>theologia</strong></span> <span class='ocrx_word' id='word_1_374' title='bbox 1446 3253 1698 3324; x_wconf 83' lang='lat' dir='ltr'><strong>mystica,</strong></span> <span class='ocrx_word' id='word_1_375' title='bbox 1729 3263 2004 3321; x_wconf 88' lang='lat' dir='ltr'><strong>praeterea</strong></span> <span class='ocrx_word' id='word_1_376' title='bbox 2026 3253 2116 3306; x_wconf 83' lang='lat' dir='ltr'><strong>de-</strong></span> 
     </span>
    </p>
   </div>
   <div class='ocr_carea' id='block_1_48' title="bbox 527 3342 961 3410">
    <p class='ocr_par' dir='ltr' id='par_1_48' title="bbox 527 3342 961 3410">
     <span class='ocr_line' id='line_1_48' title="bbox 527 3342 961 3410; baseline -0.002 -14"><span class='ocrx_word' id='word_1_377' title='bbox 527 3357 645 3396; x_wconf 79' lang='lat' dir='ltr'><strong>cem</strong></span> <span class='ocrx_word' id='word_1_378' title='bbox 681 3342 961 3410; x_wconf 86' lang='lat' dir='ltr'><strong>epistolas.</strong></span> 
     </span>
    </p>
   </div>
   <div class='ocr_carea' id='block_1_49' title="bbox 600 3431 2115 3503">
    <p class='ocr_par' dir='ltr' id='par_1_49' title="bbox 600 3431 2115 3503">
     <span class='ocr_line' id='line_1_49' title="bbox 600 3431 2115 3503; baseline -0.002 -16"><span class='ocrx_word' id='word_1_379' title='bbox 600 3433 714 3487; x_wconf 89' lang='lat' dir='ltr'><strong>Iloc</strong></span> <span class='ocrx_word' id='word_1_380' title='bbox 737 3433 919 3489; x_wconf 88' lang='lat' dir='ltr'><strong>labore</strong></span> <span class='ocrx_word' id='word_1_381' title='bbox 955 3434 1202 3489; x_wconf 84' lang='lat' dir='ltr'><strong>absoluto</strong></span> <span class='ocrx_word' id='word_1_382' title='bbox 1232 3434 1462 3503; x_wconf 84' lang='lat' dir='ltr'><strong>Erigena</strong></span> <span class='ocrx_word' id='word_1_383' title='bbox 1514 3431 1756 3502; x_wconf 83' lang='lat' dir='ltr'><strong>ejusdem</strong></span> <span class='ocrx_word' id='word_1_384' title='bbox 1786 3448 1929 3503; x_wconf 80' lang='lat' dir='ltr'><strong>regis</strong></span> <span class='ocrx_word' id='word_1_385' title='bbox 1959 3431 2115 3500; x_wconf 88' lang='lat' dir='ltr'><strong>jussu</strong></span> 
     </span>
    </p>
   </div>
   <div class='ocr_carea' id='block_1_50' title="bbox 528 3529 2116 3598">
    <p class='ocr_par' dir='ltr' id='par_1_50' title="bbox 528 3529 2116 3598">
     <span class='ocr_line' id='line_1_50' title="bbox 528 3529 2116 3598; baseline -0.001 -15"><span class='ocrx_word' id='word_1_386' title='bbox 528 3529 769 3598; x_wconf 88' lang='lat' dir='ltr'><strong>suscepit</strong></span> <span class='ocrx_word' id='word_1_387' title='bbox 799 3529 946 3583; x_wconf 91' lang='lat' dir='ltr'><strong>illum</strong></span> <span class='ocrx_word' id='word_1_388' title='bbox 977 3529 1231 3593; x_wconf 87' lang='lat' dir='ltr'><strong>alterum,</strong></span> <span class='ocrx_word' id='word_1_389' title='bbox 1266 3529 1322 3584; x_wconf 91' lang='lat' dir='ltr'><strong>S.</strong></span> <span class='ocrx_word' id='word_1_390' title='bbox 1358 3529 1574 3583; x_wconf 89' lang='lat' dir='ltr'><strong>Maximi</strong></span> <span class='ocrx_word' id='word_1_391' title='bbox 1599 3529 1815 3583; x_wconf 87' lang='lat' dir='ltr'><strong>Scholia</strong></span> <span class='ocrx_word' id='word_1_392' title='bbox 1853 3545 1884 3582; x_wconf 90' lang='lat' dir='ltr'><strong>e</strong></span> <span class='ocrx_word' id='word_1_393' title='bbox 1923 3542 2116 3598; x_wconf 83' lang='lat' dir='ltr'><strong>graeca</strong></span> 
     </span>
    </p>
   </div>
   <div class='ocr_carea' id='block_1_51' title="bbox 528 3622 2120 3695">
    <p class='ocr_par' dir='ltr' id='par_1_51' title="bbox 528 3622 2120 3695">
     <span class='ocr_line' id='line_1_51' title="bbox 528 3622 2120 3695; baseline -0.001 -18"><span class='ocrx_word' id='word_1_394' title='bbox 528 3623 709 3695; x_wconf 77' lang='lat' dir='ltr'><strong>lingua</strong></span> <span class='ocrx_word' id='word_1_395' title='bbox 741 3624 794 3676; x_wconf 92' lang='lat' dir='ltr'><strong>in</strong></span> <span class='ocrx_word' id='word_1_396' title='bbox 818 3624 1036 3678; x_wconf 87' lang='lat' dir='ltr'><strong>latinam</strong></span> <span class='ocrx_word' id='word_1_397' title='bbox 1064 3625 1418 3680; x_wconf 87' lang='lat' dir='ltr'><strong>transferendi</strong></span> <span class='ocrx_word' id='word_1_398' title='bbox 1449 3625 1546 3694; x_wconf 86' lang='lat' dir='ltr'><strong>(h).</strong></span> <span class='ocrx_word' id='word_1_399' title='bbox 1575 3623 1738 3678; x_wconf 86' lang='lat' dir='ltr'><strong>Facta</strong></span> <span class='ocrx_word' id='word_1_400' title='bbox 1773 3623 1936 3693; x_wconf 83' lang='lat' dir='ltr'><strong>igitur</strong></span> <span class='ocrx_word' id='word_1_401' title='bbox 1957 3622 2120 3677; x_wconf 87' lang='lat' dir='ltr'><strong>Sooto</strong></span> 
     </span>
    </p>
   </div>
   <div class='ocr_carea' id='block_1_52' title="bbox 532 3714 2120 3781">
    <p class='ocr_par' dir='ltr' id='par_1_52' title="bbox 532 3714 2120 3781">
     <span class='ocr_line' id='line_1_52' title="bbox 532 3714 2120 3781; baseline -0.003 -13"><span class='ocrx_word' id='word_1_402' title='bbox 532 3722 720 3769; x_wconf 86' lang='lat' dir='ltr'><strong>nostro</strong></span> <span class='ocrx_word' id='word_1_403' title='bbox 743 3715 843 3770; x_wconf 92' lang='lat' dir='ltr'><strong>hac</strong></span> <span class='ocrx_word' id='word_1_404' title='bbox 863 3715 1149 3769; x_wconf 85' lang='lat' dir='ltr'><strong>occasione</strong></span> <span class='ocrx_word' id='word_1_405' title='bbox 1173 3715 1384 3768; x_wconf 82' lang='lat' dir='ltr'><strong>illorum</strong></span> <span class='ocrx_word' id='word_1_406' title='bbox 1412 3714 1669 3769; x_wconf 80' lang='lat' dir='ltr'><strong>libroruin</strong></span> <span class='ocrx_word' id='word_1_407' title='bbox 1695 3715 1848 3781; x_wconf 88' lang='lat' dir='ltr'><strong>copia</strong></span> <span class='ocrx_word' id='word_1_408' title='bbox 1873 3753 1888 3776; x_wconf 94' lang='lat'><strong>,</strong></span> <span class='ocrx_word' id='word_1_409' title='bbox 1913 3726 2050 3781; x_wconf 85' lang='lat' dir='ltr'><strong>quos</strong></span> <span class='ocrx_word' id='word_1_410' title='bbox 2064 3720 2120 3764; x_wconf 89' lang='lat' dir='ltr'><strong>et</strong></span> 
     </span>
    </p>
   </div>
   <div class='ocr_carea' id='block_1_53' title="bbox 536 3803 2120 3877">
    <p class='ocr_par' dir='ltr' id='par_1_53' title="bbox 536 3803 2120 3877">
     <span class='ocr_line' id='line_1_53' title="bbox 536 3803 2120 3877; baseline -0.001 -19"><span class='ocrx_word' id='word_1_411' title='bbox 536 3807 666 3876; x_wconf 85' lang='lat' dir='ltr'><strong>ipse.</strong></span> <span class='ocrx_word' id='word_1_412' title='bbox 689 3815 924 3876; x_wconf 89' lang='lat' dir='ltr'><strong>utsupra</strong></span> <span class='ocrx_word' id='word_1_413' title='bbox 948 3806 1042 3877; x_wconf 86' lang='lat' dir='ltr'><strong>(cf.</strong></span> <span class='ocrx_word' id='word_1_414' title='bbox 1061 3806 1372 3877; x_wconf 84' lang='lat' dir='ltr'><strong>notic.)jam</strong></span> <span class='ocrx_word' id='word_1_415' title='bbox 1399 3805 1846 3876; x_wconf 82' lang='lat' dir='ltr'><strong>significavimus,</strong></span> <span class='ocrx_word' id='word_1_416' title='bbox 1879 3803 2120 3873; x_wconf 86' lang='lat' dir='ltr'><strong>Dionysii</strong></span> 
     </span>
    </p>
   </div>
   <div class='ocr_carea' id='block_1_54' title="bbox 532 3897 2122 3968">
    <p class='ocr_par' dir='ltr' id='par_1_54' title="bbox 532 3897 2122 3968">
     <span class='ocr_line' id='line_1_54' title="bbox 532 3897 2122 3968; baseline -0.002 -15"><span class='ocrx_word' id='word_1_417' title='bbox 532 3907 588 3953; x_wconf 88' lang='lat' dir='ltr'><strong>et</strong></span> <span class='ocrx_word' id='word_1_418' title='bbox 619 3897 869 3964; x_wconf 78' lang='lat' dir='ltr'><strong>Maximi,</strong></span> <span class='ocrx_word' id='word_1_419' title='bbox 904 3901 1146 3956; x_wconf 91' lang='lat' dir='ltr'><strong>virorum</strong></span> <span class='ocrx_word' id='word_1_420' title='bbox 1177 3909 1516 3960; x_wconf 83' lang='lat' dir='ltr'><strong>sanctorum,</strong></span> <span class='ocrx_word' id='word_1_421' title='bbox 1552 3914 1673 3954; x_wconf 92' lang='lat' dir='ltr'><strong>esse</strong></span> <span class='ocrx_word' id='word_1_422' title='bbox 1701 3897 1956 3968; x_wconf 88' lang='lat' dir='ltr'><strong>putabat,</strong></span> <span class='ocrx_word' id='word_1_423' title='bbox 1987 3897 2122 3950; x_wconf 87' lang='lat' dir='ltr'><strong>adeo</strong></span> 
     </span>
    </p>
   </div>
   <div class='ocr_carea' id='block_1_55' title="bbox 535 3986 2118 4058">
    <p class='ocr_par' dir='ltr' id='par_1_55' title="bbox 535 3986 2118 4058">
     <span class='ocr_line' id='line_1_55' title="bbox 535 3986 2118 4058; baseline -0.002 -16"><span class='ocrx_word' id='word_1_424' title='bbox 535 3988 701 4057; x_wconf 85' lang='lat' dir='ltr'><strong>ipsius</strong></span> <span class='ocrx_word' id='word_1_425' title='bbox 733 3989 1006 4058; x_wconf 84' lang='lat' dir='ltr'><strong>ingenium</strong></span> <span class='ocrx_word' id='word_1_426' title='bbox 1037 3997 1092 4043; x_wconf 90' lang='lat' dir='ltr'><strong>et</strong></span> <span class='ocrx_word' id='word_1_427' title='bbox 1126 4000 1346 4058; x_wconf 86' lang='lat' dir='ltr'><strong>propter</strong></span> <span class='ocrx_word' id='word_1_428' title='bbox 1391 3988 1721 4057; x_wconf 90' lang='lat' dir='ltr'><strong>sapientiae,</strong></span> <span class='ocrx_word' id='word_1_429' title='bbox 1754 4002 1915 4057; x_wconf 90' lang='lat' dir='ltr'><strong>quam</strong></span> <span class='ocrx_word' id='word_1_430' title='bbox 1945 3986 2118 4041; x_wconf 82' lang='lat' dir='ltr'><strong>conti-</strong></span> 
     </span>
    </p>
   </div>
   <div class='ocr_carea' id='block_1_56' title="bbox 533 4077 2124 4149">
    <p class='ocr_par' dir='ltr' id='par_1_56' title="bbox 533 4077 2124 4149">
     <span class='ocr_line' id='line_1_56' title="bbox 533 4077 2124 4149; baseline -0.001 -17"><span class='ocrx_word' id='word_1_431' title='bbox 533 4088 757 4144; x_wconf 90' lang='lat' dir='ltr'><strong>nerent,</strong></span> <span class='ocrx_word' id='word_1_432' title='bbox 800 4080 1190 4149; x_wconf 87' lang='lat' dir='ltr'><strong>praestantiam</strong></span> <span class='ocrx_word' id='word_1_433' title='bbox 1239 4087 1296 4134; x_wconf 90' lang='lat' dir='ltr'><strong>et</strong></span> <span class='ocrx_word' id='word_1_434' title='bbox 1341 4088 1563 4148; x_wconf 77' lang='lat' dir='ltr'><strong>prepter</strong></span> <span class='ocrx_word' id='word_1_435' title='bbox 1611 4078 1860 4142; x_wconf 90' lang='lat' dir='ltr'><strong>illorum,</strong></span> <span class='ocrx_word' id='word_1_436' title='bbox 1893 4077 1984 4146; x_wconf 90' lang='lat' dir='ltr'><strong>qui</strong></span> <span class='ocrx_word' id='word_1_437' title='bbox 2029 4091 2124 4130; x_wconf 83' lang='lat' dir='ltr'><strong>eos</strong></span> 
     </span>
    </p>
   </div>
   <div class='ocr_carea' id='block_1_57' title="bbox 535 4170 2120 4240">
    <p class='ocr_par' dir='ltr' id='par_1_57' title="bbox 535 4170 2120 4240">
     <span class='ocr_line' id='line_1_57' title="bbox 535 4170 2120 4240; baseline -0.001 -18"><span class='ocrx_word' id='word_1_438' title='bbox 535 4170 996 4240; x_wconf 87' lang='lat' dir='ltr'><strong>composuissent,</strong></span> <span class='ocrx_word' id='word_1_439' title='bbox 1030 4170 1435 4233; x_wconf 90' lang='lat' dir='ltr'><strong>auctoritatem,</strong></span> <span class='ocrx_word' id='word_1_440' title='bbox 1469 4171 1537 4225; x_wconf 89' lang='lat' dir='ltr'><strong>ab</strong></span> <span class='ocrx_word' id='word_1_441' title='bbox 1560 4170 1625 4225; x_wconf 91' lang='lat' dir='ltr'><strong>iis</strong></span> <span class='ocrx_word' id='word_1_442' title='bbox 1649 4170 1886 4225; x_wconf 90' lang='lat' dir='ltr'><strong>illectum</strong></span> <span class='ocrx_word' id='word_1_443' title='bbox 1909 4177 2014 4233; x_wconf 88' lang='lat' dir='ltr'><strong>est,</strong></span> <span class='ocrx_word' id='word_1_444' title='bbox 2041 4176 2120 4233; x_wconf 91' lang='lat' dir='ltr'><strong>ut,</strong></span> 
     </span>
    </p>
   </div>
   <div class='ocr_carea' id='block_1_58' title="bbox 611 4303 2117 4376">
    <p class='ocr_par' dir='ltr' id='par_1_58' title="bbox 611 4303 2117 4376">
     <span class='ocr_line' id='line_1_58' title="bbox 611 4303 2117 4376; baseline 0 -20"><span class='ocrx_word' id='word_1_445' title='bbox 611 4305 685 4376; x_wconf 70' lang='grc' dir='ltr'><strong>(τι)</strong></span> <span class='ocrx_word' id='word_1_446' title='bbox 717 4305 856 4376; x_wconf 22' lang='lat' dir='ltr'><strong>ACI‘.”</strong></span> <span class='ocrx_word' id='word_1_447' title='bbox 892 4305 1038 4376; x_wconf 83' lang='lat' dir='ltr'><strong>Pagi.</strong></span> <span class='ocrx_word' id='word_1_448' title='bbox 1075 4306 1298 4376; x_wconf 12' lang='lat' dir='ltr'><strong>iCritica</strong></span> <span class='ocrx_word' id='word_1_449' title='bbox 1345 4307 1398 4360; x_wconf 92' lang='lat' dir='ltr'><strong>in</strong></span> <span class='ocrx_word' id='word_1_450' title='bbox 1440 4304 1620 4359; x_wconf 90' lang='lat' dir='ltr'><strong>annal.</strong></span> <span class='ocrx_word' id='word_1_451' title='bbox 1676 4303 1872 4360; x_wconf 88' lang='lat' dir='ltr'><strong>Baron.</strong></span> <span class='ocrx_word' id='word_1_452' title='bbox 1929 4305 1994 4358; x_wconf 89' lang='lat' dir='ltr'><strong>ad</strong></span> <span class='ocrx_word' id='word_1_453' title='bbox 2031 4320 2117 4357; x_wconf 88' lang='lat' dir='ltr'><strong>an.</strong></span> 
     </span>
    </p>
   </div>
   <div class='ocr_carea' id='block_1_59' title="bbox 539 4374 1185 4436">
    <p class='ocr_par' dir='ltr' id='par_1_59' title="bbox 539 4374 1185 4436">
     <span class='ocr_line' id='line_1_59' title="bbox 539 4374 1185 4436; baseline 0 -8"><span class='ocrx_word' id='word_1_454' title='bbox 539 4374 759 4429; x_wconf 80' lang='lat' dir='ltr'><strong>DCCCX</strong></span> <span class='ocrx_word' id='word_1_455' title='bbox 771 4375 926 4436; x_wconf 78' lang='lat' dir='ltr'><strong>XVII,</strong></span> <span class='ocrx_word' id='word_1_456' title='bbox 960 4374 1011 4429; x_wconf 72' lang='lat' dir='ltr'><strong>Ii.</strong></span> <span class='ocrx_word' id='word_1_457' title='bbox 1048 4375 1185 4430; x_wconf 80' lang='lat' dir='ltr'><strong>XIV.</strong></span> 
     </span>
    </p>
   </div>
   <div class='ocr_carea' id='block_1_60' title="bbox 613 4444 2120 4514">
    <p class='ocr_par' dir='ltr' id='par_1_60' title="bbox 613 4444 2120 4514">
     <span class='ocr_line' id='line_1_60' title="bbox 613 4444 2120 4514; baseline 0.001 -17"><span class='ocrx_word' id='word_1_458' title='bbox 613 4444 686 4514; x_wconf 68' lang='grc' dir='ltr'><strong>(ιν)</strong></span> <span class='ocrx_word' id='word_1_459' title='bbox 717 4446 799 4501; x_wconf 91' lang='lat' dir='ltr'><strong>Cf.</strong></span> <span class='ocrx_word' id='word_1_460' title='bbox 837 4446 1073 4499; x_wconf 80' lang='lat' dir='ltr'><strong>llilduini</strong></span> <span class='ocrx_word' id='word_1_461' title='bbox 1103 4447 1261 4514; x_wconf 83' lang='lat' dir='ltr'><strong>epist.</strong></span> <span class='ocrx_word' id='word_1_462' title='bbox 1297 4446 1361 4499; x_wconf 92' lang='lat' dir='ltr'><strong>ad</strong></span> <span class='ocrx_word' id='word_1_463' title='bbox 1391 4444 1596 4500; x_wconf 89' lang='lat' dir='ltr'><strong>Ludov.</strong></span> <span class='ocrx_word' id='word_1_464' title='bbox 1623 4444 1797 4509; x_wconf 86' lang='lat' dir='ltr'><strong>Pium,</strong></span> <span class='ocrx_word' id='word_1_465' title='bbox 1827 4445 2120 4514; x_wconf 84' lang='lat' dir='ltr'><strong>Areopagi-</strong></span> 
     </span>
    </p>
   </div>
   <div class='ocr_carea' id='block_1_61' title="bbox 545 4514 2124 4586">
    <p class='ocr_par' dir='ltr' id='par_1_61' title="bbox 545 4514 2124 4586">
     <span class='ocr_line' id='line_1_61' title="bbox 545 4514 2124 4586; baseline 0 -19"><span class='ocrx_word' id='word_1_466' title='bbox 545 4515 666 4586; x_wconf 82' lang='lat' dir='ltr'><strong>ticis</strong></span> <span class='ocrx_word' id='word_1_467' title='bbox 707 4517 862 4586; x_wconf 77' lang='lat' dir='ltr'><strong>(edit.</strong></span> <span class='ocrx_word' id='word_1_468' title='bbox 911 4515 1244 4585; x_wconf 89' lang='lat' dir='ltr'><strong>Coloniens.)</strong></span> <span class='ocrx_word' id='word_1_469' title='bbox 1278 4518 1539 4586; x_wconf 82' lang='lat' dir='ltr'><strong>praclixa.</strong></span> <span class='ocrx_word' id='word_1_470' title='bbox 1569 4515 1856 4586; x_wconf 78' lang='lat' dir='ltr'><strong>invenitur</strong></span> <span class='ocrx_word' id='word_1_471' title='bbox 1886 4514 2124 4568; x_wconf 87' lang='lat' dir='ltr'><strong>Ililduini</strong></span> 
     </span>
    </p>
   </div>
   <div class='ocr_carea' id='block_1_62' title="bbox 542 4584 2125 4712">
    <p class='ocr_par' dir='ltr' id='par_1_62' title="bbox 542 4584 2125 4712">
     <span class='ocr_line' id='line_1_62' title="bbox 542 4584 2125 4712; baseline 0 -75"><span class='ocrx_word' id='word_1_472' title='bbox 542 4584 692 4712; x_wconf 60' lang='lat' dir='ltr'><strong>iocusl</strong></span> <span class='ocrx_word' id='word_1_473' title='bbox 725 4584 880 4708; x_wconf 63' lang='lat' dir='ltr'><strong>apud</strong></span> <span class='ocrx_word' id='word_1_474' title='bbox 929 4584 1364 4641; x_wconf 73' lang='lat' dir='ltr'><strong>Sumdemnaier.</strong></span> <span class='ocrx_word' id='word_1_475' title='bbox 1414 4601 1465 4655; x_wconf 90' lang='lat' dir='ltr'><strong>p.</strong></span> <span class='ocrx_word' id='word_1_476' title='bbox 1516 4585 1614 4640; x_wconf 78' lang='grc'><strong>103</strong></span> <span class='ocrx_word' id='word_1_477' title='bbox 1649 4594 1701 4640; x_wconf 88' lang='lat' dir='ltr'><strong>et</strong></span> <span class='ocrx_word' id='word_1_478' title='bbox 1732 4586 1870 4656; x_wconf 90' lang='lat' dir='ltr'><strong>apud</strong></span> <span class='ocrx_word' id='word_1_479' title='bbox 1904 4586 2125 4655; x_wconf 76' lang='lat' dir='ltr'><strong>I’agium</strong></span> 
     </span>
     <span class='ocr_line' id='line_1_63' title="bbox 562 4671 822 4710; baseline 0 -2"><span class='ocrx_word' id='word_1_480' title='bbox 562 4671 646 4710; x_wconf 88' lang='lat' dir='ltr'><strong>oc.</strong></span> <span class='ocrx_word' id='word_1_481' title='bbox 698 4672 781 4708; x_wconf 76' lang='lat' dir='ltr'><strong>:lllt</strong></span> <span class='ocrx_word' id='word_1_482' title='bbox 810 4696 822 4708; x_wconf 91' lang='lat'><strong>.</strong></span> 
     </span>
    </p>
   </div>
   <div class='ocr_carea' id='block_1_63' title="bbox 562 4671 822 4710">
    <p class='ocr_par' dir='ltr' id='par_1_63' title="bbox 562 4671 822 4710">
     <span class='ocr_line' id='line_1_64' title="bbox 562 4671 822 4710; baseline 0 -2"><span class='ocrx_word' id='word_1_483' title='bbox 562 4671 646 4710; x_wconf 85' lang='lat' dir='ltr'><strong>UC.</strong></span> <span class='ocrx_word' id='word_1_484' title='bbox 680 4671 822 4708; x_wconf 70' lang='lat' dir='ltr'><strong>IlIIItI.</strong></span> 
     </span>
    </p>
   </div>
   <div class='ocr_carea' id='block_1_64' title="bbox 615 4724 2123 4850">
    <p class='ocr_par' dir='ltr' id='par_1_64' title="bbox 615 4724 2123 4850">
     <span class='ocr_line' id='line_1_65' title="bbox 615 4724 2123 4850; baseline -0.002 -69"><span class='ocrx_word' id='word_1_485' title='bbox 615 4724 955 4850; x_wconf 52' lang='lat' dir='ltr'><strong>(82);1%()S()c0ii</strong></span> <span class='ocrx_word' id='word_1_486' title='bbox 985 4743 1153 4782; x_wconf 90' lang='lat' dir='ltr'><strong>carm.</strong></span> <span class='ocrx_word' id='word_1_487' title='bbox 1178 4726 1244 4781; x_wconf 77' lang='grc' dir='ltr'><strong>Χ.</strong></span> <span class='ocrx_word' id='word_1_488' title='bbox 1269 4726 1337 4781; x_wconf 79' lang='lat' dir='ltr'><strong>XI</strong></span> <span class='ocrx_word' id='word_1_489' title='bbox 1361 4735 1415 4780; x_wconf 86' lang='lat' dir='ltr'><strong>et</strong></span> <span class='ocrx_word' id='word_1_490' title='bbox 1441 4725 1554 4792; x_wconf 77' lang='lat' dir='ltr'><strong>XII,</strong></span> <span class='ocrx_word' id='word_1_491' title='bbox 1579 4727 1632 4781; x_wconf 93' lang='lat' dir='ltr'><strong>in</strong></span> <span class='ocrx_word' id='word_1_492' title='bbox 1660 4725 1788 4780; x_wconf 91' lang='lat' dir='ltr'><strong>edit.</strong></span> <span class='ocrx_word' id='word_1_493' title='bbox 1821 4724 2123 4781; x_wconf 89' lang='lat' dir='ltr'><strong>Schlueter.</strong></span> 
     </span>
    </p>
   </div>
   <div class='ocr_carea' id='block_1_65' title="bbox 541 4812 1630 4936">
    <p class='ocr_par' dir='ltr' id='par_1_65' title="bbox 541 4812 1630 4936">
     <span class='ocr_line' id='line_1_66' title="bbox 541 4812 880 4867; baseline 0 -17"><span class='ocrx_word' id='word_1_494' title='bbox 541 4812 596 4867; x_wconf 85' lang='lat' dir='ltr'><strong>p.</strong></span> <span class='ocrx_word' id='word_1_495' title='bbox 629 4812 880 4850; x_wconf 67' lang='lat' dir='ltr'><strong>out-oua.</strong></span> 
     </span>
     <span class='ocr_line' id='line_1_67' title="bbox 618 4866 1630 4936; baseline 0.004 -18"><span class='ocrx_word' id='word_1_496' title='bbox 618 4867 694 4935; x_wconf 83' lang='lat' dir='ltr'><strong>(d)</strong></span> <span class='ocrx_word' id='word_1_497' title='bbox 727 4867 807 4921; x_wconf 75' lang='lat' dir='ltr'><strong>(If.</strong></span> <span class='ocrx_word' id='word_1_498' title='bbox 835 4866 1269 4922; x_wconf 80' lang='lat' dir='ltr'><strong>Staulenmaier.</strong></span> <span class='ocrx_word' id='word_1_499' title='bbox 1301 4883 1352 4936; x_wconf 90' lang='lat' dir='ltr'><strong>p.</strong></span> <span class='ocrx_word' id='word_1_500' title='bbox 1385 4867 1486 4920; x_wconf 80' lang='lat' dir='ltr'><strong>I65</strong></span> <span class='ocrx_word' id='word_1_501' title='bbox 1516 4882 1630 4936; x_wconf 86' lang='lat' dir='ltr'><strong>seq.</strong></span> 
     </span>
    </p>
   </div>
   <div class='ocr_carea' id='block_1_66' title="bbox 617 4937 1526 5008">
    <p class='ocr_par' dir='ltr' id='par_1_66' title="bbox 617 4937 1526 5008">
     <span class='ocr_line' id='line_1_68' title="bbox 617 4937 1526 5008; baseline -0.002 -17"><span class='ocrx_word' id='word_1_502' title='bbox 617 4937 686 5008; x_wconf 88' lang='lat' dir='ltr'><strong>(e)</strong></span> <span class='ocrx_word' id='word_1_503' title='bbox 720 4937 802 5008; x_wconf 74' lang='lat' dir='ltr'><strong>Cf.</strong></span> <span class='ocrx_word' id='word_1_504' title='bbox 841 4939 1155 4991; x_wconf 86' lang='lat' dir='ltr'><strong>Standenm.</strong></span> <span class='ocrx_word' id='word_1_505' title='bbox 1185 4937 1526 5008; x_wconf 33' lang='lat' dir='ltr'><strong>palilia-ltili-</strong></span> 
     </span>
    </p>
   </div>
   <div class='ocr_carea' id='block_1_67' title="bbox 619 5005 2130 5078">
    <p class='ocr_par' dir='ltr' id='par_1_67' title="bbox 619 5005 2130 5078">
     <span class='ocr_line' id='line_1_69' title="bbox 619 5005 2130 5078; baseline 0 -17"><span class='ocrx_word' id='word_1_506' title='bbox 619 5005 692 5078; x_wconf 66' lang='grc' dir='ltr'><strong>(Γ)</strong></span> <span class='ocrx_word' id='word_1_507' title='bbox 708 5007 789 5061; x_wconf 88' lang='lat' dir='ltr'><strong>Cf.</strong></span> <span class='ocrx_word' id='word_1_508' title='bbox 825 5009 1084 5078; x_wconf 82' lang='lat' dir='ltr'><strong>Erigonae</strong></span> <span class='ocrx_word' id='word_1_509' title='bbox 1107 5005 1276 5076; x_wconf 83' lang='lat' dir='ltr'><strong>praef.</strong></span> <span class='ocrx_word' id='word_1_510' title='bbox 1295 5009 1359 5060; x_wconf 92' lang='lat' dir='ltr'><strong>ad</strong></span> <span class='ocrx_word' id='word_1_511' title='bbox 1383 5022 1640 5062; x_wconf 83' lang='lat' dir='ltr'><strong>conversa</strong></span> <span class='ocrx_word' id='word_1_512' title='bbox 1657 5006 1723 5060; x_wconf 89' lang='lat' dir='ltr'><strong>ab</strong></span> <span class='ocrx_word' id='word_1_513' title='bbox 1745 5021 1808 5078; x_wconf 80' lang='lat' dir='ltr'><strong>eo</strong></span> <span class='ocrx_word' id='word_1_514' title='bbox 1824 5005 1881 5061; x_wconf 93' lang='lat' dir='ltr'><strong>S.</strong></span> <span class='ocrx_word' id='word_1_515' title='bbox 1910 5006 2130 5062; x_wconf 88' lang='lat' dir='ltr'><strong>Maximi</strong></span> 
     </span>
    </p>
   </div>
   <div class='ocr_carea' id='block_1_68' title="bbox 549 5077 2125 5148">
    <p class='ocr_par' dir='ltr' id='par_1_68' title="bbox 549 5077 2125 5148">
     <span class='ocr_line' id='line_1_70' title="bbox 549 5077 2125 5148; baseline -0.001 -18"><span class='ocrx_word' id='word_1_516' title='bbox 549 5079 798 5133; x_wconf 74' lang='lat' dir='ltr'><strong>Scholiac</strong></span> <span class='ocrx_word' id='word_1_517' title='bbox 835 5089 908 5132; x_wconf 90' lang='lat' dir='ltr'><strong>et.</strong></span> <span class='ocrx_word' id='word_1_518' title='bbox 932 5077 1068 5143; x_wconf 78' lang='lat' dir='ltr'><strong>eet.,</strong></span> <span class='ocrx_word' id='word_1_519' title='bbox 1088 5094 1225 5146; x_wconf 88' lang='lat' dir='ltr'><strong>quae</strong></span> <span class='ocrx_word' id='word_1_520' title='bbox 1256 5086 1340 5132; x_wconf 88' lang='lat' dir='ltr'><strong>est</strong></span> <span class='ocrx_word' id='word_1_521' title='bbox 1373 5079 1510 5148; x_wconf 90' lang='lat' dir='ltr'><strong>apud</strong></span> <span class='ocrx_word' id='word_1_522' title='bbox 1535 5078 1725 5132; x_wconf 89' lang='lat' dir='ltr'><strong>Thom.</strong></span> <span class='ocrx_word' id='word_1_523' title='bbox 1751 5077 1900 5134; x_wconf 87' lang='lat' dir='ltr'><strong>Gale.</strong></span> <span class='ocrx_word' id='word_1_524' title='bbox 1926 5078 1977 5132; x_wconf 91' lang='lat' dir='ltr'><strong>in</strong></span> <span class='ocrx_word' id='word_1_525' title='bbox 1995 5078 2125 5133; x_wconf 83' lang='lat' dir='ltr'><strong>edit.</strong></span> 
     </span>
    </p>
   </div>
   <div class='ocr_carea' id='block_1_69' title="bbox 548 5148 1682 5218">
    <p class='ocr_par' dir='ltr' id='par_1_69' title="bbox 548 5148 1682 5218">
     <span class='ocr_line' id='line_1_71' title="bbox 548 5148 1682 5218; baseline -0.002 -16"><span class='ocrx_word' id='word_1_526' title='bbox 548 5149 673 5203; x_wconf 92' lang='lat' dir='ltr'><strong>libr.</strong></span> <span class='ocrx_word' id='word_1_527' title='bbox 704 5150 771 5204; x_wconf 89' lang='lat' dir='ltr'><strong>de</strong></span> <span class='ocrx_word' id='word_1_528' title='bbox 797 5151 902 5203; x_wconf 91' lang='lat' dir='ltr'><strong>div.</strong></span> <span class='ocrx_word' id='word_1_529' title='bbox 932 5149 1074 5215; x_wconf 78' lang='lat' dir='ltr'><strong>Nat.,</strong></span> <span class='ocrx_word' id='word_1_530' title='bbox 1107 5150 1346 5218; x_wconf 82' lang='lat' dir='ltr'><strong>Append.</strong></span> <span class='ocrx_word' id='word_1_531' title='bbox 1371 5164 1425 5217; x_wconf 93' lang='lat' dir='ltr'><strong>p.</strong></span> <span class='ocrx_word' id='word_1_532' title='bbox 1453 5148 1493 5201; x_wconf 95' lang='lat' dir='ltr'><strong>Il</strong></span> <span class='ocrx_word' id='word_1_533' title='bbox 1517 5155 1570 5204; x_wconf 92' lang='lat' dir='ltr'><strong>et</strong></span> <span class='ocrx_word' id='word_1_534' title='bbox 1602 5149 1682 5218; x_wconf 87' lang='lat' dir='ltr'><strong>Ill.</strong></span> 
     </span>
    </p>
   </div>
   <div class='ocr_carea' id='block_1_70' title="bbox 619 5217 2124 5290">
    <p class='ocr_par' dir='ltr' id='par_1_70' title="bbox 619 5217 2124 5290">
     <span class='ocr_line' id='line_1_72' title="bbox 619 5217 2124 5290; baseline -0.001 -17"><span class='ocrx_word' id='word_1_535' title='bbox 619 5222 694 5290; x_wconf 87' lang='lat' dir='ltr'><strong>(g)</strong></span> <span class='ocrx_word' id='word_1_536' title='bbox 727 5219 881 5273; x_wconf 81' lang='lat' dir='ltr'><strong>Edita</strong></span> <span class='ocrx_word' id='word_1_537' title='bbox 910 5228 992 5274; x_wconf 84' lang='lat' dir='ltr'><strong>est</strong></span> <span class='ocrx_word' id='word_1_538' title='bbox 1024 5221 1156 5273; x_wconf 88' lang='lat' dir='ltr'><strong>haec.</strong></span> <span class='ocrx_word' id='word_1_539' title='bbox 1189 5217 1414 5288; x_wconf 87' lang='lat' dir='ltr'><strong>epistola</strong></span> <span class='ocrx_word' id='word_1_540' title='bbox 1454 5228 1507 5272; x_wconf 85' lang='lat' dir='ltr'><strong>et</strong></span> <span class='ocrx_word' id='word_1_541' title='bbox 1536 5235 1564 5272; x_wconf 90' lang='lat' dir='ltr'><strong>a</strong></span> <span class='ocrx_word' id='word_1_542' title='bbox 1603 5217 1801 5274; x_wconf 83' lang='lat' dir='ltr'><strong>Jacobo</strong></span> <span class='ocrx_word' id='word_1_543' title='bbox 1831 5219 2048 5275; x_wconf 89' lang='lat' dir='ltr'><strong>Usserio</strong></span> <span class='ocrx_word' id='word_1_544' title='bbox 2072 5218 2124 5290; x_wconf 84' lang='lat' dir='ltr'><strong>in</strong></span> 
     </span>
    </p>
   </div>
   <div class='ocr_carea' id='block_1_71' title="bbox 547 5288 2128 5360">
    <p class='ocr_par' dir='ltr' id='par_1_71' title="bbox 547 5288 2128 5360">
     <span class='ocr_line' id='line_1_73' title="bbox 547 5288 2128 5360; baseline -0.001 -17"><span class='ocrx_word' id='word_1_545' title='bbox 547 5288 707 5360; x_wconf 82' lang='lat' dir='ltr'><strong>epist.</strong></span> <span class='ocrx_word' id='word_1_546' title='bbox 743 5290 1151 5344; x_wconf 83' lang='lat' dir='ltr'><strong>Ilibernicarum</strong></span> <span class='ocrx_word' id='word_1_547' title='bbox 1196 5290 1396 5360; x_wconf 80' lang='lat' dir='ltr'><strong>sylloge</strong></span> <span class='ocrx_word' id='word_1_548' title='bbox 1445 5290 1616 5344; x_wconf 86' lang='lat' dir='ltr'><strong>Paris.</strong></span> <span class='ocrx_word' id='word_1_549' title='bbox 1669 5290 1807 5344; x_wconf 76' lang='grc'><strong>1665</strong></span> <span class='ocrx_word' id='word_1_550' title='bbox 1837 5291 1931 5344; x_wconf 63' lang='grc' dir='ltr'><strong>ιιιο</strong></span> <span class='ocrx_word' id='word_1_551' title='bbox 1974 5308 2025 5359; x_wconf 90' lang='lat' dir='ltr'><strong>p.</strong></span> <span class='ocrx_word' id='word_1_552' title='bbox 2058 5288 2128 5342; x_wconf 63' lang='grc'><strong>40</strong></span> 
     </span>
    </p>
   </div>
   <div class='ocr_carea' id='block_1_72' title="bbox 547 5349 2119 5433">
    <p class='ocr_par' dir='ltr' id='par_1_72' title="bbox 547 5349 2119 5433">
     <span class='ocr_line' id='line_1_74' title="bbox 547 5349 2119 5433; baseline -0.002 -19"><span class='ocrx_word' id='word_1_553' title='bbox 547 5349 687 5429; x_wconf 78' lang='lat' dir='ltr'><strong>séq.,</strong></span> <span class='ocrx_word' id='word_1_554' title='bbox 715 5371 768 5415; x_wconf 89' lang='lat' dir='ltr'><strong>et</strong></span> <span class='ocrx_word' id='word_1_555' title='bbox 795 5362 846 5415; x_wconf 94' lang='lat' dir='ltr'><strong>in</strong></span> <span class='ocrx_word' id='word_1_556' title='bbox 878 5349 1267 5433; x_wconf 78' lang='lat' dir='ltr'><strong>Areopagiticis</strong></span> <span class='ocrx_word' id='word_1_557' title='bbox 1309 5349 1363 5433; x_wconf 65' lang='grc' dir='ltr'><strong>(ἷῖ</strong></span> <span class='ocrx_word' id='word_1_558' title='bbox 1401 5376 1450 5414; x_wconf 90' lang='lat' dir='ltr'><strong>e.</strong></span> <span class='ocrx_word' id='word_1_559' title='bbox 1500 5360 1746 5433; x_wconf 84' lang='lat' dir='ltr'><strong>collectio</strong></span> <span class='ocrx_word' id='word_1_560' title='bbox 1769 5349 2119 5433; x_wconf 72' lang='lat' dir='ltr'><strong>plurimarum</strong></span> 
     </span>
    </p>
   </div>
   <div class='ocr_carea' id='block_1_73' title="bbox 547 5432 2125 5504">
    <p class='ocr_par' dir='ltr' id='par_1_73' title="bbox 547 5432 2125 5504">
     <span class='ocr_line' id='line_1_75' title="bbox 547 5432 2125 5504; baseline 0 -21"><span class='ocrx_word' id='word_1_561' title='bbox 547 5433 892 5504; x_wconf 89' lang='lat' dir='ltr'><strong>antiquarum</strong></span> <span class='ocrx_word' id='word_1_562' title='bbox 924 5432 1277 5504; x_wconf 60' lang='lat' dir='ltr'><strong>Areopagitae</strong></span> <span class='ocrx_word' id='word_1_563' title='bbox 1302 5433 1615 5504; x_wconf 70' lang='lat' dir='ltr'><strong>versionnm</strong></span> <span class='ocrx_word' id='word_1_564' title='bbox 1635 5432 1673 5498; x_wconf 93' lang='lat'><strong>),</strong></span> <span class='ocrx_word' id='word_1_565' title='bbox 1704 5448 1840 5504; x_wconf 77' lang='lat' dir='ltr'><strong>quae</strong></span> <span class='ocrx_word' id='word_1_566' title='bbox 1873 5432 2011 5504; x_wconf 80' lang='lat' dir='ltr'><strong>typis</strong></span> <span class='ocrx_word' id='word_1_567' title='bbox 2038 5432 2125 5484; x_wconf 89' lang='lat' dir='ltr'><strong>de-</strong></span> 
     </span>
    </p>
   </div>
   <div class='ocr_carea' id='block_1_74' title="bbox 549 5501 1835 5571">
    <p class='ocr_par' dir='ltr' id='par_1_74' title="bbox 549 5501 1835 5571">
     <span class='ocr_line' id='line_1_76' title="bbox 549 5501 1835 5571; baseline -0.001 -16"><span class='ocrx_word' id='word_1_568' title='bbox 549 5503 794 5571; x_wconf 88' lang='lat' dir='ltr'><strong>scriptae</strong></span> <span class='ocrx_word' id='word_1_569' title='bbox 814 5503 1064 5570; x_wconf 77' lang='lat' dir='ltr'><strong>prodiere</strong></span> <span class='ocrx_word' id='word_1_570' title='bbox 1089 5501 1275 5556; x_wconf 79' lang='lat' dir='ltr'><strong>Colon.</strong></span> <span class='ocrx_word' id='word_1_571' title='bbox 1309 5502 1445 5556; x_wconf 76' lang='grc'><strong>1550</strong></span> <span class='ocrx_word' id='word_1_572' title='bbox 1474 5511 1528 5556; x_wconf 88' lang='lat' dir='ltr'><strong>et</strong></span> <span class='ocrx_word' id='word_1_573' title='bbox 1559 5502 1710 5556; x_wconf 73' lang='grc'><strong>1556.</strong></span> <span class='ocrx_word' id='word_1_574' title='bbox 1746 5503 1835 5556; x_wconf 88' lang='lat' dir='ltr'><strong>fol.</strong></span> 
     </span>
    </p>
   </div>
   <div class='ocr_carea' id='block_1_75' title="bbox 623 5570 1877 5642">
    <p class='ocr_par' dir='ltr' id='par_1_75' title="bbox 623 5570 1877 5642">
     <span class='ocr_line' id='line_1_77' title="bbox 623 5570 1877 5642; baseline 0.003 -20"><span class='ocrx_word' id='word_1_575' title='bbox 623 5570 701 5640; x_wconf 81' lang='lat' dir='ltr'><strong>(Ii)</strong></span> <span class='ocrx_word' id='word_1_576' title='bbox 723 5570 816 5642; x_wconf 78' lang='lat' dir='ltr'><strong>Cf.</strong></span> <span class='ocrx_word' id='word_1_577' title='bbox 847 5572 1063 5642; x_wconf 83' lang='lat' dir='ltr'><strong>Erigcn.</strong></span> <span class='ocrx_word' id='word_1_578' title='bbox 1096 5571 1200 5627; x_wconf 88' lang='lat' dir='ltr'><strong>loc.</strong></span> <span class='ocrx_word' id='word_1_579' title='bbox 1233 5588 1393 5642; x_wconf 87' lang='lat' dir='ltr'><strong>supra</strong></span> <span class='ocrx_word' id='word_1_580' title='bbox 1433 5574 1536 5627; x_wconf 92' lang='lat' dir='ltr'><strong>col.</strong></span> <span class='ocrx_word' id='word_1_581' title='bbox 1568 5573 1651 5635; x_wconf 79' lang='lat' dir='ltr'><strong>l5,</strong></span> <span class='ocrx_word' id='word_1_582' title='bbox 1683 5583 1793 5627; x_wconf 93' lang='lat' dir='ltr'><strong>not.</strong></span> <span class='ocrx_word' id='word_1_583' title='bbox 1827 5591 1877 5641; x_wconf 86' lang='lat' dir='ltr'><strong>g.</strong></span> 
     </span>
    </p>
   </div>
   <div class='ocr_carea' id='block_1_76' title="bbox 623 5641 2149 5712">
    <p class='ocr_par' dir='ltr' id='par_1_76' title="bbox 623 5641 2149 5712">
     <span class='ocr_line' id='line_1_78' title="bbox 623 5641 2149 5712; baseline 0.005 -19"><span class='ocrx_word' id='word_1_584' title='bbox 623 5643 684 5710; x_wconf 76' lang='grc' dir='ltr'><strong>(ἰ)</strong></span> <span class='ocrx_word' id='word_1_585' title='bbox 717 5641 870 5707; x_wconf 78' lang='lat' dir='ltr'><strong>Nam,</strong></span> <span class='ocrx_word' id='word_1_586' title='bbox 901 5641 960 5696; x_wconf 84' lang='lat' dir='ltr'><strong>ut</strong></span> <span class='ocrx_word' id='word_1_587' title='bbox 988 5641 1091 5698; x_wconf 88' lang='lat' dir='ltr'><strong>alia</strong></span> <span class='ocrx_word' id='word_1_588' title='bbox 1123 5641 1415 5708; x_wconf 83' lang='lat' dir='ltr'><strong>taceamus,</strong></span> <span class='ocrx_word' id='word_1_589' title='bbox 1440 5644 1763 5700; x_wconf 86' lang='lat' dir='ltr'><strong>sententiam</strong></span> <span class='ocrx_word' id='word_1_590' title='bbox 1794 5645 1858 5695; x_wconf 81' lang='lat' dir='ltr'><strong>de.</strong></span> <span class='ocrx_word' id='word_1_591' title='bbox 1883 5653 2149 5712; x_wconf 48' lang='lat' dir='ltr'><strong>peccato,</strong></span> 
     </span>
    </p>
   </div>
   <div class='ocr_carea' id='block_1_77' title="bbox 553 5709 2128 5785">
    <p class='ocr_par' dir='ltr' id='par_1_77' title="bbox 553 5709 2128 5785">
     <span class='ocr_line' id='line_1_79' title="bbox 553 5709 2128 5785; baseline 0.003 -23"><span class='ocrx_word' id='word_1_592' title='bbox 553 5709 618 5764; x_wconf 87' lang='lat' dir='ltr'><strong>de</strong></span> <span class='ocrx_word' id='word_1_593' title='bbox 636 5709 851 5782; x_wconf 84' lang='lat' dir='ltr'><strong>peccati</strong></span> <span class='ocrx_word' id='word_1_594' title='bbox 887 5729 1078 5785; x_wconf 86' lang='lat' dir='ltr'><strong>poena,</strong></span> <span class='ocrx_word' id='word_1_595' title='bbox 1119 5729 1281 5784; x_wconf 85' lang='lat' dir='ltr'><strong>quam</strong></span> <span class='ocrx_word' id='word_1_596' title='bbox 1329 5715 1683 5785; x_wconf 79' lang='lat' dir='ltr'><strong>Areopagitae</strong></span> <span class='ocrx_word' id='word_1_597' title='bbox 1713 5709 1896 5776; x_wconf 63' lang='lat' dir='ltr'><strong>debet,</strong></span> <span class='ocrx_word' id='word_1_598' title='bbox 1921 5714 2028 5782; x_wconf 82' lang='lat' dir='ltr'><strong>jam</strong></span> <span class='ocrx_word' id='word_1_599' title='bbox 2078 5715 2128 5768; x_wconf 86' lang='lat' dir='ltr'><strong>in</strong></span> 
     </span>
    </p>
   </div>
   <div class='ocr_carea' id='block_1_78' title="bbox 2204 1882 3786 1953">
    <p class='ocr_par' dir='ltr' id='par_1_78' title="bbox 2204 1882 3786 1953">
     <span class='ocr_line' id='line_1_80' title="bbox 2204 1882 3786 1953; baseline 0 -17"><span class='ocrx_word' id='word_1_600' title='bbox 2204 1883 2348 1937; x_wconf 89' lang='lat' dir='ltr'><strong>tione</strong></span> <span class='ocrx_word' id='word_1_601' title='bbox 2377 1882 2446 1937; x_wconf 87' lang='lat' dir='ltr'><strong>ab</strong></span> <span class='ocrx_word' id='word_1_602' title='bbox 2475 1883 2705 1952; x_wconf 82' lang='lat' dir='ltr'><strong>Erigena</strong></span> <span class='ocrx_word' id='word_1_603' title='bbox 2759 1883 3118 1953; x_wconf 85' lang='lat' dir='ltr'><strong>significatum</strong></span> <span class='ocrx_word' id='word_1_604' title='bbox 3151 1893 3229 1938; x_wconf 88' lang='lat' dir='ltr'><strong>est</strong></span> <span class='ocrx_word' id='word_1_605' title='bbox 3255 1923 3270 1947; x_wconf 96' lang='lat'><strong>,</strong></span> <span class='ocrx_word' id='word_1_606' title='bbox 3321 1883 3536 1938; x_wconf 89' lang='lat' dir='ltr'><strong>aliunde</strong></span> <span class='ocrx_word' id='word_1_607' title='bbox 3581 1899 3699 1938; x_wconf 90' lang='lat' dir='ltr'><strong>sese</strong></span> <span class='ocrx_word' id='word_1_608' title='bbox 3732 1883 3786 1936; x_wconf 89' lang='lat' dir='ltr'><strong>in</strong></span> 
     </span>
    </p>
   </div>
   <div class='ocr_carea' id='block_1_79' title="bbox 2202 1973 3796 2046">
    <p class='ocr_par' dir='ltr' id='par_1_79' title="bbox 2202 1973 3796 2046">
     <span class='ocr_line' id='line_1_81' title="bbox 2202 1973 3796 2046; baseline 0 -18"><span class='ocrx_word' id='word_1_609' title='bbox 2202 1973 2429 2030; x_wconf 88' lang='lat' dir='ltr'><strong>Galliam</strong></span> <span class='ocrx_word' id='word_1_610' title='bbox 2460 1977 2693 2030; x_wconf 83' lang='lat' dir='ltr'><strong>venisse.</strong></span> <span class='ocrx_word' id='word_1_611' title='bbox 2729 1975 2805 2029; x_wconf 90' lang='lat' dir='ltr'><strong>Eo</strong></span> <span class='ocrx_word' id='word_1_612' title='bbox 2833 1985 3012 2030; x_wconf 88' lang='lat' dir='ltr'><strong>autem</strong></span> <span class='ocrx_word' id='word_1_613' title='bbox 3049 1976 3168 2032; x_wconf 91' lang='lat' dir='ltr'><strong>loco</strong></span> <span class='ocrx_word' id='word_1_614' title='bbox 3193 1977 3410 2046; x_wconf 85' lang='lat' dir='ltr'><strong>scripsit</strong></span> <span class='ocrx_word' id='word_1_615' title='bbox 3440 1994 3452 2030; x_wconf 94' lang='lat'><strong>:</strong></span> <span class='ocrx_word' id='word_1_616' title='bbox 3489 1996 3506 2026; x_wconf 79' lang='grc' dir='ltr'>ι</span> <span class='ocrx_word' id='word_1_617' title='bbox 3549 1975 3699 2030; x_wconf 79' lang='lat' dir='ltr'><strong>lianc</strong></span> <span class='ocrx_word' id='word_1_618' title='bbox 3729 1975 3796 2028; x_wconf 71' lang='lat' dir='ltr'><strong>li-</strong></span> 
     </span>
    </p>
   </div>
   <div class='ocr_carea' id='block_1_80' title="bbox 2203 2065 3790 2134">
    <p class='ocr_par' dir='ltr' id='par_1_80' title="bbox 2203 2065 3790 2134">
     <span class='ocr_line' id='line_1_82' title="bbox 2203 2065 3790 2134; baseline 0 -14"><span class='ocrx_word' id='word_1_619' title='bbox 2203 2066 2328 2120; x_wconf 89' lang='lat' dir='ltr'><strong>bam</strong></span> <span class='ocrx_word' id='word_1_620' title='bbox 2345 2081 2501 2120; x_wconf 82' lang='lat' dir='ltr'><strong>sacro</strong></span> <span class='ocrx_word' id='word_1_621' title='bbox 2522 2065 2852 2121; x_wconf 89' lang='lat' dir='ltr'><strong>Graecormn</strong></span> <span class='ocrx_word' id='word_1_622' title='bbox 2874 2077 3091 2122; x_wconf 86' lang='lat' dir='ltr'><strong>nectare</strong></span> <span class='ocrx_word' id='word_1_623' title='bbox 3125 2067 3316 2122; x_wconf 83' lang='lat' dir='ltr'><strong>fartam</strong></span> <span class='ocrx_word' id='word_1_624' title='bbox 3336 2109 3350 2134; x_wconf 88' lang='lat'><strong>,</strong></span> <span class='ocrx_word' id='word_1_625' title='bbox 3375 2068 3592 2122; x_wconf 85' lang='lat' dir='ltr'><strong>Advena</strong></span> <span class='ocrx_word' id='word_1_626' title='bbox 3620 2067 3790 2122; x_wconf 75' lang='lat' dir='ltr'><strong>Joan-</strong></span> 
     </span>
    </p>
   </div>
   <div class='ocr_carea' id='block_1_81' title="bbox 2206 2157 3093 2229">
    <p class='ocr_par' dir='ltr' id='par_1_81' title="bbox 2206 2157 3093 2229">
     <span class='ocr_line' id='line_1_83' title="bbox 2206 2157 3093 2229; baseline 0.002 -19"><span class='ocrx_word' id='word_1_627' title='bbox 2206 2172 2302 2212; x_wconf 89' lang='lat' dir='ltr'><strong>nes</strong></span> <span class='ocrx_word' id='word_1_628' title='bbox 2331 2157 2533 2214; x_wconf 77' lang='grc' dir='ltr'><strong>σπένδω</strong></span> <span class='ocrx_word' id='word_1_629' title='bbox 2563 2173 2681 2212; x_wconf 90' lang='lat' dir='ltr'><strong>meo</strong></span> <span class='ocrx_word' id='word_1_630' title='bbox 2705 2158 2899 2213; x_wconf 88' lang='lat' dir='ltr'><strong>Carolo</strong></span> <span class='ocrx_word' id='word_1_631' title='bbox 2939 2159 3001 2229; x_wconf 75' lang='grc' dir='ltr'><strong>(ἱ)</strong></span> <span class='ocrx_word' id='word_1_632' title='bbox 3050 2179 3093 2212; x_wconf 72' lang='grc' dir='ltr'><strong>ι.</strong></span> 
     </span>
    </p>
   </div>
   <div class='ocr_carea' id='block_1_82' title="bbox 2280 2251 3791 2324">
    <p class='ocr_par' dir='ltr' id='par_1_82' title="bbox 2280 2251 3791 2324">
     <span class='ocr_line' id='line_1_84' title="bbox 2280 2251 3791 2324; baseline 0.001 -19"><span class='ocrx_word' id='word_1_633' title='bbox 2280 2251 2478 2306; x_wconf 84' lang='lat' dir='ltr'><strong>Verum</strong></span> <span class='ocrx_word' id='word_1_634' title='bbox 2505 2253 2765 2322; x_wconf 87' lang='lat' dir='ltr'><strong>quidquid</strong></span> <span class='ocrx_word' id='word_1_635' title='bbox 2791 2255 2893 2308; x_wconf 89' lang='lat' dir='ltr'><strong>hac</strong></span> <span class='ocrx_word' id='word_1_636' title='bbox 2917 2255 2982 2308; x_wconf 89' lang='lat' dir='ltr'><strong>de</strong></span> <span class='ocrx_word' id='word_1_637' title='bbox 2999 2269 3055 2307; x_wconf 90' lang='lat' dir='ltr'><strong>re</strong></span> <span class='ocrx_word' id='word_1_638' title='bbox 3084 2255 3277 2309; x_wconf 88' lang='lat' dir='ltr'><strong>statuis</strong></span> <span class='ocrx_word' id='word_1_639' title='bbox 3298 2253 3370 2324; x_wconf 71' lang='lat' dir='ltr'><strong>(lc)</strong></span> <span class='ocrx_word' id='word_1_640' title='bbox 3397 2272 3408 2307; x_wconf 94' lang='lat'><strong>:</strong></span> <span class='ocrx_word' id='word_1_641' title='bbox 3436 2264 3559 2308; x_wconf 91' lang='lat' dir='ltr'><strong>ante</strong></span> <span class='ocrx_word' id='word_1_642' title='bbox 3587 2269 3791 2308; x_wconf 88' lang='lat' dir='ltr'><strong>annum</strong></span> 
     </span>
    </p>
   </div>
   <div class='ocr_carea' id='block_1_83' title="bbox 2210 2340 3792 2414">
    <p class='ocr_par' dir='ltr' id='par_1_83' title="bbox 2210 2340 3792 2414">
     <span class='ocr_line' id='line_1_85' title="bbox 2210 2340 3792 2414; baseline 0.001 -19"><span class='ocrx_word' id='word_1_643' title='bbox 2210 2340 2475 2397; x_wconf 76' lang='lat' dir='ltr'><strong>DCCCLX</strong></span> <span class='ocrx_word' id='word_1_644' title='bbox 2533 2343 2613 2397; x_wconf 86' lang='lat' dir='ltr'><strong>vel</strong></span> <span class='ocrx_word' id='word_1_645' title='bbox 2653 2341 2964 2399; x_wconf 77' lang='lat' dir='ltr'><strong>DCCCLXV</strong></span> <span class='ocrx_word' id='word_1_646' title='bbox 3027 2345 3314 2414; x_wconf 86' lang='lat' dir='ltr'><strong>Dionysius</strong></span> <span class='ocrx_word' id='word_1_647' title='bbox 3353 2346 3631 2399; x_wconf 79' lang='lat' dir='ltr'><strong>absolutus</strong></span> <span class='ocrx_word' id='word_1_648' title='bbox 3669 2344 3792 2397; x_wconf 83' lang='lat' dir='ltr'><strong>fuit.</strong></span> 
     </span>
    </p>
   </div>
   <div class='ocr_carea' id='block_1_84' title="bbox 2211 2435 3802 2508">
    <p class='ocr_par' dir='ltr' id='par_1_84' title="bbox 2211 2435 3802 2508">
     <span class='ocr_line' id='line_1_86' title="bbox 2211 2435 3802 2508; baseline 0.002 -20"><span class='ocrx_word' id='word_1_649' title='bbox 2211 2435 2480 2490; x_wconf 81' lang='lat' dir='ltr'><strong>Exstatea</strong></span> <span class='ocrx_word' id='word_1_650' title='bbox 2503 2437 2568 2490; x_wconf 89' lang='lat' dir='ltr'><strong>de</strong></span> <span class='ocrx_word' id='word_1_651' title='bbox 2595 2451 2654 2490; x_wconf 92' lang='lat' dir='ltr'><strong>re</strong></span> <span class='ocrx_word' id='word_1_652' title='bbox 2669 2437 2807 2506; x_wconf 88' lang='lat' dir='ltr'><strong>apud</strong></span> <span class='ocrx_word' id='word_1_653' title='bbox 2824 2436 3076 2490; x_wconf 88' lang='lat' dir='ltr'><strong>Bulaeum</strong></span> <span class='ocrx_word' id='word_1_654' title='bbox 3097 2436 3187 2507; x_wconf 84' lang='lat' dir='ltr'><strong>(cf.</strong></span> <span class='ocrx_word' id='word_1_655' title='bbox 3209 2437 3313 2492; x_wconf 92' lang='lat' dir='ltr'><strong>col.</strong></span> <span class='ocrx_word' id='word_1_656' title='bbox 3329 2437 3420 2501; x_wconf 74' lang='lat'><strong>25,</strong></span> <span class='ocrx_word' id='word_1_657' title='bbox 3448 2447 3558 2491; x_wconf 89' lang='lat' dir='ltr'><strong>not.</strong></span> <span class='ocrx_word' id='word_1_658' title='bbox 3577 2438 3641 2508; x_wconf 77' lang='grc' dir='ltr'><strong>ο.</strong></span> <span class='ocrx_word' id='word_1_659' title='bbox 3661 2437 3802 2491; x_wconf 88' lang='lat' dir='ltr'><strong>haec</strong></span> 
     </span>
    </p>
   </div>
   <div class='ocr_carea' id='block_1_85' title="bbox 2211 2525 3803 2597">
    <p class='ocr_par' dir='ltr' id='par_1_85' title="bbox 2211 2525 3803 2597">
     <span class='ocr_line' id='line_1_87' title="bbox 2211 2525 3803 2597; baseline 0.001 -17"><span class='ocrx_word' id='word_1_660' title='bbox 2211 2526 2416 2581; x_wconf 76' lang='lat' dir='ltr'><strong>Nicolai</strong></span> <span class='ocrx_word' id='word_1_661' title='bbox 2450 2526 2516 2589; x_wconf 94' lang='lat' dir='ltr'><strong>l.,</strong></span> <span class='ocrx_word' id='word_1_662' title='bbox 2548 2526 2705 2581; x_wconf 89' lang='lat' dir='ltr'><strong>Pont.</strong></span> <span class='ocrx_word' id='word_1_663' title='bbox 2738 2525 2906 2592; x_wconf 82' lang='lat' dir='ltr'><strong>Max.,</strong></span> <span class='ocrx_word' id='word_1_664' title='bbox 2930 2527 3154 2597; x_wconf 86' lang='lat' dir='ltr'><strong>epistola</strong></span> <span class='ocrx_word' id='word_1_665' title='bbox 3188 2545 3200 2581; x_wconf 86' lang='lat'>:</span> <span class='ocrx_word' id='word_1_666' title='bbox 3239 2547 3258 2579; x_wconf 84' lang='grc'><strong><em>‹</em></strong></span> <span class='ocrx_word' id='word_1_667' title='bbox 3295 2527 3413 2582; x_wconf 87' lang='lat' dir='ltr'><strong>Nic.</strong></span> <span class='ocrx_word' id='word_1_668' title='bbox 3444 2528 3501 2582; x_wconf 91' lang='lat' dir='ltr'><strong>S.</strong></span> <span class='ocrx_word' id='word_1_669' title='bbox 3531 2528 3590 2582; x_wconf 87' lang='lat' dir='ltr'><strong>S.</strong></span> <span class='ocrx_word' id='word_1_670' title='bbox 3622 2527 3680 2581; x_wconf 91' lang='lat' dir='ltr'><strong>D.</strong></span> <span class='ocrx_word' id='word_1_671' title='bbox 3713 2528 3803 2581; x_wconf 84' lang='lat' dir='ltr'><strong>Di-</strong></span> 
     </span>
    </p>
   </div>
   <div class='ocr_carea' id='block_1_86' title="bbox 2212 2617 3803 2688">
    <p class='ocr_par' dir='ltr' id='par_1_86' title="bbox 2212 2617 3803 2688">
     <span class='ocr_line' id='line_1_88' title="bbox 2212 2617 3803 2688; baseline 0 -17"><span class='ocrx_word' id='word_1_672' title='bbox 2212 2617 2353 2674; x_wconf 83' lang='lat' dir='ltr'><strong>lecto</strong></span> <span class='ocrx_word' id='word_1_673' title='bbox 2384 2618 2492 2672; x_wconf 86' lang='lat' dir='ltr'><strong>lilio</strong></span> <span class='ocrx_word' id='word_1_674' title='bbox 2523 2617 2716 2673; x_wconf 86' lang='lat' dir='ltr'><strong>Carolo</strong></span> <span class='ocrx_word' id='word_1_675' title='bbox 2744 2617 2895 2672; x_wconf 91' lang='lat' dir='ltr'><strong>Glor.</strong></span> <span class='ocrx_word' id='word_1_676' title='bbox 2934 2618 3128 2673; x_wconf 86' lang='lat' dir='ltr'><strong>Franc.</strong></span> <span class='ocrx_word' id='word_1_677' title='bbox 3371 2619 3476 2674; x_wconf 89' lang='lat' dir='ltr'><strong>Sed</strong></span> <span class='ocrx_word' id='word_1_678' title='bbox 3505 2635 3678 2688; x_wconf 90' lang='lat' dir='ltr'><strong>nuper</strong></span> <span class='ocrx_word' id='word_1_679' title='bbox 3703 2619 3803 2672; x_wconf 82' lang='lat' dir='ltr'><strong>do-</strong></span> 
     </span>
    </p>
   </div>
   <div class='ocr_carea' id='block_1_87' title="bbox 2217 2709 3806 2779">
    <p class='ocr_par' dir='ltr' id='par_1_87' title="bbox 2217 2709 3806 2779">
     <span class='ocr_line' id='line_1_89' title="bbox 2217 2709 3806 2779; baseline 0 -16"><span class='ocrx_word' id='word_1_680' title='bbox 2217 2709 2413 2764; x_wconf 89' lang='lat' dir='ltr'><strong>luimus</strong></span> <span class='ocrx_word' id='word_1_681' title='bbox 2427 2750 2441 2774; x_wconf 93' lang='lat'><strong>,</strong></span> <span class='ocrx_word' id='word_1_682' title='bbox 2467 2718 2525 2764; x_wconf 89' lang='lat' dir='ltr'><strong>ut</strong></span> <span class='ocrx_word' id='word_1_683' title='bbox 2545 2709 2772 2764; x_wconf 87' lang='lat' dir='ltr'><strong>relatum</strong></span> <span class='ocrx_word' id='word_1_684' title='bbox 2793 2718 2877 2764; x_wconf 91' lang='lat' dir='ltr'><strong>est</strong></span> <span class='ocrx_word' id='word_1_685' title='bbox 2898 2709 3233 2778; x_wconf 89' lang='lat' dir='ltr'><strong>Apostolatui</strong></span> <span class='ocrx_word' id='word_1_686' title='bbox 3256 2719 3442 2766; x_wconf 91' lang='lat' dir='ltr'><strong>nostro</strong></span> <span class='ocrx_word' id='word_1_687' title='bbox 3459 2753 3472 2774; x_wconf 95' lang='lat'><strong>,</strong></span> <span class='ocrx_word' id='word_1_688' title='bbox 3504 2711 3644 2779; x_wconf 89' lang='lat' dir='ltr'><strong>quod</strong></span> <span class='ocrx_word' id='word_1_689' title='bbox 3665 2725 3806 2778; x_wconf 84' lang='lat' dir='ltr'><strong>Opus</strong></span> 
     </span>
    </p>
   </div>
   <div class='ocr_carea' id='block_1_88' title="bbox 2218 2799 3809 2871">
    <p class='ocr_par' dir='ltr' id='par_1_88' title="bbox 2218 2799 3809 2871">
     <span class='ocr_line' id='line_1_90' title="bbox 2218 2799 3809 2871; baseline 0.001 -19"><span class='ocrx_word' id='word_1_690' title='bbox 2218 2799 2456 2871; x_wconf 87' lang='lat' dir='ltr'><strong>Dionysii</strong></span> <span class='ocrx_word' id='word_1_691' title='bbox 2506 2800 2863 2869; x_wconf 84' lang='lat' dir='ltr'><strong>Areopagitae</strong></span> <span class='ocrx_word' id='word_1_692' title='bbox 2901 2799 3118 2868; x_wconf 88' lang='lat' dir='ltr'><strong>quidam</strong></span> <span class='ocrx_word' id='word_1_693' title='bbox 3151 2800 3234 2852; x_wconf 89' lang='lat' dir='ltr'><strong>vir</strong></span> <span class='ocrx_word' id='word_1_694' title='bbox 3273 2799 3536 2862; x_wconf 83' lang='lat' dir='ltr'><strong>Joannes,</strong></span> <span class='ocrx_word' id='word_1_695' title='bbox 3583 2800 3809 2853; x_wconf 87' lang='lat' dir='ltr'><strong>natione</strong></span> 
     </span>
    </p>
   </div>
   <div class='ocr_carea' id='block_1_89' title="bbox 2220 2889 3802 2960">
    <p class='ocr_par' dir='ltr' id='par_1_89' title="bbox 2220 2889 3802 2960">
     <span class='ocr_line' id='line_1_91' title="bbox 2220 2889 3802 2960; baseline 0 -16"><span class='ocrx_word' id='word_1_696' title='bbox 2220 2889 2446 2954; x_wconf 79' lang='lat' dir='ltr'><strong>Scottis,</strong></span> <span class='ocrx_word' id='word_1_697' title='bbox 2506 2906 2677 2958; x_wconf 86' lang='lat' dir='ltr'><strong>nuper</strong></span> <span class='ocrx_word' id='word_1_698' title='bbox 2726 2891 3002 2944; x_wconf 90' lang='lat' dir='ltr'><strong>transtulit</strong></span> <span class='ocrx_word' id='word_1_699' title='bbox 3041 2892 3092 2944; x_wconf 91' lang='lat' dir='ltr'><strong>in</strong></span> <span class='ocrx_word' id='word_1_700' title='bbox 3130 2890 3412 2954; x_wconf 87' lang='lat' dir='ltr'><strong>Latinum,</strong></span> <span class='ocrx_word' id='word_1_701' title='bbox 3458 2891 3598 2960; x_wconf 89' lang='lat' dir='ltr'><strong>quod</strong></span> <span class='ocrx_word' id='word_1_702' title='bbox 3641 2889 3802 2957; x_wconf 78' lang='lat' dir='ltr'><strong>juxta</strong></span> 
     </span>
    </p>
   </div>
   <div class='ocr_carea' id='block_1_90' title="bbox 2219 2981 3811 3050">
    <p class='ocr_par' dir='ltr' id='par_1_90' title="bbox 2219 2981 3811 3050">
     <span class='ocr_line' id='line_1_92' title="bbox 2219 2981 3811 3050; baseline -0.001 -15"><span class='ocrx_word' id='word_1_703' title='bbox 2219 2997 2425 3035; x_wconf 87' lang='lat' dir='ltr'><strong>morem</strong></span> <span class='ocrx_word' id='word_1_704' title='bbox 2452 2981 2727 3035; x_wconf 87' lang='lat' dir='ltr'><strong>Ecclesiae</strong></span> <span class='ocrx_word' id='word_1_705' title='bbox 2755 2981 2909 3034; x_wconf 85' lang='lat' dir='ltr'><strong>nobis</strong></span> <span class='ocrx_word' id='word_1_706' title='bbox 2939 2981 3076 3034; x_wconf 90' lang='lat' dir='ltr'><strong>mitti</strong></span> <span class='ocrx_word' id='word_1_707' title='bbox 3098 2990 3152 3034; x_wconf 90' lang='lat' dir='ltr'><strong>et</strong></span> <span class='ocrx_word' id='word_1_708' title='bbox 3181 2989 3364 3036; x_wconf 89' lang='lat' dir='ltr'><strong>nostro</strong></span> <span class='ocrx_word' id='word_1_709' title='bbox 3389 2981 3593 3050; x_wconf 83' lang='lat' dir='ltr'><strong>judicio</strong></span> <span class='ocrx_word' id='word_1_710' title='bbox 3619 2981 3811 3035; x_wconf 84' lang='lat' dir='ltr'><strong>debuit</strong></span> 
     </span>
    </p>
   </div>
   <div class='ocr_carea' id='block_1_91' title="bbox 2219 3064 3811 3142">
    <p class='ocr_par' dir='ltr' id='par_1_91' title="bbox 2219 3064 3811 3142">
     <span class='ocr_line' id='line_1_93' title="bbox 2219 3064 3811 3142; baseline -0.001 -18"><span class='ocrx_word' id='word_1_711' title='bbox 2219 3071 2523 3142; x_wconf 88' lang='lat' dir='ltr'><strong>approbari.</strong></span> <span class='ocrx_word' id='word_1_712' title='bbox 2571 3069 2900 3124; x_wconf 86' lang='lat' dir='ltr'><strong>Praesertim</strong></span> <span class='ocrx_word' id='word_1_713' title='bbox 2949 3084 3113 3139; x_wconf 90' lang='lat' dir='ltr'><strong>quum</strong></span> <span class='ocrx_word' id='word_1_714' title='bbox 3145 3064 3286 3125; x_wconf 83' lang='lat' dir='ltr'><strong>idem</strong></span> <span class='ocrx_word' id='word_1_715' title='bbox 3327 3069 3567 3126; x_wconf 84' lang='lat' dir='ltr'><strong>Joannes</strong></span> <span class='ocrx_word' id='word_1_716' title='bbox 3602 3070 3811 3123; x_wconf 90' lang='lat' dir='ltr'><strong>multae</strong></span> 
     </span>
    </p>
   </div>
   <div class='ocr_carea' id='block_1_92' title="bbox 2218 3161 3810 3230">
    <p class='ocr_par' dir='ltr' id='par_1_92' title="bbox 2218 3161 3810 3230">
     <span class='ocr_line' id='line_1_94' title="bbox 2218 3161 3810 3230; baseline -0.001 -14"><span class='ocrx_word' id='word_1_717' title='bbox 2218 3162 2481 3217; x_wconf 86' lang='lat' dir='ltr'><strong>scientiae</strong></span> <span class='ocrx_word' id='word_1_718' title='bbox 2507 3175 2628 3217; x_wconf 92' lang='lat' dir='ltr'><strong>esse</strong></span> <span class='ocrx_word' id='word_1_719' title='bbox 2651 3161 2994 3228; x_wconf 86' lang='lat' dir='ltr'><strong>praedicetur</strong></span> <span class='ocrx_word' id='word_1_720' title='bbox 3013 3161 3140 3215; x_wconf 92' lang='lat' dir='ltr'><strong>olim</strong></span> <span class='ocrx_word' id='word_1_721' title='bbox 3158 3202 3172 3225; x_wconf 94' lang='lat'><strong>,</strong></span> <span class='ocrx_word' id='word_1_722' title='bbox 3206 3161 3298 3216; x_wconf 89' lang='lat' dir='ltr'><strong>sed</strong></span> <span class='ocrx_word' id='word_1_723' title='bbox 3323 3177 3427 3215; x_wconf 92' lang='lat' dir='ltr'><strong>non</strong></span> <span class='ocrx_word' id='word_1_724' title='bbox 3458 3177 3588 3216; x_wconf 90' lang='lat' dir='ltr'><strong>sane</strong></span> <span class='ocrx_word' id='word_1_725' title='bbox 3615 3177 3810 3230; x_wconf 89' lang='lat' dir='ltr'><strong>sapere</strong></span> 
     </span>
    </p>
   </div>
   <div class='ocr_carea' id='block_1_93' title="bbox 2219 3251 3809 3323">
    <p class='ocr_par' dir='ltr' id='par_1_93' title="bbox 2219 3251 3809 3323">
     <span class='ocr_line' id='line_1_95' title="bbox 2219 3251 3809 3323; baseline -0.001 -15"><span class='ocrx_word' id='word_1_726' title='bbox 2219 3255 2274 3308; x_wconf 90' lang='lat' dir='ltr'><strong>in</strong></span> <span class='ocrx_word' id='word_1_727' title='bbox 2310 3253 2630 3323; x_wconf 89' lang='lat' dir='ltr'><strong>quibusdam</strong></span> <span class='ocrx_word' id='word_1_728' title='bbox 2663 3251 2934 3321; x_wconf 89' lang='lat' dir='ltr'><strong>frequenti</strong></span> <span class='ocrx_word' id='word_1_729' title='bbox 2977 3267 3194 3306; x_wconf 91' lang='lat' dir='ltr'><strong>rumore</strong></span> <span class='ocrx_word' id='word_1_730' title='bbox 3229 3253 3580 3308; x_wconf 88' lang='lat' dir='ltr'><strong>dicatur......</strong></span> <span class='ocrx_word' id='word_1_731' title='bbox 3611 3253 3809 3307; x_wconf 88' lang='lat' dir='ltr'><strong>Datum</strong></span> 
     </span>
    </p>
   </div>
   <div class='ocr_carea' id='block_1_94' title="bbox 2218 3343 3816 3414">
    <p class='ocr_par' dir='ltr' id='par_1_94' title="bbox 2218 3343 3816 3414">
     <span class='ocr_line' id='line_1_96' title="bbox 2218 3343 3816 3414; baseline -0.002 -15"><span class='ocrx_word' id='word_1_732' title='bbox 2218 3361 2360 3399; x_wconf 88' lang='lat' dir='ltr'><strong>anno</strong></span> <span class='ocrx_word' id='word_1_733' title='bbox 2382 3345 2570 3414; x_wconf 78' lang='lat' dir='ltr'><strong>Apost.</strong></span> <span class='ocrx_word' id='word_1_734' title='bbox 2597 3344 2764 3399; x_wconf 89' lang='lat' dir='ltr'><strong>nostri</strong></span> <span class='ocrx_word' id='word_1_735' title='bbox 2795 3344 2876 3397; x_wconf 93' lang='lat' dir='ltr'><strong>III.</strong></span> <span class='ocrx_word' id='word_1_736' title='bbox 2905 3365 2923 3397; x_wconf 72' lang='grc' dir='ltr'>ι</span> <span class='ocrx_word' id='word_1_737' title='bbox 2956 3344 3053 3399; x_wconf 86' lang='lat' dir='ltr'><strong>llic</strong></span> <span class='ocrx_word' id='word_1_738' title='bbox 3077 3352 3160 3399; x_wconf 89' lang='lat' dir='ltr'><strong>est</strong></span> <span class='ocrx_word' id='word_1_739' title='bbox 3185 3361 3356 3400; x_wconf 90' lang='lat' dir='ltr'><strong>annus</strong></span> <span class='ocrx_word' id='word_1_740' title='bbox 3385 3343 3683 3408; x_wconf 78' lang='lat' dir='ltr'><strong>DCCCLX;</strong></span> <span class='ocrx_word' id='word_1_741' title='bbox 3712 3345 3816 3397; x_wconf 88' lang='lat' dir='ltr'><strong>sed</strong></span> 
     </span>
    </p>
   </div>
   <div class='ocr_carea' id='block_1_95' title="bbox 2219 3429 3810 3505">
    <p class='ocr_par' dir='ltr' id='par_1_95' title="bbox 2219 3429 3810 3505">
     <span class='ocr_line' id='line_1_97' title="bbox 2219 3429 3810 3505; baseline -0.001 -15"><span class='ocrx_word' id='word_1_742' title='bbox 2219 3429 2530 3498; x_wconf 53' lang='lat' dir='ltr'><strong>alii’volunt,</strong></span> <span class='ocrx_word' id='word_1_743' title='bbox 2551 3436 2690 3490; x_wconf 91' lang='lat' dir='ltr'><strong>hanc</strong></span> <span class='ocrx_word' id='word_1_744' title='bbox 2709 3435 2991 3505; x_wconf 87' lang='lat' dir='ltr'><strong>epistolam</strong></span> <span class='ocrx_word' id='word_1_745' title='bbox 3024 3436 3244 3491; x_wconf 88' lang='lat' dir='ltr'><strong>circiter</strong></span> <span class='ocrx_word' id='word_1_746' title='bbox 3267 3451 3466 3490; x_wconf 89' lang='lat' dir='ltr'><strong>annum</strong></span> <span class='ocrx_word' id='word_1_747' title='bbox 3491 3435 3810 3490; x_wconf 75' lang='lat' dir='ltr'><strong>DCCCLXY</strong></span> 
     </span>
    </p>
   </div>
   <div class='ocr_carea' id='block_1_96' title="bbox 2219 3527 2733 3598">
    <p class='ocr_par' dir='ltr' id='par_1_96' title="bbox 2219 3527 2733 3598">
     <span class='ocr_line' id='line_1_98' title="bbox 2219 3527 2733 3598; baseline -0.006 -15"><span class='ocrx_word' id='word_1_748' title='bbox 2219 3529 2474 3597; x_wconf 88' lang='lat' dir='ltr'><strong>scriptam</strong></span> <span class='ocrx_word' id='word_1_749' title='bbox 2507 3543 2628 3581; x_wconf 90' lang='lat' dir='ltr'><strong>esse</strong></span> <span class='ocrx_word' id='word_1_750' title='bbox 2652 3527 2733 3598; x_wconf 79' lang='grc' dir='ltr'><strong>(Ι).</strong></span> 
     </span>
    </p>
   </div>
   <div class='ocr_carea' id='block_1_97' title="bbox 2289 3617 3816 3690">
    <p class='ocr_par' dir='ltr' id='par_1_97' title="bbox 2289 3617 3816 3690">
     <span class='ocr_line' id='line_1_99' title="bbox 2289 3617 3816 3690; baseline 0.001 -19"><span class='ocrx_word' id='word_1_751' title='bbox 2289 3619 2442 3687; x_wconf 81' lang='lat' dir='ltr'><strong>Quod</strong></span> <span class='ocrx_word' id='word_1_752' title='bbox 2488 3618 2742 3675; x_wconf 87' lang='lat' dir='ltr'><strong>Nicolaus</strong></span> <span class='ocrx_word' id='word_1_753' title='bbox 2771 3620 2836 3683; x_wconf 93' lang='lat' dir='ltr'><strong>l.,</strong></span> <span class='ocrx_word' id='word_1_754' title='bbox 2876 3619 3032 3674; x_wconf 81' lang='lat' dir='ltr'><strong>Pout.</strong></span> <span class='ocrx_word' id='word_1_755' title='bbox 3071 3619 3236 3682; x_wconf 83' lang='lat' dir='ltr'><strong>Max.,</strong></span> <span class='ocrx_word' id='word_1_756' title='bbox 3285 3619 3532 3690; x_wconf 87' lang='lat' dir='ltr'><strong>queritur</strong></span> <span class='ocrx_word' id='word_1_757' title='bbox 3575 3617 3678 3674; x_wconf 91' lang='lat' dir='ltr'><strong>sibi</strong></span> <span class='ocrx_word' id='word_1_758' title='bbox 3715 3633 3816 3672; x_wconf 86' lang='lat' dir='ltr'><strong>eos</strong></span> 
     </span>
    </p>
   </div>
   <div class='ocr_carea' id='block_1_98' title="bbox 2220 3713 3810 3778">
    <p class='ocr_par' dir='ltr' id='par_1_98' title="bbox 2220 3713 3810 3778">
     <span class='ocr_line' id='line_1_100' title="bbox 2220 3713 3810 3778; baseline -0.003 -10"><span class='ocrx_word' id='word_1_759' title='bbox 2220 3715 2389 3770; x_wconf 91' lang='lat' dir='ltr'><strong>libros</strong></span> <span class='ocrx_word' id='word_1_760' title='bbox 2434 3715 2669 3768; x_wconf 91' lang='lat' dir='ltr'><strong>nondum</strong></span> <span class='ocrx_word' id='word_1_761' title='bbox 2713 3715 2910 3769; x_wconf 89' lang='lat' dir='ltr'><strong>missos</strong></span> <span class='ocrx_word' id='word_1_762' title='bbox 2940 3713 3134 3778; x_wconf 82' lang='lat' dir='ltr'><strong>fuisse,</strong></span> <span class='ocrx_word' id='word_1_763' title='bbox 3169 3715 3436 3768; x_wconf 90' lang='lat' dir='ltr'><strong>incertum</strong></span> <span class='ocrx_word' id='word_1_764' title='bbox 3462 3721 3574 3776; x_wconf 88' lang='lat' dir='ltr'><strong>est,</strong></span> <span class='ocrx_word' id='word_1_765' title='bbox 3625 3719 3810 3765; x_wconf 91' lang='lat' dir='ltr'><strong>utrum</strong></span> 
     </span>
    </p>
   </div>
   <div class='ocr_carea' id='block_1_99' title="bbox 2222 3802 3817 3877">
    <p class='ocr_par' dir='ltr' id='par_1_99' title="bbox 2222 3802 3817 3877">
     <span class='ocr_line' id='line_1_101' title="bbox 2222 3802 3817 3877; baseline -0.003 -17"><span class='ocrx_word' id='word_1_766' title='bbox 2222 3807 2324 3862; x_wconf 90' lang='lat' dir='ltr'><strong>hoc</strong></span> <span class='ocrx_word' id='word_1_767' title='bbox 2353 3818 2538 3877; x_wconf 87' lang='lat' dir='ltr'><strong>postea</strong></span> <span class='ocrx_word' id='word_1_768' title='bbox 2569 3805 2770 3862; x_wconf 83' lang='lat' dir='ltr'><strong>factum</strong></span> <span class='ocrx_word' id='word_1_769' title='bbox 2803 3808 2874 3860; x_wconf 91' lang='lat' dir='ltr'><strong>sit</strong></span> <span class='ocrx_word' id='word_1_770' title='bbox 2901 3847 2915 3870; x_wconf 94' lang='lat'><strong>,</strong></span> <span class='ocrx_word' id='word_1_771' title='bbox 2958 3821 3060 3860; x_wconf 87' lang='lat' dir='ltr'><strong>nec</strong></span> <span class='ocrx_word' id='word_1_772' title='bbox 3089 3819 3173 3859; x_wconf 90' lang='lat' dir='ltr'><strong>ne.</strong></span> <span class='ocrx_word' id='word_1_773' title='bbox 3209 3804 3318 3861; x_wconf 84' lang='lat' dir='ltr'><strong>Nos</strong></span> <span class='ocrx_word' id='word_1_774' title='bbox 3350 3805 3567 3874; x_wconf 87' lang='lat' dir='ltr'><strong>quidem</strong></span> <span class='ocrx_word' id='word_1_775' title='bbox 3608 3804 3710 3857; x_wconf 90' lang='lat' dir='ltr'><strong>hac</strong></span> <span class='ocrx_word' id='word_1_776' title='bbox 3745 3802 3817 3856; x_wconf 85' lang='lat' dir='ltr'><strong>de</strong></span> 
     </span>
    </p>
   </div>
   <div class='ocr_carea' id='block_1_100' title="bbox 2225 3897 3176 3969">
    <p class='ocr_par' dir='ltr' id='par_1_100' title="bbox 2225 3897 3176 3969">
     <span class='ocr_line' id='line_1_102' title="bbox 2225 3897 3176 3969; baseline -0.005 -15"><span class='ocrx_word' id='word_1_777' title='bbox 2225 3913 2284 3954; x_wconf 89' lang='lat' dir='ltr'><strong>re</strong></span> <span class='ocrx_word' id='word_1_778' title='bbox 2313 3899 2442 3952; x_wconf 88' lang='lat' dir='ltr'><strong>nihil</strong></span> <span class='ocrx_word' id='word_1_779' title='bbox 2473 3900 2748 3969; x_wconf 85' lang='lat' dir='ltr'><strong>cognitum</strong></span> <span class='ocrx_word' id='word_1_780' title='bbox 2777 3898 3038 3953; x_wconf 89' lang='lat' dir='ltr'><strong>habemus</strong></span> <span class='ocrx_word' id='word_1_781' title='bbox 3060 3897 3176 3967; x_wconf 89' lang='lat' dir='ltr'><strong>(m).</strong></span> 
     </span>
    </p>
   </div>
   <div class='ocr_carea' id='block_1_101' title="bbox 2293 3976 3816 4058">
    <p class='ocr_par' dir='ltr' id='par_1_101' title="bbox 2293 3976 3816 4058">
     <span class='ocr_line' id='line_1_103' title="bbox 2293 3976 3816 4058; baseline -0.004 -15"><span class='ocrx_word' id='word_1_782' title='bbox 2293 3988 2613 4044; x_wconf 86' lang='lat' dir='ltr'><strong>Anastasius</strong></span> <span class='ocrx_word' id='word_1_783' title='bbox 2641 3989 3085 4044; x_wconf 87' lang='lat' dir='ltr'><strong>bibliothecarins</strong></span> <span class='ocrx_word' id='word_1_784' title='bbox 3120 3976 3489 4058; x_wconf 72' lang='lat' dir='ltr'><strong>Compluribus</strong></span> <span class='ocrx_word' id='word_1_785' title='bbox 3509 3985 3664 4038; x_wconf 90' lang='lat' dir='ltr'><strong>annis</strong></span> <span class='ocrx_word' id='word_1_786' title='bbox 3688 3991 3816 4052; x_wconf 87' lang='lat' dir='ltr'><strong>post</strong></span> 
     </span>
    </p>
   </div>
   <div class='ocr_carea' id='block_1_102' title="bbox 2224 4075 3818 4151">
    <p class='ocr_par' dir='ltr' id='par_1_102' title="bbox 2224 4075 3818 4151">
     <span class='ocr_line' id='line_1_104' title="bbox 2224 4075 3818 4151; baseline -0.006 -15"><span class='ocrx_word' id='word_1_787' title='bbox 2224 4081 2298 4137; x_wconf 90' lang='lat' dir='ltr'><strong>ita</strong></span> <span class='ocrx_word' id='word_1_788' title='bbox 2323 4082 2390 4136; x_wconf 89' lang='lat' dir='ltr'><strong>de</strong></span> <span class='ocrx_word' id='word_1_789' title='bbox 2419 4082 2740 4151; x_wconf 84' lang='lat' dir='ltr'><strong>Erigeniana</strong></span> <span class='ocrx_word' id='word_1_790' title='bbox 2775 4081 3133 4150; x_wconf 82' lang='lat' dir='ltr'><strong>ArcOpagitae</strong></span> <span class='ocrx_word' id='word_1_791' title='bbox 3178 4080 3427 4134; x_wconf 87' lang='lat' dir='ltr'><strong>versione</strong></span> <span class='ocrx_word' id='word_1_792' title='bbox 3452 4079 3518 4130; x_wconf 91' lang='lat' dir='ltr'><strong>ad</strong></span> <span class='ocrx_word' id='word_1_793' title='bbox 3559 4075 3818 4131; x_wconf 85' lang='lat' dir='ltr'><strong>Carolum</strong></span> 
     </span>
    </p>
   </div>
   <div class='ocr_carea' id='block_1_103' title="bbox 2223 4174 3816 4245">
    <p class='ocr_par' dir='ltr' id='par_1_103' title="bbox 2223 4174 3816 4245">
     <span class='ocr_line' id='line_1_105' title="bbox 2223 4174 3816 4245; baseline -0.005 -15"><span class='ocrx_word' id='word_1_794' title='bbox 2223 4176 2445 4231; x_wconf 84' lang='lat' dir='ltr'><strong>Calvum</strong></span> <span class='ocrx_word' id='word_1_795' title='bbox 2484 4176 2698 4245; x_wconf 87' lang='lat' dir='ltr'><strong>scripsit</strong></span> <span class='ocrx_word' id='word_1_796' title='bbox 2724 4174 2798 4244; x_wconf 81' lang='grc' dir='ltr'><strong>(η)</strong></span> <span class='ocrx_word' id='word_1_797' title='bbox 2831 4189 2844 4227; x_wconf 91' lang='lat'><strong>:</strong></span> <span class='ocrx_word' id='word_1_798' title='bbox 2883 4192 2901 4224; x_wconf 87' lang='grc'><em>‹</em></span> <span class='ocrx_word' id='word_1_799' title='bbox 2953 4174 3251 4228; x_wconf 80' lang='lat' dir='ltr'><strong>Mirandum</strong></span> <span class='ocrx_word' id='word_1_800' title='bbox 3284 4185 3498 4242; x_wconf 90' lang='lat' dir='ltr'><strong>quoque</strong></span> <span class='ocrx_word' id='word_1_801' title='bbox 3522 4178 3633 4232; x_wconf 90' lang='lat' dir='ltr'><strong>est,</strong></span> <span class='ocrx_word' id='word_1_802' title='bbox 3675 4182 3816 4237; x_wconf 82' lang='lat' dir='ltr'><strong>quo-</strong></span> 
     </span>
    </p>
   </div>
   <div class='ocr_carea' id='block_1_104' title="bbox 2226 4297 3812 4372">
    <p class='ocr_par' dir='ltr' id='par_1_104' title="bbox 2226 4297 3812 4372">
     <span class='ocr_line' id='line_1_106' title="bbox 2226 4297 3812 4372; baseline -0.008 -10"><span class='ocrx_word' id='word_1_803' title='bbox 2226 4309 2363 4362; x_wconf 89' lang='lat' dir='ltr'><strong>libro</strong></span> <span class='ocrx_word' id='word_1_804' title='bbox 2379 4306 2444 4361; x_wconf 91' lang='lat' dir='ltr'><strong>de</strong></span> <span class='ocrx_word' id='word_1_805' title='bbox 2466 4305 2734 4372; x_wconf 87' lang='lat' dir='ltr'><strong>praedest.</strong></span> <span class='ocrx_word' id='word_1_806' title='bbox 2759 4307 3024 4372; x_wconf 84' lang='lat' dir='ltr'><strong>exposuit.</strong></span> <span class='ocrx_word' id='word_1_807' title='bbox 3047 4304 3128 4358; x_wconf 88' lang='lat' dir='ltr'><strong>Cf.</strong></span> <span class='ocrx_word' id='word_1_808' title='bbox 3149 4303 3285 4358; x_wconf 86' lang='lat' dir='ltr'><strong>infra</strong></span> <span class='ocrx_word' id='word_1_809' title='bbox 3314 4303 3446 4371; x_wconf 88' lang='lat' dir='ltr'><strong>Cap.</strong></span> <span class='ocrx_word' id='word_1_810' title='bbox 3470 4300 3558 4364; x_wconf 86' lang='lat' dir='ltr'><strong>IV,</strong></span> <span class='ocrx_word' id='word_1_811' title='bbox 3584 4298 3686 4372; x_wconf 88' lang='lat' dir='ltr'><strong>col.</strong></span> <span class='ocrx_word' id='word_1_812' title='bbox 3715 4297 3812 4359; x_wconf 75' lang='lat'><strong>27,</strong></span> 
     </span>
    </p>
   </div>
   <div class='ocr_carea' id='block_1_105' title="bbox 2229 4371 3816 4446">
    <p class='ocr_par' dir='ltr' id='par_1_105' title="bbox 2229 4371 3816 4446">
     <span class='ocr_line' id='line_1_107' title="bbox 2229 4371 3816 4446; baseline -0.008 -14"><span class='ocrx_word' id='word_1_813' title='bbox 2229 4387 2342 4432; x_wconf 91' lang='lat' dir='ltr'><strong>not.</strong></span> <span class='ocrx_word' id='word_1_814' title='bbox 2377 4393 2422 4429; x_wconf 79' lang='grc' dir='ltr'><strong>ε.</strong></span> <span class='ocrx_word' id='word_1_815' title='bbox 2465 4371 2646 4445; x_wconf 81' lang='lat' dir='ltr'><strong>Neque</strong></span> <span class='ocrx_word' id='word_1_816' title='bbox 2675 4371 2852 4446; x_wconf 86' lang='lat' dir='ltr'><strong>tamen</strong></span> <span class='ocrx_word' id='word_1_817' title='bbox 2881 4377 2930 4429; x_wconf 89' lang='lat' dir='ltr'><strong>id</strong></span> <span class='ocrx_word' id='word_1_818' title='bbox 2961 4379 3101 4446; x_wconf 86' lang='lat' dir='ltr'><strong>quod</strong></span> <span class='ocrx_word' id='word_1_819' title='bbox 3121 4375 3233 4442; x_wconf 90' lang='lat' dir='ltr'><strong>jam</strong></span> <span class='ocrx_word' id='word_1_820' title='bbox 3266 4375 3511 4442; x_wconf 87' lang='lat' dir='ltr'><strong>proximo</strong></span> <span class='ocrx_word' id='word_1_821' title='bbox 3544 4371 3720 4446; x_wconf 70' lang='lat' dir='ltr'><strong>capite</strong></span> <span class='ocrx_word' id='word_1_822' title='bbox 3745 4385 3816 4421; x_wconf 79' lang='lat' dir='ltr'><strong>ex</strong></span> 
     </span>
    </p>
   </div>
   <div class='ocr_carea' id='block_1_106' title="bbox 2157 4440 3821 4530">
    <p class='ocr_par' dir='ltr' id='par_1_106' title="bbox 2157 4440 3821 4530">
     <span class='ocr_line' id='line_1_108' title="bbox 2157 4440 3821 4530; baseline -0.007 -28"><span class='ocrx_word' id='word_1_823' title='bbox 2157 4471 2202 4530; x_wconf 82' lang='lat' dir='ltr'><strong>D</strong></span> <span class='ocrx_word' id='word_1_824' title='bbox 2229 4448 2347 4530; x_wconf 78' lang='lat' dir='ltr'><strong>loco</strong></span> <span class='ocrx_word' id='word_1_825' title='bbox 2367 4440 2606 4530; x_wconf 67' lang='lat' dir='ltr'><strong>quodam</strong></span> <span class='ocrx_word' id='word_1_826' title='bbox 2632 4445 2722 4530; x_wconf 62' lang='lat' dir='ltr'><strong>(cf.</strong></span> <span class='ocrx_word' id='word_1_827' title='bbox 2737 4463 2902 4530; x_wconf 61' lang='lat' dir='ltr'><strong>supra</strong></span> <span class='ocrx_word' id='word_1_828' title='bbox 2917 4440 3324 4528; x_wconf 21' lang='lat' dir='ltr'><strong>col..&#39;l5,vuot.ig)</strong></span> <span class='ocrx_word' id='word_1_829' title='bbox 3342 4442 3601 4530; x_wconf 66' lang='lat' dir='ltr'><strong>prrmeptii</strong></span> <span class='ocrx_word' id='word_1_830' title='bbox 3633 4440 3821 4530; x_wconf 42' lang='lat' dir='ltr'><strong>.Is‘rige—</strong></span> 
     </span>
    </p>
   </div>
   <div class='ocr_carea' id='block_1_107' title="bbox 2231 4511 3830 4586">
    <p class='ocr_par' dir='ltr' id='par_1_107' title="bbox 2231 4511 3830 4586">
     <span class='ocr_line' id='line_1_109' title="bbox 2231 4511 3830 4586; baseline -0.008 -13"><span class='ocrx_word' id='word_1_831' title='bbox 2231 4511 2471 4573; x_wconf 44' lang='lat' dir='ltr'><strong>niani&#39;ad</strong></span> <span class='ocrx_word' id='word_1_832' title='bbox 2501 4511 2704 4572; x_wconf 86' lang='lat' dir='ltr'><strong>scholia</strong></span> <span class='ocrx_word' id='word_1_833' title='bbox 2737 4511 3039 4572; x_wconf 41' lang='lat' dir='ltr'><strong>SfMaximi</strong></span> <span class='ocrx_word' id='word_1_834' title='bbox 3077 4511 3288 4586; x_wconf 50' lang='lat' dir='ltr'><strong>patere&#39;</strong></span> <span class='ocrx_word' id='word_1_835' title='bbox 3310 4511 3830 4586; x_wconf 48' lang='lat' dir='ltr'><strong>animadvertimus,-</strong></span> 
     </span>
    </p>
   </div>
   <div class='ocr_carea' id='block_1_108' title="bbox 2231 4579 3834 4660">
    <p class='ocr_par' dir='ltr' id='par_1_108' title="bbox 2231 4579 3834 4660">
     <span class='ocr_line' id='line_1_110' title="bbox 2231 4579 3834 4660; baseline -0.008 -16"><span class='ocrx_word' id='word_1_836' title='bbox 2231 4589 2340 4644; x_wconf 85' lang='lat' dir='ltr'><strong>ullo</strong></span> <span class='ocrx_word' id='word_1_837' title='bbox 2376 4599 2553 4660; x_wconf 84' lang='lat' dir='ltr'><strong>pacto,</strong></span> <span class='ocrx_word' id='word_1_838' title='bbox 2579 4599 2660 4642; x_wconf 89' lang='lat' dir='ltr'><strong>est</strong></span> <span class='ocrx_word' id='word_1_839' title='bbox 2688 4588 3005 4660; x_wconf 81' lang='lat' dir='ltr'><strong>verisimile,</strong></span> <span class='ocrx_word' id='word_1_840' title='bbox 3037 4579 3180 4660; x_wconf 72' lang='lat' dir='ltr'><strong>eum,</strong></span> <span class='ocrx_word' id='word_1_841' title='bbox 3217 4586 3528 4660; x_wconf 75' lang='lat' dir='ltr'><strong>priusquam</strong></span> <span class='ocrx_word' id='word_1_842' title='bbox 3553 4582 3619 4634; x_wconf 87' lang='lat' dir='ltr'><strong>ad</strong></span> <span class='ocrx_word' id='word_1_843' title='bbox 3651 4579 3834 4660; x_wconf 37' lang='lat' dir='ltr'><strong>Caro:</strong></span> 
     </span>
    </p>
   </div>
   <div class='ocr_carea' id='block_1_109' title="bbox 2233 4656 3817 4727">
    <p class='ocr_par' dir='ltr' id='par_1_109' title="bbox 2233 4656 3817 4727">
     <span class='ocr_line' id='line_1_111' title="bbox 2233 4656 3817 4727; baseline -0.009 -12"><span class='ocrx_word' id='word_1_844' title='bbox 2233 4661 2345 4715; x_wconf 92' lang='lat' dir='ltr'><strong>lum</strong></span> <span class='ocrx_word' id='word_1_845' title='bbox 2377 4656 2601 4715; x_wconf 81' lang='lat' dir='ltr'><strong>Calvum</strong></span> <span class='ocrx_word' id='word_1_846' title='bbox 2639 4659 2872 4723; x_wconf 83' lang='lat' dir='ltr'><strong>venerit,</strong></span> <span class='ocrx_word' id='word_1_847' title='bbox 2901 4659 3256 4727; x_wconf 83' lang='lat' dir='ltr'><strong>Areopagitae</strong></span> <span class='ocrx_word' id='word_1_848' title='bbox 3280 4656 3445 4710; x_wconf 89' lang='lat' dir='ltr'><strong>libros</strong></span> <span class='ocrx_word' id='word_1_849' title='bbox 3476 4656 3817 4718; x_wconf 81' lang='lat' dir='ltr'><strong>cognovisse.</strong></span> 
     </span>
    </p>
   </div>
   <div class='ocr_carea' id='block_1_110' title="bbox 2304 4729 3781 4801">
    <p class='ocr_par' dir='ltr' id='par_1_110' title="bbox 2304 4729 3781 4801">
     <span class='ocr_line' id='line_1_112' title="bbox 2304 4729 3781 4801; baseline -0.001 -17"><span class='ocrx_word' id='word_1_850' title='bbox 2304 4731 2379 4801; x_wconf 88' lang='lat' dir='ltr'><strong>(j)</strong></span> <span class='ocrx_word' id='word_1_851' title='bbox 2410 4729 2492 4784; x_wconf 86' lang='lat' dir='ltr'><strong>Cf.</strong></span> <span class='ocrx_word' id='word_1_852' title='bbox 2519 4729 2761 4784; x_wconf 85' lang='lat' dir='ltr'><strong>Schluet.</strong></span> <span class='ocrx_word' id='word_1_853' title='bbox 2796 4731 3007 4798; x_wconf 82' lang='lat' dir='ltr'><strong>p..-(it)8.</strong></span> <span class='ocrx_word' id='word_1_854' title='bbox 3189 4796 3202 4801; x_wconf 92' lang='lat'>_</span> <span class='ocrx_word' id='word_1_855' title='bbox 3263 4797 3276 4801; x_wconf 95' lang='lat'><em>_</em></span> <span class='ocrx_word' id='word_1_856' title='bbox 3456 4796 3466 4801; x_wconf 90' lang='lat'>_</span> <span class='ocrx_word' id='word_1_857' title='bbox 3494 4795 3505 4801; x_wconf 91' lang='lat'><em>_</em></span> <span class='ocrx_word' id='word_1_858' title='bbox 3777 4796 3781 4800; x_wconf 10' lang='grc' dir='ltr'><strong><em>ἢ</em></strong></span> 
     </span>
    </p>
   </div>
   <div class='ocr_carea' id='block_1_111' title="bbox 2303 4795 3826 4871">
    <p class='ocr_par' dir='ltr' id='par_1_111' title="bbox 2303 4795 3826 4871">
     <span class='ocr_line' id='line_1_113' title="bbox 2303 4795 3826 4871; baseline -0.007 -17"><span class='ocrx_word' id='word_1_859' title='bbox 2404 4801 2755 4855; x_wconf 85' lang='lat' dir='ltr'><strong>Schlueterus</strong></span> <span class='ocrx_word' id='word_1_860' title='bbox 2778 4795 3148 4871; x_wconf 63' lang='lat' dir='ltr'><strong>compertum</strong></span> <span class='ocrx_word' id='word_1_861' title='bbox 3189 4795 3664 4871; x_wconf 60' lang='lat' dir='ltr'><strong>liaberevidctttr,</strong></span> <span class='ocrx_word' id='word_1_862' title='bbox 3697 4796 3826 4871; x_wconf 84' lang='lat' dir='ltr'><strong>post</strong></span> 
     </span>
    </p>
   </div>
   <div class='ocr_carea' id='block_1_112' title="bbox 2232 4865 3823 4937">
    <p class='ocr_par' dir='ltr' id='par_1_112' title="bbox 2232 4865 3823 4937">
     <span class='ocr_line' id='line_1_114' title="bbox 2232 4865 3823 4937; baseline -0.008 -12"><span class='ocrx_word' id='word_1_863' title='bbox 2232 4865 2431 4927; x_wconf 84' lang='lat' dir='ltr'><strong>annum</strong></span> <span class='ocrx_word' id='word_1_864' title='bbox 2469 4871 2730 4925; x_wconf 81' lang='lat' dir='ltr'><strong>DCCCLV</strong></span> <span class='ocrx_word' id='word_1_865' title='bbox 2757 4865 2970 4923; x_wconf 82' lang='lat' dir='ltr'><strong>demum</strong></span> <span class='ocrx_word' id='word_1_866' title='bbox 2995 4869 3278 4937; x_wconf 79' lang='lat' dir='ltr'><strong>Erigonam</strong></span> <span class='ocrx_word' id='word_1_867' title='bbox 3303 4867 3367 4920; x_wconf 91' lang='lat' dir='ltr'><strong>ad</strong></span> <span class='ocrx_word' id='word_1_868' title='bbox 3393 4865 3520 4937; x_wconf 87' lang='lat' dir='ltr'><strong>illud</strong></span> <span class='ocrx_word' id='word_1_869' title='bbox 3545 4865 3823 4937; x_wconf 68' lang='lat' dir='ltr'><strong>negotium</strong></span> 
     </span>
    </p>
   </div>
   <div class='ocr_carea' id='block_1_113' title="bbox 2235 4931 3837 5011">
    <p class='ocr_par' dir='ltr' id='par_1_113' title="bbox 2235 4931 3837 5011">
     <span class='ocr_line' id='line_1_115' title="bbox 2235 4931 3837 5011; baseline -0.006 -15"><span class='ocrx_word' id='word_1_870' title='bbox 2235 4942 2523 5011; x_wconf 90' lang='lat' dir='ltr'><strong>impulsum</strong></span> <span class='ocrx_word' id='word_1_871' title='bbox 2556 4957 2694 4995; x_wconf 89' lang='lat' dir='ltr'><strong>esse.</strong></span> <span class='ocrx_word' id='word_1_872' title='bbox 2738 4941 3026 5011; x_wconf 86' lang='lat' dir='ltr'><strong>Postquam</strong></span> <span class='ocrx_word' id='word_1_873' title='bbox 3061 4931 3204 4991; x_wconf 73' lang='lat' dir='ltr'><strong>enim</strong></span> <span class='ocrx_word' id='word_1_874' title='bbox 3230 4931 3722 5011; x_wconf 74' lang='lat' dir='ltr'><strong>(edit._cji_is_p.IV)</strong></span> <span class='ocrx_word' id='word_1_875' title='bbox 3754 4933 3837 5011; x_wconf 74' lang='lat' dir='ltr'><strong>de-</strong></span> 
     </span>
    </p>
   </div>
   <div class='ocr_carea' id='block_1_114' title="bbox 2233 5003 3820 5082">
    <p class='ocr_par' dir='ltr' id='par_1_114' title="bbox 2233 5003 3820 5082">
     <span class='ocr_line' id='line_1_116' title="bbox 2233 5003 3820 5082; baseline -0.007 -15"><span class='ocrx_word' id='word_1_876' title='bbox 2233 5003 2463 5082; x_wconf 80' lang='lat' dir='ltr'><strong>concilio</strong></span> <span class='ocrx_word' id='word_1_877' title='bbox 2493 5011 2713 5082; x_wconf 12' lang='lat' dir='ltr'><strong>iValent.</strong></span> <span class='ocrx_word' id='word_1_878' title='bbox 2737 5003 2994 5082; x_wconf 40' lang='lat' dir='ltr'><strong>quod-illo</strong></span> <span class='ocrx_word' id='word_1_879' title='bbox 3025 5011 3140 5082; x_wconf 82' lang='lat' dir='ltr'><strong>ipso</strong></span> <span class='ocrx_word' id='word_1_880' title='bbox 3170 5003 3311 5082; x_wconf 79' lang='lat' dir='ltr'><strong>anno</strong></span> <span class='ocrx_word' id='word_1_881' title='bbox 3335 5005 3428 5082; x_wconf 68' lang='lat' dir='ltr'><strong>(cf.</strong></span> <span class='ocrx_word' id='word_1_882' title='bbox 3466 5005 3602 5082; x_wconf 68' lang='lat' dir='ltr'><strong>Mab.</strong></span> <span class='ocrx_word' id='word_1_883' title='bbox 3633 5003 3820 5057; x_wconf 78' lang='lat' dir='ltr'><strong>animi.</strong></span> 
     </span>
    </p>
   </div>
   <div class='ocr_carea' id='block_1_115' title="bbox 2232 5075 3818 5140">
    <p class='ocr_par' dir='ltr' id='par_1_115' title="bbox 2232 5075 3818 5140">
     <span class='ocr_line' id='line_1_117' title="bbox 2232 5075 3818 5140; baseline -0.006 -6"><span class='ocrx_word' id='word_1_884' title='bbox 2232 5081 2432 5137; x_wconf 88' lang='lat' dir='ltr'><strong>Bened.</strong></span> <span class='ocrx_word' id='word_1_885' title='bbox 2451 5081 2571 5135; x_wconf 88' lang='lat' dir='ltr'><strong>libr.</strong></span> <span class='ocrx_word' id='word_1_886' title='bbox 2593 5082 2680 5136; x_wconf 69' lang='grc'><strong>5-4.</strong></span> <span class='ocrx_word' id='word_1_887' title='bbox 2710 5075 2770 5136; x_wconf 47' lang='lat' dir='ltr'><strong>n.-</strong></span> <span class='ocrx_word' id='word_1_888' title='bbox 2789 5081 2874 5140; x_wconf 78' lang='lat'><strong>95.</strong></span> <span class='ocrx_word' id='word_1_889' title='bbox 2897 5079 2998 5133; x_wconf 88' lang='lat' dir='ltr'><strong>Nat</strong></span> <span class='ocrx_word' id='word_1_890' title='bbox 3042 5075 3303 5134; x_wconf 72' lang='lat' dir='ltr'><strong>Alexand.</strong></span> <span class='ocrx_word' id='word_1_891' title='bbox 3335 5078 3460 5132; x_wconf 89' lang='lat' dir='ltr'><strong>hist.</strong></span> <span class='ocrx_word' id='word_1_892' title='bbox 3490 5075 3683 5131; x_wconf 84' lang='lat' dir='ltr'><strong>eccles.</strong></span> <span class='ocrx_word' id='word_1_893' title='bbox 3707 5088 3818 5127; x_wconf 85' lang='lat' dir='ltr'><strong>sec.</strong></span> 
     </span>
    </p>
   </div>
   <div class='ocr_carea' id='block_1_116' title="bbox 2232 5149 3824 5224">
    <p class='ocr_par' dir='ltr' id='par_1_116' title="bbox 2232 5149 3824 5224">
     <span class='ocr_line' id='line_1_118' title="bbox 2232 5149 3824 5224; baseline -0.008 -17"><span class='ocrx_word' id='word_1_894' title='bbox 2232 5152 2302 5207; x_wconf 79' lang='lat' dir='ltr'><strong>IX</strong></span> <span class='ocrx_word' id='word_1_895' title='bbox 2328 5163 2382 5207; x_wconf 92' lang='lat' dir='ltr'><strong>et</strong></span> <span class='ocrx_word' id='word_1_896' title='bbox 2407 5152 2477 5217; x_wconf 80' lang='grc' dir='ltr'><strong>Χ,</strong></span> <span class='ocrx_word' id='word_1_897' title='bbox 2503 5153 2720 5206; x_wconf 86' lang='lat' dir='ltr'><strong>dissert.</strong></span> <span class='ocrx_word' id='word_1_898' title='bbox 2745 5151 2811 5212; x_wconf 75' lang='grc' dir='ltr'><strong>ν,</strong></span> <span class='ocrx_word' id='word_1_899' title='bbox 2845 5151 2872 5222; x_wconf 84' lang='lat'>§</span> <span class='ocrx_word' id='word_1_900' title='bbox 2902 5149 3263 5224; x_wconf 71' lang='lat' dir='ltr'><strong>Xl)_habi_tnm</strong></span> <span class='ocrx_word' id='word_1_901' title='bbox 3289 5157 3392 5224; x_wconf 72' lang='lat' dir='ltr'><strong>est,</strong></span> <span class='ocrx_word' id='word_1_902' title='bbox 3427 5160 3824 5224; x_wconf 62' lang='lat' dir='ltr'><strong>etumnemora-</strong></span> 
     </span>
    </p>
   </div>
   <div class='ocr_carea' id='block_1_117' title="bbox 2237 5214 3822 5292">
    <p class='ocr_par' dir='ltr' id='par_1_117' title="bbox 2237 5214 3822 5292">
     <span class='ocr_line' id='line_1_119' title="bbox 2237 5214 3822 5292; baseline -0.008 -14"><span class='ocrx_word' id='word_1_903' title='bbox 2237 5225 2331 5287; x_wconf 87' lang='lat' dir='ltr'><strong>vit,</strong></span> <span class='ocrx_word' id='word_1_904' title='bbox 2366 5214 2473 5278; x_wconf 78' lang='lat' dir='ltr'><strong>hoc</strong></span> <span class='ocrx_word' id='word_1_905' title='bbox 2495 5224 2653 5277; x_wconf 89' lang='lat' dir='ltr'><strong>modo</strong></span> <span class='ocrx_word' id='word_1_906' title='bbox 2681 5214 2894 5292; x_wconf 49' lang='lat' dir='ltr'><strong>pergitvz</strong></span> <span class='ocrx_word' id='word_1_907' title='bbox 2929 5243 2945 5273; x_wconf 86' lang='grc'><strong>‹</strong></span> <span class='ocrx_word' id='word_1_908' title='bbox 2978 5214 3118 5274; x_wconf 78' lang='lat' dir='ltr'><strong>Post</strong></span> <span class='ocrx_word' id='word_1_909' title='bbox 3147 5218 3482 5292; x_wconf 10' lang='lat' dir='ltr'><strong>haiecharol.</strong></span> <span class='ocrx_word' id='word_1_910' title='bbox 3513 5216 3661 5271; x_wconf 83' lang='lat' dir='ltr'><strong>Calv.</strong></span> <span class='ocrx_word' id='word_1_911' title='bbox 3699 5214 3822 5292; x_wconf 63' lang='lat' dir='ltr'><strong>Eri-</strong></span> 
     </span>
    </p>
   </div>
   <div class='ocr_carea' id='block_1_118' title="bbox 2233 5284 3825 5364">
    <p class='ocr_par' dir='ltr' id='par_1_118' title="bbox 2233 5284 3825 5364">
     <span class='ocr_line' id='line_1_120' title="bbox 2233 5284 3825 5364; baseline -0.007 -15"><span class='ocrx_word' id='word_1_912' title='bbox 2233 5284 2423 5364; x_wconf 83' lang='lat' dir='ltr'><strong>genam</strong></span> <span class='ocrx_word' id='word_1_913' title='bbox 2448 5295 2511 5346; x_wconf 90' lang='lat' dir='ltr'><strong>ad</strong></span> <span class='ocrx_word' id='word_1_914' title='bbox 2531 5284 2815 5364; x_wconf 65' lang='lat' dir='ltr'><strong>(I’seudo:)</strong></span> <span class='ocrx_word' id='word_1_915' title='bbox 2841 5292 3206 5364; x_wconf 51' lang='lat' dir='ltr'><strong>Dionysium)</strong></span> <span class='ocrx_word' id='word_1_916' title='bbox 3236 5290 3343 5364; x_wconf 70' lang='lat' dir='ltr'><strong>[sic</strong></span> <span class='ocrx_word' id='word_1_917' title='bbox 3363 5288 3470 5364; x_wconf 53' lang='grc' dir='ltr'><strong>ιη,</strong></span> <span class='ocrx_word' id='word_1_918' title='bbox 3506 5284 3825 5364; x_wconf 70' lang='lat' dir='ltr'><strong>vertendum</strong></span> 
     </span>
    </p>
   </div>
   <div class='ocr_carea' id='block_1_119' title="bbox 2231 5354 3822 5434">
    <p class='ocr_par' dir='ltr' id='par_1_119' title="bbox 2231 5354 3822 5434">
     <span class='ocr_line' id='line_1_121' title="bbox 2231 5354 3822 5434; baseline -0.007 -15"><span class='ocrx_word' id='word_1_919' title='bbox 2231 5354 2487 5420; x_wconf 64' lang='lat' dir='ltr'><strong>Excitavit</strong></span> <span class='ocrx_word' id='word_1_920' title='bbox 2508 5354 2554 5416; x_wconf 65' lang='grc' dir='ltr'>ιζ</span> <span class='ocrx_word' id='word_1_921' title='bbox 2581 5363 2655 5417; x_wconf 79' lang='lat' dir='ltr'><strong>Ne</strong></span> <span class='ocrx_word' id='word_1_922' title='bbox 2679 5364 2781 5418; x_wconf 91' lang='lat' dir='ltr'><strong>hoc</strong></span> <span class='ocrx_word' id='word_1_923' title='bbox 2799 5354 3017 5434; x_wconf 78' lang='lat' dir='ltr'><strong>quidem</strong></span> <span class='ocrx_word' id='word_1_924' title='bbox 3033 5403 3048 5430; x_wconf 89' lang='lat'><strong>,</strong></span> <span class='ocrx_word' id='word_1_925' title='bbox 3074 5361 3214 5416; x_wconf 89' lang='lat' dir='ltr'><strong>unde</strong></span> <span class='ocrx_word' id='word_1_926' title='bbox 3237 5354 3508 5422; x_wconf 69' lang='lat' dir='ltr'><strong>didicerit,</strong></span> <span class='ocrx_word' id='word_1_927' title='bbox 3534 5357 3643 5412; x_wconf 83' lang='lat' dir='ltr'><strong>ullo</strong></span> <span class='ocrx_word' id='word_1_928' title='bbox 3663 5354 3822 5410; x_wconf 75' lang='lat' dir='ltr'><strong>mode</strong></span> 
     </span>
    </p>
   </div>
   <div class='ocr_carea' id='block_1_120' title="bbox 2235 5436 2788 5505">
    <p class='ocr_par' dir='ltr' id='par_1_120' title="bbox 2235 5436 2788 5505">
     <span class='ocr_line' id='line_1_122' title="bbox 2235 5436 2788 5505; baseline -0.005 -16"><span class='ocrx_word' id='word_1_929' title='bbox 2235 5437 2470 5505; x_wconf 88' lang='lat' dir='ltr'><strong>reperire</strong></span> <span class='ocrx_word' id='word_1_930' title='bbox 2498 5436 2788 5504; x_wconf 89' lang='lat' dir='ltr'><strong>potuimus.</strong></span> 
     </span>
    </p>
   </div>
   <div class='ocr_carea' id='block_1_121' title="bbox 2309 5501 3523 5576">
    <p class='ocr_par' dir='ltr' id='par_1_121' title="bbox 2309 5501 3523 5576">
     <span class='ocr_line' id='line_1_123' title="bbox 2309 5501 3523 5576; baseline -0.004 -18"><span class='ocrx_word' id='word_1_931' title='bbox 2309 5507 2370 5576; x_wconf 85' lang='lat' dir='ltr'><strong>(I)</strong></span> <span class='ocrx_word' id='word_1_932' title='bbox 2396 5506 2476 5560; x_wconf 82' lang='lat' dir='ltr'><strong>Cf.</strong></span> <span class='ocrx_word' id='word_1_933' title='bbox 2500 5501 2947 5576; x_wconf 50' lang='lat' dir='ltr'><strong>&#39;Staudenmaier.</strong></span> <span class='ocrx_word' id='word_1_934' title='bbox 2978 5501 3015 5557; x_wconf 94' lang='lat' dir='ltr'><strong>I.</strong></span> <span class='ocrx_word' id='word_1_935' title='bbox 3041 5501 3076 5556; x_wconf 95' lang='lat' dir='ltr'><strong>I.</strong></span> <span class='ocrx_word' id='word_1_936' title='bbox 3105 5519 3159 5576; x_wconf 78' lang='lat' dir='ltr'><strong>p.</strong></span> <span class='ocrx_word' id='word_1_937' title='bbox 3183 5501 3288 5576; x_wconf 71' lang='lat' dir='ltr'><strong>I66</strong></span> <span class='ocrx_word' id='word_1_938' title='bbox 3319 5509 3433 5556; x_wconf 88' lang='lat' dir='ltr'><strong>not.</strong></span> <span class='ocrx_word' id='word_1_939' title='bbox 3471 5501 3523 5553; x_wconf 63' lang='grc' dir='ltr'><strong>ιι</strong></span> 
     </span>
    </p>
   </div>
   <div class='ocr_carea' id='block_1_122' title="bbox 2311 5574 3346 5646">
    <p class='ocr_par' dir='ltr' id='par_1_122' title="bbox 2311 5574 3346 5646">
     <span class='ocr_line' id='line_1_124' title="bbox 2311 5574 3346 5646; baseline -0.005 -17"><span class='ocrx_word' id='word_1_940' title='bbox 2311 5574 2405 5646; x_wconf 74' lang='lat' dir='ltr'><strong>(in)</strong></span> <span class='ocrx_word' id='word_1_941' title='bbox 2432 5576 2513 5630; x_wconf 83' lang='lat' dir='ltr'><strong>Cf.</strong></span> <span class='ocrx_word' id='word_1_942' title='bbox 2547 5574 2992 5646; x_wconf 60' lang='lat' dir='ltr'><strong>Staudenmaier.</strong></span> <span class='ocrx_word' id='word_1_943' title='bbox 3014 5590 3068 5643; x_wconf 92' lang='lat' dir='ltr'><strong>p.</strong></span> <span class='ocrx_word' id='word_1_944' title='bbox 3100 5575 3346 5646; x_wconf 78' lang='lat' dir='ltr'><strong>166_seq.</strong></span> 
     </span>
    </p>
   </div>
   <div class='ocr_carea' id='block_1_123' title="bbox 2311 5644 3410 5718">
    <p class='ocr_par' dir='ltr' id='par_1_123' title="bbox 2311 5644 3410 5718">
     <span class='ocr_line' id='line_1_125' title="bbox 2311 5644 3410 5718; baseline -0.006 -18"><span class='ocrx_word' id='word_1_945' title='bbox 2311 5644 2394 5718; x_wconf 76' lang='grc' dir='ltr'><strong>(η)</strong></span> <span class='ocrx_word' id='word_1_946' title='bbox 2421 5647 2602 5703; x_wconf 81' lang='lat' dir='ltr'><strong>Usser.</strong></span> <span class='ocrx_word' id='word_1_947' title='bbox 2633 5661 2720 5717; x_wconf 90' lang='lat' dir='ltr'><strong>ep.</strong></span> <span class='ocrx_word' id='word_1_948' title='bbox 2744 5646 2861 5700; x_wconf 82' lang='lat' dir='ltr'><strong>.hib.</strong></span> <span class='ocrx_word' id='word_1_949' title='bbox 2897 5645 3088 5716; x_wconf 80' lang='lat' dir='ltr'><strong>syllog.</strong></span> <span class='ocrx_word' id='word_1_950' title='bbox 3120 5659 3173 5713; x_wconf 92' lang='lat' dir='ltr'><strong>p.</strong></span> <span class='ocrx_word' id='word_1_951' title='bbox 3296 5658 3410 5712; x_wconf 86' lang='lat' dir='ltr'><strong>seq.</strong></span> 
     </span>
    </p>
   </div>
  </div>
