4036 5378
193 387 257 444 2t
1029 386 1114 438 nr.
1159 386 1312 439 \‘t'ln
1356 385 1433 440 E1
1484 386 1890 442 PltAtJEPTIS
1925 387 1976 440 .I.
2019 387 2235 442 soon.
2274 391 2342 429 -λ
2383 389 2561 447 rans
2599 391 2638 446 l.
3391 391 3468 456 ες

191 497 359 552 modo
379 493 464 549 ille
493 493 572 548 vir
598 493 1000 548 barbarus......
1025 494 1152 548 talia
1183 495 1452 552 intellectu
1480 503 1692 566 capere,
1725 497 1776 550 in
1805 497 1856 557 Α
1883 497 2069 552 citavit
2118 498 2444 556 Paschasius
2477 501 2807 570 Radbertus,
2845 503 3036 562 Gallici
3067 506 3314 564 coenobii
3341 508 3474 564 Cor-

189 588 463 656 aliamque
494 585 727 656 linguam
759 586 1058 640 transferre
1085 587 1433 642 valuerit.....
1457 619 1526 628 —
1555 589 1660 643 Sed
1680 591 1781 644 hoc

188 687 446 747 operatus
472 683 556 730 est
585 675 672 729 ille
702 673 896 728 artifex
927 676 1184 744 spiritus,
1217 678 1307 746 qui
1333 677 1475 732 hunc
1501 679 1780 733 ardentem

188 769 396 838 pariter
421 775 477 820 et
503 767 810 834 loquentem
842 765 1001 830 fecit;
1030 769 1130 821 nisi
1160 769 1302 822 enim
1329 785 1393 823 ex
1421 771 1592 839 gratia
1616 769 1782 839 ipsius

188 858 312 929 igne
339 856 585 911 caritatis
631 855 940 924 ﬂagrasset,
982 873 1325 929 nequaquam
1357 862 1556 915 donum
1585 862 1782 932 iinguis

187 949 440 1018 loquendi
485 949 674 1020 procul
705 950 869 1005 dubio
919 953 1340 1020 suscepisset....
1367 952 1589 1009 —Cum
1637 963 1783 1010 esset

188 1040 410 1094 humilis
437 1041 630 1110 spiritu
658 1079 674 1104 ,
707 1055 812 1095 non
859 1043 1259 1111 praesumpsit,
1299 1043 1447 1099 verbi
1477 1046 1778 1114 proprieta-

189 1141 294 1184 tem
323 1129 900 1186 deserere...—Uude
927 1131 1126 1186 factum
1144 1141 1260 1195 est,
1286 1141 1345 1187 ut
1371 1142 1574 1187 tantum
1605 1134 1780 1190 virum

187 1221 540 1291 (Dionysium
564 1221 968 1292 Arcopagitam)
998 1223 1135 1276 intra
1158 1223 1436 1290 cujusdam
1461 1224 1778 1298 Labyrinthi

185 1310 422 1367 diﬂicilia
458 1313 695 1367 irretiret
721 1353 735 1376 ,
764 1322 818 1367 et
849 1313 899 1366 ia
927 1313 1098 1368 antris
1127 1313 1567 1383 profundioribus
1595 1315 1781 1371 invisi-

189 1402 437 1459 biliorem
464 1404 698 1472 quodam
731 1404 890 1458 molo
915 1405 1227 1470 collocaret,
1255 1415 1311 1458 et
1331 1422 1491 1475 quem
1515 1407 1780 1477 interpre-

189 1505 427 1550 taturum
470 1504 815 1564 susceperat,
894 1496 1072 1552 adhuc
1114 1496 1360 1552 redderet
1413 1498 1774 1565 interpretan-

184 1590 308 1644 dum
349 1610 399 1642 ι.
435 1589 636 1644 Eodem
660 1589 817 1658 plane
857 1592 1014 1644 modo
1041 1591 1108 1644 de
1131 1591 1221 1644 illa
1243 1591 1490 1645 versione
1512 1591 1780 1661 Erigonae

177 1679 384 1750 judicat
417 1680 720 1736 Guilelmus
764 1680 1282 1746 Maltnesburieusis,
1333 1683 1578 1751 judicant
1608 1684 1641 1736 ii
1682 1684 1774 1752 qui

185 1773 327 1828 hunc
372 1772 958 1841 sequuntur,.Simeon
997 1774 1393 1837 Dunclmensis,
1437 1783 1492 1828 et
1523 1774 1776 1828 Matthias

1880 584 2114 642 beicnsis
2140 590 2390 645 antistes.

1957 679 2152 733 Verum
2200 695 2264 734 ex
2321 681 2551 736 instituti
2600 685 2774 738 nostri
2824 686 3034 740 ratione
3079 704 3183 743 non
3234 690 3472 761 integras

1881 769 1999 823 illas
2021 771 2189 834 rixas,
2215 772 2426 828 sedeas
2455 782 2663 828 tantum
2691 785 2872 844 partes
2897 778 3308 847 explicabimus,
3332 797 3472 851 quae

1882 859 2026 914 Secti
2063 860 2298 927 fuerunt,
2350 879 2597 934 quaeque
2645 866 2728 920 his
2757 866 2888 935 ipsis
2916 867 3062 922 Scoti
3095 872 3339 938 partibus
3368 889 3469 929 ned

1879 952 2168 1005 cessat-iam
2197 952 2372 1007 lucem
2401 954 2680 1010 alfundere
2716 955 3022 1011 videantur.

1953 1040 2233 1095 Damnavit
2267 1042 2431 1110 igitur
2456 1043 2870 1099 Gothescalcum
2904 1047 2981 1116 (f)
3013 1057 3070 1100 ut
3100 1049 3470 1117 praedestina.

1880 1131 2058 1186 tianae
2106 1133 2348 1190 haeresis
2395 1139 2702 1192 convictum
2738 1138 3078 1204 Hincmarus,
3112 1141 3473 1212 archiepiscoo

1878 1237 1979 1292 pus
2026 1225 2328 1290 Remensis,
2377 1243 2500 1282 cum
2546 1231 2754 1299 synodo
2809 1230 2829 1283 l
2883 1233 3022 1302 apud
3057 1232 3388 1289 Carisiacum
3416 1250 3468 1290 a.

1884 1318 2226 1373 DCCCXLIX
2278 1322 2458 1375 habita
2513 1323 2611 1392 (g).
2665 1324 3027 1382 Damnaverat
3082 1327 3311 1382 eundem
3355 1328 3470 1394 jam

1877 1410 2128 1478 proximo
2173 1426 2316 1465 anno
2365 1413 2656 1467 concilium
2690 1414 3058 1485 Moguntinum
3102 1416 3145 1471 ll
3197 1419 3295 1472 sub
3332 1417 3470 1473 llra-

1879 1500 2038 1562 bano,
2073 1502 2161 1570 qui
2194 1518 2259 1554 eo
2309 1503 2427 1570 ipso
2460 1513 2697 1572 tempore
2729 1506 3171 1577 archiepiscopus
3202 1508 3474 1579 Moguntid

1879 1607 1979 1646 nus
2008 1601 2127 1646 erat
2153 1601 2372 1646 creatus
2398 1593 2496 1664 (Ii).
2528 1595 2680 1664 Apud
2715 1596 2861 1650 illum
2889 1598 3031 1652 enim
3059 1597 3468 1664 Gothescalcus,

1878 1683 1969 1752 qui
2018 1682 2072 1736 in
2115 1682 2400 1738 itineribus
2446 1699 2546 1753 per
2570 1685 2776 1740 Italiam
2819 1687 3275 1758 Germaniamque
3316 1689 3475 1744 factis

1878 1775 2114 1844 primum
2146 1776 2213 1829 de
2260 1776 2470 1846 gemina
2514 1778 3004 1846 praedestinatione
3034 1796 3340 1836 sermonem
3389 1781 3470 1835 fe-

184 1864 810 1920 Westmonasteriensis.
851 1864 982 1918 Ille:
1019 1881 1038 1915 ι
1087 1863 1320 1918 Verbum
1359 1883 1402 1928 ι,
1441 1865 1644 1933 inquit.
1676 1883 1694 1915 ι
1746 1879 1778 1918 e
1812 1857 1852 1914 Β
1881 1869 2068 1929 cisset,
2123 1868 2279 1922 istius
2309 1870 2516 1923 erroris
2561 1881 2847 1925 accusatus
2893 1871 3100 1925 fuerat:
3127 1883 3288 1941 atque
3333 1873 3466 1927 haec

185 1958 350 2012 verbo
371 1957 476 2025 (α),
503 1954 800 2032 transtulit.
832 1955 950 2022 Quo
1001 1955 1091 2020 iit,
1134 1963 1190 2008 ut
1216 1955 1304 2009 vix
1338 1955 1672 2026 intelligatur
1696 1955 1772 2008 la-

185 2049 291 2102 tina
324 2048 529 2111 littera,
579 2062 719 2116 quae
763 2047 1103 2102 volubilitate
1148 2049 1320 2118 magis
1360 2063 1582 2117 graeca,
1611 2063 1774 2117 quam

185 2140 454 2208 positione
487 2139 823 2194 construitur
849 2147 1030 2196 nostra
1067 2160 1086 2191 ι
1119 2140 1154 2192 i.
1184 2155 1235 2194 e.
1264 2139 1452 2194 latina.

246 2231 429 2300 Atque
459 2239 680 2300 propter
714 2231 853 2285 hanc
880 2231 1050 2299 ipsam
1084 2231 1544 2300 interpretationis
1583 2229 1774 2297 Erige-

183 2311 373 2376 nianae
421 2315 817 2377 obscuritatem
855 2321 1059 2378 factum
1083 2338 1206 2377 esse
1236 2331 1443 2392 putant,
1491 2332 1550 2376 ut
1591 2333 1776 2393 postea

183 2413 438 2468 oblivioni
465 2415 790 2478 traderetur,
822 2430 920 2468 nec
946 2414 1046 2474 nisi
1075 2430 1339 2483 perpauca
1365 2415 1484 2485 ejus
1504 2415 1780 2484 exempla-

185 2506 258 2559 ria
276 2505 508 2574 pmpius
531 2505 598 2558 ad
624 2515 863 2560 nostram
885 2515 1120 2560 aetatem
1145 2507 1474 2560 accesserint
1502 2505 1578 2577 (ὁ)
1597 2507 1649 2560 li.
1676 2506 1782 2576 Ty-

184 2597 264 2664 pis
275 2597 554 2665 descripta
571 2596 1037 2664 prodiitColouiae
1051 2596 1374 2667 Agrippinae
1396 2614 1499 2652 una
1517 2613 1640 2653 cum
1657 2597 1780 2652 aliis

185 2689 508 2757 quibusdam
529 2689 770 2758 antiquis
797 2688 1281 2760 Pseudo-Diouysii
1316 2690 1657 2745 versionibus
1683 2691 1777 2761 (c).

251 2781 524 2846 Alterum,
566 2782 781 2849 de.quo
827 2782 1084 2845 diximus,
1127 2782 1390 2851 Erigenae
1417 2797 1572 2851 opus,
1615 2783 1784 2837 inter-

188 2875 553 2941 pretationem
601 2875 945 2930 Scltoliurum
994 2877 1047 2929 in
1096 2875 1415 2945 Gregorium
1447 2875 1780 2946 theologum,

189 2964 424 3018 Thomas
460 2963 684 3029 Galeas,
728 2964 1081 3030 Oxoniensis,
1118 2980 1223 3018 una
1255 2980 1378 3019 cum
1409 2964 1562 3019 libris
1589 2967 1656 3019 de
1695 2966 1786 3020 di-

186 3056 390 3109 visione
413 3056 658 3111 Naturae
687 3057 855 3109 edidit
881 3056 982 3126 (ἀ).
1014 3057 1316 3126 Acceperat
1338 3057 1414 3122 id,
1450 3065 1508 3110 ut
1539 3056 1654 3126 ipse
1683 3058 1778 3120 ait,

187 3160 343 3216 opera
373 3146 604 3202 Joannis
638 3145 930 3201 Mabillouii
957 3147 1049 3215 (ε).

797 3257 1024 3315 CAPUT
1074 3255 1164 3313 IV.

192 3348 334 3414 Quae
360 3351 578 3417 gesserit
613 3349 840 3420 I'frigeua
867 3353 920 3404 in
960 3350 1065 3405 illis
1094 3350 1452 3421 theologorum
1483 3363 1782 3407 controver-

568 3423 682 3482 siis,
734 3438 960 3491 quorum
1004 3424 1262 3490 particeps
1293 3423 1412 3491 fuit.

255 3513 404 3569 Duae
427 3513 677 3575 omnino,
694 3521 928 3581 utsupra
948 3509 1058 3581 jam
1081 3513 1381 3576 docuimus,
1405 3512 1621 3568 fuerunt
1637 3515 1786 3568 theon

189 3605 429 3676 logorum
463 3621 677 3676 pugnae
713 3605 860 3659 Secti
891 3605 1221 3674 temporibus
1253 3622 1350 3673 per
1377 3605 1606 3659 Galliam
1638 3621 1786 3660 com-

193 3699 421 3761 missae,
479 3711 712 3766 quarum
764 3711 907 3749 nunc
954 3710 1140 3749 sumus
1183 3697 1512 3749 mentionem
1563 3695 1780 3750 facturi.

191 3786 367 3842 Altera
407 3789 475 3842 de
515 3787 1013 3858 praedestinatione
1048 3795 1191 3840 mota
1223 3794 1308 3841 est
1337 3801 1367 3840 a
1404 3786 1781 3852 Gothescalco,

190 3878 480 3935 Orbaccnsi
535 3879 802 3934 monacho
823 3920 837 3941 ,
871 3879 1100 3932 alteram
1130 3879 1197 3934 de
1226 3878 1282 3932 S.
1316 3878 1652 3932 Eucharistia
1684 3895 1784 3934 ev-

260 4018 334 4086 (u)
371 4017 457 4072 Cf.
496 4018 686 4071 Thom.
721 4015 871 4070 Gale.
908 4015 942 4068 l.
979 4015 1014 4068 1.
1045 4016 1245 4086 testim.
1281 4031 1333 4084 p.
1464 4050 1473 4059 ρ

258 4084 333 4154 (ὺδ
361 4089 446 4140 Cf.
485 4087 706 4141 Ilisloir.
740 4086 841 4138 litt.
872 4086 935 4139 tle
962 4086 1012 4139 la
1047 4084 1166 4148 Fr.,
1207 4095 1342 4140 tom.
1370 4085 1431 4148 V,
1459 4100 1509 4153 p.
1537 4084 1661 4138 426.

258 4156 329 4229 (c)
356 4158 469 4229 GL,
500 4172 665 4229 supra
696 4156 799 4229 col.
834 4157 923 4220 19,
953 4165 1083 4229 uol.
1115 4173 1164 4229 g.

258 4224 334 4299 (id)
369 4228 457 4282 Cl'.
491 4224 584 4280 J0.—
636 4229 724 4281 Sc.
756 4228 905 4296 Erig.
934 4228 999 4299 tle
1027 4227 1184 4299 divis,
1217 4224 1347 4299 Nat.
1371 4224 1491 4299 libri
1525 4226 1590 4278 γ.
1618 4225 1785 4299 Aecc-

195 4294 274 4378 tlit'
297 4300 580 4380 Appendix
615 4314 678 4380 es
719 4294 1088 4380 Ambilguisﬁ.
1132 4297 1348 4379 lllaximi
1381 4294 1567 4380 (ξε-ξειὲ
1665 4295 1781 4380 ’15::

193 4369 316 4424 line.
342 4363 538 4424 Uxonii
567 4384 596 4421 e
629 4369 842 4420 theatro
873 4363 1270 4421 Scheldouiano
1297 4382 1344 4419 a.
1401 4363 1778 4420 MDCLXX’XI.

259 4441 325 4509 (ε)
358 4439 443 4494 Cf.
476 4437 835 4509 Thom.Gale.
873 4438 906 4491 Ι.
943 4437 976 4491 Ι.
1018 4441 1218 4492 testim.
1254 4437 1424 4509 p.12.

259 4507 334 4579 (fi)
374 4511 506 4563 Erat
541 4510 583 4561 is
614 4507 937 4579 Otjbacelisis
965 4509 1181 4579 quidem
1215 4507 1530 4573 monachus,
1575 4523 1674 4563 nec
1706 4517 1784 4562 ta-

191 4578 307 4635 men
339 4581 561 4634 natione
590 4578 798 4642 Gallus,
840 4579 931 4632 sed
961 4579 1125 4632 Saxo.
1156 4578 1316 4632 Patre
1361 4579 1504 4631 enim
1540 4595 1668 4632 usus
1699 4588 1784 4633 est

192 4651 382 4704 comite
433 4649 638 4710 Beruo,
694 4649 1031 4719 nobilissimo
1081 4651 1224 4704 inter
1268 4649 1510 4719 Saxones
1561 4664 1778 4719 genere.

194 4720 432 4774 Tradunt
484 4731 688 4782 autem,
738 4718 1150 4779 Gothoscaleum
1198 4718 1480 4789 puerulum
1533 4718 1708 4773 adhuc
1751 4735 1780 4773 a

191 4793 498 4860 parentibus
529 4793 642 4845 suis
687 4789 739 4842 in
766 4789 1024 4845 coenobio
1055 4789 1305 4844 Fuldensi
1347 4809 1362 4839 ι
1408 4789 1516 4842 Deo
1546 4806 1664 4843 esse
1688 4791 1782 4844 ob-

194 4861 352 4915 latum
387 4882 431 4914 ι.
464 4860 560 4915 llic
589 4877 693 4914 una
727 4875 845 4912 cum
879 4877 944 4916 eo
971 4862 1035 4914 ad
1067 4860 1276 4915 litteras
1307 4860 1547 4913 incubuit
1594 4860 1781 4914 Wala-

192 4932 356 4985 fridus
386 4930 612 4994 Strabo,
644 4944 805 4999 quem
837 4931 1023 4985 habuit
1055 4931 1464 4986 amicissimum.
1519 4930 1600 4984 Ci.
1645 4929 1780 4984 Wa-

194 4999 310 5054 lafr.
340 5017 514 5073 poem.
553 5004 602 5056 iu
636 5001 1061 5073 Maxsliiblioth.
1098 5010 1332 5073 patru_tn_,
1365 5001 1495 5055 edit.
1525 4999 1771 5073 Lugdun.

195 5070 485 5138 tumﬁXV,
535 5088 587 5142 p.
634 5073 735 5127 ‘23l
787 5070 938 5126 C-G.
975 5070 1149 5138 Quuiu
1200 5070 1563 5142 adolesceret,
1607 5070 1776 5126 {itam

194 5139 559 5214 ntoiiacliicam
617 5151 899 5214 pertaesus
940 5144 1093 5213 petiit
1139 5143 1208 5196 ab
1255 5139 1496 5210 Otgario,
1531 5145 1774 5212 archiep.

193 5211 453 5293 Moguut.,
481 5223 560 5293 ut,
611 5211 868 5293 quoniam
913 5211 1112 5293 invitus
1141 5214 1206 5267 ad
1238 5228 1356 5267 eam
1387 5215 1663 5290 adductus
1693 5211 1778 5267 es-

806 5283 816 5293 u
1068 5286 1097 5300 υ.
1387 5283 1418 5290 --
1445 5286 1454 5290 -

649 5295 758 5318 Inln
805 5299 909 5308 -υι-ιι
927 5301 964 5304 αι

193 5293 263 5324 ﬁ."
287 5323 300 5330 η
334 5283 446 5328 pinu
481 5285 758 5326 I'qlnnlnln

1882 1958 1994 2028 ipsa
2046 1958 2284 2026 synodus
2326 1959 2638 2012 damntum
2694 1975 2816 2014 emn
2871 1961 3089 2015 miserat
3139 1961 3470 2027 Hincmaro,

1880 2053 2268 2106 mouachormn
2300 2050 2688 2105 Orbacensium
2719 2053 3091 2122 metropolitae
3118 2055 3199 2124 (ἰ).

1951 2143 2100 2210 Quae
2125 2143 2518 2198 fueritconeilii
2551 2143 2844 2214 Moguntiui
2875 2147 3142 2199 sententia
3175 2146 3240 2199 de
3271 2145 3474 2200 Gothe-

1881 2235 2058 2289 scaleo
2091 2235 2218 2296 lata,
2253 2235 2407 2288 docet
2455 2234 2678 2304 epistola
2709 2234 2968 2298 llrabani,
2999 2245 3218 2306 peracto
3245 2235 3476 2289 concilio

1881 2340 2044 2395 super
2074 2327 2172 2380 hac
2199 2326 2311 2395 ipsa
2341 2340 2400 2379 re
2430 2329 2496 2380 ad
2522 2325 2872 2380 Hiucmarum
2895 2327 3115 2396 scripta.
3146 2327 3202 2380 lu
3229 2344 3290 2380 ea
3315 2327 3478 2395 igitur

1883 2419 2106 2488 epistola
2136 2419 2204 2488 (j)
2233 2436 2247 2471 :
2276 2437 2295 2470 ‹
2325 2419 2648 2474 Gothescalc
2681 2437 2728 2482 ι,
2760 2419 2856 2483 ait,
2905 2437 2923 2468 ‹
2965 2420 3110 2472 venit
3141 2420 3206 2472 ad
3235 2434 3333 2473 nos
3367 2419 3480 2473 Moo

1883 2514 2146 2584 guutiam,
2192 2527 2358 2565 novas
2379 2511 2794 2581 superstitiones
2823 2520 2878 2564 et
2921 2511 3138 2564 noxiam
3173 2511 3475 2565 doctrinam

1882 2603 1951 2658 de
1995 2602 2491 2672 praedestinatione
2539 2601 2630 2655 Dei
2663 2602 3035 2662 introducens,
3066 2609 3119 2653 et
3169 2599 3392 2670 populos
3423 2600 3478 2653 in

1885 2707 2125 2748 errorem
2173 2692 2416 2754 mittens,
2451 2692 2658 2754 dicens,
2697 2691 2840 2760 quod
2888 2689 3312 2759 praedestinatio
3361 2687 3478 2752 Dei,

1885 2785 2026 2838 sicut
2067 2785 2118 2837 in
2149 2783 2310 2846 bono,
2337 2782 2408 2835 sit
2438 2782 2510 2836 ita
2541 2790 2595 2836 et
2622 2782 2674 2836 in
2705 2781 2868 2846 malo,
2896 2790 2950 2835 et
2987 2780 3124 2834 tales
3151 2780 3259 2835 sint
3290 2779 3343 2833 in
3378 2781 3482 2834 hoc

1886 2876 2088 2930 mundo
2113 2876 2350 2943 quidam,
2383 2873 2472 2942 qui
2507 2880 2730 2942 propter
2755 2871 3304 2940 praedestinationem
3358 2871 3476 2935 Dei,

1885 2985 2025 3038 quae
2047 2984 2140 3022 eos
2169 2977 2322 3037 cogat
2353 2969 2404 3020 in
2438 2975 2666 3027 mortem
2693 2966 2793 3029 ire,
2827 2980 2930 3017 non
2965 2963 3173 3033 possint
3199 2963 3266 3016 ab
3295 2977 3483 3017 errore

1886 3071 1940 3115 et
1979 3069 2201 3131 peccato
2231 3075 2289 3113 se
2320 3059 2618 3128 corrigere,
2644 3057 2799 3126 quasi
2832 3057 2975 3110 Deus
3004 3070 3099 3110 eos
3150 3055 3368 3109 fecisset
3412 3055 3482 3108 ab

1886 3152 2043 3207 initio
2065 3149 2464 3221 incorrigihiles
2490 3162 2633 3214 esse,
2659 3157 2936 3218 etpoenae
2961 3146 3225 3201 obnoxios
3248 3146 3302 3199 iu
3331 3145 3473 3199 inte-

1890 3243 2052 3297 ritum
2084 3243 2165 3296 ire
2196 3261 2236 3293 ι.

1961 3333 2074 3388 lloc
2118 3331 2384 3403 judicium
2435 3330 2676 3401 synodus
2726 3327 3137 3390 Carisiacensis,
3193 3327 3260 3380 ad
3311 3340 3502 3404 quam_

1889 3425 2212 3479 llincuiarus
2264 3423 2488 3477 missum
2541 3420 2641 3474 sibi
2695 3417 3110 3474 Golhescalcum
3157 3417 3224 3471 de
3275 3417 3486 3487 integro

1881 3515 2230 3585 iudicandum
2281 3513 2598 3575 adduxerat,
2631 3511 2853 3564 cumino
2878 3517 3052 3562 ratum
3082 3508 3286 3569 habuit,
3319 3518 3484 3575 atque

1887 3615 2166 3677 praeterea
2198 3604 2467 3659 infelicem
2499 3601 2648 3656 illum
2696 3601 3020 3655 monachum
3061 3608 3283 3668 propter
3309 3598 3479 3666 perti-

1887 3697 2121 3760 naciam,
2165 3710 2270 3765 qua
2318 3709 2448 3748 usus
2491 3700 2669 3758 esset,
2721 3691 3040 3762 gravissima
3073 3704 3244 3758 poena
3275 3687 3478 3743 allecit.

1888 3787 2082 3843 Narrat
2121 3789 2260 3841 hanc
2309 3799 2422 3840 rem
2469 3784 2795 3853 Hiucmarus
2828 3784 2881 3836 in
2921 3783 3060 3837 libro
3082 3781 3150 3836 de
3179 3779 3481 3850 praedesti-

1886 3879 2108 3933 natione
2135 3876 2214 3948 (Ιί)
2241 3893 2254 3928 :
2289 3893 2308 3926 ι
2335 3873 2724 3954 Gotltescaleus
2755 3892 2802 3938 ι,
2829 3871 3026 3942 inquit,
3060 3888 3078 3920 ι
3126 3870 3229 3936 sic,
3260 3877 3317 3922 ut
3343 3878 3396 3924 et
3427 3869 3480 3922 in

1887 4020 2190 4082 cogeretur.
2227 4009 2273 4082 ls
2307 4018 2486 4063 tamen
2512 4008 2563 4061 in
2595 4008 2855 4082 coenobio
2887 4005 3140 4082 Fuldensi
3174 4003 3313 4082 apud
3347 4003 3479 4082 lira-

1887 4073 2082 4137 hahum
2113 4081 2314 4133 diutius
2346 4095 2568 4132 manere
2590 4079 2780 4141 noluit,
2810 4077 3140 4145 sccessitque
3167 4073 3233 4128 ad
3264 4073 3474 4145 Gallos,

1885 4153 1974 4206 ubi
2004 4153 2056 4205 in
2081 4151 2394 4206 Orbaceuse
2425 4150 2812 4202 monasterium
2844 4161 2962 4200 sese
2994 4141 3220 4199 abdidit.
3249 4143 3332 4198 Cl".
3367 4141 3480 4196 Ma-

1886 4223 2071 4277 billon.
2097 4237 2220 4276 anu.
2250 4221 2342 4272 lib.
2373 4217 2540 4282 XXX,
2567 4235 2620 4270 n.
2649 4218 2750 4282 50;
2778 4215 3000 4271 Centur.
3031 4214 3300 4282 Magdeln,
3330 4219 3476 4282 cent.

1886 4291 1978 4355 IX,
2007 4291 2264 4362 cap.79ct
2304 4292 2387 4362 10,
2415 4289 2545 4342 edit.
2579 4287 2738 4362 Basil.
2773 4287 3008 4340 column.
3036 4281 3160 4362 illi3
3193 4282 3318 4362 5_i3,

1958 4351 2032 4434 (ᾳ)
2075 4351 2158 4417 Cl.
2201 4360 2396 4434 Mans],
2438 4375 2497 4434 s._
2525 4358 2721 4434 cont-il;
2755 4374 2890 4434 ninia
2915 4366 2974 4434 et
3001 4355 3333 4424 amplissima
3358 4351 3480 4406 Col-

1886 4427 2046 4488 lec't'io
2085 4443 2215 4486 tom.
2249 4430 2385 4492 XIV,
2416 4429 2520 4485 col.
2555 4429 2660 4483 9l9
2684 4427 2883 4482 (1-922
2915 4427 2974 4480 E.

1985 4505 2039 4573 Il)
2069 4502 2150 4558 cr.
2189 4501 2381 4573 Mansi.
2414 4501 2450 4554 1.
2480 4501 2517 4554 1.
2547 4499 2649 4554 col.
2682 4499 2786 4554 9:3
2818 4497 2990 4573 ocis
3021 4495 3082 4552 Ε.

1985 4506 2039 4573 Ιι)
2069 4506 2150 4558 Cf.
2189 4506 2381 4556 Mansi.
2414 4506 2450 4554 l.
2480 4506 2517 4554 Ι.
2547 4506 2649 4554 col.
2682 4506 2786 4554 915
2819 4506 2990 4552 1)-918
3021 4506 3082 4552 Ε.

1961 4506 2022 4646 ἓξ)
2066 4574 2240 4646 Quu_m
2287 4571 2597 4646 Orbacense
2644 4568 3032 4646 monasterium
3074 4567 3296 4646 proprie
3333 4573 3481 4646 esset

1887 4636 2149 4700 «ﬂocces—is
2177 4642 2587 4704 Suessonensis,
2615 4650 2810 4694 etcum
2864 4639 2964 4693 hac
3001 4639 3214 4692 demum
3248 4636 3495 4702 dioecesi

1889 4717 1940 4769 in
1971 4716 2346 4785 metropolitae
2371 4713 2652 4785 lletncusis
2678 4709 3108 4785 iurisdietionem
3135 4709 3481 4785 concederet,

1888 4777 2182 4841 mittendus
2211 4786 2312 4838 fuit
2343 4799 2448 4836 non
2480 4782 2892 4848 archiepiscopo
2923 4780 3196 4838 Remeusi.
3244 4779 3334 4832 sed
3368 4777 3481 4845 epi-

1887 4873 2051 4926 scopo
2079 4854 2466 4926 Suchzoueusi.
2495 4853 2689 4906 Verum
2733 4852 2844 4918 ipse
2877 4849 3204 4926 lliucmarus
3237 4851 3285 4926 in
3319 4848 3479 4926 epist.

1887 4929 1952 4980 ad
1986 4918 2283 4981 'Nicolaum
2331 4925 2368 4978 Ι.
2399 4924 2586 4985 missa,
2620 4936 2758 4990 quae
2803 4929 2887 4973 est
2942 4921 3081 4990 apud
3124 4918 3482 4990 Elodoarduin

1888 4996 1982 5065 (cf.
2009 4997 2290 5051 Flodoardi
2314 4994 2443 5048 hist.
2471 4987 2668 5065 ecclesl.
2716 4987 3098 5065 ιὶυιμρηεξιὶὶ)Γ
3127 4989 3213 5052 lll,
3243 5004 3361 5065 cap.
3389 4987 3484 5040 12-

1890 5057 2007 5136 M),
2059 5068 2339 5131 declarat,
2395 5080 2493 5117 cur
2539 5060 2984 5139 Gothescalcus,__
3012 5061 3263 5139 episcopo
3313 5057 3482 5136 Sues-

1887 5131 2121 5194 sioueusi
2145 5139 2355 5198 relicto,
2381 5150 2412 5205 a_
2435 5149 2494 5188 se
2511 5132 2847 5205 potissimum
2871 5131 3145 5205 judicatus
3168 5131 3240 5205 sit
3265 5147 3292 5205 :_
3311 5144 3327 5176 ι
3357 5131 3484 5205 quia

1886 5209 2190 5276 Boihadus,
2222 5211 2286 5263 de
2332 5203 2487 5276 cujus
2512 5199 2767 5276 paroebia
2801 5199 2942 5267 erat,
2973 5202 3045 5276 illi
3098 5199 3371 5254 nesciebat
3403 5208 3504 5274 re-~

2256 5297 2302 5310 "‘
2362 5275 2641 5316 ιξιὶΙΙιειιίιια
2685 5275 2847 5308 ιιΙῖοιιιὶ
2903 5275 3146 5308 Ιιηῖυιυιηο
