4056 6276
500 311 577 370 23
1362 320 1369 331 '
1422 315 1428 320 ’
1631 306 1721 365 DE
1758 305 1809 362 ι.
1846 304 2073 363 SCOTO

2190 302 2618 363 MMENTATIO.
2724 302 2732 306 '
3699 321 3767 379 ει

494 423 816 499 Moguntina
861 421 1102 489 civitate,
1151 421 1401 477 inventus
1426 420 1557 492 (est)
1584 419 1890 476 haereticus
1921 426 2085 489 atque
2113 420 2162 479 Α
2190 418 2352 483 sit,...
2391 419 2677 490 praecipue
2701 429 2891 476 contra
2914 419 3297 492 Pelagianos...
3323 441 3352 482 a
3381 426 3441 482 Β.
3471 412 3771 500 Augustino

504 515 908 587 incorrigihilis.
962 513 1183 569 Honore
1227 511 1696 584 presbyterali.....
1730 510 2006 580 abiectus,
2034 517 2109 585 et.

503 623 604 678 pro
657 622 754 662 sua
805 604 1149 662 irrevocabili
1194 602 1652 659 contumacia"...
1701 613 1764 657 ut
1813 601 2089 672 improbus

504 699 674 768 virgis
700 713 979 753 caesus....
1028 712 1095 751 ne
1120 696 1244 752 aliis
1271 704 1510 761 noceret,
1542 696 1634 766 qui
1660 695 1761 751 sibi
1793 695 1940 767 (ipsi)
1966 706 2089 766 pro-

503 787 662 844 desse
691 788 923 849 nolebat,
956 786 1228 857 ergastulo
1252 796 1336 841 est
1362 794 1606 841 retrosus
1634 805 1678 839 ι.
1707 794 1711 799 ·

576 879 726 947 Quae
775 894 965 950 poena,
1001 878 1367 934 miserandum
1399 878 1452 932 in
1482 878 1699 931 modum
1732 874 2090 931 Gothescalco

505 966 775 1040 irrogata,
805 969 992 1031 movit,
1029 975 1089 1022 ut
1118 967 1233 1022 ﬁeri
1263 967 1422 1033 solet,
1456 964 1732 1040 hominum
1767 976 1878 1021 tum
1929 966 2089 1022 mise-

505 1062 772 1115 rationem
830 1066 941 1112 tum
982 1057 1430 1129 indignationem.
1476 1057 1585 1123 Ac,
1619 1058 1665 1113 si
1704 1058 1791 1112 cui
1823 1058 1959 1112 haec
2003 1071 2091 1113 res

505 1150 689 1209 minus
712 1150 863 1205 cordi
907 1159 1075 1223 esset,
1108 1151 1438 1204 exstiterunt
1481 1151 1677 1205 summi
1710 1149 1967 1218 theologi,
1996 1149 2089 1219 qui

504 1251 856 1308 vererentur,
910 1257 979 1297 ne
1029 1241 1233 1312 injuste
1278 1241 1497 1296 fecisset
1526 1240 1913 1309 ‘Iliucmarusr
1946 1239 2089 1309 quod

503 1333 845 1390 Gothescalci
888 1333 1084 1404 placita
1124 1331 1621 1402 praedestinatiano
1658 1346 1847 1387 errore
1892 1330 2090 1386 infecta

502 1438 627 1481 esse
644 1424 966 1494 iudicasset.

572 1512 685 1569 Nec
745 1513 958 1579 hercle,
1011 1527 1365 1583 quaecunque
1430 1511 1673 1582 alioquin
1748 1510 2091 1568 Gothescaici

502 1604 774 1660 sententia
803 1602 929 1669 fuit,
960 1619 1025 1659 ex
1063 1603 1231 1673 ipsius
1260 1603 1462 1667 verbis,
1493 1603 1690 1672 quibus
1713 1616 1836 1657 eam
1869 1600 2095 1673 Mogun-

503 1696 651 1751 tinae
695 1696 902 1767 synodo
927 1694 1235 1766 explicavit,
1262 1704 1530 1766 quatenus
1561 1695 1827 1765 hodieque
1852 1702 2090 1760 exstant,

2194 511 2492 582 plenius":
2531 527 2654 568 esse
2698 516 3046 585 cognoscitur
3102 517 3451 576 inculcatum.
3506 522 3660 581 Unde
3718 534 3772 583 te

2192 598 2486 693 (Hrahane)
2518 593 2697 676 potius
2716 604 2954 689 ejusdem
2985 610 3223 666 doctoris
3247 613 3636 672 assertionibus
3664 632 3771 672 ma-

2189 695 2393 750 lueram
2429 696 2548 761 niti,
2580 711 2743 767 quam
2780 699 3025 754 erroneis
3051 699 3395 770 Opinionibus
3423 701 3775 763 Maissiliensis

2084 820 2089 823 -
2188 785 2523 842 Gennadii...
2547 804 2567 835 ι

2202 886 2209 893 ’
2259 877 2438 948 Atque
2470 879 2603 934 haec
2632 878 2744 948 ipsa
2774 893 2862 934 res
2894 894 3227 936 summorum
3253 883 3619 956 theologorum
3656 896 3771 942 stu-

2190 968 2278 1023 dia
2305 969 2584 1024 excitavit.
2619 969 2969 1026 Hincmarum
3020 973 3075 1027 in
3103 973 3444 1043 Gothescalci
3474 978 3771 1047 praedesti-

2191 1061 2411 1115 natione
2451 1062 2756 1117 damnanda
2806 1062 2864 1118 S.
2898 1063 3259 1134 Augustinum
3280 1066 3505 1134 petiisse
3538 1068 3774 1123 arbitra-

2190 1150 2407 1204 bantur.
2423 1149 2609 1221 Itaque
2629 1152 2829 1206 acriter
2844 1153 3161 1222 impugnant
3176 1154 3525 1210 Ilincmarum
3545 1154 3774 1228 eiusque

2191 1242 2445 1309 amicum,
2497 1244 2590 1315 qui
2645 1244 2699 1299 in
2737 1243 3080 1300 Gothescalci
3129 1261 3294 1301 causa
3324 1246 3690 1303 ﬁdelissimam
3718 1250 3771 1305 ei

2190 1348 2415 1404 operam
2449 1334 2822 1404 praestiterat,
2875 1334 3193 1399 Pardulum,
3223 1336 3533 1406 episcopum
3558 1336 3776 1392 Laudo-

2192 1441 2435 1482 nensem.
2457 1427 2602 1483 Inter
2621 1443 2760 1497 quos
2786 1426 3066 1483 Hincmari
3087 1427 3415 1499 Pardnlique
3435 1430 3781 1494 adversarios

2195 1516 2545 1583 Ratraumus,
2595 1517 2894 1572 monachus
2915 1516 3285 1580 Corheiensis,
3328 1517 3387 1571 S.
3420 1517 3774 1584 Prudentius,

2193 1609 2477 1678 episcopus
2531 1609 2897 1673 Tricassinus,
2947 1608 3149 1679 Lupus,
3184 1609 3353 1663 abbas
3382 1608 3778 1675 Ferrariensis,

2194 1703 2471 1773 ctmspicui
2522 1701 2674 1758 fuere
2726 1703 2818 1774 (e).
2852 1702 2917 1758 Ili
2959 1711 3173 1757 omnes'
3206 1702 3422 1773 scriptis
3460 1702 3575 1757 suis
3609 1704 3786 1758 etiam

501 1786 612 1842 ullo
634 1796 801 1858 pacto
825 1787 1066 1858 colliges,
1108 1802 1248 1857 quae
1292 1795 1347 1842 et
1369 1785 1694 1841 Hincmarus
1721 1795 1777 1841 et
1802 1785 2091 1841 Hrabanus

2194 1792 2459 1847 malorum
2489 1793 2767 1847 hominum
2808 1790 3368 1863 praedestinationem
3395 1790 3779 1858 defendentes,

500 1875 576 1930 illi
600 1876 928 1940 tribuebant,
959 1887 1122 1947 atque
1152 1893 1276 1932 cum
1299 1876 1521 1949 synodis
1545 1876 1657 1932 suis
1678 1877 1731 1930 in
1754 1875 1844 1931 illo
1868 1876 2092 1930 danma-

497 1976 714 2022 verunt.
761 1965 950 2023 Refert
998 1968 1133 2022 haec
1167 1966 1353 2031 verba,
1391 1966 1444 2021 id
1479 1966 1621 2036 quod
1650 1966 1754 2020 hoc
1782 1964 1899 2020 loco
1942 1972 2092 2019 certe

497 2059 693 2113 summi
728 2066 814 2114 est
855 2057 1147 2123 momenti,
1193 2057 1308 2127 ipse
1361 2055 1706 2111 Ilincmarus.
1755 2055 1807 2110 Is
1850 2056 1994 2110 enim
2035 2056 2089 2110 in

497 2147 638 2203 libro
667 2163 769 2204 suo
798 2147 867 2203 de
891 2147 1380 2218 praedestinatione
1406 2148 1485 2219 (τι)
1517 2147 1661 2203 duas
1678 2162 1708 2201 a
1736 2145 2092 2203 Gothescalco

499 2241 554 2295 in
587 2240 796 2310 synodo
820 2238 1131 2310 Moguntina
1153 2240 1478 2310 scriptiones
1506 2239 1744 2311 prolatas
1766 2252 1889 2295 esse
1909 2239 2090 2304 docet,

498 2346 728 2400 quarum
762 2331 932 2385 altera
969 2331 1071 2385 fuit
1115 2349 1135 2382 ι
1184 2330 1308 2386 fidei
1338 2332 1404 2386 de
1439 2330 1931 2401 praedestinatione
1960 2344 2091 2385 con-

496 2423 663 2479 fessio
702 2442 747 2489 ι,
790 2424 961 2478 altera
996 2440 1015 2474 ι
1056 2422 1272 2479 libellus
1298 2423 1363 2478 ad
1401 2422 1712 2477 IIrabanum
1746 2441 1766 2474 ι
1800 2422 1874 2490 (b)
1900 2439 1915 2476 :
1943 2421 2090 2475 illam

498 2517 662 2571 habet
688 2516 974 2586 integram,
1009 2531 1078 2570 ex
1113 2516 1215 2571 hac
1242 2514 1400 2570 atfert
1432 2514 1755 2586 fragmenta.
1788 2513 1935 2569 Haec
1963 2526 2092 2568 vero

497 2605 843 2663 Gothescalci
890 2606 1053 2662 verba
1090 2621 1198 2662 non
1228 2608 1510 2662 continent
1546 2607 1817 2662 haeresim
1862 2607 2091 2677 praede-

496 2698 881 2755 stinatianam.
915 2696 1099 2767 Neque
1144 2699 1288 2753 enim
1318 2698 1688 2762 contendunt,
1719 2697 2092 2768 praedestina-

498 2799 611 2845 tam
640 2804 761 2844 esse
795 2804 826 2843 a
856 2788 969 2844 Deo
1015 2804 1188 2860 usque
1230 2790 1300 2845 ab
1329 2790 1475 2844 omni
1506 2791 1833 2846 aeternitate
1864 2790 2091 2845 alteram

499 2882 785 2938 hominum
808 2890 1017 2953 partem
1045 2883 1112 2936 ad
1154 2882 1293 2938 bene
1335 2892 1593 2952 recteque
1623 2883 1932 2946 vivendum,
1959 2882 2093 2936 alte-

497 2986 616 3026 ram
649 2971 716 3025 ad
754 2971 897 3027 male
936 2984 1208 3043 pravoque
1255 2973 1553 3045 agendum;
1588 2971 1733 3028 illam
1769 2972 1995 3043 proinde
2024 2974 2092 3028 ad

497 3065 861 3135 sempiternae
888 3067 1031 3121 vitae
1078 3065 1492 3132 beatitudinem,
1540 3068 1683 3123 hanc
1710 3069 1778 3123 ad
1813 3075 2088 3123 aeternam

500 3158 716 3213 futurae
763 3159 907 3212 vitae
953 3158 1491 3229 calamitatem:qua
1544 3175 1603 3213 re
1648 3159 1788 3226 ﬁeri,
1841 3169 1901 3215 ut
1950 3161 2084 3215 nihil

496 3264 719 3318 prorsus
746 3248 917 3304 libero
964 3249 1244 3304 hominum
1297 3249 1526 3304 arbitrio
1569 3250 1657 3304 sit'
1686 3250 1950 3305 relictum.
1985 3251 2088 3305 De-

495 3347 803 3394 monstrant
830 3348 1017 3395 contra
1065 3341 1201 3395 satis
1247 3349 1454 3410 aperte,
1489 3341 1655 3396 Deum
1696 3341 1944 3398 homines
1989 3342 2089 3396 im-

496 3431 617 3501 pios
678 3430 1113 3501 praedestiuasse
1171 3431 1290 3485 illos
1360 3430 1581 3501 quidem
1636 3431 1705 3485 ad
1766 3450 1786 3483 ί
1854 3440 2084 3487 mortem

497 3523 885 3594 sempiternam
921 3542 969 3590 ι,
998 3534 1098 3578 nec
1126 3523 1382 3589 voluisse,
1423 3531 1481 3579 ut
1516 3524 1820 3592 «perpetim
1868 3524 2085 3579 salven-

496 3623 588 3668 tur
627 3634 676 3681 ι,
717 3614 812 3670 sed
862 3632 881 3665 ι
924 3623 1145 3685 propter
1192 3616 1430 3684 ipsorum
1472 3614 1611 3669 maia
1660 3616 1854 3670 merita
1892 3635 1936 3681 ι,
1965 3615 2085 3671 ideo

495 3709 640 3779 quod
663 3723 760 3764 eos
808 3725 828 3759 ‹
877 3708 1157 3778 pessimos
1187 3706 1395 3763 futuros
1439 3722 1562 3763 esse
1609 3708 1990 3778 praeseivisset
2025 3710 2079 3763 »ε

498 3800 682 3867 Quare
737 3798 884 3855 solae
940 3799 1063 3854 illae
1091 3796 1415 3871 locutiones,
1446 3799 1645 3869 quibus
1695 3798 2086 3855 Gothescalcus

495 3909 628 3950 usus
669 3903 776 3960 est,
807 3892 1159 3949 oli‘ensionem
1208 3893 1462 3949 habuisse
1508 3893 1813 3951 videantur.
1838 3893 1915 3955 At
1943 3894 2087 3965 ejus-

495 3986 641 4041 modi
673 3986 973 4042 locutiones
1000 3987 1346 4056 reperiuntur
1371 3986 1534 4040 etiam
1566 3985 1710 4057 apud
1741 3985 1797 4040 S.
1828 3974 2087 4055 Augusti-

496 4093 623 4133 num
656 4078 751 4149 (τι),
776 4093 841 4132 ex
865 4076 1019 4146 cujus
1054 4078 1206 4134 libris
1241 4076 1652 4135 Gothescalcum
1676 4078 1779 4135 sibi
1804 4076 2086 4133 sustulisse

496 4169 831 4224 arbitramur
862 4184 1007 4225 suas.
1036 4170 1125 4224 Ait
1166 4170 1309 4224 enim
1337 4171 1451 4239 ipse
1482 4170 1536 4224 in
1569 4170 1863 4238 scriptione
1897 4169 1983 4223 illa
2017 4170 2084 4225 ad

495 4258 810 4315 Hrabanum
839 4261 917 4331 (ά)
950 4278 963 4314 :
999 4280 1017 4312 ι
1051 4259 1123 4315 De
1151 4261 1321 4315 libero
1358 4261 1610 4325 arbitrio,
1639 4260 1768 4330 quid
1795 4259 2084 4314 tenendum

569 4390 753 4466 ((1)th
787 4406 905 4466 ca_p.
935 4391 982 4466 Υ
1012 4407 1132 4466 cap.
1157 4391 1310 4466 XXI,
1340 4408 1459 4466 cap.
1491 4389 1660 4466 XXIV
1710 4407 1837 4466 cap.
1868 4370 2123 4466 XXVII."

570 4460 644 4547 (ὁ)
677 4460 793 4547 Ipsa
825 4460 1166 4547 Gothescalpi
1200 4462 1387 4547 verba,
1412 4460 1549 4545 lcum
1590 4460 1842 4547 δείξγίιὰιί
1878 4464 2081 4547 aliquid
2113 4472 2161 4532 D

2190 1884 2380 1940 iisdem
2434 1883 2549 1940 fere
2594 1901 2715 1940 cum
2764 1883 3147 1951 Gothcscalco,
3207 1884 3333 1953 quia
3378 1893 3434 1940 et
3481 1884 3541 1939 S.
3592 1884 3778 1956 Augu-

2189 1978 2317 2032 stini
2367 1986 2545 2044 erant,
2612 1978 2973 2034 locationibus
3033 1979 3344 2033 utebantur.
3401 1977 3585 2048 Neque
3658 1978 3783 2035 ullo

2189 2076 2352 2138 pacto
2415 2082 2478 2122 ea
2534 2067 2587 2121 in
2632 2083 2693 2124 re
2748 2067 2952 2137 culpari
3010 2075 3255 2137 possunt,
3299 2068 3496 2138 quippe
3520 2067 3611 2137 qui
3663 2085 3775 2124 non

2191 2156 2338 2211 illum
2371 2156 2425 2211 in
2459 2157 2543 2212 his
2571 2171 2792 2212 sensum
2816 2157 3002 2212 inesse
3029 2157 3318 2223 voluerint,
3339 2157 3778 2227 quemllincma-

2189 2263 2284 2304 rus
2311 2263 2433 2303 cum
2464 2247 2595 2303 suis.
2625 2246 2974 2303 Hincmarum
2995 2256 3196 2312 autem,
3223 2263 3363 2317 quae
3392 2263 3494 2302 non
3523 2262 3781 2319 sperave-

2190 2347 2294 2401 rat,
2327 2338 2395 2392 ad
2445 2338 2642 2392 incitas
2672 2337 2786 2391 fere
2814 2337 3160 2407 redegerunt.
3215 2335 3360 2390 Satis
3412 2336 3557 2391 enim
3608 2336 3780 2405 probe

2179 2426 2548 2501 intelligebat,
2576 2442 2699 2481 cum
2729 2444 2759 2481 a
2789 2425 3158 2481 celeberrimis
3205 2425 3468 2497 theologis
3490 2420 3601 2479 tam
3652 2439 3775 2479 ma-

2191 2518 2366 2575 lorum
2417 2533 2581 2588 quam
2631 2519 2918 2582 bonorum,
2950 2517 3065 2570 sive
3111 2516 3323 2586 gemina
3346 2514 3787 2586 praedestinatio

2191 2608 2502 2675 doceretur,
2525 2623 2691 2680 quam
2724 2608 2839 2679 ipse
2868 2609 2920 2663 in
2949 2607 3306 2665 Gothescalco
3345 2608 3676 2671 damnasset,
3705 2606 3784 2661 de

2192 2698 2332 2753 fama
2359 2706 2522 2769 atque
2570 2698 2970 2754 existimatione
3023 2698 3471 2767 ornamentisque
3519 2695 3775 2753 omnibus

2191 2790 2296 2845 sibi
2315 2804 2438 2845 esse
2457 2790 2868 2845 decertandum.
2897 2788 3076 2856 Quare
3102 2790 3465 2859 scriptoribus
3491 2803 3780 2859 opponeno

2193 2881 2291 2935 dos
2314 2896 2436 2936 esse
2459 2879 3049 2950 censebatscriptores.
3077 2879 3265 2948 Itaque
3294 2880 3362 2934 ab
3387 2878 3779 2934 Hiuemariana

2194 2980 2349 3040 parte
2367 2987 2491 3026 cum
2518 2970 2632 3033 alii,
2661 2978 2771 3025 tum
2793 2971 3082 3040 praecipue
3104 2969 3302 3026 Scotus
3330 2978 3535 3036 noster,
3558 2971 3650 3039 qui
3676 2984 3773 3040 ge-

2195 3062 2396 3116 minam
2442 3061 2586 3116 illam
2616 3062 3168 3132 praedestinationem
3203 3062 3282 3135 (ι’)
3308 3062 3462 3118 libris
3488 3062 3652 3118 editis
3674 3078 3775 3119 et-

2193 3163 2513 3227 pugnarent,
2543 3154 2818 3210 sollicitati
2851 3165 2978 3212 sunt
3005 3155 3104 3226 (g).
3702 3172 3710 3179 ’

2177 3273 2181 3277 ν
2260 3246 2575 3318 Composuit
2601 3247 2764 3318 igitur
2791 3245 2984 3302 Scotus
3017 3246 3213 3302 librum
3242 3261 3398 3303 suum
3446 3245 3515 3301 de
3537 3246 3779 3316 praede-'

2190 3339 2482 3393 stinatione
2539 3342 2800 3393 adversus
2827 3336 3264 3402 GotheScaIcum,
3310 3352 3544 3406 eumque
3596 3336 3769 3409 edidit

2189 3445 2332 3484 anno
2358 3427 2596 3484 DCCCLI
2639 3428 2741 3500 (It).
2772 3427 2949 3482 Semel
2975 3437 3184 3482 tantum
3214 3429 3318 3483 hoc
3340 3426 3493 3482 Secti
3520 3440 3659 3495 opus
3689 3434 3772 3495 ty-

2186 3520 2272 3589 pis
2319 3518 2652 3588 descriptum
2678 3518 2879 3588 prodiit
2909 3527 3030 3573 :est
3058 3512 3200 3586 apud
3229 3517 3574 3587 Mauguinum
3604 3516 3660 3571 in
3708 3515 3774 3570 li-

2186 3611 2311 3674 bro,
2341 3625 2502 3679 quem
2536 3609 2674 3664 infra
2704 3612 2839 3680 (not.
2870 3609 2919 3681 ε)
2950 3608 3307 3664 laudavimus.

2257 3700 2336 3755 De
2374 3698 2864 3755 Praedestfnntione
2907 3699 3037 3753 liber
3081 3698 3417 3767 undeviginti
3455 3695 3775 3767 complecti—

2190 3798 2279 3845 tur
2316 3790 2518 3861 capita,
2551 3805 2692 3860 quae
2730 3789 3006 3859 praecedit
3040 3788 3399 3858 prooemium,
3422 3785 3772 3855 subsequitur

2185 3884 2428 3956 epilogus
2451 3902 2465 3938 :
2490 3898 2589 3938 nec
2609 3882 2897 3949 admodum
2918 3882 3097 3952 magni
3110 3888 3194 3935 est
3216 3878 3519 3936 voluminis.
3543 3877 3768 3933 Missum

2184 3985 2290 4043 est,
2319 3986 2379 4031 ut
2406 3976 2459 4031 in
2501 3968 2780 4046 prooemio
2833 3974 3045 4046 legitur,
3105 3973 3393 4030 Hincmaro
3413 3970 3668 4027 Remensi
3714 3981 3774 4025 et

2186 4068 2420 4124 Pardulo
2472 4068 2848 4133 Laudunensi;
2902 4082 3132 4138 quorum
3165 4080 3365 4122 causae
3390 4073 3681 4135 patronum
3705 4079 3774 4122 se

2187 4162 2461 4218 exstitisse
2501 4160 2698 4218 Scotus
2736 4160 2945 4216 scribit.

2258 4253 2446 4325 Itaque
2481 4254 2584 4308 hoc
2634 4250 2807 4308 solum
2835 4249 2932 4321 ipsi
2963 4248 3229 4320 agendum
3261 4246 3378 4314 fuit,
3410 4255 3468 4302 ut
3494 4246 3773 4317 geminam
3870 4288 3875 4291 ι

2258 4389 2345 4461 VI.
2368 4387 2519 4461 Aiax.
2551 4384 2822 4461 _I_)iblioth.
2870 4391 2980 4439 vet.
3008 4391 3143 4452 pat.,
3187 4382 3317 4437 edit.
3350 4380 3602 4461 Lugdnn.‘
3632 4387 3763 4431 tom.

2241 4460 2315 4525 V;
2356 4459 2498 4514 Gilb.
2551 4453 2820 4526 Mauguln.
2870 4464 3115 4526 veterum
3171 4461 3475 4515 auctorum,
3512 4453 3602 4518 qui
3627 4463 3766 4526 _scc.

497 4518 733 4587 dandum
762 4542 926 4594 esset,
961 4532 1266 4587 describere
1296 4518 1586 4587 noluimus.
1619 4532 1870 4588 Ceterum
1918 4518 2082 4591 etiam
2114 4518 2157 4575 ’Τ
2186 4530 2259 4586 IX
2298 4518 2362 4585 de
2383 4529 2654 4600 praedest.
2675 4518 2733 4600 ξι
2760 4525 2943 4600 gratia
2952 4524 3322 4600 scripserunt,
3348 4537 3510 4600 Opera
3534 4530 3601 4600 et.
3623 4518 3769 4600 frag‘

495 4602 638 4672 apud
667 4600 838 4656 Natal.
865 4602 1018 4672 Alex.
1053 4602 1410 4672 reperiuntur.
1428 4602 1518 4672 Cf.
1541 4603 1664 4657 Nat.
1688 4603 1840 4660 Alex.
1867 4605 1921 4660 in
1950 4606 2080 4663 hist.

464 4670 831 4745 ἐπιδεέες.
858 4671 1010 4745 ΙΧΑθι
1043 4670 1341 4745 X,'diss._V
1369 4672 1396 4745 §
1423 4670 1509 4727 III.

567 4743 637 4817 (ς)
676 4741 760 4817 Cf.
802 4742 868 4798 de
896 4742 1047 4798 civit.
1075 4740 1316 4817 DeiXY,
1356 4740 1419 4798 [ς
1455 4764 1473 4795 ‹
1509 4744 1609 4817 Est
1648 4760 1750 4799 una
1776 4745 2077 4817 (hominum

497 4814 775 4884 suc-ictas),
830 4829 969 4885 quae
1021 4814 1421 4885 praedestinata
1459 4824 1566 4881 est,
1598 4815 1651 4870 in
1680 4814 1963 4872 aeternum
1996 4834 2080 4873 re-

497 4900 816 4958 gnarecum
846 4885 1000 4958 Deo,_
1027 4885 1514 4958 alterqaeternum
1542 4886 1864 4958 supplicium
1896 4888 2079 4944 subire

494 4953 619 5009 ctum
643 4955 856 5011 diabolo
885 4976 930 5008 ι.
966 4954 1099 5010 Ibid.
1128 4953 1299 5020 XXII,
1326 4955 1395 5010 24
1446 4955 1499 5010 in
1531 4953 1793 5013 line'edit.
1827 4959 2071 5013 'I'auchu.

495 5023 820 5099 LiszS‘Zz'i.
845 5025 951 5099 Vol.
984 5025 1049 5099 ll,
1071 5042 1124 5096 p.
1148 5024 1253 5099 412
1277 5043 1289 5078 :
1310 5045 1344 5099 Δι
1377 5027 1514 5099 Quid
1538 5027 1702 5098 igitur
1728 5027 2077 5099 dabit(Deus)

497 5094 586 5152 iis}
620 5111 757 5165 quos
784 5094 1208 5166 praedestinavit
1258 5096 1326 5151 ad
1363 5094 1694 5168 vitam,'qni
1750 5094 2079 5155 haec'etiam

495 5164 645 5220 dedit
671 5166 757 5224 iis.
789 5182 925 5224 unos
954 5167 1375 5224 praedestinavit
1404 5169 1469 5222 ad
1500 5180 1729 5224 mortem
1762 5171 1823 5224 »Ῥ
1850 5170 1914 5224 Et
1954 5185 2077 5224 uas-

498 5182 645 5220 ueutt
671 5182 757 5230 ns,
789 5182 925 5235 quos
943 5182 1375 5292 Xroeuesunavu
1404 5182 1468 5222 au
1500 5182 1729 5224 mortem
1762 5190 1779 5222 ι
1799 5182 1823 5224 1
1850 5182 1914 5224 ιιι
1954 5185 2077 5238 pas-

498 5235 834 5360 ξὲπίξπηῗέἐίε
861 5236 919 5291 S.
993 5238 1230 5308 ugustini
1270 5239 1486 5308 scriptis
1513 5240 1647 5295 tales
1673 5240 1970 5297 locutiones
1998 5240 2083 5295 in-

570 5321 809 5361 IIIIIIIlIII'.

571 5352 936 5452 idI'C'fg's'upra
960 5377 1087 5452 (hac
1111 5378 1240 5452 col.)
1265 5387 1379 5436 not.
1402 5397 1434 5434 α
1461 5389 1516 5452 et
1539 5383 1589 5452 lg.
1621 5379 1858 5452 Joannes
1880 5377 2075 5452 §cotns
2104 5352 2117 5365 ’

498 5444 859 5524 depraedesti
900 5444 1023 5503 adv.
1050 5444 1305 5524 Gotliesc.
1349 5466 1468 5521 cap.
1500 5450 1658 5524 X|,A§
1701 5451 1778 5524 f2:
1825 5449 2077 5524 cGothe-

497 5514 708 5594 scalcus
728 5536 773 5582 ι,
792 5519 899 5594 ait._
909 5536 929 5570 ε
953 5523 1183 5579 maxime
1197 5514 1498 5594 Augustino
1519 5514 1839 5578 itefabdi'sui
1857 5522 2077 5592 dogma-
2151 5534 2160 5543 '

499 5584 571 5639 tis
595 5600 785 5644 causas
816 5590 1018 5648 referre
1045 5594 1180 5649 solet
1213 5614 1258 5650 ι.

569 5653 639 5728 (e)
665 5656 760 5733 ‘Cf.
816 5658 951 5733 Hist.
1007 5663 1085 5720 litt
1137 5666 1202 5719 de
1246 5665 1300 5720 la
1338 5666 1566 5722 trunca.
1600 5675 1731 5733 tom.
1768 5663 1829 5728 ν.
1857 5678 1910 5733 p.
1940 5662 2076 5723 354:

498 5721 630 5781 Nat.
657 5726 802 5784 Alex.
834 5730 891 5786 in
918 5734 1045 5791 bist.
1084 5734 1279 5792 cedes.
1330 5751 1439 5792 sec.
1490 5721 1638 5790 lXet
1680 5732 1726 5789 Χ
1762 5721 1974 5792 dissert.
2016 5721 2074 5800 V,

2186 4588 2644 4669 menta'pIurima.
2673 4588 2845 4650 Paris.
2886 4594 3018 4669 l_65_(_)
3042 4588 3088 4648 II
3133 4592 3236 4669 vol.
3267 4588 3397 4669 μσς
3432 4591 3546 4669 Hac
3586 4590 3639 4645 in
3690 4588 3774 4642 bi-

2184 4672 2375 4727 blioth.
2396 4660 2635 4739 'patrum
2668 4673 2723 4739 et
2775 4666 2921 4739 apud
2964 4663 3307 4739 Mauguinum
3339 4660 3549 4733 singula
3577 4674 3769 4714 eorum

2183 4734 2490 4803 auctorum,
2526 4752 2662 4807 quos
2708 4735 3069 4807 laudavimus,
3096 4734 3320 4803 scripta,
3361 4740 3627 4807 quatenus
3667 4742 3768 4782 ex-

2183 4820 2354 4874 stant,
2384 4799 2523 4865 facili
2545 4799 2712 4874 opera
2760 4805 3127 4869 inveniuntur,
3171 4799 3341 4872 quare
3370 4799 3556 4858 eorum
3587 4799 3768 4856 locum

2183 4880 2492 4952 accuratius
2513 4874 2755 4952 iudicare
2776 4874 3197 4952 supersedimus.
3462 4940 3477 4952 .
3604 4939 3635 4952 η
3719 4939 3733 4952 .

2254 4953 2321 5023 (f)
2379 4950 2457 5005 De
2518 4948 2629 5023 sola
2680 4939 2894 5023 gentilia
2939 4945 3252 5023 praedest._,
3290 4955 3396 5023 non
3444 4940 3514 4995 de
3541 4939 3767 5023 reliquis

2186 5009 2392 5079 duabus
2419 5009 2827 5092 quaestionibus
2854 5014 2895 5085 (I
2920 5009 2987 5069 d'e
3018 5012 3485 5092 libero_homin_um
3512 5009 3761 5092 arbitrio.

2182 5095 2247 5152 ll.
2277 5083 2456 5148 utruni
2477 5090 2727 5146 Christus
2755 5083 2871 5156 pro
2892 5086 3142 5140 onmibns
3163 5083 3494 5156 hominibus
3520 5088 3767 5156 mortuus

2184 5149 2275 5229 sit,
2301 5180 2368 5218 an
2399 5177 2496 5234 pro
2522 5161 2587 5216 iis
2618 5149 2848 5234 tantum,
2892 5156 2981 5234 qui
3013 5153 3392 5225 praedestinati
3444 5153 3554 5234 sint
3577 5149 3653 5231 ad.
3681 5150 3767 5234 yi-

2190 5220 2348 5305 tam),
2400 5220 2539 5303 quae
2567 5240 2623 5286 et
2666 5231 2814 5299 ipsae
2832 5220 3057 5305 laetite'r
3106 5231 3577 5305 proponerentur,
3640 5220 3765 5305 ideo

2189 5293 2348 5363 locuti
2420 5293 2640 5366 sumus,
2686 5293 2854 5367 'quod
2920 5296 3056 5351 haec
3109 5293 3238 5365 ipsa
3298 5293 3542 5348 omnium
3599 5298 3765 5413 caput

2189 5391 2229 5413 αι
2291 5376 2442 5413 ηενιοί
2488 5386 2685 5413 narunt:
2744 5367 2880 5413 fuit-
2957 5382 3060 5413 nec.
3114 5365 3312 5413 Scelus
3358 5362 3598 5413 relicuas
3644 5359 3765 5413 llas

2180 5359 2444 5446 etrqnasi
2488 5359 2685 5442 parens
2730 5359 2883 5433 'fuit,
2957 5382 3060 5423 nec
3114 5359 3312 5422 Scelus
3358 5362 3598 5434 reliquas
3644 5359 3766 5416 illas

2181 5447 2408 5505 curavit.
3308 5504 3313 5505 γ
3517 5503 3527 5505 _
3799 5477 3806 5485 .

2255 5521 2331 5588 (g)
2370 5515 2457 5588 tif.
2505 5509 3003 5588 Eccles.__Lugdun.
3031 5505 3126 5562 Iib.
3151 5505 3220 5563 de
3248 5504 3424 5588 ψῦξις
3445 5503 3605 5588 epist.

2181 5574 2356 5646 5921'“
2381 5584 2598 5641 Maxim.
2626 5574 2874 5638 biblioth'.
2896 5590 3007 5635 vet.
3034 5589 3177 5648 patr.
3201 5575 3334 5632 edit.
3360 5574 3606 5647 Lugdun.
3624 5580 3762 5629 υω.

2182 5660 2302 5731 XV,
2325 5656 2506 5731 p.1587
2543 5652 2748 5731 H.se_q.
2828 5720 2842 5731 _
2975 5714 2984 5731 ‘

2258 5717 2340 5801 (iui
2362 5724 2449 5784 Cf:
2479 5739 2641 5798 supra
2670 5717 2802 5796 Cap.
2826 5720 2867 5791 ι,
2898 5717 3005 5778 cui.
3029 5718 3083 5788 7,
3107 5725 3221 5774 not.
3254 5717 3312 5774 ὸ.
