4056 6276
259 303 335 360 25

1097 302 1184 358 DE
1225 299 1381 358 VITA
1419 296 1506 355 ΕΤ
1541 297 1948 355 ΡΒᾸΞΟΕΡΤΙδ
1983 299 2031 354 J.
2074 298 2292 357 SCOTI.
2333 331 2400 342 --
2435 304 2614 360 PARS
2653 306 2692 360 I.

263 423 410 478 illam
459 422 1031 493 praedestinationem,
1061 438 1201 492 quae
1237 422 1305 477 ab
1335 419 1609 476 Hincmari
1636 418 1844 472 Pardu-
1877 419 1922 479 Α
1951 417 2162 486 egerit:
2198 416 2479 471 nocentior
2510 431 2739 474 suorum
2790 431 2988 473 causae
3033 417 3154 487 fuit,
3210 434 3374 490 quam
3425 427 3534 481 nti-

261 515 408 586 quue
437 514 766 570 adversariis
797 512 1207 576 defendebatur,
1262 512 1472 566 idoneis
1513 508 1847 579 argumentis

259 618 618 680 expugnaret,
647 609 730 665 sin
756 610 958 672 minus,
989 606 1404 662 Gothescalcum
1432 621 1492 660 re
1515 611 1848 674 vera'prae-‘

260 701 656 756 destinatianae
683 700 898 754 haeresi
947 697 1157 753 afﬁnem
1187 695 1351 752 fuisse
1374 696 1700 751 ostenderet.
1750 693 1846 748 His

258 793 427 862 igitur
449 792 504 845 in
547 792 710 846 rebus
739 806 846 860 qua
892 789 1166 858 diligentia
1194 790 1445 842 versatus
1471 787 1655 850 fuerit,
1685 785 1844 856 paulo

255 884 569 937 accuratius
602 896 1010 954 persequemur.
1069 879 1216 947 Quae
1243 889 1420 934 autem
1461 887 1740 950 praeterea
1777 878 1845 932 de

254 973 406 1030 Scoti
455 975 628 1041 libro,
690 975 783 1044 qui
831 990 976 1030 nunc
1028 973 1081 1028 in
1137 973 1339 1028 nostris
1418 983 1500 1027 est
1554 972 1840 1036 manibus,

252 1076 562 1121 memoratu
618 1066 778 1138 digna
823 1067 1129 1131 videantur,
1181 1080 1245 1120 ea
1291 1065 1547 1134 deinceps
1597 1064 1838 1134 explica-

247 1156 456 1210 bimus.

326 1247 401 1300 De
421 1246 778 1302 Gothescalco
801 1246 931 1301 nihil
960 1245 1262 1310 dubitatur,
1307 1245 1436 1313 quin
1463 1263 1481 1296 ι
1512 1244 1836 1300 diabolicum

246 1337 394 1392 istud
433 1339 626 1408 dogma
663 1359 680 1390 ι
720 1338 880 1393 fuerit
912 1337 1267 1407 amplexatus.
1300 1336 1551 1407 Legimus
1584 1337 1729 1391 enim
1760 1337 1836 1408 (ιι)

250 1446 271 1480 ‹
301 1445 370 1484 ex
391 1429 733 1486 Gothescalci
757 1431 1024 1484 sententia
1045 1428 1181 1484 duas
1206 1443 1322 1484 esse
1349 1430 1401 1484 in
1428 1429 1538 1483 Deo
1559 1429 1838 1498 prtedcsti-

241 1520 518 1586 nationes,
545 1521 768 1577 alteram
801 1523 1086 1587 bonorum,
1117 1522 1380 1577 malorum
1400 1523 1624 1576 alteram
1654 1541 1666 1575 :
1695 1521 1837 1578 illius

241 1623 440 1667 coactu
471 1613 605 1674 fieri,
637 1622 694 1666 ut
721 1629 825 1666 una
848 1613 1127 1668 hominum
1154 1629 1281 1682 pars
1308 1621 1454 1668 recte
1503 1614 1643 1667 vivat
1669 1622 1834 1682 atque

241 1706 314 1758 ad
350 1714 630 1759 aeternam
660 1705 1046 1759 beatitudinem
1079 1705 1377 1774 perveniat,
1402 1704 1562 1774 hujus
1594 1705 1832 1760 necessi-

1947 508 2068 563 lior.

2019 598 2283 654 Maximae
2310 609 2490 655 autem
2547 601 2754 666 turbae,
2809 603 3046 657 maxima
3090 603 3370 660 hominum
3414 614 3528 660 tum

1946 690 2234 746 admiratio
2265 700 2375 746 tum
2407 692 2702 764 indignatio
2736 703 2883 748 mota
2930 704 3058 750 sunt
3087 709 3172 760 eo,
3200 697 3346 766 quod
3379 695 3526 752 Scoti

1945 784 2084 840 liber
2104 800 2372 839 summam
2402 786 2490 840 ille
2516 787 2735 856 quidem
2766 803 2894 858 erga
2930 789 3098 844 Deum
3129 789 3382 858 pietatem
3412 790 3526 860 spi-

1945 878 2122 943 rabat,
2176 886 2234 931 at
2269 893 2536 941 errorum,
2586 878 2933 947 ineptiarum,
2967 879 3405 950 mirabiliumque
3438 895 3526 934 re-

1946 983 2088 1032 rum,
2116 983 2252 1036 quas
2307 969 2394 1022 illa
2427 977 2605 1022 aetate
2632 983 2731 1024 nec
2762 969 2924 1024 fando
2953 971 3310 1036 audivissent,
3340 972 3526 1025 multi-

1946 1059 2129 1114 tudine
2157 1058 2391 1115 refertus
2415 1071 2530 1114 erat
2560 1061 2786 1130 ingenti.
2821 1059 2936 1115 Hoc
2966 1060 3144 1131 igitur,
3175 1071 3443 1131 quatenus
3469 1061 3523 1114 in

1940 1154 2247 1221 praesentia
2297 1151 2411 1204 ﬁeri
2462 1160 2657 1220 potest,
2703 1151 3053 1215 declaraturi,
3098 1150 3213 1221 jam
3257 1151 3325 1206 de
3358 1152 3527 1207 totius

1941 1241 2062 1296 libri
2087 1257 2297 1296 summa
2325 1243 2738 1312 disputabimus.

2009 1333 2159 1402 Quae
2183 1350 2391 1389 summa
2423 1336 2524 1390 hac
2565 1335 2677 1390 fere
2725 1335 2779 1390 in
2819 1352 2879 1391 re
2927 1345 3216 1392 versatur:
3247 1350 3354 1390 non
3403 1350 3526 1392 esse

1940 1425 2073 1480 duas
2098 1423 2150 1477 iu
2172 1423 2283 1478 Deo
2317 1425 2835 1494 praedestinationes
2857 1425 2952 1497 (Ῑ),
2980 1425 3074 1481 sed
3101 1440 3263 1498 unam
3292 1434 3521 1492 tantum,

1937 1531 2164 1585 eamque
2195 1517 2471 1571 hominum
2510 1518 2795 1573 bonorum.

2005 1608 2182 1678 Atque
2213 1607 2372 1676 hujus
2417 1610 2632 1679 quidem
2687 1611 2762 1664 rei
2809 1619 3128 1682 argumenta
3179 1611 3523 1681 reperiuntur

1934 1698 2163 1769 plurima
2217 1707 2273 1754 et
2317 1715 2578 1769 perquam
2628 1701 2798 1754 varia.
2847 1701 3052 1756 Horum
3109 1717 3250 1772 quae
3287 1703 3523 1756 maxime

239 1803 356 1849 tate
408 1796 739 1851 ineluctabili
779 1796 1006 1851 alteram
1057 1773 1363 1851 mortalium
1390 1773 1600 1866 partem
1629 1805 1684 1851 et
1733 1797 1832 1852 im-
1862 1773 1908 1832 Β
1935 1791 2414 1856 commemoranda
2438 1807 2558 1847 esse
2588 1792 2888 1855 videantur,
2939 1807 3002 1846 ea
3038 1807 3137 1863 pro
3177 1793 3336 1862 hujus
3365 1792 3532 1846 volu-.

238 1886 416 1954 probe
444 1887 630 1941 vivere
649 1886 770 1939 etin
797 1894 1074 1940 aeternam
1093 1886 1372 1940 incurrere
1395 1885 1756 1942 calamitatem
1784 1905 1827 1941 ι.

236 1977 472 2030 Summa
514 1977 649 2030 adeo
691 1992 814 2031 cum
864 1976 1231 2045 indignatione
1259 1977 1611 2030 acerbissima
1645 1976 1698 2030 in
1725 1977 1832 2033 Go-

236 2074 573 2129 thescalcum
616 2073 856 2127 convicia
891 2073 1209 2143 ingeruntur
1237 2071 1332 2142 (b).
1363 2071 1701 2139 Quamquam
1736 2088 1830 2125 au-

235 2179 349 2222 tem
389 2167 554 2224 Scoto
577 2167 629 2222 id
659 2168 894 2222 maxime
931 2168 1280 2236 spectandum
1325 2165 1440 2226 fuit,
1474 2174 1530 2217 ut
1559 2164 1826 2219 infelicem

234 2258 391 2312 illum
415 2258 690 2313 hominem
723 2258 853 2311 tanti
878 2257 1081 2311 erroris
1108 2262 1427 2324 roargueret
1443 2255 1643 2324 potius,
1665 2269 1827 2324 quam

233 2360 542 2413 accusaret,
560 2356 738 2403 tamen
759 2348 1170 2403 nelevissimum
1187 2347 1401 2417 quidem
1422 2354 1822 2416 argumentum,

231 2457 344 2510 quo
371 2440 550 2494 hacin
579 2455 637 2494 re
665 2438 878 2510 patroni
910 2439 1159 2510 partibus
1187 2438 1550 2504 satisfaceret,
1581 2436 1826 2508 proferre

229 2533 460 2587 studuit.
477 2531 672 2586 Teneri
689 2532 1105 2588 Gothesealcum
1131 2531 1667 2602 praedestinatianae
1696 2531 1828 2584 hae-

231 2626 375 2680 resis
400 2625 557 2695 culpa
588 2640 854 2694 nusquam
884 2625 1240 2690 demonstrat,
1265 2638 1530 2692 nusquam
1581 2638 1686 2678 non
1711 2638 1828 2678 cre-

271 2726 346 2770 al.

271 2731 346 2770 at.

229 2731 267 2786 Ρ
302 2805 416 2861 Nec
445 2805 624 2860 minus
652 2805 706 2861 in
740 2805 909 2861 altero
941 2805 1048 2870 illo,
1072 2805 1214 2876 quod
1243 2800 1406 2860 Scuto
1434 2806 1823 2876 perliciendum

228 2899 402 2954 fuisse
434 2898 769 2963 monuimus,
821 2914 1041 2953 suorum
1087 2899 1420 2969 exspectatio
1466 2907 1549 2953 est
1577 2898 1817 2966 decepta.

224 2989 365 3044 Nam
394 3000 449 3045 ct
493 2991 536 3046 si
576 2989 868 3046 fortissime
915 2989 1176 3045 adversus
1226 2989 1562 3059 geminarum
1591 2990 1820 3059 praede-

225 3082 584 3137 stinationum
613 3079 866 3136 terricula
885 3080 1178 3151 proeliatus
1206 3088 1307 3142 est,
1335 3089 1510 3134 tamen
1540 3079 1669 3134 illud
1699 3089 1818 3134 tan-

1932 1883 2094 1938 minis
2157 1883 2366 1937 ratione
2423 1898 2586 1952 quam
2649 1883 3059 1938 accuratissime
3103 1883 3519 1952 explicabimus.

1933 1973 2074 2029 Sunt
2109 1974 2256 2028 enim
2288 1975 2359 2028 ita
2403 1989 2533 2028 sane
2583 1984 2916 2044 comparata,
2962 1974 3093 2028 nihil
3134 1985 3192 2030 ut
3239 1972 3413 2043 magis
3450 1972 3518 2026 ad

1930 2079 2116 2120 verum
2147 2063 2291 2118 Scoti
2320 2065 2590 2134 ingenium
2619 2065 3001 2120 declarandum
3033 2065 3318 2134 pertineat.

2000 2154 2040 2208 I.
2081 2175 2098 2206 ‹
2133 2155 2319 2209 Divina
2348 2155 2596 2211 voluntas
2617 2164 2672 2210 et
2703 2155 2881 2210 divina
2913 2153 3334 2225 praedestinatio
3366 2151 3516 2208 omni

1933 2254 2121 2302 carent
2147 2245 2494 2309 necessitate,
2522 2261 2661 2316 quae
2697 2261 2790 2301 eas
2818 2245 2900 2300 vel
2928 2245 3246 2314 impelleret,
3292 2243 3375 2296 vel
3419 2244 3520 2298 im-

1927 2338 2172 2408 pediret:
2219 2337 2331 2402 illa,
2365 2337 2486 2392 ideo
2528 2338 2670 2407 quod
2712 2346 2794 2392 est
2827 2353 3036 2392 summa
3060 2336 3300 2392 onmium
3335 2351 3513 2391 rerum

1927 2443 2130 2493 causa;
2180 2427 2335 2492 haec,
2374 2436 2661 2498 prepterea
2713 2427 2878 2498 quod,
2934 2427 3140 2498 pariter
3176 2441 3241 2482 ac
3268 2427 3517 2482 voluntas

1926 2519 2129 2584 divina,
2165 2519 2307 2574 Deus
2335 2527 2419 2572 est
2448 2518 2521 2590 (g)
2552 2540 2602 2574 υ.

1995 2609 2133 2677 Quid
2164 2610 2331 2666 inde?
2370 2611 2476 2666 Nos
2517 2611 2734 2680 quidem
2766 2627 2873 2668 non
2903 2612 3172 2675 videmus,
3205 2611 3334 2682 quid
3378 2611 3513 2665 haec

1925 2700 2029 2756 sibi
2056 2701 2247 2762 velint,
2277 2703 2382 2757 nisi
2421 2702 2558 2758 forte
2599 2713 2694 2758 aut
2740 2703 2979 2758 divinam
3029 2703 3356 2758 voluntatem
3387 2717 3510 2758 cum

1924 2791 2161 2846 humana
2185 2793 2414 2848 eandem
2443 2803 2624 2863 putes,
2670 2803 2763 2860 aut
2791 2810 2853 2848 ea
2901 2795 3016 2864 ipsa
3058 2795 3126 2849 de
3147 2809 3332 2856 causa,
3366 2806 3510 2862 quoa

1925 2886 2014 2940 illa
2048 2895 2132 2941 est
2166 2886 2355 2951 libera,
2389 2888 2531 2942 hanc
2555 2900 2771 2957 quoque
2800 2887 3028 2942 liberam
3057 2900 3178 2941 esse
3203 2885 3509 2940 arbitreris.

1923 2978 2118 3034 Scotus
2140 2994 2238 3033 nos
2262 2979 2496 3033 incertos
2517 2979 2798 3048 relinquit,
2825 2987 3209 3048 praeterquam
3239 2979 3382 3048 quod
3404 2977 3510 3032 alio

1921 3070 2154 3139 quodam
2185 3069 2303 3124 loco
2331 3069 2407 3140 (It)
2440 3070 2668 3125 scribit:
2721 3087 2740 3120 ‹
2772 3071 3022 3126 debuisse
3054 3070 3372 3124 crcatricem
3409 3084 3507 3125 vo—

225 3185 366 3237 tum,
390 3175 536 3246 quod
557 3189 658 3230 nec
685 3139 1109 3234 curare'dehuit,
1129 3172 1274 3242 juste
1298 3139 1657 3243 impugnavit,
1687 3172 1814 3226 illud
1846 3139 1890 3202 (ἶ
1923 3162 2183 3217 luntatem
2212 3139 2450 3217 divinam
2475 3176 2667 3219 creare
2697 3163 3027 3219 voluntatem
3065 3163 3302 3218 hominis
3330 3164 3410 3218 sui
3434 3162 3480 3218 si

223 3277 431 3330 autem,
463 3266 606 3336 quod
636 3265 853 3336 proprie
895 3267 1183 3336 petendum
1225 3265 1345 3330 fuit,
1374 3265 1463 3320 vix
1491 3266 1718 3331 curavit,
1756 3281 1820 3320 ac

220 3357 482 3428 plumbeo
512 3356 705 3416 solum,
756 3364 816 3410 ut
842 3355 1013 3417 aiunt,
1052 3355 1227 3425 gladio
1250 3355 1465 3410 invasit.
1493 3353 1645 3409 Justc
1673 3356 1818 3410 enim

222 3445 565 3517 impugnavit
597 3445 748 3508 illud,
798 3445 940 3515 quod
972 3444 1296 3499 Hiucmarns
1320 3459 1441 3498 cum
1469 3444 1580 3499 suis
1627 3445 1679 3498 in
1709 3443 1820 3498 Go-

220 3536 501 3590 thescaleo
527 3534 910 3596 damnaverat;
941 3531 1156 3604 proprie
1183 3534 1470 3603 petendum
1504 3533 1605 3588 fuit
1663 3533 1813 3597 illud,

222 3628 363 3696 quod
386 3624 808 3680 Hincmarianae
831 3625 1002 3692 partis
1029 3624 1322 3678 adversarii
1351 3624 1402 3677 in
1429 3623 1810 3687 Gothescaleo,

223 3725 280 3769 nt
306 3716 380 3768 ita
437 3714 704 3776 dicamus,
761 3713 1136 3769 defenderant.
1169 3714 1345 3783 Atque
1377 3714 1533 3777 haec,
1589 3714 1641 3768 id
1669 3715 1813 3785 quod

221 3821 384 3876 supra
418 3820 450 3859 a
470 3805 626 3860 nobis
648 3807 951 3874 expositum
985 3813 1092 3869 est,
1121 3812 1235 3859 toto
1257 3805 1408 3860 coelo
1458 3805 1600 3859 inter
1621 3821 1680 3860 se
1711 3805 1813 3860 dif-

222 3895 430 3953 ferunt.
454 3897 589 3953 Illud
631 3899 829 3965 ubique
855 3897 956 3952 sibi
982 3897 1403 3968 aggrediendum
1437 3900 1668 3968 sumpsit
1696 3900 1767 3969 (c)
1792 3917 1806 3965 ;

222 3988 278 4042 in
311 3988 418 4042 hoc
445 3987 702 4056 impetum
721 3987 955 4056 aliquem
984 4003 1106 4042 eum
1135 3987 1328 4043 fecisse
1353 3991 1808 4055 concesserimus,

220 4076 345 4131 ideo
385 4076 528 4146 quod
576 4076 719 4132 inter
758 4086 1101 4148 argumenta,
1149 4079 1345 4147 quibus
1397 4079 1524 4133 illud
1565 4089 1809 4136 evertere

217 4168 450 4234 studuit,
486 4169 851 4238 reperiuntur,
875 4183 1015 4238 quae
1044 4169 1209 4224 etiam
1240 4169 1367 4224 huic
1390 4169 1635 4241 Opposita
1658 4169 1809 4226 dixe-

214 4262 292 4317 ris
317 4262 422 4331 (ἀ).

283 4357 467 4425 Atque
521 4354 587 4410 de
627 4354 717 4408 illo
745 4363 836 4410 aut
881 4356 1025 4412 victo
1075 4364 1168 4410 aut
1214 4371 1321 4411 non
1354 4357 1497 4412 victo
1524 4357 1666 4412 inter
1688 4371 1802 4423 eos,

213 4446 483 4501 adversus
497 4461 634 4515 quos
657 4444 820 4501 Scoto
854 4463 939 4502 res
972 4456 1116 4503 esset
1141 4449 1396 4518 gerenda,
1429 4465 1496 4504 ne
1524 4451 1804 4507 mutivisse

210 4537 434 4606 quidem
482 4536 788 4591 invenimus
832 4553 1193 4608 quemquam;
1250 4539 1348 4609 ipsi
1400 4556 1616 4610 quoque
1670 4541 1797 4596 illud

212 4643 425 4682 summe
450 4626 890 4697 improbaverant
909 4647 922 4682 :
944 4629 1045 4684 hoc
1060 4638 1259 4693 autem,
1283 4646 1444 4699 quam
1466 4647 1571 4684 non
1596 4632 1798 4686 victmn

211 4720 675 4785 existimaverint,
704 4718 842 4775 infra
872 4720 1188 4777 docebimus
1213 4722 1302 4794 (e).
1329 4722 1512 4794 Itaque
1526 4721 1640 4791 jam
1671 4725 1798 4779 hinc

209 4813 341 4867 satis
389 4821 576 4882 patere
624 4812 974 4878 arbitramur,
1029 4813 1240 4883 qualem
1287 4812 1482 4870 Scotus
1507 4824 1798 4886 patronum

276 4963 357 5037 (rt)
397 4963 482 5037 (ξς.
508 4979 629 5034 cap.
657 4965 699 5029 I,
723 4964 752 5036 ᾗ
781 4964 845 5029 ις
876 4980 992 5036 cap.
1017 4965 1108 5037 IV,
1138 4965 1165 5037 §
1197 4967 1220 5020 l
1249 4982 1364 5036 seq,
1387 4976 1442 5022 et
1468 4967 1685 5036 passim.

277 5034 354 5110 (ὁ)
388 5033 491 5110 _Cf1
519 5033 764 5110 prooem.
785 5033 955 5110 ;__c_ap_I
987 5037 1026 5110 l_,
1057 5033 1261 5110 §2’.__Il:‘
1290 5033 1406 5110 r_ap.
1433 5033 1495 5105 II,
1521 5038 1548 5110 §
1577 5041 1640 5103 1;
1673 5054 1791 5110 cap.

205 5103 292 5168 III,
321 5103 349 5177 ς
375 5104 494 5179 4,5
526 5103 598 5170 5;
646 5103 954 5179 _cap.7XI,'§
984 5103 1267 5179 2_;'epil.'§
1299 5103 1377 5161 5.7
1482 5103 1489 5105 ⁷
1524 5103 1546 5110 ⁷
1583 5137 1604 5163 ιι

277 5175 620 5251 (ελ-(ξίφει).
646 5177 688 5239 I,
719 5177 746 5247 §
773 5178 838 5241 2;
860 5175 980 5251 cap.
1013 5177 1072 5236 Il.
1096 5175 1129 5248 ᾗ
1158 5179 1206 5242 l,
1236 5175 1263 5250 ς
1293 5179 1355 5251 (ξς
1379 5193 1497 5248 cap.
1530 5179 1622 5251 XI,
1653 5178 1742 5251 ς]
1774 5197 1788 5246 ;

207 5259 324 5312 cap.
355 5244 452 5309 IV,
481 5245 508 5317 §
533 5244 604 5300 δίε
636 5244 1058 5316 ρτιῐθιθιιθείιιιω
1082 5244 1208 5302 ςὐιιι
1239 5244 1530 5304 'alI‘ureuda
1561 5244 1790 5305 ma'rm

207 5326 528 5390 argumenta
552 5358 566 5378 ,
622 5333 850 5390 quorum
899 5319 1136 5390 pondere
1164 5322 1304 5390 (cap.
1339 5319 1380 5372 Il
1402 5336 1609 5389 —cap.
1645 5320 1788 5386 Vlll)

204 5387 477 5456 geminam
500 5387 1044 5458 praedestinationem
1061 5387 1212 5442 suam
1239 5387 1542 5458 deprimere
1557 5387 1748 5445 nititur
1769 5410 1783 5445 :

204 5467 479 5530 gratenus
503 5457 756 5530 videlicet
793 5458 894 5514 hoc
919 5459 1202 5530 probatum
1230 5457 1438 5523 volunt,
1494 5477 1599 5515 non
1629 5476 1789 5530 posse

205 5525 376 5580 Deum
452 5536 548 5580 ant
619 5528 793 5582 libero
866 5525 1147 5585 hominum
1223 5531 1451 5585 arbitrio
1534 5525 1784 5594 oﬂicere,

203 5607 294 5650 aut
339 5597 408 5651 ad
460 5613 673 5652 morum
719 5609 1001 5672 praecepta
1035 5602 1315 5672 migranda
1361 5617 1557 5672 cogere
1601 5616 1790 5672 quem-

203 5681 386 5735 quam.

272 5737 353 5808 (d)
382 5736 468 5794 Cf.
495 5752 614 5810 cap.
639 5737 793 5794 lX—
809 5755 928 5813 cap.
952 5730 1096 5809 XIX,
1118 5758 1348 5814 quorum
1373 5759 1642 5802 summam
1666 5758 1789 5800 mox

1923 3254 2130 3320 milem,
2176 3254 2227 3310 id
2249 3263 2334 3310 est
2361 3253 2584 3309 liberam
2613 3274 2658 3308 ι.

1992 3346 2055 3401 II.
2091 3367 2110 3399 α
2139 3349 2507 3418 Quaecunque
2544 3348 2612 3403 de
2649 3347 2762 3402 Deo
2791 3347 3174 3418 praedicantur
3207 3347 3378 3419 (velut
3419 3362 3508 3404 es-

1919 3442 2116 3505 sentia,
2148 3441 2429 3512 sapientia,
2460 3441 2654 3512 virtus)
2681 3450 2808 3496 sunt
2833 3457 3000 3496 unum
3028 3461 3048 3494 ι
3080 3460 3094 3496 :
3132 3459 3150 3493 ι
3187 3442 3335 3511 atqui
3369 3440 3505 3497 nihil

1916 3531 1986 3587 de
2029 3546 2094 3587 eo
2123 3533 2303 3586 verius
2340 3539 2394 3586 et
2429 3531 2710 3588 honestius
2738 3532 2957 3595 dicitur,
3007 3548 3166 3603 quam
3209 3532 3504 3602 ptacdesti-

1916 3624 2065 3678 natio
2093 3642 2138 3677 ι.
2180 3644 2198 3674 ι
2231 3624 2415 3694 Itaque
2443 3625 2607 3680 etiam
2654 3625 3080 3695 praedestinatio
3119 3640 3222 3679 uua
3252 3632 3336 3680 est
3360 3623 3422 3694 (ἱ)
3454 3644 3498 3678 ι.

1984 3715 2069 3770 Ill.
2101 3734 2120 3766 ι
2151 3715 2494 3771 Contrarium
2526 3724 2612 3771 est
2655 3718 2927 3773 essentiae
2947 3734 3138 3773 -—non
3180 3731 3321 3780 esse,
3354 3716 3502 3770 vitae

1911 3839 1982 3849 —
2000 3809 2240 3873 interire,
2261 3808 2506 3877 justitiae
2526 3840 2598 3851 —
2618 3821 2928 3881 peccatum,
2961 3809 3284 3865 beatitudini
3306 3840 3377 3850 —
3398 3810 3500 3864 mi-

1911 3902 2054 3956 seria
2084 3920 2096 3954 :
2135 3916 2309 3970 quare
2340 3903 2502 3956 etiam
2529 3917 2717 3956 eorum
2759 3916 2956 3957 causae
2985 3903 3150 3972 (duae
3179 3901 3302 3956 illae
3335 3914 3495 3971 prae-

1910 3995 2321 4065 destinationes)
2351 3996 2492 4050 inter
2527 3984 2590 4049 se
2625 3996 2934 4050 contrariae
2963 3996 3073 4050 sint
3120 4007 3342 4049 necesse
3387 4001 3492 4048 est.

1908 4085 2014 4140 Eas
2056 4084 2220 4155 igitur
2247 4094 2440 4138 natura
2491 4085 2692 4149 divina,
2742 4100 2885 4153 quae
2924 4101 3029 4140 una
3073 4093 3281 4139 tantum
3306 4092 3390 4138 est
3430 4097 3495 4138 ac

1907 4175 2154 4245 simplex,
2191 4174 2243 4229 in
2269 4190 2327 4229 se
2351 4175 2668 4245 conjunctas
2693 4175 2892 4229 habere
2919 4175 3105 4245 nequit
3131 4175 3202 4244 (j)
3239 4193 3284 4228 ι.

1976 4267 2065 4322 IV.
2100 4288 2117 4320 ι
2153 4267 2282 4322 Boni
2312 4268 2574 4338 probique
2597 4268 2842 4323 homines
2872 4267 3014 4322 nulla
3055 4269 3379 4324 necessitate
3422 4271 3492 4326 ad

1905 4361 2158 4416 virtutem
2207 4359 2602 4429 compelluntur
2653 4377 2667 4414 :
2719 4358 3043 4428 adjuvantur
3092 4369 3272 4415 autem
3315 4362 3491 4433 gratia

1907 4453 2111 4517 divina,
2139 4453 2223 4508 cui
2255 4462 2618 4522 cooperantur
2640 4469 2735 4507 sua
2760 4452 3010 4509 libertate
3034 4439 3373 4526 humanatk)
3404 4474 3450 4510 ι.

1976 4541 2040 4596 ν.
2082 4562 2099 4593 ι
2137 4542 2255 4596 Mali
2306 4544 2564 4613 pravique
2631 4543 2878 4598 homines
2928 4543 3127 4599 nullius
3178 4554 3367 4600 coactu
3418 4547 3487 4601 ad

1901 4633 2236 4704 peccandum
2283 4635 2686 4703 pereundumvc
2733 4635 3038 4705 adiguntur,
3093 4637 3362 4705 quamvis—
3381 4637 3482 4694 SS.

1903 4733 2154 4780 auctores
2193 4725 2352 4778 modo
2389 4725 2622 4794 quodam
2659 4724 2916 4781 abusivae
2949 4726 3236 4782 locutionis
3276 4728 3489 4784 soleant

1902 4815 2081 4871 dicere
2117 4815 2551 4887 praedestiualos
2570 4816 2638 4871 ad
2669 4825 2921 4882 mortem,
2951 4816 3035 4871 vel
3065 4817 3369 4883 interitum,
3398 4819 3482 4874 vel

1938 4981 2191 5022 rononem
2197 4983 2260 5022 IIS
2267 5007 2280 5020 .
3185 4991 3190 4994 '

1897 4982 2280 5040 proponemus.
3185 4991 3190 4994 -

1971 5040 2040 5110 (e)
2076 5038 2195 5110 Sub
2239 5039 2399 5110 fluctu
2443 5037 2647 5106 primae
2675 5037 2835 5110 hujus
2863 5038 3055 5107 capitis
3085 5037 3406 5110 particulae.

1968 5107 2034 5180 (Γ)
2075 5108 2208 5163 Istas
2235 5107 2502 5180 videlicet,
2520 5123 2657 5176 quas
2677 5107 2872 5164 Scutus
2885 5107 3244 5166 Gothescalco
3268 5109 3477 5174 tribuit,

1895 5194 2140 5250 quaeque
2165 5190 2258 5251 aut
2295 5196 2311 5228 ι
2342 5179 2552 5251 vivendi
2584 5199 2601 5231 ι
2634 5187 2729 5234 aut
2781 5199 2798 5232 ί
2827 5180 3089 5251 pereundi
3124 5197 3144 5231 ι
3181 5181 3476 5235 necessita-

1895 5248 2003 5306 tem
2037 5248 2668 5320 hominibusiauponant.
2830 5248 2842 5251 ’
3364 5319 3392 5320 η
3440 5319 3445 5320 γ
3516 5315 3520 5320 λ

1967 5320 2042 5391 (9)
2081 5318 2170 5391 cr.
2194 5319 2256 5382 ιι,
2287 5318 2388 5390 §l,
2422 5317 2526 5389 ξε.
2556 5319 2583 5391 §
2610 5323 2680 5385 6;
2710 5319 2795 5386 Ill,
2835 5320 2863 5391 §
2901 5323 2950 5376 ι.
2997 5322 3160 5376 Deum
3202 5319 3465 5375 essedici!

1895 5391 2090 5446 Scotus
2121 5390 2206 5444 illa
2229 5405 2369 5458 quae
2394 5391 2502 5443 Deo
2529 5390 2653 5444 sunt
2689 5411 2708 5443 ι
2737 5390 3166 5456 δυιιειειηιίειιίω,
3201 5402 3306 5444 non
3337 5405 3357 5439 ι
3378 5403 3471 5443 aee

1894 5461 2181 5532 cidcntalia
2212 5458 2379 5532 Luci.
2412 5460 2482 5532 ll,
2516 5459 2621 5532 §42.

1988 5532 2042 5615 ξι)
2069 5531 2152 5585 Cf.
2181 5530 2312 5591 VIII,
2343 5530 2370 5602 ς
2402 5530 2571 5655 1-4?
2602 5531 2656 5585 4.

1988 5607 2028 5655 ι)
2067 5601 2152 5655 Cf.
2187 5601 2248 5655 ΙΙ.
2289 5601 2463 5655 5-6;
2496 5601 2535 5655 ll
2567 5643 2582 5655 .
2618 5604 2656 5655 l.

1988 5601 2039 5686 q
2067 5601 2152 5686 cf.
2181 5601 2248 5686 ιι..
2289 5602 2327 5686 ξ
2344 5601 2370 5643 ς
2393 5601 2463 5668 6;
2496 5601 2582 5666 ιιι,
2618 5603 2751 5669 1,4,
2783 5604 2817 5659 5

1992 5672 2044 5742 j)
2069 5672 2152 5728 cr.
2180 5672 2264 5736 ιιι,
2293 5672 2348 5728 2.

1988 5743 2040 5814 ιε)
2077 5742 2161 5799 cr.
2193 5742 2282 5811 IV,
2310 5743 2460 5809 5-8;
2497 5741 2582 5807 ιιι,
2623 5744 2674 5797 7.

3463 311 3614 382 ,ρ
