4036 5408
552 373 621 429 επ
1408 405 1415 413 ,
1663 364 1748 419 DE
1786 362 1836 417 J.
1867 360 2088 418 SCOTO
2125 358 2645 415 COMHENTATiO.
3763 368 3832 426 28

553 499 803 561 poenam.
851 482 1023 541 Omne
1056 491 1338 553 peccatum
1358 520 1374 546 ,
1425 479 1710 549 omnisque
1767 477 1976 548 peccati
2007 490 2133 545 poe-
2163 480 2209 536 Α
2235 475 2478 530 omnium
2505 475 2825 546 principium
2859 476 2938 547 (Ῑ)
2965 477 3243 543 deserunt,
3270 477 3630 549 deorsumque
3653 481 3828 551 bona,

553 597 660 637 nae
687 579 903 650 propria
932 576 1167 632 hominis
1203 574 1501 638 voluntate,
1533 572 1704 626 libero
1739 569 1966 625 arbitrio
1999 569 2138 623 male

554 672 772 732 utentis,
814 675 1114 724 nascuntur
1138 665 1214 736 (a)
1255 684 1298 716 ι.

622 762 892 819 Delibero
918 758 1206 813 voluntatis
1249 755 1474 810 arbitrio
1519 752 1714 808 Scotus
1759 752 1895 806 haec
1937 751 2134 804 docet:

559 857 697 927 «qui
751 862 959 909 tantum
1010 859 1156 908 recte
1192 851 1372 902 vivere
1409 848 1596 916 possit,
1655 860 1760 898 non
1789 858 1975 912 prave,
2014 855 2138 894 eum

551 961 658 1002 non
693 946 907 1016 penitus
935 959 1054 998 esse
1087 942 1354 1006 liberum;
1399 939 1627 992 liberum
1668 937 1813 990 enim
1849 935 2138 998 arbitrium

547 1053 672 1093 esse
703 1036 1020 1091 electionem
1051 1034 1164 1087 sive
1192 1030 1340 1094 boni,
1371 1029 1486 1083 sive
1523 1027 1645 1081 ntali
1683 1027 1756 1097 (ὁ)
1787 1046 1831 1078 ι.

621 1129 758 1183 Hinc
794 1138 972 1182 autem
1002 1125 1150 1196 (inde
1179 1139 1207 1177 a
1246 1138 1362 1191 cap.
1396 1121 1485 1191 l.\')
1510 1119 1620 1188 jam
1672 1140 1689 1170 ς
1721 1119 1813 1173 tibi
1841 1117 1993 1186 cepia
2027 1130 2140 1168 ma-

552 1221 704 1275 nabit
735 1219 801 1274 ad
840 1218 1056 1288 plenum
1106 1215 1339 1285 benigno
1371 1234 1388 1264 l
1419 1227 1666 1267 errorum
1707 1209 2140 1278 ineptiarumque

558 1332 576 1365 ι
604 1312 854 1381 opulenta
880 1326 1048 1365 cornu
1090 1328 1136 1361 ι.
1177 1308 1232 1362 Id
1260 1321 1425 1377 quum
1458 1306 1510 1359 in
1543 1305 1719 1374 priore
1772 1311 1927 1373 parte
1971 1304 2140 1359 multo

550 1402 730 1456 minus
758 1416 856 1455 usu
887 1399 1119 1462 veniret,
1149 1412 1288 1467 quae
1314 1395 1384 1450 ibi
1425 1411 1490 1448 ex
1517 1409 1580 1448 eo
1605 1408 1803 1462 genere
1835 1392 2138 1461 reperiren-

553 1503 660 1556 tur,
694 1493 1011 1562 plerumque
1033 1489 1280 1544 consulto
1309 1486 1795 1556 praetermisimus.

621 1584 796 1652 Atque
820 1583 920 1637 hac
949 1582 1002 1635 in
1033 1587 1185 1649 parte
1220 1578 1358 1647 (cap.
1392 1576 1686 1645 lX—cap.
1727 1575 1871 1644 XIX)
1900 1575 2139 1646 disputa-

553 1673 754 1729 tionem
785 1688 936 1727 suam
970 1670 1166 1726 Scotus
1193 1668 1474 1739 perlonga
1499 1669 1761 1736 quaedam
1800 1675 1961 1736 atque
1993 1677 2139 1722 tene-

551 1765 763 1820 bricosa
812 1765 1004 1819 itinera
1041 1761 1418 1817 circumducit.
1474 1758 1606 1813 Rem
1656 1767 1821 1812 totam
1871 1759 1923 1810 in
1974 1773 2139 1811 unum

2239 584 2469 637 quorum
2511 570 2886 638 corruptiones
2917 579 3074 634 sunt,
3107 571 3161 624 in
3194 571 3417 625 nihilum
3467 573 3645 629 redire
3699 589 3830 630 con—

2241 661 2497 727 tendunt;
2540 662 2682 731 quod
2733 672 2946 726 contra,
2980 678 3119 732 quae
3166 672 3292 718 sunt
3333 673 3556 732 peccato
3606 665 3828 738 ejusque

2239 752 2640 821 consequentiis
2685 753 2932 821 opposita
2977 751 3304 823 (integritas,
3341 754 3474 818 vita,
3525 756 3824 829 beatitudo)

2238 858 2452 899 sursum
2477 858 2661 897 versus
2684 843 2924 905 tendunt,
2958 859 3230 913 nnmnque
3259 844 3386 898 illud
3410 846 3652 900 omnium
3679 847 3828 916 prin-

2239 933 2437 1004 cipium
2493 934 3017 1004 appetunt.—-—Quid
3074 936 3216 989 enim
3277 936 3482 1006 appetit
3535 936 3825 1007 impiorum

2239 1027 2479 1082 omnium
2515 1037 2570 1082 et
2615 1028 2810 1082 diaboli
2865 1029 3128 1096 nequitia,
3181 1029 3283 1083 nisi
3346 1031 3414 1082 ab
3464 1045 3546 1090 co,
3601 1021 3714 1098 qui.
3749 1041 3831 1085 est

2239 1132 2448 1171 summa
2487 1121 2720 1174 essentia
2767 1120 3020 1174 recedere
3059 1120 3112 1174 in
3144 1129 3374 1186 tantum,
3407 1129 3465 1174 ut
3492 1137 3685 1176 eorum
3731 1138 3828 1177 na—

2243 1218 2402 1273 tura,
2454 1211 2496 1264 si
2549 1210 2629 1264 lex
2693 1212 2872 1265 divina
2917 1213 3150 1276 sineret,
3215 1216 3266 1268 in
3323 1216 3546 1269 nihilum
3598 1215 3830 1270 redeat?

2241 1299 2377 1354 Hinc
2407 1317 2641 1370 namque
2681 1303 2920 1372 nequit-ia
2942 1313 3026 1358 est
3060 1305 3222 1365 dicta.
3253 1307 3392 1374 quod
3443 1307 3827 1377 nequicquam,

2239 1389 2294 1444 id
2321 1399 2404 1444 est
2434 1391 2659 1445 nihilum
2697 1408 2816 1446 esse
2847 1395 3125 1449 contendit
3155 1396 3228 1467 (g)
3267 1416 3313 1449 ιι.

2311 1478 2460 1544 Quae
2479 1495 2601 1534 cum
2627 1481 2700 1534 ita
2724 1481 2852 1544 sint,
2883 1481 3095 1536 facilem
3119 1482 3233 1551 jam
3275 1486 3476 1539 habent
3495 1486 3827 1556 explicatum

2241 1581 2588 1640 peccatorum
2620 1589 2844 1642 poenae.
2869 1574 3016 1628 'Snnt
3041 1575 3184 1628 enim
3215 1576 3366 1639 nihil,
3397 1577 3498 1630 nisi
3535 1597 3551 1626 ι
3583 1577 3832 1632 volunta-

2243 1662 2332 1728 tis,
2356 1679 2494 1733 quae
2519 1673 2724 1732 peccat,
2752 1666 3046 1730 cruciatus,
3072 1666 3268 1734 quibus
3295 1665 3550 1734 afﬁcitur,
3582 1669 3712 1722 dum
3740 1683 3826 1732 ea,

2243 1767 2382 1821 quae
2412 1753 2552 1808 male
2582 1763 2675 1807 aut
2703 1754 2920 1824 indigne
2947 1756 3175 1824 appetit,
3205 1756 3402 1811 habere
3434 1774 3536 1812 non
3570 1760 3826 1814 sinitur».

549 1872 746 1926 corpus
778 1855 1082 1918 collectam,
1113 1853 1180 1908 ad
1221 1853 1355 1907 haec
1393 1850 1628 1906 resecari
1663 1864 1820 1920 posse
1859 1848 2138 1903 existima-
2167 1849 2214 1910 Β
2249 1863 2267 1896 ι
2301 1843 2436 1897 Dum
2485 1845 2628 1900 enim
2673 1844 2962 1914 impiorum
2999 1848 3234 1914 nequitia
3282 1848 3414 1901 nihil
3469 1847 3613 1903 aliud
3657 1865 3826 1919 appe-

552 1966 743 2004 νιιηιιε.

569 2065 572 2071 -
623 2039 892 2109 Quidquid
921 2053 1041 2093 esse
1088 2044 1310 2107 putatur
1350 2034 1580 2104 peccati,
1635 2031 1896 2102 quidquid
1939 2030 2140 2086 dicitur

544 2139 895 2201 peccatorum
953 2125 1502 2196 poenae—omnino
1553 2123 1686 2177 nihil
1750 2130 1854 2176 est.
1917 2140 1935 2172 ι
1971 2120 2139 2174 Nemo

547 2221 740 2292 (enim)
771 2234 874 2273 non
907 2218 1072 2280 videt,
1110 2215 1210 2270 nisi
1248 2215 1339 2285 qui
1373 2231 1535 2269 sensu
1567 2221 1739 2290 caret,
1775 2222 1966 2277 totum,
1993 2210 2137 2281 quod

549 2313 770 2376 dicitur,
815 2320 1097 2381 peccaturo
1148 2308 1373 2378 ejusque
1425 2308 1860 2377 consequentias,
1908 2316 2135 2360 mortem

549 2410 715 2471 atque
748 2399 1044 2463 miseriam,
1072 2413 1176 2451 non
1199 2397 1344 2458 aliud
1372 2411 1510 2461 esse,
1541 2412 1703 2465 quant
1728 2397 1968 2465 integrae
1997 2395 2150 2449 vitae

548 2491 829 2558 beateque
858 2489 1254 2558 corruptiones,
1289 2489 1362 2542 ita
1397 2496 1457 2541 ut
1495 2487 1740 2555 singulae
1779 2487 2008 2556 singulis
2041 2501 2135 2555 op-

547 2586 835 2649 ponantur,
866 2578 1157 2648 integritati
1188 2586 1493 2647 peccatmn,
1524 2577 1664 2629 vitae
1696 2592 1861 2638 mors,
1895 2576 2135 2629 beatitu—

547 2670 659 2722 dini
713 2669 932 2724 miseria
966 2686 977 2719 :
1014 2669 1102 2722 illa
1133 2678 1279 2732 sunt,
1312 2669 1444 2722 haec
1471 2669 1684 2736 penitus
1717 2682 1821 2720 non
1851 2676 2016 2728 sunt;
2044 2666 2133 2718 illa

547 2760 692 2814 intra
735 2760 994 2813 terminos
1042 2759 1366 2813 naturalium
1399 2758 1698 2812 formarum
1729 2757 2130 2828 intelliguntur,

547 2849 682 2902 haec
715 2849 768 2903 in
807 2863 996 2903 earum
1045 2847 1258 2903 defectu
1307 2857 1469 2917 atque
1498 2849 1800 2918 privatione
1846 2848 2136 2902 nesciendo

544 2941 826 3006 sciuntur;
862 2941 948 2994 illa
997 2941 1300 3005 materiam,
1354 2941 1608 3004 formam,
1655 2942 1890 3010 speciem
1915 2942 2131 3008 habent,

544 3035 681 3090 haec
709 3035 956 3100 materia,
987 3034 1180 3098 forma,
1213 3035 1391 3104 specie
1415 3044 1609 3089 carent
1631 3036 1700 3102 (ε)
1733 3055 1778 3086 ι.

571 3152 579 3158 -
616 3126 692 3181 Ex
724 3127 809 3181 his
835 3128 1123 3181 tenendum
1169 3136 1271 3191 est,
1309 3142 1468 3196 quem
1497 3141 1716 3181 sensum
1747 3127 1980 3181 habeant
2013 3127 2134 3182 illae

2243 1939 2325 2003 tit,
2355 1939 2456 1993 nisi
2481 1940 2549 1994 ab
2568 1954 2656 2000 eo.
2681 1940 2770 2009 qui
2801 1948 2878 1994 est
2910 1955 3120 1994 summa
3154 1943 3391 1995 essentia
3418 1943 3469 1996 in
3498 1951 3712 1996 tantum
3745 1957 3828 1996 re-

2240 2031 2452 2096 cedere,
2485 2040 2543 2084 ut
2573 2047 2760 2086 eorum
2792 2041 2982 2086 natura
3031 2033 3082 2086 in
3128 2033 3354 2087 nihilum
3396 2036 3669 2088 redeat—
3690 2034 3827 2088 diIII-

2241 2121 2415 2176 cultas
2441 2122 2486 2177 ei
2533 2137 2597 2176 ex
2653 2117 2888 2177 aeternis
2917 2123 3124 2192 legibus
3155 2124 3389 2189 obsistit,
3419 2140 3484 2179 ne
3528 2125 3580 2178 in
3615 2134 3822 2180 tantum

2240 2214 2421 2280 cadat,
2471 2225 2728 2283 quantum
2779 2214 2978 2268 vellet:
3018 2230 3084 2269 ex
3131 2231 3193 2270 ea
3239 2213 3549 2271 dilﬁcultate
3589 2216 3823 2282 laborat,

2239 2305 2535 2362 laborando
2570 2315 2872 2377 torquetur,
2906 2308 3149 2377 punitur,
3181 2308 3454 2362 cruciatur
3480 2307 3557 2379 (Ii)
3595 2329 3642 2364 ι.

2263 2453 2268 2460 _
2310 2396 2520 2463 Quibus
2547 2398 2810 2468 expositis
2841 2397 3236 2467 quodammodo
3250 2395 3364 2465 jam
3392 2407 3576 2467 patere
3599 2399 3826 2454 arbitra-

2239 2503 2380 2553 tnur,
2413 2503 2571 2556 quem
2602 2488 2740 2542 ratio
2766 2503 3060 2557 poenarum
3091 2498 3368 2542 auctorem
3401 2489 3587 2544 haberi
3609 2489 3818 2557 jubeat.

2239 2568 2355 2634 Iluc
2383 2581 2566 2650 igitur,
2591 2596 2728 2650 quae
2755 2582 2820 2635 de
2847 2597 2912 2636 eo
2942 2583 3220 2645 docentur,
3254 2581 3527 2636 alferenda
3563 2598 3688 2638 esse
3724 2598 3822 2653 pu—

2242 2681 2292 2725 ta
2303 2674 2496 2726 vimus.

2310 2765 2570 2819 Pervcrsa
2599 2763 2761 2834 igitur
2789 2763 3057 2828 voluntas,
3086 2781 3248 2834 quam
3279 2765 3497 2833 proprie
3521 2773 3575 2819 et
3596 2781 3822 2838 peccare

2237 2864 2292 2910 et
2315 2855 2488 2925 puniri
2516 2854 2819 2916 docuimus,
2849 2870 2952 2908 non
2983 2854 3197 2909 aliunde
3229 2856 3348 2910 illos
3371 2855 3646 2911 cruciatus
3669 2872 3820 2922 suos,

2237 2944 2432 3015 quibus
2460 2945 2528 2998 ob
2551 2942 2922 3013 inexplebilem
2947 2944 3106 2998 istam
3131 2944 3425 3009 libidinem,
3458 2945 3822 3015 nequidquam

2237 3034 2392 3105 quasi
2434 3054 2451 3085 ι
2479 3032 2721 3102 objectos
2777 3034 2916 3086 vitae
2967 3044 3316 3104 quaerentem
3365 3035 3654 3106 etl‘ringere
3711 3037 3821 3092 ela-

2239 3128 2390 3182 thros
2423 3146 2468 3190 ι,
2499 3125 2745 3188 allicitur,
2790 3141 2896 3180 non
2943 3127 3159 3181 aliunde
3211 3142 3338 3196 ergo
3384 3127 3505 3182 illos
3551 3129 3824 3184 cruciatus

547 3216 696 3272 Scoti
727 3218 1044 3282 locutiones,
1076 3218 1263 3287 quales
1279 3227 1440 3272 sunt:
1473 3236 1491 3268 ι
1523 3230 1802 3287 peccatum
1835 3219 1966 3273 nihil
1990 3228 2129 3284 est»,
2163 3214 2206 3274 C
2238 3217 2488 3287 percipit,
2512 3218 2613 3272 nisi
2641 3233 2704 3273 cx
2730 3219 2829 3272 hac
2853 3218 2965 3286 ipsa
2991 3219 3343 3288 perversitate
3371 3234 3434 3272 ac
3457 3219 3679 3274 libidine
3707 3235 3822 3274 sua.

555 3326 574 3358 ε
607 3310 815 3378 peccati
848 3324 1053 3378 poenae
1076 3319 1204 3363 sunt
1229 3309 1407 3362 nullae
1436 3327 1480 3360 ι.

619 3397 740 3454 lam
770 3415 899 3453 νοω
927 3409 983 3453 et
1008 3409 1310 3470 peccatum,
1339 3408 1391 3454 CI
1424 3408 1764 3469 peccatorum
1807 3416 2007 3471 poenae
2039 3419 2130 3458 ac-

545 3491 795 3546 curatius
827 3491 1182 3546 describenda
1208 3503 1354 3547 sunt.

574 3614 582 3621 -
615 3581 905 3637 Peccatum
939 3598 1045 3636 non
1074 3590 1159 3637 est
1183 3592 1406 3637 naturae
1429 3581 1506 3654 (ιι)
1539 3583 1586 3653 (c
1615 3593 1937 3652 sequeretur
1961 3586 2130 3649 enim,

545 3688 670 3730 cum
743 3673 884 3727 Deus
949 3682 1199 3726 naturam
1263 3671 1488 3736 fecerit,
1545 3685 1827 3743 peceatum
1891 3691 2010 3731 esse
2065 3692 2132 3731 ex

552 3767 658 3820 Deo
688 3763 760 3835 [ε]
785 3764 964 3834 ι),εθ(1
994 3764 1194 3818 liberae
1222 3765 1510 3818 voluntatis
1538 3784 1548 3818 :
1582 3774 1668 3819 est
1697 3774 1872 3820 autem
1899 3784 1917 3817 ί
1959 3776 2134 3822 motus

544 3871 834 3928 perversos
852 3856 1152 3912 voluntatis
1172 3858 1390 3920 liberae,
1419 3857 1589 3912 libero
1615 3873 1712 3910 suo
1740 3858 1966 3912 arbitrio
1994 3861 2134 3914 male

544 3949 769 4013 utentis,
801 3964 921 4002 cum
945 3948 1066 4016 quis
1087 3947 1350 4000 avertitur
1375 3963 1405 4000 a
1435 3947 1632 4001 divinis
1654 3962 1885 4016 vereque
1912 3963 2135 4003 manen-

546 4038 713 4102 tibus,
745 4047 798 4091 et
829 4035 897 4090 ad
955 4035 1230 4090 mutabilia
1280 4045 1441 4104 atque
1474 4037 1678 4090 incerta
1729 4037 2131 4092 convertitur».

550 4149 569 4183 ι
596 4130 884 4187 Peccatum
909 4130 1161 4185 videlicet
1178 4129 1400 4200 ejusque
1418 4131 1840 4202 consequentiae
1861 4146 2133 4186 summum

617 4308 700 4379 (α)
741 4306 826 4379 er.
859 4305 922 4379 v,
956 4305 988 4379 §
1023 4306 1171 4379 1-5;
1205 4306 1292 4372 vi,
1326 4306 1440 4362 1-3.

622 4376 696 4448 (υ)
737 4376 819 4448 Cf-
851 4377 920 4448 Σο
947 4376 1066 4448 δ’θε

619 4444 691 4517 (ε)
731 4444 918 4517 CLX,
959 4446 1012 4517 4.
1055 4445 1108 4498 5.
1135 4445 1214 4517 75;
1255 4445 1372 4506 XV,
1420 4446 1480 4508 l,
1521 4447 1587 4508 5,
1635 4445 1770 4510 5-6;
1811 4455 1866 4500 et
1908 4446 2134 4514 passim,

546 4515 797 4574 Ceterum
836 4516 939 4570 hoc
967 4515 1100 4578 loco,
1132 4516 1181 4568 i.l
1209 4517 1351 4582 quod
1380 4517 1544 4569 semei
1569 4518 1804 4585 atquein
1829 4519 2135 4570 nniversmn

547 4592 751 4646 dictum
783 4587 1030 4648 velimus,
1066 4586 1208 4640 illam
1229 4579 1400 4640 'Seoti
1440 4579 1766 4641 sententiam
1799 4591 1864 4642 de
1889 4599 2132 4656 peccato,
2173 4579 2219 4636 D

548 4661 616 4713 de
652 4673 844 4727 poena,
875 4671 1119 4728 quaeque
1172 4656 1409 4728 ejusdem
1468 4667 1594 4711 sunt
1617 4659 1850 4727 generis,
1883 4660 2135 4728 proponis

547 4726 690 4791 mus,
722 4744 882 4796 quam
913 4729 963 4780 in
995 4727 1130 4779 libro
1159 4729 1223 4780 de
1247 4726 1515 4795 praedi-st.
1547 4726 1810 4796 sequitur.

620 4800 699 4867 (ά)
742 4798 853 4852 Hoc
880 4806 962 4851 est
995 4815 1012 4847 ‹
1044 4798 1330 4869 reitquae
1372 4812 1496 4851 vere
1540 4809 1643 4863 est,
1673 4818 1690 4850 ι
1716 4827 1786 4838 ——
1816 4818 1834 4850 ι
1865 4815 2003 4868 quae
2031 4800 2132 4855 ali-

548 4870 678 4939 quid
700 4870 1001 4939 ,substat).
1032 4867 1113 4922 Cf.
1147 4867 1214 4933 Χ,
1245 4868 1298 4922 5.

624 4942 694 5010 (e)
850 4937 968 5002 XV,

620 5007 688 5080 (Γ)
718 5009 828 5064 Hoc
841 5019 923 5062 est
952 5027 969 5058 ι
994 5007 1183 5080 Deum,
1204 5022 1368 5080 unam
1385 5009 1629 5080 omnium
1644 5024 1821 5063 rerum
1840 5011 2130 5067 essentiam

549 5076 715 5150 atque
744 5078 1118 5151 substantiam.
1152 5097 1172 5129 ι
1211 5079 1292 5132 ()l'.
1326 5076 1390 5140 X,
1423 5078 1490 5144 5;
1522 5079 1706 5144 XVIII,
1738 5082 1790 5134 4.
1822 5084 1872 5136 8.
1907 5082 1980 5135 De
2007 5098 2136 5151 pau-

549 5148 783 5208 theismo
813 5148 918 5200 iatn
945 5149 1068 5196 Itim‘
1089 5157 1255 5200 ιῃιρι,
1278 5163 1438 5195 "nam
1470 5166 1592 5186 om“
1632 5152 1642 5168 .
1759 5153 1768 5162 .

2242 3329 2260 3362 ι
2290 3308 2404 3364 Non
2450 3311 2592 3364 enim
2643 3312 2747 3364 alia
2801 3321 2926 3364 sunt
2968 3312 3326 3365 instrumenta
3353 3313 3686 3380 torque-udae
3721 3313 3823 3366 im-

2235 3403 2450 3472 pietatis
2480 3413 2695 3473 praeter
2739 3404 2908 3472 ipsam
2961 3403 3329 3472 impietatem:
3363 3405 3654 3473 unicuique
3695 3421 3824 3476 sup-

2239 3496 2463 3565 plicium
2515 3497 2610 3550 tiet
2663 3496 2728 3551 de
2787 3511 2885 3550 suo
2957 3505 3180 3564 peccato
3229 3514 3242 3548 :
3295 3495 3507 3550 diabolo
3566 3513 3664 3551 sua
3731 3513 3822 3552 su-

2235 3594 2418 3662 perbia
2474 3584 2668 3648 Suilicit
2715 3593 2784 3646 ad
2834 3594 3190 3661 torquendum
3245 3613 3288 3646 ι.
3351 3613 3369 3644 ι
3419 3592 3572 3649 Unde
3626 3610 3822 3664 pecca-

2240 3696 2375 3752 tum,
2405 3685 2527 3740 huic
2553 3701 2728 3750 mors;
2765 3686 2904 3740 unde
2942 3701 3109 3752 mors,
3143 3687 3267 3742 inde
3301 3687 3542 3752 miseria,
3571 3704 3713 3758 quae
3740 3701 3826 3746 est

2234 3793 2406 3848 poena
2434 3779 2515 3833 vel
2543 3779 2864 3849 supplicium
2895 3779 2956 3850 (ἑ)
2988 3798 3036 3832 ι.

2303 3871 2478 3939 Atque
2510 3887 2574 3925 ex
2600 3871 2707 3933 his,
2739 3885 2878 3938 quae
2904 3871 2970 3926 dc
2991 3880 3212 3940 peccato
3240 3871 3468 3942 ejusque
3497 3888 3667 3943 poena
3695 3884 3821 3929 sunt

2235 3961 2399 4024 dicta,
2446 3959 2664 4028 planum
2713 3975 2832 4014 esse
2873 3961 3223 4027 arbitramur,
3258 3961 3498 4026 Scotum,
3537 3965 3665 4018 dum
3693 3981 3823 4020 eon-

2235 4060 2381 4106 stare
2427 4051 2528 4104 sibi
2569 4050 2718 4114 velit,
2765 4061 3084 4121 negaturum
3119 4066 3260 4117 esse,
3297 4053 3390 4108 Dei
3421 4051 3645 4108 nutd'ac
3664 4055 3820 4124 jussu

2236 4142 2373 4207 ﬁeri,
2403 4151 2465 4197 ut
2491 4142 2580 4207 sit,
2606 4159 2711 4196 non
2739 4143 2971 4197 dicimus
2988 4152 3290 4211 peccatum,
3314 4145 3366 4198 id
3388 4146 3528 4213 quod
3551 4144 3663 4212 jam
3687 4147 3822 4202 alias

2237 4314 2348 4370 Deo
2371 4316 2423 4368 in
2454 4314 2627 4387 primo
2660 4313 2874 4367 homine
2903 4315 3065 4387 etiam
3099 4317 3338 4387 ontniunt
3384 4317 3657 4371 hominum
3697 4334 3822 4387 pro-

2237 4388 2409 4456 priam
2440 4385 2789 4456 voluntatem,
2820 4393 2980 4456 atque
3008 4386 3077 4439 ita
3111 4385 3162 4438 in
3195 4400 3259 4441 eo
3294 4401 3551 4456 peccasse
3582 4385 3816 4441 non'na-

2241 4454 2372 4509 turae
2392 4455 2630 4507 onmium
2656 4454 3650 4526 generalitatem.seduniusenjusque
3679 4459 3819 4513 indi-

2241 4526 2460 4596 viduam
2480 4527 2818 4596 )‘oluntatetn
2848 4544 2904 4596 »ε
2924 4525 3004 4578 Cf.
3036 4525 3173 4590 XVI,
3205 4525 3233 4596 ξ,
3264 4528 3318 4579 5.

2311 4596 2389 4666 (Ii)
2426 4595 2509 4649 Cf.
2545 4594 2698 4669 XVI,
2749 4594 2812 4650 ἐξ
2869 4595 3050 4669 XVIII,
3102 4597 3154 4649 7.
3192 4594 3544 4669 Estiuttent
3591 4598 3815 4669 diligen—

2249 4676 2329 4720 ter
2371 4667 2790 4738 attendendum,
2829 4668 2957 4734 quid
3020 4668 3236 4738 proln‘ie
3293 4668 3558 4722 alliciatur
3621 4667 3813 4738 poena.

2241 4738 2704 4803 Quemadmodum
2765 4736 2927 4808 igitur
2973 4737 3074 4806 (cf.
3140 4753 3257 4806 sup.
3314 4748 3424 4790 not.
3495 4739 3552 4802 (Ι,
3608 4736 3657 4808 ὁ)
3710 4756 3812 4792 non

2241 4817 2428 4861 natura
2489 4816 2712 4875 peccat,
2777 4806 2870 4859 sed
2920 4821 3172 4874 perversa
3226 4808 3471 4863 voluntas
3522 4827 3535 4862 :
3580 4806 3659 4863 sic
3710 4826 3812 4862 non

2238 4888 2427 4931 natura
2471 4878 2718 4945 punitur,
2753 4877 3074 4948 sedeadem
3129 4877 3375 4932 voluntas
3422 4894 3693 4948 perversa.
3721 4881 3815 4932 Al-

2237 4962 2340 5016 que
2387 4948 2490 5001 huc
2537 4947 2913 5018 percommode
2959 4948 3240 5001 transferri
3290 4947 3460 5018 possit
3514 4951 3662 5003 lacus
3697 4951 3814 5018 qui-

2238 5015 2359 5070 dam
2410 5032 2476 5069 ex
2525 5033 2643 5085 cap.
2697 5015 2833 5078 XVI,
2886 5015 3012 5086 §I:
3054 5035 3070 5066 ι
3103 5015 3384 5083 ρυίίιὶνὸἰ
3433 5019 3575 5073 nulla
3622 5015 3812 5074 natura

2236 5087 2394 5132 ιἰιριείι
2451 5089 2670 5140 ntmita.
2723 5087 2981 5144 numquid
3033 5090 3137 5141 erit
3190 5090 3429 5144 misera?
3483 5089 3598 5144 Non
3633 5091 3807 5144 video.

3564 5160 3726 5182 ’.εν
