4036 5722
186 339 265 399 η
894 392 901 401 ,
1051 332 1139 389 DE
1178 332 1335 390 VITA
1364 330 1459 388 ET
1498 331 1774 391 PRM

1880 333 1901 390 Ξ
1936 330 1990 390 ‘J.
2026 324 2341 391 SCOTI.:--
2376 335 2551 390 PARS
2590 337 2628 392 l.
3392 340 3469 399 50

185 448 710 526 mitigavit,
728 448 1053 520 sedpeceati
1070 463 1265 520 poena.
1308 449 1494 520 Neque
1518 449 1770 505 fallimur.
1803 455 1845 512 Α
1876 450 2077 521 placuit
2103 464 2322 522 ponere.
2349 484 2420 496 —
2443 451 2503 509 Si
2531 452 2789 509 Deminus
2814 458 3144 527 proditorem
3173 471 3329 513 suum
3354 472 3464 514 non

185 544 547 603 Coutittelner
566 542 712 598 enim
741 549 913 607 vetat,
938 555 1006 596 ne
1040 542 1167 612 quis
1214 541 1430 597 illorum
1483 542 1777 612 quidquam

185 652 221 693 a
245 638 360 693 Deo
382 632 526 691 etﬁci
554 641 727 704 putet.
766 632 925 698 Nam,
955 633 1097 703 quod
1124 633 1256 688 nihil
1278 633 1369 697 sit,
1400 633 1451 687 id
1478 648 1585 688 non
1617 652 1634 683 ι
1658 646 1781 688 esse

185 746 219 786 a
265 730 402 793 Deo.
441 744 474 784 a
513 742 624 797 quo
671 726 761 783 illa
805 734 1013 782 tantum
1060 726 1171 781 sint
1210 744 1261 790 ι,
1306 739 1447 796 quae
1492 740 1617 779 vere
1659 738 1781 780 esse

185 821 440 877 dicantur
492 835 509 872 :
553 833 731 889 tneque
782 818 855 882 id,
908 816 1054 887 quod
1089 831 1157 872 ex
1202 831 1454 887 perversa
1497 815 1776 869 hominum

183 911 468 971 voluntate
515 910 755 974 oriatur,
805 909 917 964 ullo
964 917 1127 978 pacto
1167 907 1236 962 ad
1286 908 1454 962 Deum
1500 916 1777 961 auctorem

183 1003 383 1060 referri
427 1017 591 1074 posse
623 1001 724 1074 (α).
766 1002 1013 1057 Permittt
1063 1011 1271 1056 tantum
1321 1015 1351 1053 a
1398 1000 1507 1054 Deo
1555 998 1671 1062 illa,
1719 1006 1780 1052 ut

190 1113 211 1147 ι
240 1095 379 1149 ﬁant
415 1102 566 1149 motu
593 1093 813 1164 proprio
838 1093 1119 1162 liberoque
1149 1090 1429 1147 rationalis
1454 1100 1741 1146 creaturae
1760 1131 1775 1156 ,

181 1192 444 1257 perverse
473 1186 675 1241 utentis
718 1180 1056 1242 naturalibus
1103 1185 1296 1241 bouis:
1329 1202 1345 1240 :
1376 1203 1394 1236 ‹
1423 1183 1625 1240 deserti
1660 1191 1774 1238 tau-

183 1289 306 1335 tusu
328 1293 359 1333 a
382 1278 517 1343 Deo,
544 1277 637 1346 qui
662 1277 775 1332 sint
801 1276 1086 1346 puniendi,
1109 1285 1171 1332 ut
1186 1292 1285 1332 sua
1307 1277 1524 1349 propria
1557 1291 1778 1348 perver-

179 1372 349 1426 sitate
372 1370 668 1439 puniantur
689 1368 766 1439 (b)
794 1388 841 1422 ι.

253 1462 537 1518 Concessa
569 1470 774 1523 autem,
814 1468 1099 1529 peccatum
1139 1462 1368 1531 ejusque
1402 1476 1632 1532 poenam
1674 1478 1775 1519 uec

174 1567 329 1619 esse,
358 1566 462 1607 nec
506 1566 538 1605 a
591 1553 702 1606 Deo
730 1552 946 1606 trahere
971 1550 1258 1623 originem,
1290 1551 1431 1606 facili
1460 1554 1573 1621 jam
1609 1567 1772 1621 opera

179 1645 610 1707 demonstratur,
638 1648 755 1713 ipsa
785 1658 816 1696 a
847 1656 1061 1697 summo
1102 1642 1193 1697 illo
1222 1642 1440 1698 numine
1489 1643 1671 1697 divino
1708 1659 1774 1698 ne

177 1734 448 1804 praesciri
500 1733 756 1803 quidem,
809 1733 1008 1787 nedum
1057 1733 1309 1803 cuiquam
1356 1733 1768 1803 praedestinari.

1877 543 2089 597 erubuit
2125 544 2367 613 apellare
2402 544 2634 600 electum
2683 544 2804 614 (pro
2836 560 2942 601 non
2982 547 3199 621 electo),
3249 564 3351 606 cur
3399 547 3462 606 8.

1877 629 2210 700 Augustinus
2250 634 2618 701 erubesceret,
2654 635 2884 691 eundem
2913 637 3244 707 proditorem
3269 650 3469 697 vocare

1879 724 2335 791 praedestinattnn
2368 748 2385 778 ι
2423 728 2542 796 (pro
2568 742 2671 782 non
2699 728 3127 797 praedestinato)
3152 730 3232 802 (li)
3259 730 3285 784 ?

1954 830 1973 863 σ
2004 812 2443 883 Quotiescunque
2482 832 2612 886 ergo
2660 820 2911 874 dicuntur
2948 821 3466 889 praedestinati‘bo-

1880 901 2053 955 mines
2079 902 2252 971 impii,
2281 916 2528 974 quaeque
2565 908 2630 959 ad
2656 924 2750 962 eos
2784 910 3074 979 penincnt,
3102 911 3466 982 pulcherrimo

1877 1002 1933 1047 et
1959 992 2315 1051 saluberrimo
2357 995 2450 1052 illo
2491 1001 2891 1057 contt'arletatis
2921 1004 3079 1059 modo
3100 1005 3468 1078 interpretan-

1878 1085 2006 1139 dum
2051 1094 2138 1141 est
2167 1105 2212 1139 ι.
2912 1112 2921 1122 η

1896 1194 1901 1199 ·
1949 1179 2019 1235 At
2051 1180 2103 1235 in
2138 1179 2295 1238 bonis
2332 1184 2639 1241 hominibus
2677 1202 2974 1258 eorumque
2999 1189 3198 1245 virtute
3220 1205 3283 1245 ac
3308 1204 3469 1260 prae-

1878 1271 2002 1327 miis
2030 1286 2117 1327 res
2146 1288 2302 1329 secus
2327 1291 2447 1331 sese
2474 1277 2652 1332 habet.
2707 1277 2851 1333 llaec
2889 1288 2944 1334 et
2979 1295 3104 1336 vere
3142 1290 3287 1346 sunt,
3334 1291 3389 1337 et
3433 1298 3464 1337 a

1877 1362 1987 1417 Deo
2021 1361 2157 1419 facta
2186 1374 2332 1431 sunt,
2372 1377 2429 1422 et
2470 1370 2539 1423 ab
2578 1368 2786 1424 inﬁnita
2841 1369 2936 1426 Dei
2991 1371 3359 1429 benevolentia
3411 1381 3469 1429 et

1876 1455 2048 1525 gratia
2078 1456 2294 1511 dantur.
2346 1459 2525 1525 Quare
2562 1459 2754 1514 horum
2783 1462 3207 1531 praedestinatio
3236 1478 3364 1517 vere
3401 1476 3466 1519 ac

1876 1547 2092 1616 proprie
2118 1547 2222 1602 dici
2250 1558 2445 1618 potest,
2472 1565 2664 1620 neque.
2690 1566 2855 1620 quum
2887 1566 2917 1605 a
2948 1552 3005 1607 ς.
3035 1551 3316 1623 Scriptura
3349 1565 3399 1609 et
3433 1569 3463 1608 a

1878 1634 1975 1690 SS.
2016 1635 2269 1693 Patr-ibus
2290 1639 2537 1704 docetur,
2565 1654 2594 1693 a
2618 1641 2891 1695 COIIll‘aI‘IO
2918 1650 2999 1696 est
3028 1642 3339 1712 accipienda
3373 1643 3481 1715 (3'):

1946 1724 2266 1796 Priusquam
2296 1736 2472 1785 tamen
2499 1729 2567 1783 ad
2594 1730 2797 1800 reliqua
2826 1746 3144 1803 pergamus,
3172 1728 3467 1806 suljicien—

179 1802 291 1884 Iies
315 1802 626 1884 deﬁniendo
652 1827 959 1883 conﬁcitur.
1014 1844 1035 1878 ς
1065 1802 1382 1897 Estienim)
1405 1827 1583 1882 divina
1616 1840 1773 1897 prae-
1804 1802 1849 1862 Β
1874 1816 2003 1873 dum
2031 1818 2241 1872 videtur
2264 1818 2609 1888 disputationi
2635 1831 2872 1886 nostrae,
2897 1802 3038 1892 quod
3062 1802 3461 1895 Scotitssttl.je-

179 1919 482 1974 destinatio
514 1918 779 1981 omnium,
825 1931 963 1987 quae
994 1916 1137 1971 Deus
1172 1916 1415 1971 facturus
1465 1924 1604 1981 erat,
1651 1924 1779 1970 ante

176 2011 362 2067 secula
424 2008 772 2081 praeparatio
830 2016 996 2077 atque
1056 2008 1339 2077 dispositio
1375 2006 1444 2078 (c)
1488 2025 1535 2061 ι.
1596 2006 1778 2062 «Tan-

178 2111 295 2158 tum
341 2101 575 2172 (autem)
627 2100 683 2155 in
738 2099 847 2155 Deo
895 2097 1037 2154 valet
1091 2098 1469 2167 praescientia,
1512 2110 1774 2168 quantum

176 2193 634 2263 praedestinatio;
663 2191 843 2260 plane,
882 2191 1010 2260 quia
1037 2204 1203 2244 unum
1231 2199 1357 2245 sunt
1380 2211 1423 2244 ι.
1476 2189 1777 2245 Excederet

173 2284 400 2353 quidem
448 2280 811 2352 praescientia
857 2280 1364 2349 praedestinationis
1421 2280 1555 2336 ﬁnes
1583 2321 1599 2347 ,
1649 2298 1775 2338 cum

172 2376 265 2430 illa
297 2375 467 2431 etiam
495 2376 563 2429 ad
601 2388 699 2429 eas
735 2388 823 2429 res
865 2373 1138 2443 pertinere
1171 2381 1408 2443 putetur,
1456 2389 1593 2445 quas
1635 2375 1776 2432 Deus

173 2481 283 2520 non
311 2466 459 2528 fecit,
485 2465 635 2519 velut
655 2474 907 2535 peccata:
934 2480 1119 2519 verum
1146 2466 1445 2532 enimvero,
1469 2482 1611 2536 quae
1634 2466 1776 2524 Deus

172 2570 283 2609 non
314 2553 465 2619 fecit,
496 2569 561 2609 ea
595 2569 700 2608 non
737 2564 893 2619 sunt;
924 2569 1095 2626 quare
1130 2569 1231 2611 nec
1262 2555 1330 2609 ab
1366 2570 1432 2609 eo
1462 2557 1776 2626 praescium

172 2654 286 2702 tur.
336 2645 521 2716 Atque
569 2654 699 2701 sunt
742 2647 907 2703 etiam
956 2653 1053 2701 «et
1086 2645 1509 2716 praedestinatio
1534 2654 1589 2700 et
1621 2662 1777 2716 prae-

171 2735 412 2791 scientia
446 2735 608 2790 unius
637 2734 985 2806 ejusdemque
1022 2737 1239 2792 divinae
1287 2745 1531 2803 naturae,
1574 2739 1626 2793 in
1667 2754 1774 2810 qua

172 2827 325 2882 aliud
368 2827 478 2882 alio
510 2827 631 2897 plus
677 2829 925 2883 minusve
970 2843 1075 2882 non
1117 2837 1201 2884 est
1234 2848 1249 2884 :
1288 2829 1378 2884 ubi
1427 2838 1509 2884 est
1551 2838 1776 2887 naturae

171 2916 520 2988 simplicitas,
553 2926 772 2971 nonest
806 2915 911 2972 ulla
952 2918 1257 2979 diversitas,
1305 2919 1563 2988 quoniam
1606 2920 1659 2973 in
1710 2936 1774 2976 ea

170 3009 360 3061 omnia
391 3022 561 3061 unum
590 3016 719 3061 sunt
748 3007 828 3079 (d)
855 3027 903 3062 ι.

202 3132 207 3137 -
238 3097 343 3151 Est
381 3111 514 3167 ergo
544 3095 1067 3161 manifestissimum,
1110 3112 1212 3153 nec
1250 3107 1493 3168 peccata,
1539 3114 1639 3157 nec
1676 3116 1770 3157 ec-

1876 1910 1950 1966 cit
1976 1924 2137 1974 suae;
2168 1911 2495 1965 sententiam
2521 1910 2754 1967 dicimus
2794 1915 2861 1969 de
2901 1915 3022 1985 igne
3068 1926 3273 1972 {uerno
3321 1918 3463 1989 apud

1877 1998 2098 2055 inferos.
2132 1999 2228 2055 Est
2255 2008 2435 2055 autem
2462 2000 2628 2068 haec;
2666 2021 2684 2053 ι
2719 2001 2871 2057 Haud
2900 2003 3057 2059 facile
3083 2007 3230 2062 credi
3261 2017 3460 2078 potest,

1878 2089 2041 2145 alium
2081 2106 2203 2146 enm
2246 2106 2386 2156 esse,
2434 2102 2654 2162 praeter
2689 2093 2886 2163 ipsum,
2938 2095 3029 2165 qui
3080 2104 3159 2150 est
3208 2112 3463 2168 quanam

1876 2181 2062 2236 mundi
2090 2182 2436 2237 elementum.
2482 2183 2590 2239 Nec
2622 2184 2917 2255 incongrue
2946 2186 3290 2253 credendum,
3320 2189 3465 2260 quod

1876 2284 2105 2341 corpora
2131 2282 2441 2327 sanctorum
2471 2273 2524 2328 in
2555 2275 2865 2330 aetheream
2896 2278 3248 2333 mutabuntur
3293 2280 3466 2349 quali-

1877 2370 2063 2427 tatem,
2102 2378 2243 2433 quae
2280 2364 2349 2419 ab
2380 2364 2492 2418 alia
2520 2367 2764 2421 consumi
2796 2383 2900 2422 non
2935 2377 3139 2439 potest;
3176 2370 3465 2441 impiorum

1875 2471 2003 2510 vero
2032 2471 2257 2526 corpora
2288 2458 2343 2511 in
2366 2471 2579 2512 aeream
2611 2460 2927 2529 qualitatem
2959 2465 3275 2528 transitum,
3310 2474 3370 2518 ut
3396 2466 3465 2521 ab

1875 2549 2151 2617 superiore
2200 2548 2322 2617 igne
2365 2550 2658 2617 patiantur.
2711 2550 2849 2606 IIiuc
2887 2560 2991 2616 est,
3037 2554 3178 2621 quod
3220 2553 3465 2610 diabolus

1874 2647 1995 2708 post
2036 2639 2242 2708 lapsum
2275 2639 2527 2695 detrusus
2554 2643 2621 2695 ab
2649 2645 2905 2697 aethereo
2931 2644 3122 2712 spatio,
3155 2643 3466 2713 adiunctum

1874 2738 1953 2784 est
1975 2729 2025 2784 ei
2051 2730 2218 2784 invito
2245 2742 2464 2784 aereum
2506 2744 2704 2801 corpus
2727 2773 2741 2794 ,
2771 2731 2824 2786 in
2852 2747 2958 2801 quo
2985 2747 3186 2802 poenas
3216 2751 3347 2789 suae
3371 2752 3466 2789 su-

1873 2819 2095 2890 perbiae
2116 2819 2229 2874 luat
2253 2819 2348 2891 (j).
2368 2820 2519 2887 Quod
2542 2822 2586 2876 si
2615 2822 2701 2876 cui
2732 2822 3049 2878 incredibile
3079 2824 3310 2890 videtur,
3337 2841 3463 2880 cor-

1875 2928 2004 2984 pora
2032 2930 2250 2985 semper
2283 2930 2496 2981 arsura,
2535 2930 2712 2985 neque
2748 2925 2925 2973 tamen
2971 2919 3234 2988 peritura,
3277 2921 3461 2977 videat

1875 3004 2269 3059 salamandram
2321 3008 2374 3060 in
2424 3007 2546 3076 igne
2588 3008 2786 3075 vivam,
2821 3009 2998 3065 videat
3027 3010 3256 3081 lapidem
3300 3014 3457 3069 ashe-

1875 3102 2015 3149 stum
2045 3095 2117 3167 (It)
2149 3115 2194 3150 ι.

171 3204 293 3241 rum
344 3202 550 3257 poenas
596 3187 858 3257 praeseirl
897 3203 927 3241 a
969 3188 1078 3243 Deo
1126 3199 1220 3244 aut
1254 3191 1646 3260 praedestinari
1674 3193 1767 3265 (e).
1799 3152 1844 3214 Ο
1946 3187 2207 3243 Venimus
2262 3204 2405 3243 nunc
2460 3189 2527 3243 ad
2590 3190 2887 3247 disserendi
2949 3191 3484 3266 demonstrandique‘

196 3324 203 3339 τ
238 3278 406 3345 Quod
438 3277 485 3331 si
515 3276 685 3331 nihilo
717 3277 893 3333 secius
926 3297 944 3328 ε
973 3278 1172 3333 dicitur
1212 3280 1353 3335 Deus
1384 3289 1443 3335 et
1480 3281 1674 3338 fecisse
1706 3297 1769 3337 ea

171 3376 225 3423 et
252 3366 620 3438 praescivisse
651 3366 737 3421 vel
759 3366 1212 3436 prae.!estinassc,
1238 3370 1304 3424 ad
1334 3370 1649 3426 exercitium
1676 3388 1775 3427 no-

172 3466 323 3513 strae
348 3457 740 3528 intelligentiae
764 3458 905 3511 Deus
923 3461 1258 3527 procuravit,
1303 3470 1359 3516 et
1392 3463 1447 3516 in
1488 3463 1772 3532 scripturis

172 3550 287 3604 suis
313 3559 372 3603 et
404 3549 459 3603 in
494 3549 889 3605 .tractatorihns
911 3548 1063 3618 ejus,
1090 3560 1142 3604 ut
1171 3552 1398 3606 audiens
1446 3553 1581 3609 tales
1624 3554 1766 3610 locu-

173 3640 387 3698 tionum
428 3641 618 3695 modos
660 3639 943 3709 evigilaret
987 3649 1172 3696 nostra
1210 3642 1439 3697 intentio
1479 3645 1547 3700 ad
1577 3644 1775 3701 intelli-

172 3732 429 3799 gendum,
462 3730 592 3799 quid
624 3731 680 3784 in
714 3731 797 3784 eis
820 3732 1109 3802 mysticum
1131 3730 1315 3798 lateat,
1346 3748 1454 3787 non
1477 3734 1605 3803 quid
1632 3735 1771 3791 sim—

174 3822 293 3892 plex
325 3823 619 3878 verborum
648 3822 966 3891 superﬁcies
991 3822 1243 3877 ostendat
1273 3823 1343 3892 (ι’)
1367 3841 1411 3877 ι.

242 3913 417 3982 Quem
430 3914 536 3968 hoc
550 3913 675 3968 loco
685 3912 833 3967 dicat
849 3913 1135 3984 mysticum
1151 3928 1392 3978 sensum,
1408 3914 1654 3985 plurimis
1674 3931 1774 3973 ex-

173 4008 431 4079 plicatum
450 4008 671 4081 legitur.
687 4006 1085 4079 Scribitigitur,
1102 4008 1367 4077 permulta
1387 4029 1406 4060 ε
1426 4011 1771 4067 acontrarim

146 4113 153 4117 '
176 4117 296 4157 esse
316 4102 667 4171 accipienda:
688 4118 709 4148 ς
733 4102 789 4154 in
805 4101 1141 4157 secularibus
1165 4101 1361 4157 litteris
1381 4101 1579 4158 Parcas
1604 4103 1779 4160 dictas

178 4206 320 4253 esse,
339 4190 486 4260 quod
512 4189 646 4244 nulli
675 4198 925 4259 parcant,
969 4189 1167 4255 lucem,
1192 4191 1335 4259 quod
1379 4204 1484 4245 non
1534 4191 1776 4256 lucenti,

183 4280 279 4336 ein
293 4281 489 4336 divinis
510 4279 815 4350 Scripturis
834 4279 1065 4334 inveniri
1083 4279 1279 4335 Iudam
1298 4281 1627 4351 proditorem
1651 4281 1782 4336 ami.

177 4386 303 4425 cum
324 4386 355 4424 a
376 4370 507 4426 Jesu
528 4370 881 4442 appellatum,
903 4384 1026 4425 cum
1051 4370 1215 4426 fuerit
1237 4371 1506 4438 inimicus,
1520 4372 1777 4437 electum,

180 4484 304 4523 cum
330 4469 493 4524 fuerit
538 4484 648 4524 non
677 4467 916 4532 electus,
949 4476 1006 4521 et
1047 4466 1165 4537 ejus
1202 4468 1415 4541 generis
1458 4468 1611 4538 plura
1637 4470 1772 4540 (9)».

184 4560 468 4627 «Proinde,
492 4580 514 4615 ι
536 4562 632 4627 ait,
654 4580 674 4613 ι
699 4573 807 4615 non
820 4560 994 4622 video,
1016 4575 1113 4615 cur
1128 4558 1229 4616 SS.
1246 4569 1429 4631 patres
1442 4560 1773 4626 dubitarent,

179 4653 409 4723 pulchro
442 4654 732 4710 locutionis
759 4653 922 4708 modo
947 4653 1264 4709 ﬁduciallter
1298 4654 1580 4709 enuntiare
1613 4669 1772 4725 prae-

181 4748 482 4804 destinatos
508 4748 574 4801 ad
610 4760 843 4817 poenam
873 4745 958 4799 vel
988 4746 1266 4802 interitum
1306 4748 1428 4816 (pro
1467 4760 1574 4802 non
1622 4760 1777 4816 prae-

182 4839 512 4911 destinatis),
551 4858 570 4891 ε
598 4839 814 4909 quoties
848 4838 917 4907 iis
960 4837 1015 4891 in
1054 4837 1314 4895 librorum
1358 4851 1581 4893 suorum
1633 4837 1776 4893 serie

255 4997 330 5066 (α)
360 4996 447 5053 Cf.
477 4994 563 5066 Ill.
593 4994 663 5066 3;
692 4992 771 5066 X_,_
790 4992 888 5066 ljb
912 5000 969 5066 et
994 4993 1207 5062 saepius
1228 4992 1395 5048 alias.

254 5060 328 5135 (ο)
355 5066 443 5123 cr.
479 5065 547 5128 χ,
576 5065 701 5135 1-5;
720 5061 893 5135 ,xvn,
916 5060 969 5135 ετ

220 5158 226 5163 ”
353 5137 443 5193 Cf.
473 5135 537 5206 II,
557 5134 625 5204 2;
663 5133 755 5206 XI,
788 5132 922 5206 677‘;
1165 5150 1278 5206 seq.

218 5238 221 5243 ›
253 5201 334 5273 (d)
358 5208 450 5264 CI'.
484 5201 620 5273 XV,
640 5205 778 5270 5-4;
805 5203 939 5267 5-6;
968 5202 1155 5273 XVIII;
1182 5201 1363 5273 praef.
1394 5203 1450 5259 in
1479 5205 1573 5261 ﬁn.

214 5325 221 5331 .
256 5273 326 5345 (ei
352 5278 439 5335 Cf.
474 5275 591 5345 XV,
626 5280 685 5343 l;
727 5273 1143 5345 XVI,A6;_XVII,
1173 5273 1224 5345 Ι,
1253 5283 1370 5333 cet.
1410 5285 1519 5331 cet.

258 5342 440 5421 (tW:
468 5342 687 5421 ἕῗινδὲ
732 5342 1090 5421 (δέ-,ΧΣΙΞνὲς
1128 5342 1257 5421 Χίι
1303 5359 1421 5421 sett-

218 5432 223 5433 “
259 5414 331 5488 illi
355 5419 443 5474 Cf.
468 5416 581 5481 X,l
613 5434 728 5487 seq.
758 5414 876 5488 ἓν,
899 5414 1009 5488 6τ7.
1036 5417 1069 5471 2
1093 5435 1108 5484 ;
1135 5414 1271 5486 XIII,
1300 5418 1326 5470 Ι
1358 5431 1475 5487 seq.

257 5484 333 5562 (Ii)
361 5489 447 5562 CI’,
474 5488 604 5553 XIII,
628 5484 703 5550 ἐξ
735 5485 824 5562 I_X,
850 5484 1046 5562 5__(q_uo
1079 5484 1263 5547 tamen
1293 5489 1414 5562 loco
1439 5484 1603 5546 'hanc
1652 5502 1767 5562 rem

184 5555 338 5631 lott'ge
375 5559 537 5631 aliter
578 5559 826 5631 exponit;
875 5555 999 5611 dicit
1043 5563 1186 5617 enim
1219 5558 1427 5631 idcirco
1462 5559 1771 5631 pmescicn-

188 5627 887 5722 tiamjpraedestipationem
912 5641 1013 5708 non
1052 5634 1296 5705 preprie,
1317 5627 1410 5683 sed
1435 5627 1477 5682 a'
1496 5630 1773 5711 contrario

1876 3280 2041 3345 viam,
2084 3297 2245 3349 quam
2321 3282 2514 3337 Scotns
2566 3282 2669 3339 hoc
2724 3284 2779 3339 in
2831 3285 2968 3340 libro
3032 3286 3306 3357 ingressus
3358 3297 3463 3344 est.

1877 3368 2019 3425 Haec
2058 3386 2189 3427 vero
2225 3387 2288 3427 ex
2334 3372 2400 3428 iis
2431 3414 2444 3437 ,
2488 3388 2627 3442 quae
2668 3375 2736 3429 de
2779 3375 2940 3431 totius
2982 3375 3101 3430 libri
3145 3386 3467 3450 argumento

1874 3462 2269 3527 enarravimus,
2302 3464 2435 3519 satis
2464 3466 2690 3521 fortasse
2716 3468 2967 3534 patuerit.
3025 3467 3269 3524 Vidimus
3301 3470 3468 3539 igitur

1875 3551 2033 3622 longe
2079 3568 2201 3607 eum
2244 3554 2348 3607 alia
2380 3555 2855 3621 viaincedentem,
2893 3573 3053 3628 quam
3088 3559 3323 3628 reliquos
3348 3560 3467 3631 cjus

1875 3643 2066 3697 aetatis
2102 3643 2412 3714 theologos,
2445 3660 2715 3716 quamque
2746 3647 2920 3717 ipsum
2953 3648 3151 3703 decuit.
3205 3650 3280 3705 Illi
3317 3651 3462 3706 enim

1876 3733 2005 3789 solis
2032 3736 2420 3804 propemodum
2443 3736 2502 3791 S.
2528 3736 2823 3807 Scriptum:
2850 3749 2905 3792 et
2929 3737 3027 3794 SS.
3054 3738 3275 3795 Patrum
3309 3740 3463 3796 testi:

1875 3828 2071 3882 moniis
2112 3829 2632 3900 auctoritatibusqne
2661 3829 2994 3896 nitebantur,
3029 3830 3116 3886 hic
3168 3849 3186 3883 ι
3218 3833 3462 3904 disputa-

1878 3919 2051 3974 toriae
2092 3920 2251 3984 artis,
2281 3939 2300 3972 ι
2352 3928 2411 3974 ut
2456 3921 2665 3987 scribit,
2721 3939 2741 3972 ‹
2776 3921 2973 3993 regulis
3002 3941 3020 3975 ι
3058 3924 3312 3979 utebatur
3346 3940 3359 3977 :
3389 3923 3463 3978 Illi

1878 4008 1936 4064 8.
1986 4008 2301 4081 Scripturae
2346 4019 2398 4065 et
2444 4008 2544 4064 SS.
2578 4010 2800 4065 Palmm
2844 4011 3255 4067 auctoritatibus
3282 4013 3371 4082 pio
3402 4028 3465 4067 ac

1877 4101 2105 4172 simplici
2136 4101 2318 4155 animo
2348 4115 2407 4156 se
2429 4100 2809 4169 subiiciebant,
2844 4101 2935 4156 hic
2968 4102 3322 4157 auctoritates
3348 4101 3466 4156 illas

1878 4194 2013 4248 duro
2043 4208 2107 4247 ac
2131 4192 2365 4262 superbo
2401 4193 2600 4264 ingenii
2628 4193 2711 4248 sui
2741 4194 2970 4266 imperio
2994 4194 3299 4265 subigebat.
3354 4195 3466 4251 Me-

1878 4283 2135 4341 minimus
2159 4283 2423 4356 prol’ecto,
2447 4300 2608 4355 quam
2638 4286 2961 4355 contemptis
3001 4286 3271 4352 artiﬁciis,
3319 4268 3464 4357 quod

1878 4387 2067 4433 contra
2091 4392 2148 4433 se
2168 4377 2347 4433 facere
2376 4377 2623 4443 vidisset,
2651 4386 2756 4432 uta
2773 4392 2830 4433 se
2847 4378 3022 4434 facere
3043 4379 3309 4446 videatur,
3338 4378 3468 4435 eli’e-

1881 4470 2038 4524 cerit.
2070 4468 2181 4523 IIac
2218 4476 2356 4532 arte,
2388 4482 2547 4537 quem
2575 4467 2663 4524 illc
2701 4467 2910 4523 hostem
2957 4484 3063 4523 non
3112 4467 3461 4539 proﬁigaret!

1879 4560 2227 4631 Estquidem,
2244 4561 2428 4631 utipse
2446 4575 2660 4630 quoque
2673 4559 2730 4616 S.
2749 4558 3086 4631 Scripturae,
3104 4560 3163 4616 S.
3182 4559 3468 4629 Augustini

1875 4653 2023 4709 locos
2051 4668 2182 4709 suae
2201 4653 2502 4708 sententiae
2528 4660 2843 4724 argumenta
2865 4652 3127 4723 proferat,
3149 4664 3335 4708 verum
3370 4654 3465 4719 ita,

1876 4743 1946 4804 si.
1966 4743 2124 4798 uthis
2137 4742 2316 4799 verbis
2330 4752 2564 4809 utamur,
2581 4751 2736 4798 antea
2758 4742 2862 4812 ipsi
2883 4743 3184 4799 sentcntiae
3204 4757 3331 4797 suae
3351 4742 3470 4797 t‘ue-

1876 4836 1983 4890 rint
2007 4837 2219 4907 probati
2235 4836 2321 4908 (l).
2353 4835 2540 4907 Neque
2556 4838 2730 4892 facere
2748 4851 2854 4891 non
2866 4849 3173 4905 possumus,
3188 4834 3318 4905 quin
3336 4835 3475 4891 clas-

1949 4991 2013 5062 (i)
2048 4988 2286 5062 ill-XIV.
2326 4990 2424 5045 Est
2461 5001 2644 5048 autem
2685 4999 2833 5046 certe
2862 4990 3110 5062 mirum,
3152 4986 3244 5057 qui
3272 4987 3473 5062 factum

1877 5057 2079 5134 sit,r'ut
2122 5061 2340 5122 Scotus,
2373 5077 2539 5134 quum
2568 5064 2831 5118 malorum
2858 5059 3147 5134 hominum
3175 5057 3473 5134 praedesti:

1876 5124 2150 5187 nationem
2184 5124 2551 5187 necessariam
2594 5135 2790 5203 ubique
2840 5130 2928 5183 dix
2950 5134 3044 5188 ‘-rit
3078 5124 3246 5203 pra’ve
3284 5124 3475 5203 agendi

1876 5217 2119 5264 causam,
2171 5216 2277 5257 non
2329 5213 2509 5257 tamen
2541 5205 2607 5261 de
2640 5193 2903 5259 bonorum
2936 5193 3222 5258 hominum
3258 5193 3479 5264 praede-

1875 5274 2163 5328 stinatioue
2213 5284 2472 5344 tanquam
2528 5273 2834 5332 necessaria
2872 5269 3021 5330 bene
3066 5265 3277 5325 vivendi
3314 5274 3477 5318 causa

1909 5344 2218 5397 ouitaverit.
3416 5388 3421 5393 .
3491 5380 3500 5389 .

1875 5359 1941 5398 co
1980 5354 2218 5398 ttavertt.
3416 5388 3421 5393 ε

1943 5361 2024 5496 ai)
2070 5411 2167 5467 llic
2213 5430 2373 5470 nemo
2413 5416 2523 5471 n'on
2574 5413 2975 5483 reminiscetur,
3014 5412 3322 5487 opinamur,
3353 5400 3476 5458 Ori-

1878 5501 2133 5629 g'eilliilll‘.
2185 5552 2323 5614 XIX.
2355 5553 2477 5609 1-4;
2516 5557 2692 5629 Supra
2726 5564 2906 5609 autem
2955 5556 3116 5620 dixit,
3149 5545 3317 5603 solam
3354 5556 3484 5603 cou-

1881 5626 2165 5695 scientiam
2196 5629 2409 5695 punire.
2599 5626 2611 5629 ⁷
2782 5693 2805 5695 _
3013 5670 3017 5674 λ
3108 5690 3162 5695 ,,
3216 5686 3228 5695 ,
3297 5683 3313 5695 .
3387 5681 3419 5695 ..

1956 5696 2015 5722 In
2048 5681 2244 5722 υιιιιηῖςι
2280 5681 2435 5722 ..κὶα-..Α
2470 5696 2739 5722 --__..-:-:l
2773 5693 2975 5722 αΛΛΙιιη
3014 5697 3063 5722 ξ.-
3108 5686 3259 5722 1’1ινῖα
3282 5683 3345 5720 (‘0
3369 5681 3459 5716 Αἲν
