4056 6276
517 296 581 352 5i
1651 281 1737 343 DE
1781 284 1833 342 J.
1871 281 2094 340 SCOTO
2140 278 2636 337 COMMENTATIO
3722 285 3797 342 δε

521 409 718 474 sicam,
754 413 814 460 ut
845 406 1017 470 alunt,
1047 404 1149 458 hac
1173 399 1241 458 de
1284 409 1344 457 re
1383 408 1561 458 locum
1587 411 1655 454 ex
1681 398 1828 454 Scoti
1855 398 2006 452 libris
2040 398 2108 453 de
2134 399 2183 459 A
2210 400 2644 462 monstrativam,
2666 396 3034 454 resoluitvam.
3073 397 3272 454 Earum
3307 400 3553 471 exempla
3589 400 3645 456 in
3671 419 3796 474 pro.

523 501 785 556 divisione
800 498 1036 553 Naturae
1051 494 1358 551 all'eramus.
1378 494 1569 549 Sermo
1584 492 1744 547 estde
1757 507 1944 547 sacrae
1960 490 2109 546 Scri-

522 602 711 665 pturae
737 601 790 646 et
819 589 921 645 SS.
949 589 1169 643 Patrum
1191 586 1530 642 auctoritate.
1561 583 1961 639 Scribitautem
1991 580 2068 651 (a)
2092 597 2106 634 :

528 701 548 732 α
578 682 889 737 Auctoritas
930 696 996 735 ex
1027 695 1156 736 vera
1183 680 1394 733 ratione
1439 676 1725 746 processit,
1769 688 2110 744 nequaquam

524 773 661 827 ratio
675 787 739 826 ex
756 772 1077 826 auctoritate
1094 790 1106 825 :
1121 770 1298 828 omnis
1309 777 1486 823 autem
1505 766 1816 831 auctoritas,
1831 780 1969 834 quae
1985 777 2110 817 vera

523 867 732 922 ratione
765 879 868 919 non
898 861 1245 934 approbatur,
1278 861 1489 914 infirma
1527 859 1743 913 videtur
1769 871 1910 912 esse.
1970 854 2112 908 Vera

525 951 705 1012 autem
732 955 869 1009 ratio
892 993 907 1006 .
930 991 946 1007 .
974 992 988 1006 .
1015 991 1030 1005 .
1059 992 1072 1004 .
1095 991 1108 1005 .
1133 951 1333 1006 nullius
1360 945 2111 1020 auctoritatis.astipulatione

525 1046 770 1103 roborari
817 1045 1024 1115 indiget
1050 1062 1094 1097 ι.

600 1137 784 1206 Neque
821 1134 1022 1199 hercle,
1055 1149 1220 1203 quum
1261 1131 1409 1187 Scoti
1435 1131 1647 1200 incepta
1670 1128 1908 1200 graviter
1933 1139 2114 1196 repre-

526 1227 894 1291 hen'derimus,
933 1224 1130 1294 quibus
1166 1222 1415 1277 excusari
1441 1228 1662 1291 queant,
1701 1218 1916 1273 silentio
1956 1230 2114 1285 prae-

527 1319 910 1374 tet-mittamus.
952 1313 1330 1370 Transtulerat
1359 1312 1454 1383 (cf.
1503 1327 1625 1380 sup.
1657 1309 1788 1378 Cap.
1816 1307 1902 1380 lll)
1934 1305 2112 1362 Caroli

525 1410 672 1466 Calvi
714 1406 868 1477 jussu
917 1407 1085 1461 libros
1131 1401 1604 1473 Pseudo—Dionysii
1657 1400 2013 1468 Areopagitae
2059 1403 2115 1452 et

526 1501 770 1566 Maximi,
804 1514 941 1570 quos
971 1512 1029 1552 re
1062 1505 1116 1551 et
1146 1494 1290 1550 facto
1327 1509 1357 1547 a
1384 1493 1514 1549 \‘it‘ir
1549 1492 1672 1556 illis,
1705 1491 1903 1559 quibus
1948 1487 2111 1543 tribui

527 1593 791 1656 solebant,
830 1587 1170 1656 conscriptos
1193 1585 1438 1656 putabat.
1489 1582 1672 1651 Itaque
1705 1594 1954 1650 magnam
1988 1591 2116 1647 pro-

528 1684 671 1740 fecto
725 1690 933 1754 partem
984 1694 1194 1734 summa
1251 1684 1564 1732 sanctorum
1608 1674 1847 1728 virorum
1899 1670 2114 1724 illorum

2212 503 2366 543 ecssu
2417 487 2576 556 hujus
2603 489 2785 558 operis
2811 488 3178 544 ostendemus.
3216 487 3312 544 His
3348 490 3496 544 enim
3538 500 3804 563 tanquam

2211 579 2330 634 utili
2391 580 2625 649 quodam
2671 590 2728 636 et
2767 581 2998 636 honesto
3057 581 3328 638 humanae
3370 583 3805 641 ratiocinationis

2211 674 2497 742 quadrivio
2526 676 2592 728 ad
2624 675 2793 744 ipsam
2819 676 3124 745 disputandi
3155 676 3492 747 disciplinam
3509 719 3525 745 ,
3551 695 3692 748 quae
3714 691 3808 737 est

2213 766 2438 831 veritas,
2469 766 2645 821 omnis
2675 766 2728 820 in
2764 782 2827 822 ea
2856 767 3100 822 eruditus
3129 769 3399 837 perveniri
3429 785 3537 825 non
3566 772 3805 827 dubitat.

2213 853 2385 922 Hujus
2441 856 2756 926 disciplinae
2804 857 3001 926 regulis
3045 859 3352 914 necessario
3408 860 3485 914 uti
3521 861 3804 931 jubemur,

2215 948 2341 1004 dum
2389 949 2648 1013 adversus
2687 948 3104 1005 Gotbescalcum
3151 951 3440 1019 quemdam
3474 938 3811 1022 respondere

2214 1038 2589 1109 compellimur
2610 1058 2658 1092 ι.

2287 1129 2458 1196 Quam
2501 1129 2602 1184 iste
2636 1130 2738 1184 hoc
2768 1128 2888 1184 loco
2924 1127 3319 1200 philosOphiam
3367 1146 3488 1186 cum
3515 1147 3646 1188 vera
3678 1134 3813 1190 reli-

2215 1220 2372 1291 gione
2393 1220 2621 1276 eandem
2643 1219 2956 1274 contendit?
2981 1220 3148 1275 Estne
3170 1235 3232 1274 ea
3253 1261 3268 1284 ,
3305 1236 3445 1290 quae
3471 1221 3578 1278 illis
3599 1231 3814 1294 tempo-

2216 1313 2366 1367 ribus
2395 1312 2752 1366 communiter
2778 1311 2881 1366 boc
2900 1311 3116 1366 nomine
3143 1311 3533 1382 appellabatur,
3557 1329 3812 1384 quaeque

2215 1406 2305 1460 vix
2335 1413 2428 1459 aut
2458 1421 2525 1459 ne
2565 1405 2654 1458 vix
2677 1404 2896 1474 quidem
2923 1404 3235 1459 dialecticae
3273 1405 3405 1460 lines
3437 1407 3812 1477 transgredie-

2217 1495 2416 1550 batur?
2461 1493 2580 1563 lpsa
2630 1492 2779 1548 Scoti
2825 1493 2987 1548 verba
3009 1534 3024 1559 ,
3052 1493 3154 1548 nisi
3203 1492 3344 1549 forte
3375 1512 3393 1544 ι
3417 1510 3446 1548 a
3477 1497 3755 1552 contrario
3785 1515 3806 1550 ι

2218 1594 2343 1638 sunt
2383 1583 2789 1652 interpretanda
2808 1623 2822 1647 ,
2851 1597 2970 1636 eam
2998 1591 3147 1638 certe
3183 1584 3574 1654 philosophiam
3602 1586 3814 1656 signiﬁ-

2219 1681 2347 1728 cant
2371 1714 2385 1736 ,
2437 1673 2590 1744 cujus
2631 1689 2796 1726 unum
2835 1671 2920 1726 vel
2947 1673 3260 1743 primarium
3306 1689 3502 1729 munus
3540 1676 3722 1730 hacin
3753 1691 3814 1731 re

529 1777 857 1832 auctoritate
887 1773 1090 1827 factum
1121 1778 1224 1834 est,
1257 1777 1338 1832 ut,
1365 1781 1502 1837 quae
1531 1766 1583 1820 in
1619 1763 1724 1819 illis
1766 1762 1920 1817 libris
1965 1776 2114 1831 repe—
2143 1769 2190 1829 Β
2218 1772 2495 1829 cernatur,
2528 1771 2588 1817 ut
2635 1763 2994 1818 instrumenta
3032 1764 3187 1834 quasi
3234 1780 3299 1818 ac
3345 1765 3810 1832 machinamenta,

529 1867 708 1930 risset,
732 1865 866 1920 adeo
887 1863 1184 1926 adamaret,
1209 1859 1343 1914 nihil
1365 1866 1421 1912 ut
1442 1857 1508 1912 iis
1531 1856 1889 1911 arbitraretur
1912 1853 2116 1918 verius,

531 1955 664 2010 nihil
715 1955 970 2018 divinius,
1021 1967 1196 2021 neque
1244 1949 1352 2004 ullo
1400 1956 1558 2016 pacto
1601 1946 1954 2001 dubitandum
2000 1956 2123 1998 esse

531 2053 781 2098 censeret
807 2082 822 2107 ,
865 2056 1004 2111 quae
1036 2040 1115 2092 vel
1148 2041 1199 2093 in
1229 2053 1380 2092 sacra
1413 2035 1695 2104 Scriptura
1724 2033 1806 2088 vel
1847 2031 1987 2102 apud
2015 2030 2116 2086 SS.

532 2132 721 2188 Patres
763 2133 987 2186 edoctus
1036 2129 1229 2191 fuerat,
1265 2129 1333 2182 ad
1373 2127 1584 2180 illorum
1620 2125 1857 2179 virorqu
1887 2122 2124 2193 philoso-

532 2222 777 2294 sophiam
809 2237 1075 2277 resecare.
1117 2221 1293 2288 Atque
1322 2218 1520 2273 Scotus
1546 2217 1593 2272 is
1623 2223 1760 2281 erat,
1807 2214 1922 2284 qui,
1951 2213 2123 2283 quod-

532 2329 744 2384 cunque
773 2328 960 2367 verum
991 2327 1110 2366 esse
1141 2310 1241 2365 sibi
1270 2317 1642 2380 persuaserat,
1675 2314 1922 2361 sanctum
1965 2304 2126 2359 duce-

535 2412 617 2456 ret.
669 2416 875 2470 suoque
925 2400 1041 2454 loco
1077 2397 1244 2453 libere
1301 2396 1684 2452 confitendum.
1733 2395 1824 2448 Ait
1871 2393 2014 2447 enim
2069 2392 2124 2447 in

539 2495 718 2565 primo
747 2495 813 2547 de
840 2491 1057 2547 Naturis
1081 2491 1155 2562 (b)
1191 2509 1205 2545 :
1241 2509 1259 2542 ι
1290 2489 1405 2545 Non
1434 2491 1506 2545 ita
1538 2506 1656 2546 sum
1687 2490 1906 2544 territus
1943 2495 2127 2542 aucto-

535 2585 716 2649 ritate,
771 2596 864 2639 aut
907 2585 1085 2637 minus
1127 2582 1409 2652 eapacium
1463 2581 1766 2635 animorum
1817 2591 2124 2649 expavesco

536 2678 814 2748 impetum,
850 2685 910 2731 ut
936 2692 1022 2742 ea,
1049 2691 1189 2746 quae
1215 2690 1342 2729 vera
1371 2674 1510 2729 ratio
1541 2673 1689 2729 clare
1724 2671 1930 2740 colligit
1969 2669 2126 2726 indu-

537 2771 882 2840 liitanterque
914 2767 1128 2834 dillinit,
1171 2777 1356 2836 aperta
1387 2766 1563 2820 fronte
1605 2765 1955 2835 pronuntiare
1997 2778 2127 2818 con-

537 2859 754 2926 fundar,
792 2861 1110 2931 praesertim
1143 2874 1264 2914 cum
1313 2857 1380 2914 de
1424 2858 1622 2912 talibus
1673 2872 1780 2911 non
1829 2855 1933 2911 nisi
1983 2856 2128 2910 inter

540 2955 813 3024 sapientes
854 2952 1196 3007 tractandum
1230 2951 1339 3016 sit,
1370 2951 1566 3019 quibus
1593 2949 1665 3003 nil
1699 2949 1920 3002 suavius
1947 2955 2030 3004 est
2057 2946 2126 3001 ad

537 3043 862 3098 audiendum
896 3058 1022 3097 vera
1053 3043 1284 3107 ratione,
1329 3041 1403 3096 nil
1435 3040 1806 3096 delectabilius
1854 3039 1922 3094 ad
1970 3039 2123 3093 inve-

2225 1873 2453 1926 qnorum
2483 1871 2585 1925 ope
2631 1856 2932 1926 pltilOSOplti
2962 1857 3138 1926 regias
3187 1857 3356 1912 moles
3391 1872 3517 1912 suas
3546 1858 3816 1922 excitant,

2225 1956 2506 2017 comparet
2537 1956 2700 2017 atque
2741 1949 3064 2017 suppeditet.
3126 1947 3279 2004 Unde
3304 1959 3485 2006 autem
3517 1960 3666 2004 tanta
3694 1966 3817 2004 om-

2227 2040 2376 2094 nium
2403 2057 2582 2096 rerum
2619 2043 2990 2113 perturbatio?
3016 2041 3186 2106 Sunt,
3221 2044 3309 2111 qui
3349 2042 3466 2111 ejus
3491 2058 3713 2099 causam
3745 2044 3817 2100 ad

2224 2117 2625 2199 pantheismum
2657 2132 3038 2202 Erigenianum
3065 2134 3308 2188 referant
3333 2134 3432 2204 (d).
3502 2135 3656 2201 Quod
3683 2150 3820 2190 con-

2226 2227 2308 2274 tra
2347 2218 2699 2276 Schlueterus
2730 2221 2960 2276 afﬁrmat
2984 2220 3078 2293 (ε),
3112 2242 3130 2273 ι
3167 2222 3312 2277 illam
3343 2224 3670 2278 sententiam
3698 2225 3821 2296 (ve-

2227 2325 2343 2364 ram
2367 2309 2768 2380 philos0phiam
2805 2313 3034 2367 eandem
3063 2327 3184 2367 esse
3213 2329 3336 2368 cum
3374 2328 3498 2367 vera
3533 2314 3818 2385 religione)

2228 2401 2284 2456 in
2322 2402 2560 2457 auctoris
2597 2401 2769 2457 nostri
2812 2417 2908 2458 ore
2963 2419 3068 2459 non
3111 2404 3284 2474 magis
3324 2419 3444 2459 esse
3485 2415 3818 2474 suspectam,

2227 2509 2388 2564 quam
2417 2494 2490 2560 id,
2523 2495 2664 2564 quod
2691 2510 2860 2564 prope
2884 2511 3074 2551 omnes
3102 2495 3200 2550 SS.
3230 2506 3410 2566 patres
3437 2498 3696 2562 doceant,
3733 2512 3820 2552 re-

2230 2589 2558 2644 velationem
2582 2590 2790 2645 scilicet
2808 2589 3010 2646 Christi
3037 2605 3156 2645 esse
3175 2606 3438 2645 summam
3474 2591 3820 2661 sapientiam,

2231 2686 2396 2748 atque
2449 2693 2663 2733 omnem
2729 2679 3010 2740 continere
3071 2679 3468 2750 philosophiam
3513 2698 3557 2734 ι.
3615 2677 3821 2736 Verum

2230 2766 2582 2823 Schlueterus
2615 2760 2747 2823 satis
2794 2777 2979 2838 aperte
3017 2769 3298 2835 declarat,
3348 2784 3471 2825 sese
3519 2769 3664 2824 illam
3702 2770 3827 2825 Eri-

2228 2855 2400 2931 genae
2432 2861 2755 2916 sententiam
2816 2861 2869 2915 in
2917 2860 3089 2931 ipsius
3137 2860 3397 2931 Erigeuae
3437 2862 3575 2916 libro
3619 2875 3686 2915 ne
3725 2861 3826 2914 ad-

2230 2951 2475 3021 spexisse
2503 2951 2753 3021 quidem!
2803 2949 2905 3017 Qui
2952 2951 3095 3006 enim
3145 2951 3260 3006 ﬁeri
3291 2952 3490 3021 potuit,
3536 2959 3597 3006 ut
3635 2966 3665 3004 a
3690 2965 3824 3006 vero

2231 3039 2350 3110 ejus
2380 3057 2544 3097 sensu
2571 3050 2679 3097 tam
2710 3041 2896 3112 procul
2933 3042 3252 3097 aberraret?
3291 3041 3384 3096 llla
3410 3042 3674 3113 Erigenae
3700 3043 3827 3112 phi-

539 3135 864 3206 stigandum,
898 3134 1113 3204 quando
1156 3132 1456 3203 quaeritur,
1489 3131 1565 3186 nil
1591 3131 1871 3201 pulchrius
1896 3129 1962 3184 ad
1993 3144 2126 3184 eon-
2157 3122 2202 3188 C
2237 3129 2483 3200 losophia
2531 3139 2680 3185 certe
2722 3129 3060 3186 dialecticam
3101 3131 3498 3202 complectitur,
3547 3147 3709 3202 quam
3738 3141 3828 3187 ta-

543 3227 913 3297 templantlttm
947 3267 961 3292 ,
1017 3227 1232 3296 quando
1279 3225 1593 3281 invenitur!
1629 3245 1647 3276 ι
1706 3223 1823 3280 Huc
1870 3224 2126 3290 accedit,

541 3319 688 3389 quod
713 3317 861 3374 Scoti
893 3319 1066 3388 pictas
1093 3333 1218 3389 erga
1263 3319 1429 3373 Deum
1465 3317 1623 3388 plane
1655 3317 1881 3389 insignis
1923 3326 2006 3373 est
2044 3317 2132 3373 vdi-

547 3411 740 3474 renda,
779 3418 944 3480 utque
980 3409 1300 3464 Anastasius
1327 3409 1777 3466 Bibliotliecarius
1805 3410 1979 3464 virum
2004 3424 2128 3464 eum

547 3501 828 3573 praedicat
859 3521 876 3553 ι
910 3518 1006 3572 per
1031 3502 1213 3557 omnia
1242 3510 1488 3557 sanctum
1521 3523 1566 3557 ι.

619 3592 902 3648 Postremo
931 3601 1078 3648 certe
1125 3609 1323 3663 operae
1364 3595 1595 3664 pretium
1629 3594 1823 3651 facturi
1864 3595 2130 3660 videmur,

549 3685 596 3742 si
648 3685 776 3751 illa,
828 3686 1024 3756 quibus
1069 3685 1298 3755 Erigena
1354 3685 1710 3742 «dialecticae
1771 3702 1902 3742 suae
1943 3687 2076 3741 artis
2107 3706 2126 3738 ι

551 3790 707 3830 usum
741 3775 969 3844 probare
1001 3783 1249 3838 conatur,
1280 3774 1332 3828 in
1364 3786 1647 3845 angustum
1687 3777 1903 3832 redacta
1941 3776 2135 3832 retule-

547 3866 738 3923 rimus.
779 3867 918 3923 Dicit
942 3867 1105 3937 igitur
1129 3867 1200 3939 (c)
1230 3885 1243 3919 :
1279 3887 1297 3920 ι
1317 3867 1450 3924 Cum
1473 3871 1652 3926 omnis
1679 3871 1799 3941 piae
1834 3870 2136 3941 perfectae-

548 3974 656 4030 que
705 3960 982 4016 doctrinae
1031 3961 1260 4024 modus,
1320 3977 1428 4033 quo
1477 3963 1720 4017 omnium
1765 3979 1945 4019 rerum
1998 3965 2136 4021 ratio

549 4053 893 4123 apertissime
922 4052 1212 4117 invenitur,
1243 4053 1296 4107 in
1325 4053 1663 4125 phil050phia
1692 4055 1762 4109 sit
1787 4057 2133 4122 constitutus,

552 4143 617 4197 de
662 4141 778 4210 rjus
815 4143 1166 4198 divisionibus
1212 4143 1475 4212 quaedam
1510 4156 1636 4199 sunt
1672 4145 2003 4202 disserenda.
2045 4146 2137 4203 Sic

551 4234 697 4289 enim
723 4273 738 4297 ,
786 4242 846 4287 ut
888 4233 963 4286 ait
1007 4234 1065 4287 S.
1096 4233 1447 4303 Augustinus,
1475 4235 1714 4289 creditur
1745 4253 1764 4287 ι
1803 4255 1820 4286 ι
1847 4251 1950 4290 non
1973 4237 2135 4291 aliam

550 4339 671 4377 esse
694 4319 1085 4390 philosophiam
1113 4331 1167 4376 et
1198 4322 1356 4376 aliam
1388 4323 1725 4393 religionem,
1755 4341 1878 4378 cum
1909 4325 1984 4390 hi,
2006 4341 2140 4395 quo-

553 4427 672 4465 rum
703 4410 1002 4464 doctrinam
1051 4425 1156 4465 non
1203 4413 1604 4480 approbamus,
1655 4427 1754 4467 nec
1797 4427 2136 4470 sacramenta

2237 3236 2362 3276 men
2398 3239 2417 3273 ‹
2447 3220 2651 3276 Christi
2678 3220 3006 3278 revelatione
3026 3240 3044 3275 ι
3071 3223 3336 3279 contin‘eri
3365 3238 3472 3279 non
3501 3223 3826 3291 dixerimus,

2233 3326 2336 3368 nec
2362 3311 2462 3368 SS.
2493 3311 2717 3367 Patrum
2747 3313 3033 3383 quisquam
3062 3314 3301 3370 dixerit!

2307 3401 2476 3458 Nobis
2502 3411 2682 3458 autem
2719 3404 2785 3458 ad
2820 3404 2967 3458 illum
2997 3405 3262 3473 Erigenae
3296 3403 3473 3460 locum
3515 3406 3828 3462 accuratius

2232 3495 2666 3566 perspiciendum
2739 3496 3033 3567 plurimum
3102 3495 3351 3552 conferre
3397 3497 3628 3564 videtur,
3679 3500 3829 3568 quod

2236 3587 2291 3640 in
2318 3585 2470 3640 libris
2493 3585 2560 3640 de
2601 3586 2866 3640 divisione
2906 3585 3142 3640 Naturae
3176 3586 3242 3656 (ί)
3270 3587 3489 3642 scribit:
3527 3607 3546 3638 ε
3576 3605 3666 3642 ars
3711 3589 3828 3653 illa,

2235 3695 2374 3750 quae
2403 3680 2689 3738 Διαλεκτική
2716 3679 2936 3747 dicitur,
2959 3694 3062 3733 non
3090 3678 3158 3733 ab
3184 3679 3436 3735 humanis
3464 3680 3828 3735 machinatio-

2237 3769 2394 3824 nibus
2423 3779 2506 3823 est
2531 3768 2691 3832 facta,
2717 3769 2808 3823 sed
2850 3769 2902 3823 in
2929 3778 3118 3822 natura
3157 3783 3338 3824 rerum
3369 3769 3437 3824 ab
3465 3779 3688 3824 auctore
3712 3786 3832 3825 om-

2237 3861 2387 3915 nium
2428 3861 2624 3915 artium
2674 3861 2886 3916 condita
2914 3902 2930 3927 ,
2978 3879 3007 3917 a
3039 3862 3372 3933 sapientibus
3407 3863 3647 3931 inventa,
3675 3873 3732 3918 et
3762 3865 3832 3919 ad

2238 3952 2525 4007 utilitatem
2554 3952 2771 4008 solertis
2796 3969 2976 4008 rerum
3004 3953 3271 4025 indaginis
3294 3954 3493 4010 usitata
3522 3974 3568 4008 ι.

2314 4046 2515 4101 Verum
2556 4060 2732 4115 neque
2776 4045 2913 4111 hoc,
2944 4045 3258 4115 opinamur,
3303 4045 3677 4116 negligendum
3723 4055 3830 4112 est,

2241 4137 2466 4194 Scotum
2511 4140 2742 4194 fortasse
2788 4139 2891 4193 hac
2918 4138 3033 4193 sola
3077 4139 3143 4193 de
3183 4153 3346 4193 causa
3377 4153 3560 4193 veram
3592 4137 3834 4208 philoso-

2241 4231 2425 4301 phiam
2451 4247 2573 4286 eum
2597 4246 2724 4286 vera
2753 4230 3011 4299 religione
3038 4231 3262 4286 eandem
3289 4229 3510 4293 fecisse,
3540 4239 3602 4284 ut
3625 4229 3836 4300 signiﬁ-

2242 4330 2411 4387 caret,
2441 4336 2535 4376 eas
2565 4323 2704 4377 inter
2737 4337 2797 4376 se
2837 4321 2968 4377 nihil
2992 4338 3214 4392 prorsus
3243 4322 3492 4377 reluctari
3524 4331 3615 4376 aut
3643 4323 3836 4377 adver-

2243 4414 2373 4492 sari.
2411 4412 2523 4480 Qua
2554 4429 2612 4467 re
2641 4413 2754 4468 lieri
2775 4455 2790 4478 ,
2824 4422 2904 4478 ut,
2937 4429 3101 4483 quum
3130 4423 3320 4468 neutra
3349 4413 3525 4470 neutri
3556 4413 3833 4468 obtrecta-

559 4504 841 4559 ncbiscum
866 4503 1293 4558 communicanti
1323 4524 1367 4558 ι.
1388 4503 1523 4570 Quid
1547 4515 1630 4562 est
1650 4506 1794 4560 aliud
1812 4508 1878 4563 de
1900 4508 2138 4577 philoso-
2171 4475 2222 4535 υ
2244 4487 2349 4570 ret,
2382 4507 2477 4561 sed
2507 4505 2675 4561 altera
2705 4521 2826 4562 cum
2858 4506 3027 4562 altera
3057 4506 3478 4562 concordissime
3499 4513 3661 4575 queat
3683 4504 3834 4558 vive-

559 4595 686 4665 phia
741 4599 1016 4658 tractare,
1065 4594 1165 4648 nisi
1215 4609 1380 4650 verae
1429 4595 1744 4668 religionis,
1795 4615 1899 4668 qua
1929 4615 2137 4654 summa

2242 4615 2326 4665 re,
2349 4599 2512 4652 etiam
2539 4598 2732 4664 altera,
2755 4599 3082 4668 simulatque
3103 4607 3196 4652 aut
3223 4610 3446 4652 necesse
3472 4605 3567 4651 aut
3591 4610 3834 4650 commo-

554 4687 796 4740 omnium
843 4701 1020 4741 rerum
1051 4700 1248 4752 causa,
1273 4686 1436 4753 Deus,
1463 4697 1518 4742 et
1543 4689 1818 4744 humiliter
1845 4690 2060 4757 colitur,
2088 4700 2144 4747 et
2243 4691 2370 4746 dum
2401 4706 2521 4747 esse
2563 4692 2739 4746 visum
2777 4692 2886 4759 sit,
2917 4691 2971 4746 in
3021 4691 3245 4746 alterius
3277 4691 3533 4745 auxilium
3574 4688 3834 4745 advocari

557 4775 951 4832 rationabiliter
973 4777 1350 4848 investigatur,
1380 4777 1594 4849 regulas
1621 4779 1924 4849 exponere?
1965 4780 2144 4836 Conli-

557 4868 701 4921 citur
733 4868 876 4932 inde,
902 4883 1084 4922 veram
1115 4883 1235 4923 esse
1274 4867 1666 4938 philosophiam
1701 4884 1881 4924 veram
1921 4871 2140 4942 religio-

557 4973 707 5022 nem,
735 4959 1148 5028 conversimque
1167 5000 1185 5022 ,
1216 4974 1398 5014 veram
1445 4960 1759 5032 religionem
1803 4977 1926 5017 esse
1956 4979 2137 5018 veram

556 5049 972 5119 philosophiam.
1010 5049 1158 5116 Quae
1185 5050 1309 5104 dum
1339 5049 1686 5106 multifariam
1724 5052 2015 5118 dividatur,
2058 5054 2141 5109 bis

558 5147 717 5201 binas
755 5153 934 5200 tamen
957 5154 1141 5216 partes
1176 5146 1504 5217 principales
1529 5147 1596 5200 ad
1627 5161 1841 5201 omnem
1871 5147 2144 5216 quaestio-

561 5255 684 5293 nem
710 5239 1021 5294 solvendam
1049 5241 1384 5295 necessarias
1408 5241 1609 5297 habere
1637 5240 1994 5310 dignoscitur,
2009 5253 2144 5308 quas

559 5331 728 5386 latine
752 5347 1038 5402 possumus
1059 5332 1238 5387 dicere
1263 5333 1571 5390 divisoriam
1591 5373 1607 5400 ,
1651 5330 1985 5387 dillinitivam
2006 5371 2021 5398 ,
2049 5331 2144 5386 de-

559 5485 851 5625 qu.
889 5486 1051 5541 etiam
1084 5485 1222 5540 Hist.
1255 5486 1355 5542 litt.
1395 5487 1460 5544 de
1491 5487 1544 5544 Ia
1573 5485 1798 5555 France,
1839 5496 1966 5544 tom.
1993 5487 2060 5554 Υ,
2091 5503 2144 5558 p.

635 5625 714 5766 (τις
748 5625 828 5681 Cf.
859 5627 927 5684 de
955 5629 1078 5685 Nat.
1107 5628 1149 5695 Ι,
1189 5629 1273 5682 7|.

636 5695 689 5766 (li
751 5694 882 5766 Cap.
914 5699 1003 5754 69.

636 5694 714 5766 (li)
751 5694 882 5768 Cap.
914 5699 1003 5754 69.

2243 4790 2492 4942 missine
2523 4887 2684 4942 super
2712 4872 2829 4943 ipso
2865 4872 3044 4928 Nostri
3073 4871 3212 4928 libro
3247 4872 3314 4927 de
3341 4870 3832 4943 praedestinatione

2244 4965 2376 5019 satis
2403 4965 2607 5020 dictum
2640 4974 2752 5030 est;
2781 4967 3190 5038 progrediamur
3213 4966 3278 5020 ad
3303 4966 3506 5036 reliqua

2316 5055 2610 5127 Postquam
2664 5059 2828 5129 igitur
2872 5060 3048 5114 editus
3096 5067 3178 5114 est
3227 5060 3374 5114 Scoti
3407 5057 3562 5123 liber,
3593 5057 3829 5121 Wenilo,

2248 5150 2688 5221 archiepiscopus
2718 5150 3080 5217 Senonensis,
3112 5166 3252 5222 quae
3296 5169 3314 5202 ι
3339 5152 3408 5206 ab
3432 5149 3702 5205 intellectu
3735 5164 3835 5202 suo

2247 5256 2307 5296 se
2352 5242 2752 5311 quodammodo
2801 5243 3120 5298 divertentia
3165 5251 3348 5298 essent
3374 5261 3417 5307 ι,
3470 5241 3522 5296 in
3560 5255 3624 5295 eo
3650 5240 3837 5308 depre-

2249 5332 2455 5387 hendit.
2496 5331 2839 5405 Undeviginti
2870 5334 3004 5390 haec
3043 5334 3310 5405 capitibus
3339 5333 3490 5404 (quot
3517 5332 3678 5387 etiam
3713 5329 3835 5384 libri

2323 5485 2394 5556 (ε)
2435 5485 2518 5557 Cf.
2554 5487 2620 5542 de
2651 5489 2918 5557 praedest.
2952 5488 2992 5553 l,
3032 5489 3054 5543 l
3087 5502 3202 5557 seq.

2323 5503 2394 5556 te)
2435 5503 2518 5540 ω.
2554 5503 2620 5542 αθ
2651 5503 2918 5557 praeuest.
2952 5503 2992 5553 r,
3032 5503 3054 5543 1
3087 5503 3144 5543 se
3188 5527 3202 5542 .

2323 5557 2400 5638 (ά)
2553 5557 2594 5638 _l,
2621 5574 2676 5638 Iv.
2711 5558 2901 5638 (ἱέντες
2930 5503 3377 5638 εὴᾷρξζεῇινδιὶιί.
3411 5555 3518 5612 vol.
3556 5553 3596 5622 l,
3619 5568 3674 5625 p.
3704 5551 3828 5616 243.

2323 5627 2395 5702 te)
2435 5627 2600 5702 _|_._
2620 5627 2712 5702 Sp.
2748 5630 2891 5702 Erig.
2921 5645 2975 5700 p.
3011 5627 3148 5683 XVI.

2326 5699 2394 5770 in
2424 5698 2507 5753 cr.
2535 5697 2622 5765 Iv,
2651 5698 2703 5752 t.
