4056 6276
249 355 326 412 55
1100 356 1189 412 DE
1224 357 1384 412 VITA
1420 356 1510 413 ET
1548 355 1838 414 PR/ECEP

1942 357 1951 410 ἰ
1987 357 2039 414 J.
2082 355 2301 414 SCOTI.
2344 389 2412 400 —
2446 359 2626 418 PARS
2664 361 2704 417 I.
3462 360 3532 415 54

252 464 436 535 capita
462 477 584 521 esse
615 464 868 538 diximus)
900 468 1292 537 comprehensa
1334 469 1482 524 misit
1515 468 1574 524 S.
1603 467 1844 525 Pruden-
1870 474 1921 533 Α
1947 468 2319 540 Lugdunens1s
2345 515 2358 538 ,
2414 489 2579 544 quum
2619 483 2897 545 praeesset
2943 475 3172 532 concilio
3221 474 3529 547 Valentino,

252 557 375 622 tio,
424 556 678 626 episcopo
726 555 1058 625 Tricassino,
1103 568 1164 614 ut
1189 575 1582 630 «quaecunque
1621 559 1676 615 in
1718 560 1785 615 iis
1814 574 1845 614 a

247 665 385 706 vero
409 651 769 706 exorbitantia
813 651 1206 722 comperisset,
1255 652 1551 722 unicuique
1589 651 1656 708 de
1693 651 1846 707 libris

247 741 585 814 evangelicis
609 751 664 798 et
688 741 1080 799 catholicorum
1108 743 1392 805 doctorum
1435 742 1844 801 auctoritatibus

247 835 491 893 devianti
529 837 794 908 capitulo,
845 852 1084 909 congrua
1128 837 1468 909 depromeret
1507 837 1721 892 abunde
1765 851 1847 892 re-

245 945 451 1001 sponsa
475 928 556 1000 (α)
592 949 639 984 ι.
666 927 853 1000 Neque
889 929 1190 985 Wenilonis
1233 929 1565 985 voluntatem
1608 929 1845 1000 neglexit

243 1022 599 1081 Prudentius.
641 1023 816 1079 Antea
863 1032 1040 1078 tamen
1082 1025 1259 1093 ipsum
1301 1022 1450 1079 Scoti
1481 1022 1602 1078 libri
1635 1037 1839 1094 cogno-

244 1131 406 1174 scere
432 1117 622 1174 voluit.
661 1117 717 1173 Id
746 1133 868 1173 cum
903 1118 1006 1189 ipsi
1033 1133 1134 1174 usu
1163 1117 1418 1183 venisset,
1441 1115 1696 1187 peculiari
1717 1102 1862 1172 eum

244 1209 550 1280 scriptione
574 1209 928 1265 vehementer
955 1209 1283 1280 Oppugnavit
1309 1209 1407 1279 (ὁ).

318 1301 439 1368 Qua
467 1303 523 1358 in
547 1319 609 1359 re
633 1301 952 1379 adiutricem
982 1311 1176 1358 nactus
1199 1311 1284 1358 est
1305 1302 1603 1358 Ecclesiam
1629 1301 1843 1374 Lugdu-

241 1407 475 1449 nensem
506 1392 600 1467 (c).
636 1393 770 1448 Nam
799 1395 868 1450 ad
890 1393 1033 1450 hanc
1057 1410 1272 1464 quoque
1313 1412 1332 1445 ‹
1364 1404 1623 1450 venerant
1643 1395 1842 1451 vanilo-

242 1485 340 1556 qui
370 1484 560 1556 (illius)
599 1493 656 1540 et
685 1485 884 1558 garruli
935 1486 1172 1542 hominis
1213 1487 1415 1557 scripta
1433 1517 1502 1527 —
1524 1487 1839 1555 vanissima,

243 1586 440 1634 contra
474 1579 634 1634 ﬁdem
666 1594 734 1636 ac
778 1579 1062 1635 veritatem
1110 1579 1237 1645 Dei,
1287 1579 1444 1650 plena
1491 1579 1756 1636 mendacii
1786 1588 1842 1634 et

243 1672 453 1728 erroris
494 1691 540 1738 ι,
571 1687 711 1744 quae
753 1673 930 1729 doctis
967 1673 1183 1743 quidem
1214 1673 1526 1728 hominibus
1573 1672 1705 1728 risui
1755 1688 1840 1728 es-

243 1772 412 1830 sent,
458 1764 528 1820 ab
580 1764 812 1820 indoctis
857 1775 1075 1830 autem,
1130 1765 1332 1836 quique
1377 1763 1526 1819 illum
1561 1763 1836 1819 hominem

1948 562 2090 632 quod
2118 577 2261 619 anno
2283 563 2549 621 DCCCLV
2577 581 2606 620 a
2635 565 3041 635 quatuordecim
3072 569 3340 640 episcopis
3381 569 3534 625 habi-

1946 659 2060 707 tum
2109 662 2218 720 est,
2274 664 2334 710 ut
2375 655 2522 711 Scoti
2572 657 2815 714 doctrina
2860 659 3026 715 etiam
3075 661 3143 717 ab
3185 664 3286 718 hac
3324 667 3530 736 synodo

1945 744 2316 813 damnaretur,
2345 746 2542 803 eﬁ'ecit.
2582 748 2718 805 Sunt
2747 751 2912 822 igitur
2947 753 3001 807 in
3033 752 3193 823 hujus
3219 753 3409 826 synodi
3443 770 3535 810 ca-

1944 836 2179 894 nonibus
2208 853 2330 894 cum
2377 838 2481 894 alia
2511 841 2771 897 adversus
2803 841 3024 898 Scotum
3059 843 3231 910 dicta,
3264 853 3375 899 tum
3403 861 3535 900 vero

1944 927 2080 984 haec
2110 930 2177 1000 (Γ)
2205 947 2219 984 :
2249 949 2268 983 ‹
2317 929 2531 1002 lneptas
2573 935 3012 1004 quaestiunculas
3055 944 3112 990 et
3151 935 3321 992 aniles
3362 953 3536 1008 paene

1942 1017 2153 1075 fabulas
2195 1021 2591 1095 Scotorumque
2614 1025 2817 1094 pultes,
2859 1027 3084 1096 puritati
3111 1027 3232 1083 ﬁdei
3275 1043 3532 1084 nauseam

1941 1112 2237 1170 inferentes
2277 1133 2530 1173 ——ne
2579 1129 2790 1175 mentes
2839 1119 3182 1176 Christianae
3233 1122 3360 1177 inde
3416 1137 3536 1178 cor-

1941 1215 2267 1275 rumpantur
2313 1217 2368 1262 et
2417 1210 2672 1265 excidant
2719 1227 2749 1265 a
2800 1211 3146 1281 simplicitate
3191 1221 3245 1267 et
3283 1214 3534 1272 castitate

1941 1293 2107 1362 ﬁdei,
2157 1315 2296 1368 quae
2345 1310 2429 1356 est
2478 1302 2530 1356 in
2577 1303 2796 1359 Christo
2847 1304 3005 1371 Jcsu,
3061 1306 3277 1375 penitus
3329 1309 3535 1378 respui-

1942 1403 2063 1443 mus
2097 1391 2172 1462 (g)
2219 1412 2264 1446 ι.
2316 1393 2384 1449 Et
2427 1394 2562 1449 haec
2615 1411 2629 1446 :
2681 1413 2700 1446 ι
2750 1396 2854 1451 Ista
2885 1397 3100 1468 (Scoti)
3132 1398 3364 1469 capitula
3415 1398 3534 1453 XIX

1943 1478 2267 1553 syllogismis
2312 1484 2646 1554 ineptissime
2690 1487 2947 1542 conclusa
2992 1517 3062 1527 -
3104 1517 3176 1527 —
3224 1489 3278 1542 in
3336 1488 3533 1558 quibus

1943 1582 2308 1626 commentum
2342 1574 2540 1630 diaboli
2572 1578 2782 1647 potius,
2807 1593 2968 1648 quam
2999 1577 3216 1649 aliquod
3245 1595 3534 1650 argumen-

1942 1670 2056 1716 tum
2089 1663 2213 1719 ﬁdei
2261 1666 2699 1736 deprehenditur,
2729 1686 2760 1724 a
2804 1671 2894 1741 pio
2922 1671 3107 1727 auditu
3137 1672 3399 1728 Fidelium
3435 1688 3529 1742 pe-

1943 1755 2090 1811 nitus
2123 1757 2493 1829 explodimus,
2526 1771 2580 1816 et
2618 1771 2677 1818 ut
2721 1763 2849 1818 talia
2880 1772 2933 1818 et
2964 1762 3160 1820 similia
3210 1773 3527 1829 caveantur,

249 1855 449 1926 (quasi
494 1855 768 1912 eruditum
809 1855 1154 1912 admirationi
1200 1857 1464 1912 habere";
1487 1877 1531 1921 ι,
1580 1871 1686 1912 non
1721 1858 1841 1914 sine
1867 1849 1916 1910 B
1943 1863 2042 1918 per
2071 1843 2255 1906 omnia
2281 1854 2610 1909 authoritate
2647 1854 2880 1926 Spiritus
2920 1857 3095 1912 sancti
3132 1857 3526 1914 interdicimus.

243 1961 482 2012 summo,
517 1955 609 2002 aut
649 1948 887 2018 ipsorum
917 1947 1161 2020 periculo
1197 1955 1291 2003 aut
1327 1947 1667 2004 Christianae
1715 1947 1839 2003 reli-

242 2038 428 2108 gionis
454 2039 779 2094 detrimento
806 2039 1114 2110 legerentur
1139 2038 1242 2110 (d).

317 2127 561 2200 Uterque
587 2128 736 2186 Scoti
773 2130 1118 2186 adversarius
1158 2131 1346 2186 eodem
1383 2129 1497 2186 fere
1540 2130 1699 2186 modo
1723 2144 1838 2185 rem

243 2224 436 2296 gessit.
477 2224 802 2280 Arctissimc
839 2232 1004 2294 atque
1028 2239 1129 2295 per
1153 2221 1392 2296 singulas
1416 2237 1588 2295 paene
1621 2231 1838 2279 senten-

241 2317 350 2372 tias
377 2315 496 2385 ejus
510 2316 733 2387 vestigia
755 2324 1064 2388 prementes
1089 2315 1340 2381 simulae,
1365 2330 1505 2387 quae
1535 2330 1567 2370 a
1589 2330 1722 2370 vero
1748 2313 1838 2368 ab-

242 2408 474 2467 horrere
501 2409 810 2476 videantur,
853 2408 1353 2480 deprehenderunt,
1393 2423 1458 2463 ea
1483 2406 1836 2464 acerbissime

242 2511 456 2558 notant.
503 2501 561 2558 Si
589 2518 694 2574 qua
734 2503 789 2558 iu
819 2517 881 2558 re
911 2501 1319 2558 dialecticorum
1344 2501 1546 2573 regulis
1572 2514 1837 2572 repugna-

238 2597 404 2662 verit,
439 2594 642 2667 regulis
668 2593 947 2662 dialectis,
998 2594 1083 2650 sin
1114 2610 1394 2651 sacrorum
1420 2594 1716 2650 Bibliorum
1749 2592 1834 2648 vel

238 2689 468 2746 Patrum
506 2689 998 2746 ecclesiasticorum
1044 2690 1355 2747 auctoritati
1391 2689 1573 2746 minus
1601 2703 1832 2745 consen-

238 2782 411 2846 serit,
436 2782 629 2837 horum
658 2780 897 2852 ipsorum
929 2781 1252 2838 testimoniis
1273 2797 1396 2837 eum
1427 2781 1829 2854 aggrediuntur.

239 2875 477 2945 Saepius
499 2876 663 2930 etiam
681 2915 697 2940 ,
730 2891 869 2944 quae
898 2873 1092 2931 Scelus
1118 2876 1490 2932 ratiocinando
1538 2874 1830 2941 eﬁecisset,

237 2967 573 3024 testimoniis
604 2967 1128 3040 auctoritatibusque
1186 2969 1449 3040 oppositis
1505 2968 1834 3040 redarguere

236 3068 526 3116 conantur.
569 3057 682 3116 Nec
709 3060 906 3116 desunt
935 3060 1059 3126 loci,
1110 3061 1234 3128 ubi,
1274 3061 1354 3116 ira
1379 3062 1450 3119 ob
1474 3059 1591 3131 ejus
1618 3075 1834 3117 errores

234 3153 489 3223 abrepti,
532 3153 794 3210 conviciis
829 3169 954 3210 eum
979 3155 1282 3211 dilacerare
1314 3171 1422 3211 non
1459 3155 1726 3210 dubitent.
1769 3151 1828 3209 S.

1940 1942 2212 2000 Novarum
2257 1947 2425 2002 etiam
2466 1964 2648 2002 rerum
2685 1948 3102 2016 introductores,
3137 1964 3206 2006 ne
3231 1950 3528 2006 districtius

1939 2036 2226 2107 feriantur,
2266 2042 2610 2112 castigandos
2645 2058 2763 2099 esse
2789 2057 3075 2099 censemus
3103 2042 3182 2115 (Ιι)
3207 2061 3255 2098 ι.
3278 2042 3392 2099 Hoc
3419 2043 3527 2097 Va-

1937 2129 2174 2187 lentinae
2208 2133 2397 2203 synodi
2428 2133 2690 2203 judicium
2720 2135 2941 2192 omnino
2971 2143 3145 2190 ratum
3186 2135 3376 2192 habuit
3400 2150 3530 2191 conv

1939 2223 2124 2280 cilium
2172 2224 2514 2296 Lingonense
2555 2227 2630 2300 (a.
2664 2226 3016 2298 DCCCLIX);
3050 2229 3102 2284 in
3149 2238 3344 2300 quarto
3380 2231 3526 2285 enim

1937 2331 2186 2374 canone:
2225 2337 2243 2371 ι
2288 2318 2536 2389 Capitula
2572 2340 2617 2386 ι,
2646 2322 2755 2388 ait,
2782 2339 2802 2373 ‹
2858 2320 2980 2376 XIX
3039 2321 3366 2394 syllogismis
3412 2323 3528 2377 ine-

1935 2408 2186 2478 ptissime
2215 2425 2280 2465 ac
2309 2410 2726 2467 mendacissime
2753 2427 2785 2466 a
2805 2415 3036 2483 quodam
3061 2411 3225 2468 Scoto
3254 2413 3530 2479 conclusa,

1935 2499 2028 2554 ubi
2059 2516 2166 2556 non
2214 2511 2591 2572 argumentum
2639 2503 2795 2569 ﬁdei,
2835 2503 2928 2558 sed
2956 2502 3134 2572 potius
3162 2512 3531 2560 commentum

1934 2594 2198 2665 perﬁdiae
2223 2604 2392 2666 patet,
2425 2595 2569 2650 nulla
2615 2595 2836 2650 omnino
2883 2595 3257 2666 philosophiae
3305 2603 3444 2661 arte,
3473 2603 3535 2649 ut

1937 2697 2261 2759 arroganter
2290 2707 2319 2743 a
2350 2689 2673 2759 quibusdam
2706 2690 2967 2762 jactatur,
3008 2699 3406 2756 constructum,
3435 2690 3530 2745 sed

1937 2779 2087 2836 inani
2115 2780 2326 2837 fallacia
2346 2791 2402 2838 et
2423 2782 2739 2854 deceptione
2762 2783 3166 2854 imperitissime
3190 2783 3525 2849 conclusum,

1935 2887 1966 2925 a
2016 2872 2105 2943 pio
2152 2872 2386 2928 ﬁdelium
2451 2875 2635 2928 auditu
2705 2874 2922 2944 penitus
2967 2875 3308 2946 explodimus
3355 2873 3442 2946 (ἱ)
3483 2894 3528 2928 ›.

1937 2963 2184 3020 Tradunt
2211 2965 2377 3020 etiam
2405 2964 2686 3021 Nicolaum
2714 2965 2756 3032 l,
2779 2965 2938 3022 Pent.
2980 2966 3148 3031 Max.,
3179 2967 3374 3022 horum
3403 2981 3535 3022 con-

1937 3055 2186 3112 ciliorum
2226 3070 2462 3111 canones
2499 3056 2826 3127 apostolicae
2869 3057 3013 3112 sedis
3055 3056 3378 3113 auctoritate
3405 3072 3532 3112 con-

1938 3147 2186 3203 ﬁrmasse
2218 3146 2317 3219 (j).
2366 3147 2563 3204 Scotus
2609 3156 2823 3213 autem,
2868 3156 3129 3220 quantum
3176 3149 3412 3214 scimus,
3465 3151 3531 3204 ad

234 3247 459 3315 quidem
481 3245 814 3303 Prudentius
835 3289 852 3314 ,
897 3263 1008 3318 quo
1045 3247 1164 3304 loco
1197 3247 1394 3304 scmus
1430 3247 1710 3304 comendi;
1732 3246 1828 3320 (ε),
1857 3229 1902 3293 C
1934 3236 2073 3292 haec
2108 3253 2228 3292 sese
2271 3252 2341 3292 ne
2390 3238 2682 3293 commovit
2718 3237 2964 3308 quidem;
2999 3253 3160 3310 quam
3199 3254 3313 3294 rem
3364 3237 3532 3292 Stau-

242 3356 261 3390 ς
293 3339 467 3394 Deum
498 3340 776 3410 praescire
813 3338 919 3396 dici
943 3354 1103 3410 posse
1130 3355 1230 3412 pro
1265 3340 1477 3396 nescire
1506 3358 1519 3394 :
1555 3340 1629 3394 ita
1665 3340 1832 3395 etiam

236 3433 653 3503 praedestinare
700 3448 802 3505 pro
827 3449 935 3491 non
979 3435 1387 3508 praedestinare
1432 3455 1481 3504 ι,
1528 3434 1630 3491 hoc
1672 3435 1834 3490 modo

237 3523 294 3580 in
340 3541 469 3581 eum
497 3526 808 3583 invehitur:
846 3547 866 3581 ι
896 3527 941 3584 Ο
965 3529 1240 3600 ingenium
1285 3528 1508 3585 venenis
1535 3526 1828 3583 infectum!

237 3634 270 3672 o
302 3634 526 3675 sensum
554 3635 804 3676 errorum
843 3621 1084 3678 tenebris
1125 3619 1620 3692 incomparabiliter
1641 3618 1835 3674 obscu-

239 3713 454 3767 ratum!
489 3727 765 3783 nunquam
793 3713 991 3784 quippe
1013 3713 1179 3768 ctiam
1212 3711 1610 3769 haereticorum
1647 3709 1836 3780 quisli-

238 3804 332 3860 bet
353 3813 481 3860 ante
504 3814 557 3860 te
589 3807 733 3861 hunc
772 3805 1041 3862 nefarium
1065 3806 1398 3862 intellectum
1422 3805 1659 3861 admisit.
1706 3802 1836 3858 Nul-

242 3898 326 3954 lus
363 3899 767 3966 catholicorum
799 3901 987 3956 saltem
1038 3910 1218 3957 mente
1248 3900 1528 3970 concepit,
1578 3908 1637 3954 ut
1664 3898 1835 3953 Deum

243 3991 388 4046 scire
413 4005 514 4062 pro
543 4007 608 4048 eo
657 3992 801 4064 quod
825 4003 910 4048 est
937 3993 1150 4049 nescire
1169 4035 1183 4060 ,
1209 4003 1266 4049 et
1303 3992 1713 4064 praedestinare
1738 4006 1836 4060 pro

243 4101 312 4141 eo
338 4086 484 4156 quod
528 4096 612 4144 est
641 4104 748 4144 non
774 4089 1203 4159 praedestinare,
1233 4099 1328 4144 aut
1354 4089 1716 4162 intelligerent
1742 4097 1838 4143 aut

242 4177 653 4250 intelligendum
709 4183 1003 4238 suaderent
1051 4202 1095 4236 ι.
1133 4182 1310 4253 Atque
1357 4183 1644 4238 innumera
1701 4181 1840 4253 ejus-

241 4274 388 4329 modi
418 4274 560 4330 dicta
593 4275 648 4330 in
680 4274 739 4332 S.
769 4274 1049 4332 Prudentii
1077 4276 1216 4332 libro
1239 4277 1607 4348 reperiuntur.
1651 4273 1839 4331 Eccle-

242 4366 321 4420 sia
351 4379 537 4424 autem
567 4367 944 4442 Lugdunensis
972 4385 1038 4425 ne
1059 4378 1243 4440 postea
1272 4370 1492 4440 quidem
1521 4384 1642 4424 cum
1671 4369 1838 4424 Scoto

241 4476 348 4516 non
404 4462 644 4519 bellavit.
726 4463 785 4520 S.
837 4466 984 4520 enim
1027 4465 1346 4537 Remigius,
1395 4463 1840 4534 archiepiscopus

1940 3330 2284 3386 denmaierus
2313 3331 2416 3401 ipsi
2462 3331 2555 3401 (cf.
2591 3330 2782 3386 Staud.
2831 3347 2884 3401 p.
2934 3331 3194 3403 196-197)
3234 3332 3289 3386 in
3317 3332 3530 3387 laudem

1937 3424 2123 3479 vertit.

2012 3513 2272 3571 Venimus
2303 3530 2449 3571 nunc
2477 3514 2545 3570 ad
2573 3515 2801 3570 alteram
2825 3514 2970 3570 illam
3003 3518 3373 3590 theologorum
3402 3534 3532 3574 con-

1939 3607 2296 3674 troversiam,
2347 3606 2502 3677 cujus
2539 3606 2765 3664 Scotum
2804 3611 3126 3680 participem
3174 3611 3341 3666 fuisse
3387 3611 3530 3665 dixi-

1941 3714 2082 3754 IDUS.

2012 3789 2336 3846 Paschasius
2381 3789 2548 3860 igitur
2593 3789 2902 3846 Radbertus
2930 3789 3004 3862 (k)
3037 3791 3108 3862 (a.
3147 3789 3532 3862 DCCCXLIV.)

1938 3898 2076 3954 opus
2108 3899 2267 3940 suum
2309 3903 2327 3936 ‹
2359 3885 2427 3940 de
2449 3899 2676 3954 corpore
2702 3895 2757 3939 et
2801 3885 3063 3956 sanguine
3094 3884 3307 3940 Domini
3349 3905 3394 3952 ι,
3415 3883 3532 3952 jam

1941 3979 2142 4033 dudum
2164 3977 2295 4033 illud
2316 3977 2534 4048 quidem
2567 3987 2693 4034 ante
2719 3979 3108 4048 compositum,
3132 3979 3226 4033 sed
3257 3987 3384 4034 tunc
3406 3993 3530 4034 cum

1941 4072 2178 4126 maxime
2220 4070 2465 4140 pluribus
2493 4069 2626 4124 locis
2671 4070 3013 4124 emendatum
3041 4110 3056 4134 ,
3097 4068 3293 4125 Carolo
3343 4069 3532 4134 Calvo,

1940 4163 2140 4234 quippe
2185 4163 2275 4233 qui
2318 4162 2492 4233 ipsum
2542 4161 2808 4232 petiisset,
2858 4161 3000 4216 dono
3032 4161 3179 4215 misit
3216 4161 3300 4233 (Ι).
3333 4161 3534 4228 Quam-

1941 4270 2104 4328 quam
2135 4267 2317 4310 autem
2347 4262 2493 4310 totus
2518 4262 2600 4309 est
2624 4253 2676 4308 in
2708 4268 2794 4318 eo,
2832 4261 2891 4308 ut
2920 4253 3309 4309 catholicorum
3337 4254 3534 4326 dogma

1942 4347 2010 4404 de
2037 4345 2644 4402 transsubstautiatione
2669 4345 2797 4417 (etsi
2820 4345 2924 4401 hoc
2950 4345 3166 4401 nomine
3186 4346 3265 4400 uti
3294 4347 3530 4402 nondum

1942 4431 2140 4515 potuit)
2175 4439 2510 4514 argumentis
2533 4448 2646 4495 tum
2677 4454 2744 4494 ex
2773 4438 2830 4494 S.
2865 4437 3147 4509 Scriptura
3179 4448 3290 4494 tum
3327 4455 3398 4495 ex
3429 4438 3530 4496 SS.

286 4617 519 4692 ,_(n)7Cf.
549 4619 605 4676 S.
639 4619 805 4692 Ifrud.
835 4620 903 4678 de
928 4621 1119 4678 Praed.
1147 4621 1272 4676 adv.
1305 4621 1452 4692 Scot.
1488 4619 1658 4692 praef.
1691 4619 1834 4674 Max.
1864 4599 1920 4660 Ῑ)
2006 4618 2094 4692 _(j)
2133 4615 2525 4692 Manio-Ann.
2560 4613 2948 4692 libquXXV,
2978 4614 3143 4692 n_.__58_
3161 4630 3275 4671 rem
3310 4615 3532 4692 dubiam

243 4687 380 4763 bibl.
411 4691 630 4763 Patrum
659 4690 858 4763 Lugd.,
885 4702 1013 4749 tom.
1044 4691 1161 4758 XV,
1189 4709 1241 4762 p.
1267 4693 1370 4748 467
1400 4691 1464 4746 F.

316 4760 393 4835 (b)
435 4761 517 4835 Cf.
547 4772 660 4835 not.
691 4760 847 4834 prox.
873 4760 1228 4835 superiorem.

316 4829 390 4903 (c)
432 4832 515 4888 Cf.
539 4829 746 4906 Eccles.
778 4829 955 4906 Lung
975 4836 1066 4890 lib.
1106 4835 1226 4906 adv.
1259 4835 1407 4891 Scoti
1431 4848 1688 4890 erroneas
1708 4832 1840 4906 deﬁ-

245 4904 505 4977 nitiones.
542 4905 686 4960 Max.
716 4905 846 4961 bibl.
866 4904 1114 4977 'patrum.
1148 4905 1184 4959 ι.
1221 4907 1259 4961 l.
1300 4923 1355 4977 p.
1387 4907 1486 4960 611
1523 4921 1677 4976 seqq.
1708 4905 1842 4977 Quis

245 4975 394 5048 l_1unc
422 4976 619 5048 librum
645 4975 1030 5048 composuerit,
1070 4975 1338 5032 incertum
1385 4986 1490 5032 est.
1549 4977 1707 5042 Sunt,
1748 4976 1841 5046 qui

245 5045 494 5120 Florum,
520 5045 896 5120 Lugdunensis
907 5048 1181 5105 Ecclesiae
1204 5050 1512 5120 diaconum,
1531 5049 1646 5119 ejus
1662 5045 1844 5102 aucto-

249 5133 363 5191 rem
382 5119 568 5191 dicant
585 5119 963 5186 ;suntc011tra,
980 5119 1209 5191 quicum
1225 5119 1286 5174 S.
1306 5119 1574 5191 Remigio,
1591 5120 1833 5188 archiep.

247 5187 471 5264 Lugd,
485 5199 585 5264 aut
616 5191 846 5264 Ebboni,
876 5187 1051 5264 iepisc:
1087 5187 1608 5264 G_ratianop_oli_tano,
1638 5187 1842 5264 adscri—

249 5259 403 5316 bant.
431 5259 516 5316 Cf.
561 5260 766 5318 Ludov.
799 5259 989 5320 Cellot.
1019 5261 1077 5318 S.
1121 5262 1164 5320 Ι.
1195 5264 1323 5319 hist.
1351 5259 1610 5318 Cothesc.
1651 5277 1702 5332 p.
1738 5261 1841 5314 MO

251 5345 404 5480 Ἳᾶ)
441 5403 529 5480 Cf.
548 5405 961 5480 Eccles._Lugd.
991 5405 1288 5480 numer.
1315 5406 1352 5460 1.
1383 5404 1423 5462 1.
1450 5420 1503 5475 p.
1536 5403 1634 5459 6H
1667 5402 1732 5459 Η.

327 5475 398 5547 (e)
433 5475 520 5532 Cf.
544 5476 602 5532 S.
641 5477 806 5534 Prud.
834 5475 945 5533 l.'l.
975 5493 1029 5550 p.
1058 5475 1162 5534 51—9
1194 5477 1240 5532 Η
1271 5493 1387 5549 seq.

319 5548 415 5675 )i
442 5547 718 5675 gELConc.
749 5549 960 5606 Valent.
1000 5550 1140 5621 apud
1170 5547 1363 5605 Mansi.
1406 5548 1443 5602 ι.
1489 5546 1529 5601 l.
1562 5555 1693 5602 tom.
1723 5543 1842 5607 XV,

327 5635 415 5762 I(g11
444 5635 594 5764 ξῧῗῖ.
621 5692 664 5747 1.
696 5693 930 5757 cam-Vl,
958 5691 1059 5750 col.
1090 5693 1124 5749 6
1149 5692 1194 5746 ι)
1221 5707 1336 5764 seq.

329 5765 407 5835 (h)
443 5762 528 5835 Cf.
559 5763 598 5835 l.
626 5763 667 5819 l.
698 5781 821 5820 can.
856 5764 946 5828 IV,
981 5765 1082 5821 col.
1114 5765 1148 5820 5
1177 5765 1240 5818 1).

329 5834 395 5908 (i)
429 5834 514 5892 Cf.
543 5834 734 5893 Mansi.
765 5844 894 5891 tom.
927 5837 1046 5901 XV,
1079 5837 1183 5893 col.
1217 5834 1320 5892 5'58
1347 5835 1478 5890 A—B.

509 5938 784 5998 Panos.
821 5934 1072 6000 CXXII.

1942 4686 2232 4759 relinquit;
2283 4686 2640 4742 Schlueterus
2793 4687 2832 4740 l.
2881 4702 2935 4756 p.
2987 4686 3087 4754 IV)
3132 4689 3277 4769 haee
3310 4687 3474 4742 habet
3518 4705 3532 4741 :

1949 4780 1969 4810 ε
2010 4761 2126 4810 Nic.
2170 4759 2192 4810 Ι
2231 4773 2427 4810 canon.
2476 4773 2630 4810 conc.
2727 4756 2798 4810 al.
2844 4797 2857 4810 .
2903 4796 2918 4810 .
2965 4757 3307 4810 conﬁrmant
3342 4775 3399 4810 »ε
3435 4758 3532 4810 ad-

1949 4780 1969 4813 c
2010 4756 2126 4815 Nic.
2170 4759 2192 4814 Ι
2231 4773 2427 4814 canon.
2476 4773 2630 4812 conc.
2677 4756 2798 4810 Val.
2844 4797 2857 4810 .
2903 4796 2918 4810 .
2965 4757 3307 4813 conﬁrmavit
3342 4775 3399 4824 ›;
3435 4758 3533 4813 ad-

1943 4832 2080 4888 dens
2109 4850 2120 4884 :
2160 4849 2214 4883 ι(
2253 4829 2532 4886 Venenum
2572 4847 2627 4900 ri
2656 4828 2965 4900 dogmatum
2991 4829 3253 4900 Erigenae
3275 4829 3539 4899 perstrin-

1945 4905 2191 4974 gebatur,
2221 4902 2335 4971 ipse
2364 4910 2554 4974 tamen
2573 4899 3290 4974 Erigenahauddamnatus
3311 4909 3395 4974 est
3417 4919 3460 4954 ι.

2020 4973 2091 5046 (Ic)
2135 4969 2332 5046 Hic'in
2372 4969 2758 5027 Suessionibus
2806 4969 3144 5046 humillimo,
3192 4980 3250 5025 ut
3293 4971 3530 5046 videtur,

1945 5041 2239 5101 loc‘o'ortus
2264 5042 2376 5111 jam
2401 5058 2430 5096 a
2458 5057 2628 5113 puero
2655 5043 2980 5113 monasteria
3033 5058 3228 5113 resque
3259 5041 3536 5098 monachi-

1949 5133 2040 5173 cas
2066 5126 2304 5180 secutus,
2331 5112 2546 5168 tandem
2573 5113 2627 5166 in
2644 5112 2971 5168 Corbcieuse
2985 5112 3305 5169 coenobium
3329 5127 3390 5167 se
3407 5127 3537 5166 con-

1950 5189 2090 5251 tulit,
2117 5185 2270 5252 cujus
2298 5186 2532 5256 primum
2556 5184 2853 5240 monachus
2875 5185 3070 5256 deinde
3095 5183 3532 5256 antistesevasit.

1955 5259 2098 5315 Vixit
2131 5253 2315 5312 autem
2348 5271 2446 5326 per
2489 5256 2718 5325 primam
2764 5255 2931 5311 seculi
2967 5257 3093 5312 noni
3124 5253 3539 5326 parte1n__dimi-

1950 5335 2115 5392 diam,
2145 5338 2307 5400 atque
2336 5323 2405 5381 ab
2432 5323 2738 5400 eruditione
2766 5343 2830 5382 ac
2856 5323 3534 5400 doctriuafquaeillorum

1951 5392 2252 5474 temporum
2278 5408 2360 5474 est
2405 5397 2565 5474 ratio,
2598 5397 2887 5454 admodum
2920 5392 3233 5474 _i_nstru_c_ti_1$
3281 5392 3401 5449 fuit.
3449 5393 3534 5474 Cf.

1954 5465 2094 5528 Misi.
2123 5473 2282 5525 liuér.
2315 5470 2380 5524 de
2409 5467 2461 5522 la
2492 5465 2722 5534 France,
2753 5478 2884 5526 tom.
2920 5469 2984 5535 V,
3013 5485 3066 5539 p.
3094 5468 3199 5524 287
3235 5480 3376 5536 seq.,
3412 5467 3535 5536 qui-

1948 5562 2054 5616 que
2084 5559 2159 5616 eo_
2174 5543 2302 5616 loco
2321 5541 2560 5595 citantur
2587 5551 2859 5616 auctores.

2024 5618 2086 5689 (Ι)
2122 5612 2205 5669 Cf.
2255 5611 2482 5689 Martem
2514 5618 2570 5689 et
2593 5612 2850 5689 pur-and.
2883 5621 2991 5689 ve_t_.
3025 5611 3302 5689 script;_e_t
3336 5626 3535 5689 monu-

1953 5680 2123 5743 ment.
2156 5682 2489 5755 amplissima
2513 5680 2738 5755 Collect.
2769 5691 2898 5755 tom.
2923 5682 3018 5748 IX,
3051 5680 3153 5738 col.
3186 5682 3292 5738 574
3321 5683 3367 5755 ᾼ
3392 5698 3536 5755 seq.,

1955 5752 3116 5844 511101090Fessa9.92slliﬁasslesiiarss
3141 5771 3267 5844 τειξω
3314 5752 3536 5811 Praefa-

1955 5824 2195 5887 tionibus
2227 5824 2296 5881 ad
2324 5824 2577 5882 Carolum
2607 5826 2747 5895 typis
2773 5827 3104 5897 descriptum
3137 5838 3239 5884 est.

3105 5923 3144 5982 2
