4036 5492
563 423 633 476 55
1598 415 1684 470 ΟΕ
1719 415 1983 471 JOANNE
2027 416 2114 470 SCt

2227 413 2248 469 )
2285 411 2802 468 COMMENTATIO.

3780 415 3844 470 36

563 536 784 590 Patrum
811 535 1067 608 Operibus
1096 534 1324 604 prolatis
1353 529 1611 588 defendat
1641 539 1803 602 atque
1823 533 2143 587 confirmet:
2174 547 2222 604 Α
2253 544 2471 599 mopere
2501 529 2748 582 laudatus
2779 529 2874 597 (g),
2905 535 2958 581 et
3008 526 3363 591 Hincmarus,
3403 527 3840 597 archiepiscOpus

563 640 740 684 tamen
767 670 783 697 ,
832 644 999 700 quum
1037 644 1174 684 nova
1226 628 1495 699 quaedam
1546 636 1709 697 atque
1736 627 1805 683 ad
1848 627 1903 683 id
1935 638 2144 698 tempus

559 721 795 778 inaudita
821 721 1121 791 aspersisse
1150 720 1428 777 videretur
1451 721 1746 789 nonnullis,
1779 735 1920 792 quae
1950 719 2144 775 alicubi

555 801 906 868 offensionem
938 821 1214 888 parerent,
1241 812 1295 866 in
1326 813 1430 867 hoc
1459 812 1575 883 ejus
1603 811 1742 868 libro
1766 820 2138 868 occurrerunt.

555 903 718 973 Cujus
748 906 963 976 generis
1003 904 1249 976 exempla
1281 904 1357 978 (a)
1388 915 1513 960 sunt
1542 906 1715 961 haec:
1753 925 1771 958 ‹
1812 904 1893 976 (8.
1928 905 2139 960 Eucha-

555 995 730 1064 ristia)
762 1012 868 1052 non
904 997 1007 1052 alia
1036 997 1194 1068 plane
1225 996 1396 1070 (caro)
1429 1004 1534 1064 est,
1560 1013 1722 1068 quam
1753 1000 1890 1068 Quae
1911 1007 2036 1052 nata
2059 1004 2144 1056 est

553 1087 618 1142 de
639 1087 827 1154 Maria,
865 1098 920 1144 et
951 1104 1110 1161 passa
1136 1090 1187 1144 in
1218 1104 1399 1156 cruce,
1449 1099 1505 1142 et
1534 1090 1825 1144 resurrexit
1855 1090 1920 1144 de
1966 1087 2142 1159 sepul-

550 1195 645 1234 cro
679 1179 754 1254 (ὁ)
791 1200 958 1234 ›.-‹
997 1181 1137 1237 Vera
1172 1181 1355 1252 utique
1380 1197 1506 1236 caro
1526 1168 1761 1246 Christi,
1809 1195 1946 1252 quae
1968 1181 2142 1236 cruci-

549 1270 655 1325 ﬁxa
685 1283 768 1326 est
798 1281 854 1328 et
877 1273 1108 1345 sepulta,
1141 1287 1326 1326 verum
1353 1271 1494 1327 illius
1527 1272 1707 1326 carnis
1732 1278 2138 1327 sacramentum

548 1365 690 1434 quod
719 1380 817 1436 per
861 1367 1200 1421 sacerdotem
1232 1380 1394 1440 super
1421 1365 1592 1420 altare
1639 1366 1691 1419 in
1724 1364 1891 1421 verbo
1936 1364 2138 1420 Christi

542 1470 641 1526 per
663 1454 922 1526 Spiritum
949 1456 1005 1512 S.
1039 1458 1292 1513 divinitus
1321 1469 1670 1514 consecratur
1698 1457 1768 1531 (c)
1808 1477 1851 1514 ι.

612 1550 798 1622 itaque
823 1551 1047 1608 Carolus
1077 1551 1291 1618 Calvus,
1316 1553 1402 1608 cui
1427 1551 1655 1608 forsitan
1685 1562 1741 1606 et
1768 1551 1871 1622 ipsi
1900 1565 1986 1605 res
2012 1551 2136 1605 illae

543 1641 721 1698 minus
741 1642 1121 1714 probarentur,
1157 1642 1516 1696 Ratramnum
1556 1641 1938 1697 Corbeiensem
1971 1641 2049 1713 (d)
2082 1643 2135 1696 et

538 1730 800 1792 Joannem
827 1733 1047 1792 Scotum
1077 1733 1171 1807 (e),
1201 1744 1276 1801 ut,
1309 1748 1449 1805 quae
1471 1748 1598 1789 vera
1627 1747 1772 1790 esset
1800 1731 1856 1788 8.
1889 1733 2130 1804 Scriptu-

539 1841 634 1884 rae
681 1837 738 1884 et
793 1827 893 1884 SS.
944 1829 1165 1886 Patrum
1197 1830 1262 1884 de
1293 1844 1522 1900 corpore
1547 1833 1600 1883 et
1628 1828 1889 1900 sanguine
1913 1827 2126 1883 Domini

2249 623 2553 680 Remensis.
2581 622 2898 693 Composuit
2926 622 3070 676 enim
3103 621 3439 676 Adrevaldus
3469 639 3490 674 ε
3526 621 3837 692 opusculum

2247 717 2311 772 de
2342 731 2568 787 corpore
2591 725 2644 770 et
2670 718 2931 787 sanguine
2962 717 3171 772 Domini
3200 725 3389 771 contra
3426 717 3661 786 ineptias
3682 717 3838 772 Joan-

2248 812 2330 866 nis
2375 809 2522 866 Scoti
2568 831 2612 875 »,
2643 809 2799 879 cujus
2845 810 3007 866 libelli
3039 810 3248 880 insigne
3279 810 3648 879 fragmentum
3680 810 3840 866 edidit

2246 902 2378 957 Luc.
2438 902 2734 958 Dacherius
2783 903 2836 956 in
2890 921 2910 955 ι
2944 910 3190 958 veterum
3251 902 3572 971 scriptorum
3619 899 3838 970 Spicile

2245 997 2332 1068 glo
2357 997 2431 1067 (h)
2467 1017 2512 1051 ι.
2540 995 2651 1052 Hoc
2681 996 3038 1068 fragmentum
3071 993 3203 1050 nihil
3235 995 3376 1049 aliud
3403 995 3535 1064 agit,
3564 995 3752 1052 nisiut
3783 995 3836 1052 S.

2244 1087 2592 1158 Hieronymi,
2639 1086 2698 1142 S.
2745 1086 3072 1156 Augustini,
3127 1086 3184 1140 S.
3229 1084 3480 1155 Gregorii
3513 1085 3838 1155 papaelocig

2242 1193 2403 1248 quam
2432 1178 2682 1248 plurimis
2707 1193 2896 1232 veram
2920 1176 3048 1232 .lesu
3080 1176 3284 1232 Christi
3312 1177 3366 1230 in
3399 1175 3457 1232 8.
3493 1176 3837 1239 Eucharistia

2242 1271 2604 1340 praesentiam
2633 1271 2884 1326 ostendat
2911 1279 3074 1340 atque
3098 1268 3406 1324 confirmet.
3421 1267 3600 1326 Minus
3621 1269 3834 1338 quidem

2242 1375 2486 1436 apertum
2517 1376 2600 1421 est
2634 1365 2910 1421 Hinemari
2949 1364 3344 1431 testimonim,
3392 1379 3493 1420 nec
3533 1375 3717 1422 tamen
3762 1364 3834 1428 id,

2242 1461 2384 1530 quod
2412 1475 2636 1530 prorsus
2663 1459 2731 1514 sit
2761 1458 3159 1529 negligendum.
3191 1457 3400 1513 Acerba
3421 1457 3566 1510 enim
3614 1457 3670 1513 in
3701 1456 3835 1518 libre

2241 1568 2338 1608 suo
2364 1553 2429 1606 de
2463 1551 2966 1607 Praedestinatione
3010 1551 3076 1622 (ἱ)
3127 1559 3321 1605 notans
3347 1564 3564 1606 errores
3609 1548 3830 1617 aliquot,

2238 1644 2291 1697 in
2326 1657 2458 1712 quos
2487 1644 2804 1697 incidissent
2841 1641 2898 1696 8.
2944 1640 3272 1696 Prudentius
3301 1649 3357 1695 et
3387 1637 3626 1696 Ioannes
3657 1637 3831 1694 Scoti-

2237 1751 2412 1806 gena:
2449 1754 2466 1785 ‹
2505 1735 2643 1788 Sunt
2674 1745 2728 1789 et
2771 1735 2876 1788 alia
2919 1752 2966 1800 ι,
2998 1733 3194 1803 inquit,
3229 1751 3248 1784 ι
3289 1747 3430 1802 quae
3469 1773 3482 1785 .
3530 1771 3543 1784 .
3589 1771 3600 1784 .
3645 1739 3830 1793 contra

2237 1827 2386 1882 Fidei
2437 1828 2746 1883 Catholicae
2787 1829 3071 1882 veritatem
3133 1827 3320 1880 dicunt
3353 1840 3368 1878 t
3405 1823 3657 1880 videlicet
3700 1863 3713 1878 .
3757 1863 3771 1878 .
3811 1862 3825 1886 .

535 1920 828 1988 sententia,
881 1921 1098 1994 scriptis
1141 1932 1623 1994 persequerentur,
1653 1921 1933 1975 voluntate
1967 1929 2127 1989 atque
2157 1927 2203 1985 Β
2234 1921 2375 1989 quod
2400 1929 2799 1974 sacramentum
2832 1919 3020 1972 altaris
3055 1933 3159 1973 non
3183 1932 3369 1973 verum
3397 1931 3597 1986 corpus
3634 1925 3691 1976 et
3722 1931 3824 1976 .νο-

532 2011 855 2074 auctoritate
899 2029 996 2070 sua
1050 2013 1327 2070 excitavit.
1380 2013 1664 2068 Ratramni
1715 2013 1854 2068 liber
1912 2020 2124 2080 exstat,

534 2101 681 2166 Scoti
705 2090 908 2160 invidia
941 2112 1244 2174 temporum
1271 2114 1358 2159 est
1387 2104 1725 2176 absumptus.

601 2196 788 2266 Neque
820 2207 996 2254 tamen
1027 2197 1128 2252 hoc
1159 2197 1278 2254 loco
1306 2214 1412 2254 non
1443 2208 1566 2252 sunt
1594 2198 2123 2264 commemorandae,

528 2303 669 2358 quae
705 2301 866 2360 super
900 2287 1054 2342 libris
1100 2303 1397 2359 eorumque
1438 2290 1753 2348 auctoribus
1800 2289 1941 2345 inter
1981 2290 2126 2344 viros

530 2380 718 2436 doctos
767 2383 990 2440 exertae
1035 2389 1162 2436 sunt
1194 2381 1580 2437 dissensiones.
1635 2381 1876 2435 Fuerunt
1918 2382 2082 2452 igitur
2107 2422 2121 2447 ,

529 2470 622 2542 qui
649 2486 814 2529 unum
850 2471 1011 2526 modo
1043 2472 1107 2527 de
1136 2470 1195 2526 S.
1226 2471 1567 2526 Eucharistia
1615 2487 1749 2543 opus
1771 2513 1785 2537 ,
1823 2471 1963 2542 quod
2016 2471 2125 2527 Ras

526 2561 722 2618 tramni
765 2575 885 2618 esse
914 2563 1168 2629 diximus,
1216 2563 1392 2618 Caroli
1415 2562 1569 2632 jussu
1601 2565 1968 2633 conscriptum
2001 2579 2122 2620 esse

521 2663 810 2724 putarent,
860 2671 1035 2727 neque
1083 2656 1135 2711 id
1162 2655 1484 2722 Ratramno,
1519 2655 1612 2712 sed
1645 2656 1807 2712 Scoto
1837 2657 2114 2712 adscribe-

523 2757 664 2803 rent.
698 2747 794 2806 His
821 2757 996 2804 autem
1021 2747 1134 2817 jam
1161 2750 1369 2820 pridem
1402 2749 1476 2804 ita
1513 2748 1853 2805 satisfactum
1896 2757 2002 2815 est,
2037 2758 2115 2818 ut,

521 2840 610 2909 qui
662 2841 926 2912 hodieque
971 2841 1118 2896 illum
1153 2842 1345 2896 librum
1377 2843 1576 2897 nonad
1605 2842 1986 2909 Ratramnum,
2021 2839 2117 2897 sed

519 2929 586 2986 ad
615 2929 837 2991 Scotum
880 2944 1158 2990 auctorem
1207 2931 1429 3002 referat,
1483 2935 1788 2989 inveniatur
1820 2949 1978 2989 nemo
2019 2932 2108 3005 (Γ).

517 3024 668 3093 Quae
697 3042 874 3102 pugna
905 3037 1193 3099 postquam
1226 3027 1402 3095 desiit,
1457 3029 1508 3082 in
1541 3029 1700 3082 aliam
1745 3028 2016 3099 quandam
2049 3028 2114 3082 de

515 3118 604 3173 illo
633 3118 781 3176 Scoti
819 3120 960 3176 libro
1004 3122 1365 3192 suspicionem
1412 3129 1632 3177 ventum
1665 3130 1766 3176 est.
1795 3119 1946 3175 Hanc
1985 3133 2112 3175 vero

513 3225 732 3266 causam
760 3213 835 3268 ita
880 3212 1086 3284 optime
1111 3223 1165 3268 et
1213 3212 1469 3268 facillime
1503 3212 1802 3283 dijudicare
1832 3228 1990 3282 posse
2023 3213 2106 3267 vi-

2235 2026 2328 2065 rus
2363 2010 2582 2080 sanguis
2609 2011 2677 2064 sit
2725 2010 2955 2074 Domini,
3002 2010 3097 2064 sed
3133 2016 3338 2066 tantum
3389 2008 3658 2066 memoria
3710 2007 3824 2070 reri

2234 2104 2474 2173 corporis
2501 2112 2555 2157 et
2583 2103 2859 2174 sanguinis
2908 2103 3025 2173 ejus
3059 2122 3108 2156 ι.
3150 2101 3304 2169 Quae
3349 2116 3458 2166 res,
3489 2116 3612 2158 cum
3661 2100 3717 2158 in
3767 2099 3820 2155 S.

2230 2194 2581 2250 Prudentium
2597 2196 2742 2250 nullo
2768 2207 2924 2265 pacto
2949 2196 3144 2250 cudere
3159 2204 3322 2264 queat
3349 2195 3452 2265 (j),
3482 2193 3535 2248 in
3555 2191 3820 2248 Joannem

2233 2285 2452 2342 Scotum
2472 2291 2650 2353 cadat,
2683 2301 2905 2342 necesse
2931 2298 3033 2342 est.
3069 2288 3223 2354 Quod
3245 2286 3286 2341 si
3315 2287 3368 2340 in
3402 2285 3624 2342 Scotum
3657 2286 3819 2350 cadit,

2229 2396 2292 2434 ex
2326 2380 2464 2434 libro
2493 2381 2672 2448 aliquo
2700 2380 2866 2450 ipsius
2890 2380 3022 2434 viris
3044 2379 3218 2434 doctis
3243 2379 3412 2449 petita
3439 2378 3676 2442 videtur,
3707 2377 3821 2432 ideo

2229 2474 2370 2542 quod
2409 2473 2638 2542 reliquos
2672 2473 2783 2527 fere
2810 2487 3042 2539 errores,
3075 2474 3166 2541 qui
3197 2474 3265 2528 ab
3293 2472 3595 2526 Hincmaro
3620 2469 3816 2532 ibidem

2226 2567 2677 2636 perstringuntur,
2708 2567 2761 2620 in
2793 2565 2944 2620 libris
2976 2565 3144 2635 ipsius
3170 2565 3442 2635 hodieque
3467 2563 3720 2634 legimus.

2296 2659 2440 2714 Ilaec
2469 2674 2615 2724 vero,
2649 2659 2692 2714 si
2725 2659 2852 2730 quid
2886 2659 3121 2730 scrupuli
3151 2658 3206 2712 in
3232 2657 3417 2713 animo
3443 2667 3632 2714 nostro
3657 2657 3818 2720 relin-

2224 2761 2412 2823 quant,
2448 2761 2617 2806 totum
2653 2753 2704 2807 id
2735 2767 2762 2805 a
2799 2751 3131 2824 Bereugario
3155 2750 3455 2805 Turonensi
3477 2758 3536 2806 et
3555 2750 3816 2820 quidquid

2223 2841 2336 2898 fere
2371 2844 2657 2897 doctorqu
2691 2845 2972 2898 hominum
3000 2858 3123 2898 cum
3154 2857 3220 2898 eo
3241 2842 3399 2907 vixit,
3447 2841 3572 2899 inde
3601 2842 3812 2897 exime-

2223 2946 2330 2990 tur.
2370 2935 2536 3002 Nam,
2583 2945 2640 2990 ut
2688 2936 2877 3006 paucis
2917 2937 3057 2990 hanc
3100 2949 3214 2990 rem
3265 2933 3811 3004 comprehendamus,

2219 3039 2436 3100 praeter
2465 3031 2641 3099 ipsum
2673 3029 3082 3100 Berengarium,
3113 3030 3204 3098 qui
3235 3026 3538 3085 innumeris
3585 3026 3703 3082 fere
3735 3026 3811 3080 lo-

2219 3126 2297 3179 cis
2323 3124 2516 3177 librum
2547 3121 2772 3177 Joannis
2817 3123 2959 3176 Scoti
2997 3122 3065 3175 de
3113 3122 3170 3175 S.
3219 3120 3560 3176 Eucharistia
3600 3118 3808 3184 laudat,

2219 3216 2309 3285 qui
2358 3231 2480 3268 eum
2530 3214 2706 3268 Caroli
2764 3214 2909 3283 regis
2940 3213 3093 3282 jussu
3144 3213 3404 3267 adversus
3453 3209 3810 3266 Paschasiutu

510 3299 732 3368 demur,
786 3300 832 3356 si
883 3310 1076 3367 antea,
1123 3302 1319 3371 quibus
1372 3301 1719 3371 potissimum
1749 3302 2104 3372 argumentis,
2137 3303 2180 3363 C
2214 3309 2476 3377 scripturn
2522 3323 2644 3362 esse
2673 3307 2766 3370 ait,
2815 3305 3038 3375 ejusque
3067 3303 3262 3373 placita
3300 3305 3402 3360 sibi
3435 3303 3550 3359 sola
3592 3302 3812 3372 probari

512 3388 734 3446 Scotum
767 3391 831 3444 dc
861 3389 918 3445 S.
948 3391 1292 3446 Eucharistia
1322 3390 1631 3462 scripsisse,
1655 3389 1942 3455 efﬁciatur,
1972 3408 2104 3460 pau-

505 3482 562 3538 lo
607 3484 915 3540 accuratius
953 3500 982 3539 a
1035 3486 1191 3542 nobis
1234 3484 1396 3540 fuerit
1443 3486 1786 3554 explicatum.
1824 3483 2104 3537 Habentur

508 3583 689 3632 autem
715 3576 832 3646 ejus
859 3578 938 3633 rei
967 3587 1132 3633 testes
1164 3593 1287 3632 cum
1312 3579 1482 3648 ipsius
1508 3577 1657 3633 Scott
1683 3577 1958 3648 aequales,
1992 3585 2102 3631 tum

506 3684 637 3725 vero
659 3668 1019 3740 Berengarius
1049 3670 1382 3726 Turonensis
1426 3672 1626 3742 quique
1655 3687 1777 3726 cum
1829 3671 1930 3724 hoc
1958 3671 2102 3724 vixe-

506 3771 636 3818 runt
667 3763 915 3818 homines
945 3763 1110 3817 docti.
1143 3763 1320 3833 Atque
1349 3763 1491 3820 illius
1519 3765 1736 3837 generis
1783 3774 1910 3818 sunt
1933 3763 2104 3818 Adre-

505 3855 716 3922 valdus,
748 3857 1045 3912 monachus
1071 3855 1457 3924 Floriaccnsis,
1495 3857 1574 3911 vir
1607 3873 1639 3910 a
1679 3856 1926 3911 doctrina
1956 3872 2102 3912 sum-

575 3998 668 4071 (ιι)Δ
689 3997 772 4051 Cf.
805 3997 897 4071 Dr.
931 3998 974 4071 1.
999 3997 1038 4051 1.
1077 3995 1276 4071 Ritter,
1327 3995 1623 4071 Humidum
1651 3997 1746 4050 der
1779 3996 2103 4068 Kircltenge-
2206 4001 2559 4058 MDCCXXIH
2591 4016 2720 4071 seqq

2207 4081 2488 4145 praeterea
2517 4074 2583 4145 de
2607 4065 2894 4127 Adrevaldi
2917 4071 3051 4145 l_i_bro
3082 4065 3204 4145 eum
3238 4070 3363 4137 alii,
3398 4065 3511 4123 tum
3539 4065 3685 4122 Hist.
3713 4066 3807 4119 lit-

2207 4141 2304 4199 iér.
2340 4149 2402 4199 de
2429 4145 2478 4199 la
2511 4143 2738 4210 France,
2765 4153 2894 4197 tom.
2926 4141 2984 4206 V,
3025 4157 3078 4211 p.
3103 4141 3226 4198 519.

505 4068 752 4140 sciticltte,
776 4069 904 4140 edit.
939 4069 1003 4132 ll,
1037 4068 1139 4124 vol.
1166 4070 1230 4135 ll,
1254 4085 1308 4140 p.
1335 4068 1595 4140 186-194.

572 4140 664 4213 μή
686 4139 767 4213 Cf.
802 4138 1057 4196 Paschas.
1109 4156 1228 4212 cap.
1254 4138 1299 4194 ’1
1348 4140 1509 4213 (apud
1537 4139 1696 4197 Mart.
1730 4153 1785 4196 et
1814 4143 1945 4196 Dttr.
1987 4142 2022 4195 1.
2058 4142 2095 4198 1.

500 4209 600 4284 col.
636 4211 748 4284 38:7)”
767 4215 828 4284 AL
840 4227 970 4284 seqq
981 4216 1018 4280 .)
1029 4253 1040 4265 .

573 4281 642 4406 Sc)
684 4281 766 4335 Cf.
802 4280 1054 4338 Paschas.
1091 4297 1210 4352 cap.
1245 4282 1314 4338 iV
1339 4283 1505 4354 (apud
1530 4283 1688 4337 Mart.
1731 4293 1786 4338 et
1818 4286 1949 4337 Dur.
1985 4286 2020 4338 l.
2057 4285 2094 4338 1.

500 4352 567 4406 59
643 4354 702 4405 1).
733 4356 933 4406 semul.

691 4369 933 4407 .Seﬂﬂ.h

1126 4426 1192 4480 de
1221 4427 1382 4498 Corp.
1435 4434 1488 4498 et
1519 4425 1717 4498 Satth
1737 4425 1887 4498 Dom.
1921 4425 2094 4498 praef.

501 4493 566 4548 ad
598 4493 776 4548 (Iarol.
804 4494 951 4548 Calv.
984 4495 1173 4549 Editus
1200 4505 1282 4550 est
1313 4495 1400 4547 hic
1437 4495 1570 4548 liber
1599 4493 1654 4547 in
1680 4493 1942 4549 Gallicum
1974 4512 2085 4550 ser-

503 4580 712 4618 monem
780 4580 1074 4622 conversus
1133 4583 1160 4620 a
1215 4567 1402 4621 Jacob.
1462 4564 1704 4618 Boileau.
1759 4566 1985 4620 Parisiis
2040 4585 2090 4621 a.

498 4633 778 4690 MDCCXII
810 4636 875 4689 12
903 4646 966 4674 mo
995 4655 1006 4690 :
1042 4637 1240 4690 latinus
1271 4636 1470 4706 prodiit
1497 4635 1683 4706 Colon.
1716 4652 1765 4688 a.
1795 4636 2095 4693 MDXXXH

497 4717 551 4760 et
590 4707 825 4776 saepius,
856 4723 955 4762 nec
979 4718 1154 4762 tamen
1181 4718 1238 4761 ut
1269 4705 1547 4762 Ratramni
1573 4705 1725 4770 liber,
1756 4709 1847 4761 sed
1878 4722 1934 4763 ut
1961 4709 2092 4766 Ber—
2125 4732 2128 4734 ν

500 4779 682 4831 trami.
717 4777 914 4832 Verum
949 4780 1032 4833 his
1062 4780 1269 4833 duobus
1298 4779 1610 4832 nominibus
1637 4793 1802 4831 unutn
1825 4783 2087 4835 eundern-

498 4865 602 4918 que
633 4848 903 4920 hominem
926 4849 1220 4920 significari
1251 4851 1407 4903 docet
1431 4849 1705 4902 Mabillon.
1740 4851 1861 4904 Act.
1886 4851 2085 4907 Bened.

495 4935 640 4974 saec.
682 4919 770 4992 iV,
801 4936 930 4992 pars
956 4919 997 4975 ll
1026 4921 1196 4992 praef.
1231 4937 1282 4975 n.
1317 4921 1408 4977 81.

568 4992 637 5117 ((3
678 4991 761 5047 Cf.
798 4989 1041 5074 Berengf
1061 4992 1362 5066 Turonens.
1393 4993 1552 5064 epist.
1581 4993 1646 5074 ad
1680 4991 1937 5074 Hicbard.
1965 4995 2086 5049 ahb.

568 5080 594 5116 ιι
681 5061 850 5117 Mansr
889 5077 940 5117 tu
980 5066 1144 5117 Cone.
1179 5064 1402 5117 Collect.
1433 5075 1561 5117 tom.
1605 5062 1747 5117 ll).
1779 5063 1881 5117 col.
1919 5065 2019 5117 785
2053 5066 2086 5117 li

494 5061 635 5133 apud
681 5061 850 5118 Mansi
889 5063 940 5117 itt
980 5061 1144 5119 Cone.
1179 5064 1402 5119 Collect.
1429 5061 1561 5120 tom.
1605 5061 1747 5127 XIX,
1779 5063 1881 5119 col.
1919 5065 2019 5118 785
2053 5066 2090 5118 Β

493 5153 613 5192 300.

683 5205 788 5278 Cf,
817 5206 957 5278 Mab.
1001 5217 1104 5263 act.
1157 5209 1350 5263 Bened.
1385 5225 1495 5264 sec.
1538 5207 1628 5272 iV,
1668 5224 1795 5276 pars
1827 5208 1867 5260 ll
1911 5205 2084 5274 praef.

498 5295 549 5332 ιι.
574 5277 645 5334 8i
675 5308 746 5317 -—
771 5277 872 5344 89;
899 5277 1086 5333 Jacoli.
1118 5279 1356 5334 Boileau.
1406 5281 1458 5334 in
1491 5279 1662 5349 praef.
1701 5280 1768 5331 ad
1799 5278 2086 5331 Hatramn.

494 5353 559 5403 de
586 5365 732 5430 corp.
768 5357 1003 5428 elsang.
1042 5351 1280 5408 Dmnini~
1327 5351 1440 5380 mu
1506 5352 1534 5364 ’-
1602 5353 1611 5360 ·
1709 5350 1718 5356 -

2212 3402 2495 3457 contendit
2520 3400 2622 3473 (It),
2663 3415 2770 3455 non
2802 3399 2972 3454 solum
3001 3397 3200 3468 singuli
3233 3397 3476 3455 homines
3516 3396 3686 3461 docti,
3722 3397 3811 3466 qui

2211 3498 2290 3553 vel
2321 3497 2570 3566 privatim
2605 3495 2687 3550 vel
2714 3495 2926 3565 publice
2953 3494 3009 3547 in
3041 3491 3416 3562 theologorum
3447 3489 3812 3546 conventibus

2209 3605 2332 3645 cum
2363 3589 2480 3658 ipso
2504 3594 2733 3659 egerunt
2770 3586 2850 3658 (ι),
2891 3601 3076 3641 verum
3100 3585 3265 3641 etiam
3293 3597 3480 3639 omnes
3523 3597 3813 3652 propemo-

2207 3683 2332 3740 dum
2360 3683 2574 3756 synodi,
2611 3684 2930 3753 quibuscum
2965 3695 3052 3735 res
3101 3680 3201 3733 fuit
3228 3676 3580 3747 Berengario,
3631 3692 3806 3746 quae—

2208 3789 2312 3846 que
2351 3787 2602 3845 magnam
2635 3781 2840 3842 partem
2873 3773 2941 3826 ab
2969 3770 3167 3841 insigni
3203 3769 3583 3844 episcoporum
3625 3767 3811 3822 docto-

2209 3881 2437 3935 rumque
2465 3866 2744 3920 hominum
2777 3864 3079 3935 frequentia
3104 3872 3229 3919 sunt
3258 3858 3613 3933 habitae(m),
3641 3858 3807 3916 Joan-

2730 4039 2742 4052 .
2771 3997 2860 4053 fol.
2901 4009 3033 4054 tom.
3077 3999 3115 4064 l,
3149 4016 3202 4070 p.
3254 3997 3354 4052 150
3395 4011 3513 4067 seq.
3548 3994 3810 4070 _S_cribt_tnt

2277 4216 2339 4287 (ἱ)
2379 4216 2511 4286 Cap.
2547 4217 2636 4270 51.

2275 4281 2476 4376 (jLCff
2520 4288 2659 4344 Mab.
2711 4293 2816 4340 act.
2862 4283 3061 4339 Bened.
3116 4301 3226 4339 see.
3260 4283 3349 4350 Ν,
3394 4296 3523 4354 pars
3553 4281 3595 4337 11
3627 4281 3801 4353 praef.

2205 4377 2261 4412 ιι.
2298 4358 2416 4413 15⁸2.

2277 4430 2348 4498 (Ir)
2389 4428 2469 4483 Cf.
2510 4429 2733 4498 Bereng.
2768 4428 2926 4498 epist.
2963 4428 3029 4482 ad
3053 4427 3309 4481 Richard.
3337 4425 3483 4498 apud
3535 4423 3732 4498 Mansi.
3763 4424 3798 4498 Ι.

3331 4497 3362 4512 ‘0

2204 4501 2238 4553 l.
2273 4495 2401 4572 tom.
2437 4499 2578 4562 XIX,
2612 4495 2863 4572 columna
2910 4499 3098 4572 755_A
3122 4497 3489 4572 _seq._lﬂjusd.
3510 4497 3686 4572 epist.
3737 4495 3802 4572 ad

2203 4571 2492 4625 Lanfranc.
2553 4571 2692 4639 apud
2759 4568 2953 4625 Mansi.
3019 4569 3055 4623 Ι.
3122 4568 3158 4621 l.
3199 4566 3470 4639 columna
3509 4566 3621 4639 7687
3661 4567 3796 4619 A-B.

2129 4678 2175 4734 ι)
2203 4642 2388 4734 sese;
2422 4642 2954 4734 senatumin.
2983 4640 3132 4734 θρυιι,
3151 4638 3514 4734 Pierii-1;
3543 4638 3798 4734 E‘?!‘.‘.‘.‘."!’:t

2203 4709 2306 4768 735
2348 4709 2524 4769 (1-776
2562 4712 2625 4766 D.
2671 4713 2872 4768 Eadem
2904 4709 3063 4782 plane
3087 4725 3174 4765 res
3198 4709 3515 4782 saepissime
3549 4709 3714 4782 etiam
3747 4709 3799 4760 in

2206 4785 2646 4871 illoiierenlgari‘ip
2659 4784 2804 4871 libro
2827 4779 3230 4871 leg'ilur,qu_em
3263 4779 3328 4838 (ἶ.
3364 4781 3426 4834 Ε.
3450 4779 3701 4851 Lessing.
3732 4794 3800 4834 ex

2203 4858 2448 4912 biblioth.
2485 4854 2758 4912 Guelferb.
2794 4854 3000 4924 primus
3028 4855 3187 4907 eruit.

2275 4928 2335 4998 (1)
2360 4928 2440 4983 Cf.
2468 4925 2758 4982 Lanfranc.
2785 4920 2984 4982 comm.
3014 4933 3202 4998 contra
3225 4924 3570 4998 Bereng._ap.
3598 4920 3794 4975 Mansi.

2206 5001 2238 5052 Ι.
2281 4993 2326 5051 II
2349 5001 2451 5053 rei.
2483 4998 2587 5054 759
2620 4999 2661 5050 Ι)
2691 5007 2744 5052 et
2784 4998 3002 5054 suauius.
3035 4996 3271 5049 Durand.
3303 4993 3426 5048 abb.
3455 4993 3795 5050 'l‘roarnens.

2203 5087 2289 5138 ap.
2339 5071 2528 5124 Mansi.
2574 5068 2675 5122 col.
2721 5067 2825 5124 782
2854 5063 2897 5124 D
2921 5100 2988 5107 —
3013 5067 3072 5122 E.
3117 5065 3348 5138 Aseelin.
3385 5065 3544 5134 epist.
3581 5065 3647 5119 ad
3684 5063 3795 5138 De:

2206 5133 2353 5210 reng.
2396 5159 2480 5210 ap.
2515 5140 2703 5196 Mausi.
2739 5143 2772 5194 ἑ.
2819 5157 2866 5195 0.
2911 5140 3009 5196 777
3048 5139 3092 5192 Λ
3116 5169 3183 5210 j—
3212 5136 3271 5190 C.
3309 5133 3644 5210 Anonymus_
3674 5133 3794 5210 (qui

2200 5206 2444 5266 conciliis
2469 5213 2683 5266 advers.
2726 5211 3111 5267 Berenuarium
3142 5209 3341 5263 habitis
3382 5224 3440 5262 se
3467 5206 3794 5260 interf'ﬁsse
