4056 6276
216 332 288 387 37
1043 330 1128 382 Di".
1171 329 1327 385 VITA
1369 331 1455 386 ET
1497 331 1822 387 ΡΒᾸΞΟΕΡΊ

1941 333 1989 386 J.
2037 334 2256 388 SCOTI.
2294 367 2360 375 —
2396 336 2575 394 PARS
2616 339 2653 391 1.
3435 348 3506 403 58

214 445 308 500 nis
336 442 484 498 Scoti
518 440 716 500 librum
743 442 808 498 de
839 441 894 498 S.
946 442 1284 500 Eucharistia
1333 454 1618 510 noverunt,
1669 445 1813 518 lege-
1842 453 1891 512 Α
1919 461 2070 501 cesse
2099 455 2200 514 est,
2234 450 2372 517 quod
2404 449 2506 503 illis
2538 453 2866 522 temporibus
2897 463 3174 522 auctores,
3210 474 3372 530 super
3414 478 3522 534 ea:

216 547 394 602 runt,
443 535 856 592 damnaverunt.
908 535 1017 592 Nec
1061 537 1348 606 quisquam
1401 538 1544 592 inter
1607 547 1820 594 tantam

215 643 562 690 summorum
588 628 832 684 virorum
863 628 1284 697 multitudinem,
1317 630 1410 702 qui
1431 638 1510 684 tot
1528 647 1628 702 per
1643 645 1815 687 annos

216 723 569 782 continenter
597 722 714 780 fere
749 721 1150 796 Berengariana
1199 740 1362 782 causa
1408 723 1627 783 fuerunt
1655 742 1817 784 occu-

213 816 336 886 pati
361 856 378 881 ,
425 815 701 873 exstitisse
741 825 1014 880 narratur,
1049 817 1135 876 cui
1181 818 1287 874 alia
1311 819 1376 874 de
1399 818 1542 874 illius
1571 819 1694 874 libri
1722 835 1819 874 au-

215 915 379 964 ctore
400 906 458 962 in
508 916 745 966 mentem
796 909 1064 968 venerint.
1097 907 1278 977 Quare
1328 910 1572 984 profecto
1619 913 1814 968 mirum

215 1012 346 1056 esse
387 1014 498 1058 non
534 1006 750 1067 potest,
801 999 895 1070 qui
940 998 1138 1056 factum
1189 1001 1278 1065 sit,
1319 1011 1378 1056 ut
1414 1004 1484 1058 ab
1514 1003 1616 1058 illis
1646 1020 1815 1074 usque

218 1089 565 1160 temporibus
587 1090 729 1160 apud
756 1106 949 1148 omnes
991 1093 1214 1148 omnino
1242 1094 1538 1165 historicos
1564 1097 1812 1154 criticos-

217 1196 330 1252 que
352 1181 431 1237 ita
450 1181 759 1238 constiterit
783 1200 796 1237 :
825 1184 1194 1254 composuisse
1219 1183 1442 1250 Scotum
1467 1187 1644 1242 Caroli
1675 1189 1815 1260 regis

209 1273 372 1344 jussu
390 1277 653 1334 adversus
673 1275 1024 1336 Paschasium
1041 1278 1238 1335 librum
1263 1280 1329 1336 de
1361 1279 1416 1336 S.
1449 1280 1812 1350 Eucharistia,

218 1381 334 1435 quo
359 1366 504 1422 libro
527 1377 714 1439 postea
746 1369 1107 1439 Berengarius
1138 1385 1267 1424 usus
1295 1370 1386 1426 sit.

294 1460 493 1517 Nostra
543 1470 727 1520 autem
779 1470 960 1518 aetate
1009 1461 1140 1528 fuit,
1185 1464 1274 1532 qui
1328 1463 1565 1530 diceret,
1616 1465 1813 1522 librum

217 1554 376 1610 illum
424 1553 885 1625 Berengarianum
943 1569 1049 1610 non
1100 1553 1268 1609 fuisse
1331 1555 1513 1624 Scoti,
1561 1559 1654 1613 sed
1705 1559 1812 1616 Ra-

221 1646 498 1702 tramni".
525 1645 681 1701 Hunc
724 1646 862 1704 falso
889 1646 1220 1715 adscriptum
1254 1662 1375 1712 esse
1403 1648 1595 1704 Joanni
1630 1650 1812 1710 Scoto.

219 1739 405 1805 Quare
457 1756 525 1795 ne
580 1741 683 1795 hoc
741 1740 959 1811 quidem
1010 1749 1220 1795 certum
1266 1751 1432 1808 esset,
1495 1760 1562 1802 an
1620 1743 1813 1804 Scotus

1930 538 2050 592 dem
2079 553 2139 594 re
2170 541 2489 604 scribentes,
2520 543 2706 597 iisdem
2739 561 2902 615 prope
2934 552 3284 619 argumentis,
3321 553 3508 608 iisdem

1925 626 2042 686 fere
2091 631 2481 706 locutionibns,
2533 651 2636 688 non
2671 637 2933 692 dissimili
2991 642 3257 697 scribendi
3313 659 3511 714 genere

1927 726 2090 779 etiam
2139 727 2353 795 saepius
2394 738 2518 782 sunt
2554 729 2634 782 usi
2679 729 2778 800 (ά).
2825 729 3008 801 Neque
3055 736 3246 790 desunt
3283 751 3506 807 contra,

1927 832 2065 888 quae
2093 831 2158 871 ex
2210 816 2372 872 Scoto
2415 821 2572 875 nobis
2615 821 2977 890 innotuerint,
3013 840 3111 880 nec
3154 835 3332 883 tamen
3379 833 3511 888 satis

1926 911 2208 964 commode
2253 912 2319 965 ad
2367 911 2722 968 Ratramnum
2768 916 3040 985 pertinere
3087 919 3372 975 videantur
3414 926 3508 994 (θ).-

1926 1002 2186 1057 Dicuntur
2215 1004 2416 1060 haecce
2460 1006 2732 1076 paululum
2780 1017 2989 1062 revecta
3039 1011 3104 1063 ad
3152 1010 3508 1069 Ratramnum

1923 1107 2083 1163 posse
2131 1095 2398 1164 appellere
2441 1115 2452 1149 :
2505 1112 2695 1152 verum
2745 1099 3045 1164 enimvero,
3093 1101 3136 1155 si
3172 1102 3282 1172 jam
3333 1105 3511 1160 aliane

1925 1196 2050 1239 sunt
2084 1186 2220 1251 loco,
2269 1189 2430 1242 etiam
2480 1190 2582 1243 hoc
2623 1191 2919 1258 quaeritur,
2970 1208 3098 1248 num
3149 1193 3285 1248 forte
3315 1195 3509 1264 paulu-

1924 1279 2035 1332 lum
2088 1290 2300 1334 revecta
2356 1282 2422 1335 ad
2475 1282 2633 1354 longe
2687 1283 2851 1338 alium
2911 1295 3188 1342 auctorem
3243 1288 3514 1358 appellere

1922 1373 2152 1440 possint.

1994 1468 2290 1524 Plurimum
2348 1471 2511 1525 tribui
2568 1471 2815 1526 videmus
2872 1472 2941 1543 (γ’)
2990 1473 3260 1540 Ascelino,
3311 1478 3408 1547 qui
3456 1478 3512 1533 in

1923 1561 2080 1629 epist.
2107 1561 2173 1614 ad
2203 1561 2586 1632 Berengarium
2626 1562 2700 1616 ita
2729 1563 2795 1616 de
2825 1562 2990 1618 Seoto
3023 1566 3278 1637 scripsit:
3311 1567 3515 1625 diuisae

1922 1666 2044 1705 eum
2075 1651 2128 1704 in
2159 1653 2478 1722 exponendo
2505 1653 2807 1708 orationem
2839 1653 2986 1708 illam
3016 1655 3412 1726 Gregorianam
3435 1660 3513 1730 (α)

1928 1761 1948 1792 ‹
1982 1743 2124 1798 inter
2187 1752 2400 1798 caetera
2459 1744 2582 1804 ﬁdei
2624 1753 2839 1799 nostrae
2875 1747 3188 1801 contraria:
3240 1767 3294 1801 η
3324 1749 3506 1820 specie

221 1833 394 1889 ullum
451 1850 689 1904 unquam
749 1836 815 1894 de
875 1833 934 1889 S.
991 1833 1334 1890 Eucharistia
1389 1851 1524 1906 opus
1579 1842 1814 1900 01011άο-
1844 1849 1892 1909 Β
1921 1843 2184 1906 geruntur
2236 1835 2375 1900 ista,
2429 1851 2538 1893 non
2594 1836 2824 1892 veritate
2853 1856 2934 1894 υ.
3001 1836 3212 1905 Quibus
3276 1839 3514 1897 Asceliui

222 1927 298 1980 rit
326 1929 430 1997 (tr).

300 2021 501 2077 Verum
564 2019 844 2078 enimvero
904 2021 1155 2090 quamvis
1202 2030 1361 2086 acute
1420 2031 1583 2092 atque
1641 2025 1818 2081 subti-

221 2113 349 2168 liter
397 2111 486 2166 ille
530 2111 584 2166 in
630 2111 952 2182 disputando
999 2113 1072 2168 sit
1112 2122 1384 2180 versatus,
1432 2113 1484 2169 id
1517 2123 1732 2182 tamen,
1771 2116 1820 2170 si

219 2207 353 2276 quid
383 2206 630 2264 videmus
651 2247 665 2270 ,
714 2221 819 2261 non
852 2215 936 2261 est
969 2217 1316 2276 assequutns,
1352 2219 1410 2266 ut
1444 2218 1550 2264 tam
1597 2211 1821 2280 antiqua

222 2313 325 2354 nos
372 2298 712 2368 possessione
762 2298 1098 2358 exturbaret.
1151 2299 1264 2361 Hoc
1312 2311 1376 2364 ut,
1420 2301 1643 2371 planum
1690 2302 1818 2367 ﬁat,

225 2391 416 2460 paucis
451 2390 533 2445 rei
577 2405 843 2448 summam
891 2405 1258 2460 proponemus
1283 2400 1447 2462 atque
1488 2393 1822 2452 examinabi—

225 2499 347 2538 mus
372 2483 468 2554 (ὁ).

297 2574 454 2643 Quod
499 2576 758 2645 primum,
803 2592 1158 2647 quaecunque
1202 2578 1567 2650 Berengat'ius
1597 2579 1824 2650 ejusque

225 2668 485 2738 aequales
514 2667 582 2723 de
610 2667 776 2726 Scuto
806 2684 904 2724 suo
930 2668 1212 2733 dixissent,
1247 2670 1412 2726 etiam
1443 2670 1511 2730 de
1539 2669 1823 2732 Ratramni

225 2762 367 2815 libro
403 2760 512 2816 dici
545 2774 702 2831 pose
730 2759 1048 2825 afﬁrmavit,
1080 2775 1144 2814 ac
1179 2757 1293 2828 iam
1322 2760 1468 2826 inde,
1499 2754 1668 2816 libros
1705 2762 1824 2818 illos

226 2870 332 2906 non
372 2854 531 2918 duos,
572 2851 665 2914 sed
711 2867 878 2912 unum
907 2852 1248 2920 eundemque
1285 2851 1478 2918 fuisse,
1508 2853 1821 2912 conclusum

223 2947 426 3012 voluit,
462 2955 547 3002 est
578 2946 722 3003 istud
767 2945 987 3015 quidem
1019 2945 1245 3016 aliquid,
1295 2961 1484 3002 verum
1527 2946 1584 3000 in
1616 2961 1682 3002 eo
1725 2961 1822 3001 ne-

224 3055 500 3110 quaquam
544 3047 674 3098 sunt
712 3038 924 3094 omnia:
963 3037 1198 3094 Haberet
1241 3048 1392 3094 certe
1425 3037 1517 3107 jus
1563 3053 1720 3095 suum
1750 3040 1824 3094 ita

225 3133 610 3198 concludendi,
635 3133 680 3187 si
713 3131 955 3202 pluribus
981 3131 1070 3188 ille
1099 3130 1244 3186 Scoti
1272 3131 1408 3186 liber
1435 3130 1592 3186 nobis
1620 3131 1825 3186 descri-

1923 1928 2106 1984 verbis
2147 1928 2232 1983 hic
2283 1929 2558 1983 Ratramni
2602 1928 2751 1984 locus
2793 1938 3014 1984 notatus
3045 1946 3168 1986 esse
3213 1933 3458 1988 creditur
3495 1951 3511 1988 ε

1929 2039 1984 2072 η
2010 2020 2303 2076 Pertlciant
2329 2023 2383 2075 in
2432 2021 2609 2085 nobis,
2653 2021 2900 2086 Domine,
2924 2038 3274 2092 quaesumus,
3306 2032 3399 2080 tua
3427 2039 3518 2082 sa-

1924 2122 2221 2178 cramenta,
2273 2114 2414 2182 quod
2458 2113 2769 2177 continent,
2804 2123 2893 2179 ut,
2955 2130 3095 2184 quae
3146 2134 3292 2173 nunc
3334 2119 3517 2190 specie

1924 2206 2183 2274 gerimus,
2221 2214 2402 2262 rerum
2428 2207 2658 2262 veritate
2705 2208 2985 2277 capiamus
3025 2227 3108 2261 ι».
3140 2229 3160 2261 ι
3209 2211 3351 2266 Dicit
3388 2211 3517 2283 (sci-

1925 2297 2054 2352 licet
2077 2299 2253 2353 oratio
2281 2299 2418 2369 illa),
2450 2300 2591 2370 quod
2621 2316 2672 2356 In
2718 2300 2897 2368 specie
2936 2309 3194 2369 gerantur
3236 2303 3363 2367 ista,
3407 2319 3518 2362 ιοι

1926 2390 1980 2446 111
2017 2391 2263 2457 veritate,
2295 2393 2347 2448 id
2376 2401 2478 2458 est,
2503 2407 2599 2464 per
2624 2392 3052 2458 similitudinem,
3083 2410 3191 2452 non
3225 2411 3325 2472 per
3352 2398 3520 2466 ipsius

1924 2483 2005 2538 rei
2034 2483 2548 2546 manifestationem.
2584 2483 2849 2540 Ditierunt
2879 2497 3059 2542 autem
3088 2503 3118 2541 a
3149 2501 3207 2542 se
3235 2490 3442 2560 species
3467 2498 3522 2546 et

1926 2575 2150 2631 veritas.
2181 2576 2526 2647 Quapropter
2560 2593 2755 2647 corpus
2785 2587 2840 2642 et
2869 2579 3108 2649 sanguis,
3156 2584 3300 2650 quod
3333 2584 3384 2648 in
3429 2599 3522 2650 ee-

1926 2663 2092 2722 clesia
2138 2666 2366 2735 geritur,
2404 2666 2586 2724 ditfert
2633 2669 2715 2724 ab.
2748 2669 2838 2726 illo
2880 2687 3109 2743 corpore
3135 2681 3192 2730 et
3231 2676 3519 2746 sanguine,

1923 2755 2068 2825 quod
2117 2754 2171 2809 in
2218 2754 2422 2822 Christi
2477 2773 2703 2829 corpore
2756 2775 2853 2829 per
2903 2765 3356 2824 resurrectionem
3405 2764 3520 2836 jam

1924 2843 2286 2916 gloriﬁcatum
2350 2850 2714 2919 cognoscitur.
2778 2849 2845 2906 Et
2905 2853 3008 2910 hoc
3063 2869 3259 2926 corpus
3325 2859 3522 2929 pignus

1924 2944 2010 2992 est
2053 2944 2109 2992 et
2156 2938 2385 3007 species,
2434 2938 2562 2996 illud
2612 2955 2741 2996 vero
2788 2942 2906 3013 ipsa
2950 2946 3170 3002 veritas.
3221 2947 3334 3004 Hoc
3377 2950 3523 3006 enim

1923 3027 2155 3100 geritur,
2201 3029 2372 3085 donec
2423 3031 2490 3086 ad
2520 3031 2648 3088 illud
2696 3036 3046 3103 perveniatur
3075 3057 3121 3090 ι.
3151 3035 3250 3094 Ubi
3283 3055 3411 3094 vero
3451 3041 3520 3097 ad

1924 3121 2056 3178 illud
2133 3133 2448 3194 perventum
2507 3125 2701 3193 fuerit,
2775 3130 2878 3186 hoc
2937 3132 3322 3190 removebitur.
3392 3134 3522 3204 Quae

226 3238 351 3300 plus
385 3235 554 3291 esset,
586 3241 727 3296 quae
755 3226 976 3282 omnino
1020 3225 1073 3280 in
1109 3225 1387 3280 Ratramni
1419 3239 1554 3293 opus
1583 3226 1817 3295 quadra-
1847 3223 1892 3286 C
1925 3224 2052 3272 sunt
2105 3216 2158 3270 in
2215 3218 2318 3276 hoc
2378 3218 2495 3274 loco
2546 3219 2669 3278 ﬁdei
2735 3231 2954 3280 nostrae
3024 3226 3344 3282 contraria?
3401 3227 3522 3298 Ipse

226 3332 372 3386 rent,
405 3337 509 3376 nec
541 3319 700 3376 facile
731 3321 783 3376 in
828 3319 1037 3377 duobus
1066 3319 1295 3376 duorum
1341 3327 1628 3378 auctorum
1673 3318 1825 3374 libris

228 3423 338 3469 tam
367 3415 512 3469 inter
537 3428 596 3470 se
625 3412 825 3470 similia
873 3420 1093 3482 possent
1121 3411 1369 3481 reperiri.
1401 3411 1471 3464 At
1499 3411 1828 3481 paucissima

231 3518 441 3563 tantum
481 3507 548 3562 de
599 3505 748 3564 Scott
795 3505 934 3566 libro
980 3512 1496 3566 commemorantur,
1533 3513 1697 3574 atque
1738 3520 1824 3569 ea,

228 3616 294 3656 ex
342 3599 544 3672 quibus
593 3597 807 3656 facilius
848 3597 1090 3667 colligas,
1138 3597 1414 3661 diversum
1462 3595 1609 3658 illum
1643 3613 1671 3650 a
1725 3595 1826 3654 Ra-

230 3696 430 3750 tramni
490 3693 629 3762 libre
683 3692 885 3758 fuisse,
933 3706 1094 3761 quam
1145 3706 1270 3756 eum
1323 3690 1427 3748 hoc
1475 3707 1639 3754 unum
1689 3706 1825 3745 eun-

231 3789 487 3858 demque.

302 3880 400 3934 Est
428 3877 672 3948 quidem,
710 3885 771 3938 ut
807 3875 1096 3932 nonnullae
1133 3889 1219 3928 res
1248 3873 1315 3928 de
1357 3870 1520 3928 Scoto
1566 3873 1672 3928 sint
1699 3871 1830 3928 scri-

234 3978 359 4040 ptae
371 3970 468 4041 (c),
491 3983 628 4039 quae
653 3968 841 4022 eodem
863 3965 977 4022 fere
1005 3976 1162 4036 pacto
1183 3966 1249 4020 ad
1273 3965 1629 4019 Ratramnum
1660 3974 1832 4018 trans-

235 4060 370 4117 l‘erri
413 4071 642 4130 queant;
670 4075 861 4116 verum
896 4059 982 4114 bis
1010 4057 1130 4114 ideo
1161 4073 1348 4128 parum
1391 4071 1707 4112 moveamur
1737 4071 1831 4109 ne-

331 4243 388 4311 a)
419 4240 517 4314 CfL
536 4239 595 4314 Ε.
627 4239 713 4314 Vi].
736 4239 926 4314 Lauta
954 4237 1180 4314 :__Ueber
1226 4236 1312 4290 die
1345 4235 1431 4314 fur
1460 4233 1707 4314 χει-101011
1742 4247 1835 4314 ge-

239 4303 459 4376 balt'eue
486 4303 692 4369 Schrift
716 4312 810 4367 des
832 4309 954 4365 Joh.
983 4309 1180 4364 Scotus
1211 4322 1309 4361 von
1340 4308 1435 4360 der
1465 4303 1830 4369 Encharistie,

239 4387 293 4440 in
343 4385 508 4450 libro,
543 4383 632 4452 qui
685 4383 1041 4436 inscribitur:
1086 4377 1459 4452 Theologjsche
1488 4376 1733 4452 Studien
1777 4395 1830 4430 ιι.

239 4447 614 4512 Ιξτίιὶιίεήνόη
653 4455 743 4509 Dr.
779 4452 1025 4509 Ullmann
1065 4468 1118 4505 u.
1154 4449 1244 4508 Dr.
1281 4447 1545 4504 Umbreit.
1581 4447 1634 4512 l,
1662 4447 1697 4501 4
1719 4488 1732 4511 ,
1778 4465 1831 4518 p.

233 4528 340 4584 ’1ὕό
365 4541 487 4584 seu.

303 4541 755 4672 fbmuamquam
779 4597 918 4672 _lt_aec
963 4610 1049 4650 res
1079 4594 1237 4664 digna
1269 4602 1378 4654 est,
1414 4588 1553 4662 quae
1601 4605 1825 4646 accura-

238 4665 726 4740 tius'eiplore—tur.
777 4665 973 4721 Multae
1018 4675 1202 4740 autem
1259 4671 1387 4718 sunt
1431 4676 1824 4740 causac,_quac

237 4759 353 4807 nos,
385 4734 680 4810 quominus
701 4737 815 4810 jam
848 4735 1070 4810 nuncid
1102 4744 1464 4810 praestemus,
1501 4734 1819 4810 impediant.

305 4805 380 4884 (ὲ)
402 4805 487 4884 Cf.
518 4805 772 4884 Laufs.:l.
800 4809 841 4884 l._
867 4825 921 4879 p.
949 4807 1074 4871 765,
1103 4805 1229 4884 765.
1251 4806 1402 4874 Quae
1428 4822 1480 4875 p.
1505 4805 1821 4884 76?).l‘cgun-

236 4875 330 4941 rur
354 4875 373 4938 ε’
405 4902 424 4934 ‹
456 4881 636 4938 Caroli
670 4875 1263 4951 Magni;antecesseris
1299 4897 1415 4951 tm,
1447 4877 1588 4944 apud
1623 4875 1825 4951 Dacltc-

233 4959 399 5019 rium,
431 4956 501 5008 ita
531 4968 589 5008 se
619 4947 855 5008 habent:
893 4971 909 5002 (
939 4950 1118 5006 Caroli
1147 4948 1323 5019 Magni
1355 4947 1817 5019 antecessot'is...t

231 5017 394 5100 Apud
415 5025 602 5080 Mansi.
625 5025 809 5151 gone.
837 5022 970 5079 Coll.
1003 5032 1132 5075 tom.
1164 5018 1307 5084 XIX,
1332 5020 1434 5075 col.
1466 5020 1569 5075 756
1595 5017 1660 5088 A)
1689 5019 1826 5100 scri-

232 5108 382 5151 ntum
418 5105 500 5151 est
528 5115 539 5150 :
575 5114 593 5147 t
669 5094 802 5150 aroli
840 5094 1016 5151 magni
1049 5092 1411 5147 antecesseris
1443 5111 1485 5144 ι.
1518 5090 1738 5151 01101161
1770 5103 1823 5142 tn

232 5089 382 5168 pt'um
418 5105 500 5153 est
528 5115 539 5150 :
575 5114 593 5147 ι
625 5089 802 5168 Caroli
840 5092 1411 5168 magniantecesseris
1443 5090 1668 5168 »._QnOtl
1691 5089 1738 5144 si
1770 5089 1823 5142 in

235 5162 322 5224 illa
354 5162 676 5242 Bereugarii
713 5165 870 5242 epist.
904 5162 970 5219 ad
1007 5164 1260 5242 [ticum-tl.
1295 5171 1471 5242 potest
1500 5162 1603 5232 legi
1633 5185 1644 5215 ι
1687 5181 1702 5210 1
1729 5175 1826 5242 ,11οέ

235 5242 369 5313 verit
398 5260 419 5292 ι
473 5233 765 5313 (Henricus
810 5237 862 5300 1,
912 5253 1002 5313 rex
1041 5234 1370 5313 Gallorum),
1403 5253 1418 5284 1
1451 5249 1590 5304 quae
1636 5233 1826 5313 scribit

235 5307 493 5367 Joannes
523 5308 743 5374 Scotus,
781 5309 986 5362 monitu
1021 5323 1142 5361 cum
1182 5307 1466 5376 scripsisse
1515 5307 1826 5374 praecario-

236 5400 338 5453 que
369 5380 552 5436 Caroli
596 5379 772 5453 magni
806 5379 1168 5453 antecesseris
1212 5378 1365 5432 sui...
1393 5397 1436 5440 1,
1465 5391 1572 5446 quo
1602 5376 1824 5453 jut'enex

238 5445 337 5510 lioc
375 5453 494 5508 loco
526 5445 818 5523 colligitur,
852 5451 1048 5504 librum
1075 5449 1252 5523 illum,
1291 5465 1452 5523 quem
1484 5445 1696 5523 Spectat
1730 5445 1826 5501 Be-

237 5526 542 5598 rengarius,
571 5518 760 5579 eodem
788 5523 964 5586 modo,
989 5538 1054 5576 ac
1075 5519 1354 5575 Batramni
1376 5535 1536 5588 opus,
1561 5518 1824 5587 scriptum

302 5705 420 5761 *111
462 5704 609 5774 quod
640 5712 695 5758 et
736 5703 891 5758 nobis
939 5700 1391 5774 verisimillimum
1428 5712 1547 5774 esse
1591 5698 1828 5774 videtur,

242 5769 567 5846 uberiusque
597 5792 627 5829 a
655 5775 809 5830 nobis
836 5773 1245 5846 disceptaturin
1274 5770 1576 5846 Procerum.
1597 5769 1831 5846 Omnino

241 5841 538 5922 ascriptore
565 5845 1036 5904 commentationis
1066 5845 1116 5898 in
1155 5844 1238 5907 iis,
1275 5858 1413 5912 quae
1445 5842 1627 5898 deltoc
1659 5841 1833 5911 capite

1928 3307 2296 3372 Lanfrancus,
2330 3311 2630 3370 acerrimus
2675 3312 2986 3385 Berengarii
3019 3317 3400 3388 adversarius,
3443 3319 3522 3374 si-

1931 3400 2043 3456 mili
2085 3402 2295 3458 ratione
2329 3401 2542 3458 locutus
2569 3414 2653 3462 est
2700 3405 2796 3477 (ἡ).
2842 3404 2941 3466 Ubi
2985 3408 3084 3464 hoc
3113 3408 3232 3464 loco
3268 3407 3522 3468 Hatram-

1930 3511 2051 3559 nus,
2083 3494 2196 3550 suis
2225 3495 2396 3563 ipsius
2425 3497 2605 3554 verbis
2632 3513 2782 3565 usus,
2817 3517 2836 3551 t
2867 3502 3048 3570 specie
3079 3520 3126 3567 ι,
3153 3501 3346 3573 inquit,
3383 3520 3401 3553 1
3431 3518 3522 3574 ge-

1932 3596 2130 3644 runtur
2170 3589 2295 3654 ista,
2328 3604 2435 3649 non
2469 3591 2696 3651 veritate
2723 3615 2768 3658 ι,
2803 3592 3078 3652 Ecclesiae
3123 3597 3287 3658 verba
3332 3611 3524 3656 secun-

1932 3681 2058 3737 dum
2086 3681 2364 3740 Ecclesiae
2389 3686 2712 3744 sententiam
2740 3686 2991 3755 explicat.
3019 3685 3220 3754 Quodsi
3241 3689 3382 3754 hanc
3404 3705 3519 3746 rem

1931 3771 2186 3840 cuiquam
2214 3773 2432 3842 auctori.
2453 3775 2585 3830 vitio
2625 3774 2755 3837 dare
2784 3777 2956 3844 potuit
2997 3777 3302 3846 Ascelinus,
3351 3781 3525 3838 tribus

1932 3866 2207 3936 Anticyris
2231 3877 2391 3936 caput
2419 3865 2537 3936 ejus
2561 3869 2860 3926 insanabile
2888 3870 3054 3928 fuisse
3077 3881 3310 3942 oportet.
3338 3872 3526 3947 Longe

1933 3957 2098 4012 alium
2130 3958 2446 4028 Erigeniani
2477 3960 2619 4016 illius
2666 3960 2958 4033 loci,quem
2986 3963 3274 4026 Ascelinus
3300 3965 3372 4021 ob
3401 3981 3525 4023 ocu-

1935 4047 2016 4105 los
2046 4049 2254 4114 habuit,
2295 4067 2362 4107 ex
2397 4052 2567 4122 ipsius
2592 4051 2832 4110 Ascelini
2862 4055 3399 4124 verbis‘contextum,
3431 4059 3522 4128 qui

1936 4226 2106 4282 fuisse
2132 4229 2470 4308 01311ιί80011]-
2494 4229 2560 4285 ad
2610 4229 2919 4308 «Carolina
2942 4249 3197 4308 magnum
3231 4239 3527 4308 imperato-

1940 4314 2052 4358 rem
2086 4299 2154 4352 D?
2202 4299 2403 4354 Deinde
2459 4301 2592 4356 haec
2645 4302 2759 4370 ipsa
2812 4304 2998 4368 verba,
3036 4299 3342 4362 Ratramn'i
3386 4299 3525 4365 libro

1939 4371 2259 4444 praemissa,
2311 4389 2413 4444 non
2473 4373 2643 4444 ipsius
2696 4371 2980 4427 Ratranmi
3035 4391 3156 4431 esse
3212 4381 3522 4437 credimus:

1908 4457 2064 4518 nam
2133 4443 2184 4518 in
2241 4443 2622 4518 antiquissimp
2670 4445 2859 4518 codice
2908 4462 3043 4511 ms.,
3107 4465 3270 4518 quem
3323 4453 3523 4510 Mabill.

1943 4512 2088 4591 taeta
2133 4513 2507 4591 Denednsacc.
2538 4514 2625 4591 ly.
2661 4516 2874 4591 tom.__ll.
2906 4519 3078 4591 praef.
3124 4512 3183 4574 n.
3215 4522 3304 4591 85)
3357 4527 3486 4584 vidit
3510 4568 3524 4591 ,

1943 4585 2015 4636 ita
2057 4585 2315 4654 scriptum
2345 4583 2480 4639 fuit:
2519 4608 2533 4636 ‹
2567 4586 2757 4654 Incipit
2788 4583 2924 4642 liber
2974 4589 3255 4654 Ratramni
3288 4583 3368 4648 ’110
3409 4583 3527 4651 001·ἐ

1856 4635 1906 4693 Ῑ)
1933 4671 2062 4723 pore
2093 4664 2144 4708 et
2168 4635 2453 4726 rsanguine
2507 4635 2738 4711 Domitii.
2782 4659 3052 4722 iussistis,
3085 4635 3322 4726 gloriose
3340 4635 3528 4720 “viiii-

1930 4741 2060 4796 ceps
2101 4746 2142 4779 1.
2175 4727 2323 4800 Nihil
2345 4728 2577 4798 denique
2605 4731 2762 4800 estin
2792 4745 2877 4793 eo,
2908 4734 3052 4800 quod
3085 4727 3307 4800 Scottis,
3336 4739 3526 4795 eodem

1933 4809 2117 4878 pacto,
2151 4814 2256 4867 quo
2292 4798 2646 4880 [tanta-unitum
2682 4799 2858 4880 Caroli
2898 4798 3054 4869 jussu
3097 4798 3394 4880 scripsisse
3446 4810 3528 4870 tli-

1930 4869 2093 4933 citur,
2127 4885 2290 4936 quum
2325 4870 2375 4923 in
2407 4869 2747 4926 Gothescalci
2798 4889 2964 4928 causa
3011 4883 3065 4930 et
3096 4869 3428 4934 Ratrmuntts
3474 4892 3531 4937 et

1929 4938 2111 5012 Lupus
2144 4940 2514 5012 Ferrariensis
2547 4941 2795 5012 jubente,
2823 4955 2879 5000 et
2909 4947 3106 5008 Scotut
3144 4967 3162 4997 ε
3194 4963 3469 5010 annuente
3500 4972 3518 5004 ι

1930 5009 2123 5065 Carolo
2156 5011 2320 5083 libros
2347 5028 2473 5066 suos
2501 5009 2927 5083 cumposuerint.

2027 5083 2083 5160 d)
2203 5082 2492 5160 biabiacta
2510 5081 2710 5160 Bened.
2748 5103 2874 5160 sec.
3017 5105 3067 5160 ν.
3089 5089 3150 5147 11.
3168 5093 3338 5160 praef.
3362 5112 3415 5159 n.
3434 5093 3520 5149 88.

2025 5155 2072 5228 e)
2104 5151 2184 5228 ct.
2219 5153 2401 5228 panis.
2435 5155 2471 5208 1.
2508 5157 2631 5228 np.
2665 5159 2788 5222 7m,
2822 5157 2941 5220 765,
2974 5151 3451 5228 7660601768.

2024 5225 2079 5361 [ζ
2108 5225 2190 5279 Cl'.
2224 5224 2406 5281 Laufs.
2439 5243 2490 5296 p.
2521 5224 2620 5282 757
2644 5257 2704 5268 -—
2737 5229 2860 5284 760.

2027 5313 2057 5361 g
2116 5296 2403 5361 Perﬁciant
2449 5299 2503 5350 in
2533 5299 2678 5352 nobis
2725 5312 2850 5361 tua,

2002 5295 2079 5370 (g)
2116 5296 2403 5364 Per/icium
2440 5295 2503 5350 in
2533 5299 2678 5352 nobis
2725 5312 2816 5355 tua
2838 5343 2850 5363 ,
2897 5301 3139 5370 Domine,
3173 5318 3520 5370 sacramenta,

1929 5367 2068 5449 quod
2096 5371 2380 5450 continent,
2407 5378 2484 5434 ut,
2513 5386 2647 5438 quae
2673 5387 2811 5426 nunc
2840 5375 3007 5442 specie
3051 5367 3299 5444 gerimus,
3349 5367 3524 5434 rerum

1928 5449 2146 5496 verttate
2171 5449 2462 5509 captamus.

2007 5509 2084 5582 (11)
2107 5509 2188 5566 Cf.
2216 5509 2357 5566 Mab.
2384 5521 2505 5567 acta
2519 5511 2722 5569 Bened.
2768 5530 2880 5571 see.
2903 5514 2990 5569 1V.
3008 5533 3062 5586 p.
3090 5516 3148 5570 ll.
3173 5520 3342 5590 praef.
3363 5539 3412 5582 n.
3432 5523 3522 5580 88.

1940 5705 2209 5830 protulit,
2266 5723 2373 5762 non
2438 5724 2727 5778 possumus
2789 5712 2917 5781 quin
2975 5712 3379 5778 dissentiamus.
3440 5721 3522 5778 Cl'.

1994 5779 2300 5830 recentium.
2355 5781 2622 5830 ANIMADV.
2660 5783 2816 5830 Enn.

1994 5779 2300 5833 rooemium.
2355 5781 2622 5836 ANIMADV.
2659 5779 2816 5837 Eun.
