4036 5670
561 384 632 440 59
1566 383 1656 439 DE
1689 381 1953 440 JOANNE
1991 381 2214 442 SCO'I'O
2248 382 2764 443 COMMENTATIO.
3770 388 3836 442 40

562 507 812 567 vocatur,
841 494 1186 556 statuendum
1214 510 1360 564 esse,
1387 498 1661 554 neminem
1688 513 1797 555 non
1825 499 2010 556 videre
2050 516 2149 571 pu-
2176 505 2230 564 Α
2327 500 2500 571 Atque
2529 501 2633 556 hoc
2661 499 2780 556 loco
2817 499 2954 556 satis
2984 483 3171 556 mirari
3226 514 3334 557 non
3364 514 3678 571 possumus,
3710 499 3834 571 quid

562 605 760 654 tamus.

627 708 882 766 Pluribus
930 709 1008 764 ita
1049 707 1116 763 de
1161 707 1266 762 hoc
1307 705 1544 764 Ascelini
1586 705 1706 763 loco
1743 706 1989 778 egimus,-
2016 705 2144 776 quia

558 801 875 874 plurimum,
897 800 1041 872 quod
1070 809 1262 856 contra
1292 807 1532 854 nostram
1561 800 1888 854 sententiam
1917 807 2138 870 pugnet,

558 894 843 950 continere
875 899 1096 963 putatus
1124 899 1228 958 est,
1265 906 1431 961 quum
1471 899 1646 946 tamen
1685 890 1852 945 multo
1901 890 2038 960 plus,
2085 900 2142 944 ut

555 987 812 1053 vidimus,
827 985 970 1056 quod
992 1000 1090 1056 pro
1103 993 1289 1041 nostra
1311 986 1577 1041 sententia
1599 995 1820 1056 pugnet,
1841 986 2137 1041 contineat.

629 1096 781 1166 Quae
830 1096 1024 1152 deinde
1067 1105 1370 1152 memoratu
1419 1099 1578 1168 digna
1624 1098 1908 1153 videantur
1936 1113 2002 1152 ex
2051 1099 2138 1164 iis,

556 1189 751 1261 quibus
813 1188 1224 1259 impugnamur,
1275 1192 1408 1244 haec
1456 1201 1600 1243 sunt.
1651 1208 1668 1240 ι
1699 1193 2012 1261 Anonymus
2052 1191 2142 1246 ille

555 1280 886 1338 Cellotianus
910 1280 1068 1351 (a)de
1093 1281 1460 1336 controversia
1484 1281 1848 1337 Paschasiana
1873 1285 2140 1348 scribens,

512 1351 536 1428 ,³
554 1387 721 1442 quum
748 1370 976 1425 aliorum
1007 1371 1208 1442 scripta
1256 1382 1367 1425 tum
1399 1371 1678 1427 Ratramni
1725 1373 1922 1428 librum
1969 1377 2138 1441 novit,

553 1465 758 1519 nullum
797 1479 928 1520 vero
977 1465 1125 1519 Scoti
1169 1464 1318 1536 ((1):.
1352 1465 1419 1518 At
1466 1465 1552 1521 ille
1601 1467 1917 1538 Anonytnus
1959 1469 2142 1538 plures

550 1559 742 1625 libros,
766 1559 859 1630 qui
885 1559 951 1613 ad
977 1558 1125 1613 illam
1154 1575 1264 1614 rem
1289 1560 1584 1628 pertinent,
1610 1577 1716 1615 non
1743 1562 1965 1615 citavit:
1996 1563 2143 1618 velut

550 1649 862 1716 Heimonis,
909 1653 1073 1722 episc.
1123 1651 1614 1708 Halberstadiensis
1653 1653 1744 1724 (c).
1793 1652 1976 1724 Neque
2019 1656 2141 1710 lier-

553 1742 636 1798 cIc
689 1743 808 1812 plus
867 1743 990 1798 inde
1046 1741 1221 1812 colligi
1281 1753 1494 1813 potest,
1546 1744 1689 1812 quod
1746 1764 1765 1796 ι
1822 1745 2138 1816 Sigebertus

550 1831 953 1888 Gemblaccnsis
983 1843 1038 1887 et
1080 1833 1202 1898 alii,
1248 1834 1340 1901 qui
1386 1835 1450 1888 de
1484 1835 1840 1903 scriptoribus
1885 1837 2138 1892 ecclesia-

547 1925 703 1980 sticis
731 1925 1056 1991 disseruere,
1084 1924 1233 1981 Scoti
1266 1926 1461 1981 librum
1491 1927 1557 1981 de
1581 1926 1637 1981 S.
1663 1929 2003 1985 Eucharistia
2029 1947 2134 1985 non

545 2015 902 2072 laudavcrunt
930 2038 949 2070 ›
975 2019 1280 2072 :neminem
1304 2019 1449 2072 enim
1477 2017 1689 2074 illorum
1717 2031 2020 2086 auctorum,
2044 2022 2136 2091 qui

544 2108 679 2163 satis
706 2118 960 2165 accurate
992 2107 1140 2164 Scoti
1187 2108 1354 2165 libros
1396 2113 1764 2178 recensuerit,
1812 2115 2131 2171 invenimus.

545 2199 862 2271 Sigebertus
915 2208 1136 2270 praeter
1194 2202 1500 2256 versionem
1550 2203 1929 2274 Areopagitae,
1981 2205 2133 2275 cujus

544 2290 687 2360 (cap.
715 2290 829 2361 94.)
864 2291 1127 2356 meminit,
1157 2292 1362 2346 nullum
1396 2307 1620 2362 prorsus
1647 2307 2059 2352 commemorat.

613 2401 826 2469 Restat,
851 2412 934 2468 ut,
963 2419 1102 2473 quae
1144 2414 1424 2474 praeterea
1460 2406 1674 2463 defendi
1720 2425 1882 2479 posse
1909 2412 2133 2466 videan-

541 2505 650 2559 tur,
694 2496 935 2552 breviter
971 2499 1229 2553 adstricta
1266 2514 1655 2569 proponamus.
1683 2501 1926 2558 Primum
1966 2505 2130 2574 igitur

539 2586 830 2644 Batramni
877 2587 1019 2644 libro
1067 2605 1173 2645 non
1204 2591 1516 2646 continetur
1550 2607 1636 2658 ea,
1663 2608 1828 2663 quam
1857 2594 2128 2666 Berenga-

540 2681 658 2737 rius
702 2681 1151 2752 amplectebatur,
1197 2684 1263 2739 de
1305 2683 1363 2739 S.
1406 2684 1747 2742 Eucharistia
1794 2688 1994 2758 opinio.
2031 2690 2130 2746 Be-

539 2774 829 2846 rengarius
858 2775 1003 2830 enim
1054 2776 1208 2844 panis
1240 2776 1458 2847 vinique
1500 2778 1857 2836 substantiam
1895 2797 2002 2837 non
2048 2798 2128 2838 re-

537 2879 762 2934 manere
799 2866 1033 2937 negabat
1061 2866 1140 2937 (ά)
1171 2887 1183 2920 :
1219 2867 1570 2936 Ratramnus,
1613 2871 1715 2926 etsi
1764 2873 1993 2928 obscura
2041 2876 2124 2929 in-

537 2957 754 3013 terdum
782 2968 948 3028 atque
994 2958 1246 3029 ambigua
1278 2961 1450 3015 utitur
1493 2961 1760 3029 oratione,
1795 2963 1900 3019 hac
1942 2973 2125 3020 tamen

536 3048 590 3102 in
623 3064 682 3104 re
711 3064 741 3103 a
774 3049 1075 3105 catholicae
1103 3050 1380 3106 Ecclesiae
1409 3067 1572 3107 sensu
1609 3068 1716 3107 non
1761 3057 1987 3109 recessit
2029 3055 2119 3126 (e).

535 3141 741 3196 Deinde
769 3140 875 3196 illis
902 3141 1257 3210 temporibus,
1286 3144 1482 3211 quibus
1513 3160 1696 3214 pugna
1719 3143 2120 3214 Berengariana

2247 593 2450 650 factum
2478 597 2548 649 sit
2584 594 2884 650 duumviris
2915 594 3362 652 Staudenmaiero
3391 604 3447 651 et
3496 594 3829 660 Schluetero,

2247 688 2337 757 qui
2371 687 2460 740 vix
2508 686 2569 758 (ἱ)
2622 701 2687 743 ac
2725 703 2796 744 ne
2845 688 2932 742 vix
2976 688 3194 757 quidem
3238 687 3314 758 (j)
3354 687 3681 753 dubitantes,
3709 687 3834 757 quin

2249 776 2442 834 Scotus
2471 778 2784 848 Berengarii
2807 779 3145 849 temporibus
3170 777 3308 834 falso
3332 777 3473 833 illius
3497 777 3621 834 libri
3645 786 3830 834 auctor

2247 868 2468 924 habitus
2507 869 2596 934 sit,
2637 868 3104 926 conﬁdentissime
3149 869 3504 924 nihilominus
3550 867 3832 937 aﬂirment,

2245 959 2520 1016 hominem
2544 960 2896 1031 etscripsisse
2916 976 3039 1016 cum
3063 960 3365 1017 Ratramno
3386 969 3576 1016 contra
3599 959 3832 1015 Pascha-

2247 1050 2408 1116 sium,
2437 1058 2514 1116 et,
2545 1051 2599 1105 id
2628 1050 2774 1120 quod
2809 1047 3185 1117 Schlueterus,
3218 1049 3732 1107 Staudenmaierum
3760 1051 3836 1105 in-

2248 1149 2594 1211 tcrpretatus,
2637 1143 2714 1198 ait
2757 1161 2772 1198 :
2811 1162 2832 1196 «
2866 1159 2989 1199 cum
3023 1145 3325 1200 Ratramno
3361 1145 3646 1215 spirituale
3667 1145 3836 1216 potis-

2246 1235 2443 1288 simum
2501 1235 2767 1307 dogmatis
2816 1245 3149 1292 momentum
3209 1237 3507 1292 illustrasse
3563 1256 3608 1293 ι.
3670 1236 3836 1304 Hujus

2245 1326 2387 1379 enim
2413 1326 2510 1391 rei,
2545 1326 2772 1381 sublatis
2800 1326 3237 1397 Berengarianae
3263 1328 3456 1382 aetatis
3487 1328 3834 1392 testimoniis,

2245 1432 2345 1471 nec
2393 1417 2497 1470 ulla
2534 1419 2732 1474 iudicia
2787 1427 3008 1473 manent
3065 1418 3160 1489 (Ις).
3209 1418 3567 1473 Adrevaldum
3620 1418 3833 1488 quidem

2243 1507 2640 1565 Floriaccnsem
2664 1518 2718 1564 et
2743 1509 3089 1564 Hincmarum
3115 1509 3495 1574 Rhemensem,
3515 1526 3652 1581 quos
3676 1526 3833 1582 supra

2245 1599 2571 1664 audivimus,
2605 1602 2648 1656 si
2678 1617 2838 1670 quem
2877 1601 3023 1657 Scoti
3060 1601 3260 1656 librum
3292 1604 3686 1672 perstrinxere,
3730 1620 3832 1660 non

2242 1703 2387 1753 eum,
2415 1705 2522 1759 quo
2548 1688 2909 1760 Berengarius
2932 1706 3062 1746 usus
3091 1699 3193 1757 est,
3234 1691 3454 1760 petiisse
3481 1692 3828 1748 arbitramur.

2245 1777 2398 1845 Quod
2433 1795 2558 1834 mox
2588 1782 2813 1851 patebit.

2167 1905 2214 1964 Β
2314 1873 2526 1928 Acerba
2556 1872 2798 1942 profecto
2829 1874 2951 1929 libri
2993 1876 3152 1945 hujus
3179 1876 3490 1948 Erigeniani
3516 1877 3635 1934 fata
3662 1881 3828 1936 fuere.

2240 1965 2600 2036 Bcrengarius
2643 1967 2790 2022 enim
2841 1967 2991 2022 illum
3037 1969 3320 2024 doctrinae
3373 1985 3505 2026 suae
3557 1982 3829 2027 auctorem

2239 2061 2488 2128 laudans,
2541 2062 2822 2119 mortifera
2869 2064 2947 2118 illi
2997 2065 3223 2120 vulnera
3258 2063 3474 2120 inﬂixit.
3528 2065 3729 2122 Lectus
3779 2076 3830 2122 et
3904 2089 3909 2093 ~

2240 2153 2530 2208 damnatus
2557 2163 2641 2209 est
2666 2154 2912 2221 Parisiis,
2940 2157 2992 2211 in
3033 2157 3264 2213 concilio
3294 2158 3367 2227 (a.
3401 2158 3541 2228 ML.)
3585 2161 3687 2215 sub
3713 2176 3830 2232 rege

2237 2241 2474 2300 Ilenrico
2526 2245 2712 2302 habito
2757 2247 2860 2320 (l);
2911 2249 3082 2304 lectus
3124 2258 3177 2304 et
3230 2267 3250 2301 ι
3287 2251 3386 2305 sub
3431 2252 3777 2309 anathemate
3808 2274 3825 2304 ι

2237 2339 2523 2396 damnatus
2551 2349 2633 2396 est
2663 2341 2717 2396 in
2767 2343 2987 2413 synodis
3021 2341 3352 2398 Vercellensi
3375 2352 3435 2398 et
3462 2344 3712 2399 Romana
3756 2347 3825 2415 (a.

2235 2427 2376 2500 ML.)
2434 2432 2535 2487 sub
2584 2432 2766 2488 Leone
2815 2431 2906 2497 IX,
2954 2433 3179 2490 Summo
3204 2433 3488 2501 Pontilice,
3533 2451 3826 2508 congrega-

2235 2522 2305 2576 tis
2328 2522 2445 2593 (m).
2474 2523 2702 2580 Postero
2725 2534 2968 2594 tempore
2989 2525 3144 2595 pejus
3173 2527 3338 2580 etiam
3369 2527 3422 2581 in
3451 2543 3577 2583 eum
3619 2529 3829 2584 consul-

2233 2622 2346 2668 tum
2383 2624 2490 2669 est.
2527 2614 2779 2672 Nicolaus
2805 2616 2948 2672 enim
2991 2616 3056 2680 II,
3103 2616 3356 2673 Pontifex
3385 2617 3678 2686 Maximus,
3709 2636 3824 2676 cum

2233 2705 2467 2762 concilio
2517 2707 2762 2763 Romano
2795 2708 2865 2779 (a.
2915 2707 3129 2780 MLIX.)
3176 2710 3580 2782 Berengarium,
3609 2723 3671 2767 ut
3717 2713 3825 2784 ipse

2232 2809 2380 2861 eum,
2403 2797 2675 2862 omnibus,
2708 2798 2801 2868 qui
2831 2799 3079 2866 aderant,
3105 2801 3555 2871 inspectantibus,
3600 2819 3825 2859 accenso

2232 2888 2298 2942 ad
2327 2888 2380 2943 id
2410 2887 2530 2945 foco
2551 2890 2818 2962 injiceret,
2845 2909 2940 2948 sua
2971 2895 3296 2951 auctoritate
3327 2898 3504 2968 coegit
3532 2898 3636 2970 (η).

2301 2978 2472 3047 Quam
2503 2981 2732 3052 denique
2765 2983 2960 3039 Scotus
3002 2988 3328 3042 sententiam
3376 2988 3445 3044 de
3493 3003 3726 3060 corpore
3774 2999 3825 3046 et

2231 3072 2490 3142 sanguine
2523 3073 2734 3129 Domini
2757 3078 3121 3147 preposuerit,
3146 3095 3310 3149 quum
3341 3081 3510 3151 ipsius
3545 3081 3690 3138 liber
3711 3084 3821 3154 jam

2234 3163 2440 3232 pridem
2493 3165 2645 3222 visus
2679 3184 2786 3225 non
2819 3171 2911 3235 sit,
2947 3170 3340 3240 conjiciendum
3393 3182 3476 3228 est
3509 3189 3578 3229 ex
3625 3175 3825 3230 Beren-

533 3230 814 3339 ξιίιῧτθδξην
850 3241 1012 3339 atque
1039 3230 1267 3339 109nm:
1294 3233 1443 3288 δεοιί
1480 3234 1950 3339 Ῑίδθξςιξάθηῑίαεξηι
1981 3236 2122 3339 Ιθὲξθς
2153 3264 2197 3326 C
2230 3230 2368 3328 garii
2399 3260 2766 3329 opinionibus,
2792 3230 2980 3334 utpote
3000 3230 3093 3335 qui
3121 3268 3464 3322 continenter
3491 3268 3675 3339 ipsum
3697 3284 3823 3324 suae

532 3323 695 3377 batur
722 3322 1559 3393 damnabaturque,Ratramnus
1586 3324 1732 3380 illius
1748 3327 1953 3395 operis,
1977 3327 2123 3395 quod

533 3417 601 3470 ab
647 3431 713 3471 eo
756 3417 1020 3486 scriptum
1065 3417 1303 3482 scimus,
1350 3425 1541 3471 auctor
1574 3426 1631 3472 et
1677 3418 1928 3473 conditor
1963 3427 2124 3492 notus

535 3509 654 3562 fuit.
697 3508 1016 3580 Anonymus
1057 3511 1275 3580 quidem
1309 3511 1398 3565 ille
1433 3510 1788 3576 Cellotianus,
1838 3513 1952 3566 sive
1998 3528 2122 3567 cum

534 3599 842 3654 Mabillonio
869 3600 1210 3670 Herigerum,
1237 3601 1486 3657 abbatem
1515 3601 1873 3658 Laubiensem
1902 3602 2004 3674 (ι’),
2029 3603 2120 3673 qui

530 3709 583 3746 a.
617 3690 764 3747 MVII
791 3701 1040 3749 mortuus
1080 3703 1195 3757 est,
1225 3710 1347 3748 eum
1378 3694 1627 3760 dicimus,
1659 3695 1792 3761 sive,
1825 3706 1886 3750 ut
1925 3695 2122 3752 Pezius

531 3783 822 3840 ostendere
848 3792 1076 3839 conatur
1107 3783 1203 3856 (g),
1229 3783 1549 3851 Gerbertns,
1582 3787 1674 3856 qui
1707 3797 1891 3856 postea
1921 3788 2120 3842 summi

528 3877 803 3947 pontiﬁcis
855 3878 1039 3933 sedem
1084 3877 1352 3943 obtinuit,
1395 3879 1441 3933 is
1475 3888 1556 3935 est
1607 3881 1911 3946 habendus,
1967 3891 2119 3937 certe

529 3967 676 4024 haud
709 3968 785 4024 ita
821 3968 993 4024 multo
1030 3977 1157 4024 ante
1191 3968 1623 4042 Berengarianos
1655 3980 1835 4027 motus
1863 3971 2119 4027 Ratram-

526 4076 659 4115 num
688 4060 771 4116 sui
805 4059 928 4117 libri
957 4061 1382 4132 conscriptorem
1412 4060 1582 4118 fuisse
1613 4069 1844 4117 testatus
1865 4072 1968 4119 est.
1999 4063 2118 4120 Huc

525 4153 760 4220 accedit,
785 4155 932 4224 quod
963 4151 1306 4210 Mabillonius
1335 4155 1468 4210 duos
1513 4155 1650 4210 vidit
1694 4154 1981 4211 Ratramui
2025 4172 2117 4212 co-

525 4248 676 4304 dices
724 4248 1145 4319 manuscriptos,
1176 4249 1270 4320 qui
1316 4249 1629 4319 Berengarii
1677 4259 1908 4305 aetatem
1955 4251 2114 4308 facile

527 4348 888 4410 superarent,
936 4341 1220 4396 Ratramni
1268 4342 1489 4399 nomine
1537 4344 1779 4412 signatos
1822 4361 1835 4397 :
1881 4361 2113 4415 quorum

523 4432 664 4487 alter
693 4432 750 4486 in
779 4432 1015 4488 indicem
1063 4433 1344 4499 librorum,
1370 4450 1420 4488 a.
1447 4433 1667 4490 MXLIX
1697 4435 2027 4504 confectum,
2054 4445 2114 4492 ut

523 4522 812 4578 Ratramni
838 4523 978 4580 liber
1004 4523 1208 4581 relatus
1240 4525 1341 4580 fuit
1371 4525 1472 4597 (Ii).

2233 3348 2513 3407 doctrinae
2533 3361 2809 3410 auctorem
2827 3355 3038 3425 jactare
3065 3358 3137 3413 sit
3165 3359 3356 3415 solitus
3384 3361 3487 3432 (0).
3515 3357 3673 3417 Hanc
3699 3377 3822 3418 vero

2227 3443 2318 3498 illa
2376 3446 2718 3516 potissimum
2777 3448 3092 3520 Berengarii
3141 3453 3404 3510 adversus
3449 3454 3821 3512 Lanfrancum

2227 3537 2540 3607 scriptione,
2571 3556 2732 3610 quam
2764 3540 2828 3597 G.
2863 3542 2926 3597 E.
2959 3543 3297 3616 Lessingius,
3325 3562 3390 3602 eo
3425 3563 3600 3618 usque
3627 3564 3819 3605 recen-

2225 3633 2455 3689 tioribus
2481 3634 2835 3706 incognitam,
2866 3653 2934 3692 ex
2967 3638 3421 3712 Guelferbytanae
3455 3642 3818 3698 bibliothecae

2223 3722 2446 3779 latebris
2486 3727 2776 3795 protraxit,
2812 3738 3074 3798 quantum
3107 3732 3241 3788 satis
3263 3742 3363 3797 est,
3400 3734 3456 3788 in
3485 3743 3676 3804 aperta
3699 3736 3818 3797 lucc

2223 3816 2540 3873 collocatam
2577 3827 2740 3890 atque
2783 3821 2836 3876 in
2867 3821 3058 3894 vulgus
3086 3834 3272 3881 notam
3299 3840 3422 3883 esse
3463 3836 3683 3883 constat
3709 3828 3815 3899 (p);

2222 3921 2550 3980 quapropter
2575 3913 2619 3967 si
2649 3928 2770 3967 eam
2819 3915 2920 3970 hoc
2949 3915 3071 3972 loco
3103 3919 3376 3990 explicare
3414 3919 3673 3988 velimus,
3701 3930 3818 3975 acta

2223 4010 2432 4056 tantum
2468 4018 2626 4073 agere
2656 4005 2961 4063 videamur.

2289 4092 2388 4150 Hic
2417 4104 2599 4151 autem
2628 4097 2912 4156 difﬁcultas
2942 4103 3210 4172 quaedam
3240 4105 3398 4161 nobis
3444 4108 3711 4162 occurrit.
3743 4107 3816 4161 Ex

2219 4187 2285 4243 iis
2306 4189 2474 4254 enim,
2506 4193 2704 4260 quibus
2733 4194 2800 4250 ab
2848 4193 3156 4251 Adrevaldo
3180 4207 3236 4253 et
3260 4197 3559 4257 Hincmaro
3590 4201 3817 4257 Scotum

2217 4283 2394 4337 notari
2427 4283 2679 4351 diximus,
2729 4297 2973 4358 apparet,
3021 4306 3205 4345 veram
3245 4292 3419 4362 ipsum
3469 4308 3537 4350 ac
3583 4293 3817 4360 realem,

2213 4388 2377 4442 quam
2414 4386 2634 4443 vocant,
2659 4376 2789 4434 .lesu
2827 4379 3033 4438 Christi
3076 4383 3132 4438 in
3179 4383 3237 4439 S.
3270 4384 3613 4442 Eucharistia
3660 4403 3819 4458 prae-

2216 4465 2444 4519 sentiam
2474 4468 2694 4524 omnino
2726 4485 2976 4542 negasse.
3010 4471 3067 4528 Id
3096 4489 3249 4541 vero,
3281 4490 3446 4546 quum
3477 4491 3577 4532 nec
3608 4476 3819 4533 Beren-

2215 4557 2396 4626 garius
2416 4574 2579 4614 ausus
2608 4561 2680 4615 sit
2702 4562 2919 4630 docere,
2950 4579 3054 4620 nec
3077 4580 3109 4620 a
3138 4565 3454 4638 Berengarii
3479 4568 3819 4624 adversariis

598 4635 804 4732 (lgibus
833 4635 999 4732 igitur
1046 4636 1122 4732 il?
1150 4637 1413 4732 expositis
1445 4636 1612 4692 SCMO
1640 4653 1777 4708 Opus
1832 4654 1988 4694 suum
2043 4639 2110 4696 de
2139 4635 2188 4696 Ι)
2217 4650 2272 4704 in
2301 4649 2464 4709 Scoto
2511 4653 2785 4725 culpatum
2837 4658 3170 4728 inveniatur,
3205 4661 3258 4716 in
3292 4635 3384 4717 illo
3433 4661 3604 4732 ipsius
3650 4661 3813 4727 libro,

526 4729 586 4784 S.
632 4727 979 4783 Eucharistia
1005 4729 1136 4784 satis
1164 4730 1354 4800 grandi
1397 4740 1844 4801 argumentorum
1873 4733 2114 4803 pondere

522 4821 833 4878 vindicasse
859 4821 1127 4877 videmur.

595 4953 672 5031 (a_)
701 4952 966 5031 C_l'_._P_._I£1
987 4953 1197 5031 C_el_lotii
1229 4955 1442 5031 Hister.
1463 4958 1802 5031 Gothescalci
1833 4963 2107 5031 praedest.

525 5023 986 5100 ParisyDCLY.
1016 5025 1196 5100 fol._lu
1223 5029 1463 5100 Append.
1495 5046 1548 5100 p.
1576 5023 1836 5088 559-548.

597 5093 674 5168 (lt)
817 5095 1017 5168 Daufs.
1040 5096 1077 5150 I.
1111 5097 1147 5150 l.
1179 5112 1233 5167 p.
1262 5093 1386 5154 779.

613 5163 663 5292 9
693 5164 780 5222 Cf.
814 5167 956 5249 Hist.
983 5167 1143 5222 littér.
1165 5163 1302 5224 dela
1330 5168 1428 5224 Fr.
1455 5179 1582 5253 tom.
1615 5171 1677 5226 V.
1710 5191 1762 5244 p.
1793 5175 1918 5230 124.

655 5237 670 5292 l
697 5236 780 5292 Cf.
813 5237 1004 5292 Ritter.
1051 5237 1265 5292 Handb.
1293 5241 1387 5292 der
1410 5240 1843 5292 Ktrchenaescli-_
1875 5261 1918 5292 Et

587 5236 781 5364 1(d)“ClI';
813 5237 1004 5364 [ginem
1051 5237 1265 5295 Handb.
1293 5241 1387 5297 der
1410 5236 1845 5314 Kircltengesclt.,
1875 5246 2007 5301 edit.
2040 5247 2103 5314 Il,

516 5325 624 5365 vel.
655 5325 718 5374 ιι,
747 5325 800 5374 p.
832 5325 959 5364 zu.

587 5379 657 5452 (e)
688 5379 943 5456 Cf..l_ll_ab.
975 5389 1093 5456 acta
1129 5380 1327 5456 Bened.
1384 5399 1494 5456 sec.
1524 5384 1614 5450 IV,
1647 5401 1700 5455 p.
1733 5386 1799 5451 II,
1827 5387 2002 5456 praef.
2044 5404 2098 5442 n.

515 5448 728 5521 91'seq.
778 5449 920 5504 Hist.
970 5451 1129 5506 Iittér.
1179 5454 1242 5508 de
1272 5453 1324 5509 la
1376 5448 1610 5521 France,
1635 5448 1880 5519 t'oran,
1910 5473 1963 5521 p.
1997 5457 2103 5512 555

514 5533 630 5598 s_eq_.
655 5518 837 5587 Quare
863 5522 1023 5598 etiam
1055 5521 1352 5581 Centuriat.
1378 5518 1621 5596 Magdeb.
1658 5526 1822 5598 (cent.
1855 5518 1942 5588 IX,
1981 5543 2098 5597 cap.

512 5588 832 5670 fle_doctr_.‘et
844 5608 962 5663 cap.
980 5594 1045 5648 de
1058 5598 1400 5668 ceremoniis)
1417 5588 1649 5670 libenter
1662 5588 1764 5670 hoc
1777 5588 2098 5649 largiuntur}-

2219 4758 2378 4812 quem
2406 4744 2765 4818 Berengarius
2798 4751 3008 4819 habuit,
3040 4761 3229 4808 nostra
3254 4753 3468 4823 quidem
3516 4755 3812 4816 sententia.

2216 4846 2489 4906 repertum
2521 4855 2629 4895 non
2654 4851 2756 4896 est.
2808 4841 2927 4898 Non
2966 4852 3145 4901 tamen
3178 4848 3228 4900 in
3261 4844 3426 4902 Scoto
3461 4845 3565 4902 hoc
3607 4845 3812 4900 mirum

2287 4969 2365 5046 (lt)
2397 4971 2480 5027 Cf.
2515 4971 2659 5046 Mah.
2686 4975 2720 5030 l.
2770 4977 2804 5031 l.
2835 4979 3006 5046 praef.
3041 4997 3100 5034 n.
3131 4981 3220 5036 83.
3256 4981 3336 5037 Du
3361 4982 3478 5036 Pin.
3514 4996 3680 5036 nouv.
3728 4981 3812 5034 bi-

2213 5041 2563 5184 gl’iopthk
2601 5045 2709 5111 VII,
2736 5064 2790 5118 p.
2821 5041 2909 5114 68,
2938 5052 2988 5104 1.
3021 5050 3168 5108 Hist.
3201 5051 3305 5109 litt.
3351 5053 3415 5107 de
3438 5052 3492 5106 Ia
3515 5050 3638 5117 Fu,
3667 5060 3809 5106 tom.

2501 5185 2829 5266 “Staudenm:
2856 5191 2902 5266 I_.
2935 5191 3083 5266 Scot.
3117 5193 3265 5266 Erig.
3293 5211 3349 5265 p.
3379 5192 3641 5266 202-20}.

2284 5254 2356 5380 (ὖ)
2387 5254 2467 5310 Cl‘.
2499 5255 2783 5314 Schlueter
2803 5261 2842 5316 l.
2870 5261 3019 5319 Scot.
3041 5264 3187 5336 Erig.
3213 5254 3278 5322 de
3293 5254 3409 5323 div.
3431 5265 3556 5322 Nat.
3577 5263 3706 5321 libri
3735 5262 3804 5328 ν,

2209 5339 2468 5474 pollici.
2496 5397 2684 5474 Ifaul‘s.
2718 5401 2755 5455 ι.
2790 5401 2825 5457 ι.
2857 5419 2911 5474 p.
2952 5404 3211 5463 768-779.

2281 5466 2341 5551 (ι)
2362 5467 2474 5551 fit.“
2492 5468 2685 5551 ll_l_ansi_.
2723 5466 3166 5551 tom-Iugeri].
3201 5479 3302 5535 782
3332 5481 3395 5535 Ε.
3630 5549 3636 5551 ἒ

2213 5537 2378 5628 ηηςηξ)
2403 5537 2484 5591 Cf.
2506 5538 2694 5588 Mansi,
2723 5542 2737 5574 I
2788 5543 2799 5574 I
2915 5545 2927 5560 -
2981 5544 3045 5560 ι...
3630 5549 3636 5551 ἒ
3759 5546 3774 5573 η
