4056 6276
262 451 329 505 M
1101 449 1189 507 DE
1226 452 1383 513 VITA
1419 455 1511 513 ET
1544 453 1955 515 PRECEP'I‘IS
1990 459 2041 518 J.
2084 459 2300 519 SCOTI.
2338 493 2409 504 —
2444 462 2624 520 PARS
2656 465 2697 519 l.
3497 472 3565 528 42

260 568 501 623 videtur.
534 564 763 638 Saepius
788 567 933 624 enim
963 566 1232 625 frontibus
1261 567 1505 626 adversis
1546 585 1731 627 secum
1755 585 1856 642 pu-
1880 571 1935 634 Α
1958 587 2150 644 pamus
2176 574 2360 631 Jesum
2384 537 2483 647 per
2505 576 2688 644 iidem,
2719 584 2774 633 et
2808 577 2862 632 in
2896 577 3069 635 intero
3095 579 3173 650 (Ic)
3214 580 3561 651 participabi-

261 660 489 732 gnantia
513 659 819 731 composuit
845 659 969 734 (a).‘

333 752 526 826 Neque
573 753 747 820 deest,
774 768 948 826 quare
991 754 1355 812 Adrevaldum
1396 762 1453 812 et
1504 755 1857 814 ﬂincmarum

258 862 371 904 non
402 846 541 903 nihil
566 856 786 905 secutus
810 862 934 903 esse
962 848 1185 905 dixeris.
1224 848 1322 905 Est
1349 848 1494 904 enim
1538 848 1684 905 inter
1709 848 1858 907 Scoti

257 941 532 1006 carmina,
568 955 710 1011 quae
748 939 1100 997 Schlueterus
1150 955 1217 997 ex
1254 940 1624 1011 palimpsestis
1668 940 1858 1012 Angeli

255 1035 391 1092 Maii
423 1053 453 1092 a
485 1051 545 1092 se
589 1036 733 1093 edita
761 1037 971 1103 scribit,
996 1052 1160 1091 unum
1190 1034 1289 1107 (ὁ),
1318 1036 1463 1107 quod
1490 1050 1597 1091 non
1625 1034 1859 1092 obscure

256 1128 428 1183 istum
469 1143 712 1185 errorem
741 1128 1029 1209 significat.
1070 1128 1352 1199 Descripto
1386 1129 1645 1199 pascliate
1683 1128 1857 1184 lsrae-

254 1222 504 1286 litarum,
537 1237 690 1277 mare
725 1223 949 1278 rubrum
993 1222 1412 1288 transeuntium,
1443 1221 1519 1276 ita
1540 1220 1718 1293 pergit
1746 1239 1759 1275 :

326 1328 351 1358 ι
382 1311 523 1375 Haec
539 1311 780 1375 quondam
797 1311 998 1362 luerunt
1022 1313 1214 1375 venturi
1239 1320 1446 1374 ινδιλμτι
1476 1310 1671 1372 Christi,

386 1374 440 1438 In
463 1374 565 1435 quor
585 1376 851 1436 collucent,
877 1388 1004 1438 quae
1028 1374 1220 1425 latuere
1241 1377 1346 1424 ditt.

327 1434 423 1499 Qui
449 1434 586 1488 SDIIIS
609 1439 763 1487 victor
785 1434 1024 1498 prostrato
1050 1438 1268 1499 pringipe
1292 1436 1460 1486 mundi

383 1498 648 1551 TranSactn
670 1501 830 1550 triduo
850 1499 1035 1560 prosilit
1059 1513 1121 1549 ex
1148 1498 1328 1549 Erebo.

323 1562 407 1625 Ac,
421 1566 608 1623 primus
629 1562 820 1613 calcans
841 1570 1048 1612 mortem
1083 1563 1305 1613 transivit
1327 1565 1377 1613 in
1402 1561 1517 1625 alia,

385 1623 529 1675 Solus
552 1638 660 1673 nam
686 1626 808 1674 liber
831 1628 1029 1674 numine
1056 1632 1290 1674 tartareo.

323 1686 592 1749 Sanguinis
615 1696 667 1736 et
698 1688 875 1749 proprii
900 1685 1109 1736 fundens
1137 1687 1364 1737 libamina
1387 1699 1510 1749 pura

386 1750 562 1799 Mundo
584 1751 768 1801 salvato
790 1750 962 1808 pascha
987 1762 1162 1798 novum
1195 1750 1409 1799 dedicat.

306 1814 508 1875 Sponte
529 1826 616 1862 sua
637 1810 873 1861 Dominus
888 1825 945 1875 se
969 1819 1145 1875 mactat
1167 1814 1271 1875 ipse
1295 1813 1540 1873 sacerdos,

384 1877 521 1933 Quae
544 1876 673 1924 Patri
700 1874 897 1934 placens
920 1874 1074 1923 hostia
1096 1876 1197 1923 sola
1217 1874 1326 1925 fuit.

319 1937 665 2001 llnstia,rquae
688 1946 840 1986 totum
863 1937 1084 1998 purgavit
1109 1938 1315 2001 crimine
1344 1936 1597 2001 mundum,

386 1998 799 2064 thdum,_quem
837 2002 992 2060 potuit
1014 1998 1226 2064 perdere
1251 2002 1435 2064 primus
1459 1999 1622 2048 homo.

316 2062 391 2113 Ex
419 2074 517 2111 uno
541 2062 744 2110 veniens
767 2073 897 2109 mors
919 2068 996 2110 est
1017 2060 1222 2123 expulsa
1248 2060 1337 2119 per
1360 2073 1543 2123 unum;

381 2124 536 2175 Iorte
562 2126 687 2174 bona
713 2125 846 2172 vitae
870 2134 999 2172 mors
1021 2122 1144 2186 mala
1170 2124 1292 2174 victa
1318 2125 1464 2186 perit.

318 2187 578 2237 Primitiae
602 2186 822 2235 Christus
838 2184 1082 2234 reseradt
1104 2193 1242 2246 septa
1266 2183 1476 2248 sepulcri

378 2247 588 2299 Nostrae
612 2248 827 2297 Naturae
853 2247 1043 2309 perdita
1069 2247 1360 2298 restituens.

320 2310 509 2360 Barqu
530 2323 658 2360 nunc
683 2323 844 2372 rerum
866 2309 1183 2359 celebrantur
1204 2309 1423 2372 symbols
1445 2321 1584 2360 sacra

380 2373 504 2422 Dum
527 2381 699 2434 parent
722 2371 893 2433 oculis,
915 2372 1162 2420 mentibus
1180 2371 1292 2420 nota
1311 2375 1466 2434 prius,

314 2434 446 2498 Dum
476 2448 654 2495 corpus
676 2434 874 2498 Christi,
901 2434 1016 2482 dum
1040 2435 1164 2483 sacri
1180 2436 1434 2498 sanguinis
1453 2434 1628 2483 undam

372 2496 437 2547 Et
461 2498 675 2561 pretium
700 2496 865 2545 mundi
884 2509 1025 2561 mens
1044 2496 1291 2561 ptagcorde‘
1311 2499 1459 2558 sapit,

310 2558 440 2609 Dum
462 2558 713 2609 memores
729 2571 929 2608 coenam
952 2558 1139 2607 Domini
1166 2570 1454 2609 revocamus
1473 2559 1524 2609 in
1542 2568 1713 2621 annos,

381 2622 504 2670 Dum
532 2623 701 2684 plures
723 2623 843 2671 odas
863 2628 1097 2669 consonat
1121 2621 1228 2681 ipse
1244 2622 1439 2671 chorus.

317 2685 556 2739 Aeternis
574 2684 895 2746 epulis,gquas
918 2684 1116 2739 mystica
1134 2684 1274 2746 signa
1293 2684 1526 2746 ligarant,

373 2743 852 2807 Digneris't‘arolum
878 2756 1101 2808 pascere,
1137 2743 1352 2808 Christe,
1379 2743 1536 2795 tuum.
1558 2758 1592 2796 »

314 2826 432 2882 Huc
453 2826 585 2882 item
617 2826 856 2898 pertinet
881 2824 1033 2881 locus
1060 2824 1151 2881 ille
1174 2825 1241 2880 de
1267 2833 1457 2881 sancta
1478 2824 1844 2893 Eucharistia,

240 2935 404 2992 quem
428 2915 712 2975 Hoeﬂerus
739 2918 809 2991 (ο)
833 2933 900 2973 ex
923 2918 1317 2974 commentario
1338 2918 1573 2990 quodam
1599 2916 1665 2972 ad
1685 2916 1849 2973 Pseu-

241 3012 613 3084 do-Dionysii
662 3012 1023 3082 Areopagitae
1084 3011 1451 3067 hierarchiam
1508 3009 1842 3078 caelestem,

240 3121 405 3177 quem
437 3103 636 3161 Scottis
663 3114 848 3159 noster
876 3103 1162 3174 scripsisse
1190 3105 1422 3159 traditur
1455 3104 1558 3177 (ά),
1600 3102 1845 3177 protulit.

239 3200 360 3270 ipse
385 3198 540 3254 locus
570 3198 660 3253 hic
709 3206 791 3254 est
824 3217 837 3252 :
873 3217 891 3250 ι
930 3197 1188 3268 Sequitur
1221 3215 1233 3251 ε
1264 3205 1317 3253 et
1344 3197 1397 3251 in
1424 3212 1589 3252 unum
1639 3196 1845 3268 princi-

238 3294 481 3364 patinnis
504 3292 575 3362 (e)
607 3292 781 3361 ipsam
809 3290 1179 3346 divinissitnae
1208 3290 1586 3345 Eucharistiae
1632 3304 1844 3345 assum-

240 3386 505 3457 ptionem.
562 3382 795 3448 Intuere,
848 3398 1008 3453 quam
1060 3381 1327 3453 pulchre,
1379 3395 1540 3452 quam
1585 3395 1844 3452 expresse

242 3478 464 3544 asserit,
487 3476 758 3533 visibilem
783 3476 923 3533 hanc
966 3474 1393 3539 Eucharistiam,
1419 3489 1580 3544 quam
1602 3473 1845 3544 quotidie

242 3572 555 3630 sacerdotes
605 3570 878 3627 Ecclesiae
928 3571 982 3625 in
1033 3569 1191 3624 altari
1245 3570 1561 3634 coniiciunt,
1606 3568 1842 3640 typicam

242 3681 361 3723 esse
386 3664 796 3723 similitudinem
818 3662 1113 3735 spiritualis
1146 3662 1559 3732 principationis
1581 3661 1657 3732 (f)
1691 3659 1840 3726 Jesu,

243 3774 406 3832 quam
436 3756 673 3813 fideliter
701 3757 816 3812 solo
854 3756 1129 3811 intellectu
1158 3765 1461 3828 gustamus,
1491 3754 1597 3810 hoc
1621 3762 1723 3819 est,
1756 3754 1840 3807 in-

246 3849 561 3919 telligimus,
591 3848 754 3919 inque
790 3857 1009 3905 nostrae
1039 3856 1266 3903 naturae
1309 3846 1569 3902 interiora
1623 3845 1841 3901 viscera

244 3939 620 4006 sumimus,ad
642 3948 883 3995 nostram
906 3939 1135 3996 salutem
1160 3949 1215 3996 et
1238 3938 1519 4011 spirituale
1540 3938 1843 3995 incremen-

247 4042 365 4088 tum
387 4041 446 4088 et
487 4029 810 4088 ineffabilem
840 4032 1259 4089 deiﬁcationem.
1296 4031 1528 4103 Oportet
1579 4046 1729 4102 ergo,
1758 4030 1843 4085 in-

1876 1965 1927 2026 Β

1870 3341 1917 3405 C

1962 681 2086 724 mus
2109 667 2172 741 (i)
2196 683 2294 740 per
2321 670 2576 739 speciem,
2600 670 2760 741 eique
2801 670 3156 728 adunabimus
3184 673 3248 745 (i)
3278 688 3376 743 per
3412 676 3561 731 cari-

1961 765 2153 815 tatem.
2189 759 2329 828 Quid
2355 776 2486 833 ergo
2514 762 2583 818 ad
2629 763 2772 819 hanc
2816 763 2999 835 magni
3038 763 3275 836 theologi
3315 765 3559 839 Dionysii

1961 850 2465 923 praeclarissimam
2518 853 2703 908 tubam
2751 854 3104 925 respondent,
3146 854 3241 923 qui
3288 847 3561 913 visibilem

1963 943 2363 1001 Eucharistiam
2390 945 2467 1001 nil
2512 945 2657 1001 aliud
2701 945 3010 1017 significare
3034 954 3253 1017 praeter
3297 962 3356 1003 se
3382 947 3560 1018 ipsam

1961 1036 2153 1094 volunt
2176 1039 2461 1095 asserere?
2493 1038 2630 1095 Dum
2673 1039 2976 1095 clarissima
3010 1040 3136 1095 tuba
3163 1038 3410 1109 praefata
3449 1039 3562 1095 cla.

1961 1137 2094 1197 mat,
2139 1144 2249 1186 non
2296 1130 2385 1186 illa
2433 1139 2776 1189 sacramenta
2820 1116 3346 1196 visibilia'colenda,
3383 1145 3560 1202 neque

1960 1236 2061 1292 pro
2088 1222 2321 1278 veritate
2365 1222 2745 1294 amplexanda,
2771 1222 2899 1292 quia
2929 1221 3286 1294 sigttiﬁcativa
3310 1222 3558 1277 veritatis

1961 1322 2111 1380 sunt,
2143 1330 2317 1385 neque
2336 1324 2560 1387 pr0pter
2581 1332 2640 1372 se
2662 1317 2777 1387 ipsa
2803 1316 3045 1382 inventa,
3062 1317 3319 1386 quoniam
3342 1315 3400 1371 in
3426 1316 3562 1386 ipsis

1960 1407 2086 1462 linis
2129 1407 2515 1479 intelligentiae
2548 1422 2656 1463 non
2701 1418 2803 1475 est,
2841 1407 2936 1463 sed
2980 1417 3204 1479 propter
3245 1407 3558 1478 incompre-

1959 1498 2295 1554 hcnsibilem
2322 1501 2567 1556 veritatis
2591 1501 2871 1565 virtutem,
2901 1516 3042 1570 quae
3082 1500 3335 1556 Christus
3364 1508 3473 1564 est,
3501 1500 3560 1555 in
3578 1482 3591 1507 ⁷

1958 1590 2169 1647 unitate
2209 1592 2482 1649 humanae
2511 1594 2833 1664 divinaeque
2874 1609 3004 1650 suae
3035 1594 3373 1651 substantiae
3413 1592 3558 1648 ultra
3582 1600 3599 1671 νζ

1957 1697 2120 1740 omne
2171 1684 2316 1754 quod
2368 1697 2533 1741 sensu
2563 1686 2800 1742 sentitur
2839 1699 3127 1755 corporeo,
3161 1699 3324 1755 super
3369 1670 3600 1750 omne,"

1956 1778 2103 1849 quod
2131 1778 2333 1835 virtute
2355 1780 2654 1851 percipitur
2680 1780 3076 1853 intelligentiae
3099 1780 3244 1836 Deus
3267 1779 3553 1839 invisibilis

1956 1869 2013 1924 in
2039 1877 2269 1941 utraque
2298 1886 2396 1928 sua
2424 1881 2619 1928 natura
2657 1892 2676 1924 ι
2714 1873 2767 1927 ⁸.

2590 1964 2817 2020 CAPUT
2842 1963 2906 2020 ν.

1956 2043 2091 2119 Cum
2118 2047 2183 2101 de
2208 2046 2329 2119 aliis
2348 2046 2663 2119 quibusdam
2687 2048 2860 2111 rebus,
2885 2062 3003 2117 quis
3026 2058 3279 2119 praeterea
3309 2048 3379 2103 ad
3404 2047 3555 2104 Scoti

2026 2118 2199 2190 vitam,
2231 2116 2605 2190 illustrandum
2651 2116 2947 2189 pertineant
2971 2160 2987 2184 ,
3027 2116 3139 2172 tum
3180 2121 3441 2190 prazcipue
3488 2120 3555 2175 ds

2026 2186 2228 2241 ultimis
2255 2188 2420 2258 ipsius
2446 2189 2591 2258 fatis.

2023 2280 2324 2351 Postquam
2355 2281 2521 2352 igitur
2550 2280 2766 2348 Scottis,
2795 2289 2856 2337 ut
2877 2281 3037 2354 longe
3063 2282 3180 2338 veri
3214 2281 3551 2339 simillimum

1952 2390 2075 2431 esse
2096 2373 2467 2445 probavimus,
2499 2375 2721 2431 circiter
2761 2390 2964 2431 annum
2994 2374 3315 2432 DCCCXLV
3344 2376 3413 2431 ad
3442 2375 3550 2432 Ca-

1953 2466 2129 2523 rolum
2155 2464 2386 2522 Calvum
2408 2466 2590 2533 venit,
2629 2467 2677 2522 is
2704 2467 2904 2523 multos
2937 2482 3110 2523 annos
3148 2468 3407 2540 deinceps
3440 2484 3550 2525 non

1953 2559 2127 2615 solum
2149 2559 2520 2616 convictorem
2542 2574 2669 2615 eum
2696 2568 2859 2632 atque
2880 2560 3113 2617 amicum
3132 2559 3343 2627 habuit,
3360 2576 3550 2618 verum

1952 2650 2139 2716 etiam,
2170 2651 2317 2722 quod
2356 2651 2486 2708 item
2515 2652 2762 2725 pluribus
2800 2670 2831 2709 a
2877 2654 3035 2711 nobis
3065 2662 3150 2711 est
3188 2654 3445 2721 relatum,
3487 2664 3551 2712 ut

1950 2759 2041 2802 res
2083 2742 2282 2799 multas
2330 2758 2534 2815 easque
2573 2759 2768 2817 graves
2805 2756 3197 2817 exsequeretur
3220 2789 3235 2814 ,
3276 2747 3556 2804 voluntate

1951 2851 2049 2894 sua
2077 2837 2391 2892 commovit.
2437 2836 2516 2893 Eo
2555 2846 2734 2893 autem
2778 2836 2897 2895 loco
2953 2847 3008 2895 et
3058 2839 3265 2896 honore
3293 2840 3552 2912 quamdiu

1953 2926 2149 2983 Scotus
2174 2927 2573 2999 permanserit,
2611 2928 2878 2984 incertum
2924 2937 3051 2985 est:
3081 2944 3409 3000 quamquam
3446 2930 3552 2985 hoc

1951 3018 2087 3075 satis
2112 3017 2453 3089 exploratum
2483 3017 2686 3074 habere
2714 3018 2980 3085 videmur,
3004 3018 3133 3074 illud
3170 3028 3408 3089 tempus,
3438 3033 3548 3088 quo

1952 3109 2080 3166 inde
2106 3110 2263 3176 abiit,
2294 3110 2385 3166 vix
2408 3118 2534 3165 ante
2572 3125 2771 3165 annum
2799 3108 3136 3166 DCCCLXI“
3162 3110 3345 3166 fuisse.
3383 3108 3550 3165 Nam-

1949 3216 2076 3274 que,
2100 3211 2161 3257 ut
2190 3202 2296 3258 alia
2324 3203 2502 3258 minus
2529 3212 2679 3259 certa
2708 3203 2988 3259 mittamus
3016 3202 3118 3276 (j),
3149 3212 3329 3259 exstat
3356 3204 3550 3274 poéma

1950 3296 2223 3367 quoddam
2247 3294 2395 3351 Scoti
2418 3296 2484 3351 ad
2506 3294 2759 3352 Carolum
2781 3294 2877 3369 (Ii),
2898 3297 2951 3351 in
2974 3313 3082 3368 quo
3105 3297 3549 3353 manifestissima

1948 3388 2296 3459 reperiuntur
2309 3388 2555 3457 vestigia,
2576 3388 2747 3453 illum,
2770 3404 2878 3460 quo
2896 3388 2949 3445 id
2970 3397 3213 3461 tempore
3238 3389 3541 3459 scripserit,

1950 3483 2128 3539 adhuc
2157 3482 2214 3539 in
2253 3481 2435 3540 Caroli
2483 3483 2629 3555 regia
2666 3483 2909 3539 haesisse
2932 3525 2946 3551 ,
2978 3484 3258 3555 quodque,
3288 3484 3546 3555 quoniam

1946 3573 2004 3629 in
2022 3573 2275 3641 victoria,
2299 3588 2464 3644 quam
2480 3571 2709 3628 Carolus
2737 3573 2891 3629 brevi
2918 3582 3043 3628 ante
3060 3573 3128 3629 de
3154 3573 3543 3630 Northmanuis

1944 3666 2235 3739 pepererit,
2266 3681 2367 3738 pro
2394 3681 2547 3723 more
2574 3665 2866 3738 gloriatur,
2910 3681 3052 3722 anno
3078 3664 3392 3723 DCCCLXll
3413 3666 3547 3723 scri-

1944 3764 2097 3827 ptum
2124 3771 2247 3813 esse
2274 3764 2489 3826 oportet
2513 3755 2595 3828 (ι).

2014 3844 2090 3901 At
2111 3846 2157 3903 si
2182 3860 2289 3902 non
2319 3846 2375 3901 in
2422 3846 2602 3917 regia,
2635 3856 2784 3901 certe
2818 3855 2997 3902 tamen
3044 3847 3099 3901 in
3150 3862 3316 3917 regno
3360 3845 3541 3903 Caroli

1944 3952 2118 4009 usque
2142 3936 2210 3992 ad
2236 3952 2438 3992 annum
2471 3935 2858 3993 DCCCLXXlll
2888 3938 3037 3992 vixit.
3072 3937 3224 4005 Quod
3258 3937 3331 3992 illi
3362 3938 3540 3994 versi-

1941 4030 2052 4086 culi
2079 4036 2367 4095 testantur,
2391 4043 2619 4098 quorum
2638 4028 2751 4097 jam
2780 4045 2943 4097 supra
2980 4028 3075 4101 (ιη)
3099 4030 3300 4085 mentio
3325 4039 3412 4085 est
3452 4030 3540 4085 in-

245 4123 389 4194 quit,
420 4123 714 4178 humanum
768 4121 1009 4177 animum
1058 4137 1127 4178 ex
1182 4122 1530 4179 sensibilibus
1577 4122 1739 4176 rebus
1785 4118 1839 4175 in
1936 4118 2104 4192 lecta.
2149 4117 2246 4174 llis
2270 4120 2415 4175 enim
2452 4117 2778 4175 Hincmarus
2806 4118 3154 4190 (Bernensis),
3187 4118 3396 4175 Liuddo
3422 4120 3541 4190 qui-

241 4214 563 4271 coelestium
603 4214 867 4270 virtutum
898 4214 1313 4270 similitudinem
1357 4222 1415 4269 et
1454 4212 1838 4284 aequalitatem

242 4304 630 4360 ascendentem
676 4305 953 4371 arbitrari,
985 4303 1384 4360 divtnissimam
1437 4301 1839 4357 Eucharistiam

240 4394 542 4461 visibilem,
579 4396 634 4451 in
660 4395 900 4453 Ecclesia
937 4396 1353 4463 conformatam,
1380 4395 1619 4452 maxime
1650 4405 1838 4470 typum

241 4496 362 4538 esse
390 4484 828 4554 participationis
852 4483 927 4557 (g)
956 4485 1144 4556 ipsius,
1182 4499 1288 4554 qua
1326 4494 1380 4541 et
1422 4500 1568 4540 nunc
1613 4484 1837 4555 partici-

313 4606 395 4753 (αἶ
430 4606 518 4664 Cf.
560 4607 709 4666 Scoti
745 4609 839 4665 lib.
869 4609 938 4665 de
965 4610 1073 4665 div.
1103 4609 1226 4664 Nat.

313 4681 366 4753 llr
421 4679 611 4753 Carm.
640 4680 675 4753 ζ’)
704 4682 768 4753 de
789 4680 1226 4753 Pascltate_(Ang

421 4679 611 4760 Carm.
640 4680 675 4760 ζ)
704 4682 768 4760 de
789 4680 1307 4760 Paschateléngelo
1330 4678 1431 4734 Mai
1458 4678 1619 4735 class.
1648 4680 1836 4749 Auct.,
1865 4698 1920 4760 ι)

244 4758 284 4806 t.
311 4751 379 4817 νς
405 4767 462 4823 p.
489 4751 615 4806 432.
641 4751 928 4807 Scltlueter
954 4769 1009 4823 p.
1041 4751 1164 4808 597.

315 4822 390 4891 (c)
420 4822 520 4893 Die
551 4823 845 4878 deutschen
878 4822 1091 4892 Papste.
1123 4822 1359 4878 Abtheil.
1392 4822 1457 4887 ll,
1489 4838 1542 4893 p.
1571 4822 1660 4878 80.

315 4892 520 4973 (ά)
553 4893 650 4973 inf:
676 4893 808 4966 Cap.
840 4893 907 4950 Vl
928 4902 1068 4949 extr.
1100 4894 1168 4949 de
1193 4895 1412 4965 scriptis
1438 4892 1702 4967 Erigenae
1733 4894 1834 4950 du-

128 4955 145 4971 ’
242 4955 392 5020 hiis,
414 4965 544 5021 Nro.
574 4964 662 5021 Ill.

306 5034 668 5161 ‘(f)n3;i.dt;l.llr,
697 5035 982 5109 legendum
1005 5049 1126 5092 esse
1154 5055 1173 5088 ι
1204 5036 1634 5108 participationis
1671 5055 1716 5090 ι.
1747 5035 1831 5093 Cl'.

246 5108 344 5179 inf.
383 5115 499 5179 not.
535 5124 589 5179 g.

315 5178 395 5323 ill
419 5176 508 5323 (ἐξ
537 5176 651 5323 iiii
678 5195 726 5307 ῖε

339 5249 395 5324 g)
424 5249 508 5324 Ex
553 5250 645 5324 his
688 5249 824 5308 locis
865 5250 1323 5324 patetegvidetur,
1367 5267 1481 5324 quo
1505 5251 1630 5323 jure
1675 5267 1837 5322 supra

246 5321 430 5377 iiotl'e
460 5321 741 5394 legendum
790 5321 916 5379 esse
958 5322 1205 5378 arbitrati
1252 5321 1422 5379 simus
1458 5321 1566 5380 Pro
1612 5342 1631 5376 ί
1687 5321 1839 5394 prin-

247 5393 539 5465 cipationis
579 5412 599 5446 ι
632 5423 705 5435 —-
743 5412 762 5446 ι
789 5394 1219 5465 participationis
1252 5413 1298 5449 ι.

317 5465 397 5535 (lt)
432 5483 452 5517 ι
487 5462 667 5519 futuro
709 5484 756 5520 ι.

340 5535 396 5591 ii
424 5535 803 5591 adunabimur.

340 5543 360 5589 ί
424 5543 803 5591 adunabimur.

428 5604 587 5679 Velut
613 5605 762 5662 illam
782 5606 1090 5679 epistolam,
1113 5624 1276 5679 quam
1301 5608 1581 5668 Nicolaum
1606 5611 1650 5678 l,
1671 5611 1832 5668 Poni.

246 5675 391 5734 Max.
449 5679 517 5732 de
555 5675 764 5734 Joanne
808 5675 998 5736 nostro
1034 5680 1104 5737 ad
1123 5675 1376 5738 Carolum
1426 5675 1652 5739 Calvum
1696 5683 1835 5740 scri-

314 5791 349 5822 ³⁵
376 5790 553 5865 Locus
576 5791 903 5865 depravatus
930 5800 987 5849 et
1023 5808 1091 5849 ex
1119 5803 1276 5865 parte
1308 5794 1533 5851 mutilus
1552 5804 1656 5852 est.
1702 5795 1839 5853 Inte-

247 5876 344 5991 ger
377 5871 435 5918 et
462 5862 531 5918 ad
560 5862 728 5947 trium
760 5864 1008 5948 codicum
1046 5862 1209 5949 iidem
1255 5867 1551 5948 castigatus
1592 5876 1747 5954 extat
1768 5869 1838 5953 .in

282 5974 297 5988 .
329 5932 950 5991 Scot.exnosittombus.
982 5948 1013 5990 a
1043 5939 1200 5991 nobis
1229 5953 1375 5991 nunc
1405 5952 1637 5991 Dl‘lmum
1653 5940 1837 5991 editis.

282 5974 297 5988 .
329 5932 483 5991 Scot.
498 5934 950 6007 expositionibus,
982 5948 1013 5990 a
1043 5937 1200 5993 nobis
1229 5953 1375 5995 nunc
1395 5932 1637 6010 primum
1653 5940 1837 6010 editis,

1944 4214 2089 4281 dam,
2115 4214 2281 4271 homo
2302 4211 2566 4279 Graecus,
2596 4212 2687 4284 qui
2720 4212 2862 4283 apud
2887 4211 3240 4267 Hincmarum
3267 4212 3437 4269 fuisse
3457 4212 3541 4266 vi.

1944 4305 2104 4361 detur
2128 4303 2238 4378 (η),
2294 4312 2458 4376 atque
2508 4302 2745 4359 Joannes
2793 4300 2928 4367 Vill,
2976 4302 3134 4358 Poni.
3167 4300 3335 4368 Max.,
3372 4316 3536 4373 quem

1942 4406 2176 4453 exeunte
2223 4411 2370 4452 anno
2414 4392 2801 4451 DCCCLXXII.
2853 4393 2908 4449 in
2936 4391 3027 4449 illo
3055 4392 3336 4463 dignitatis
3364 4394 3536 4465 gradu

1944 4488 2266 4547 collocatum
2311 4501 2435 4543 esse
2459 4492 2693 4551 constat,
2725 4483 3018 4539 admodum
3053 4482 3356 4539 honoriﬁce
3389 4499 3539 4539 com-

1941 4602 2310 4677 psisse_(C_ap.
2338 4599 2425 4675 ΙΙΙ)
2458 4601 2822 4677 narravimus.
2851 4597 3201 4677 ln__ea_eni_m,
3220 4608 3286 4677 _ut
3306 4600 3538 4677 habetur

1945 4668 2094 4748 apud
2128 4668 2417 4748 B'ula'eum,
2458 4673 2689 4744 Erigena
2737 4689 2756 4722 ι
2798 4668 3239 4748 studii‘Parisini
3281 4690 3301 4725 ι
3341 4670 3421 4743 (id
3450 4680 3543 4748 est

1947 4739 2166 4817 scholae
2192 4746 2489 4817 palatinae,
2517 4739 2681 4817 quam
2701 4740 3006 4817 vocabant)
3030 4739 3142 4809 jam
3167 4742 3297 4797 olim
3331 4739 3361 4793 «⁷
3387 4743 3534 4817 capi.

1946 4817 2022 4873 tal
2058 4810 2227 4873 fuisse
2256 4836 2275 4870 ι
2313 4810 2635 4871 ᾱίαἰιυιδξΕι
2660 4813 2746 4869 his
2774 4810 3013 4882 colligas,
3036 4826 3144 4883 quo
3173 4822 3418 4883 tempore
3444 4810 3538 4867 Ni-

1947 4888 2052 4944 col.
2091 4887 2132 4942 l.
2168 4887 2313 4942 illam
2344 4885 2627 4958 epistolam
2657 4881 2980 4958 composuit,
3012 4896 3079 4937 eo
3105 4881 3328 4958 scotnm
3360 4884 3537 4940 adhuc

1944 4960 2000 5016 in
2035 4978 2057 5011 ι
2093 4958 2298 5031 palatio
2333 4977 2353 5010 ι
2377 4951 2533 5029 ’τθείε
2583 4951 2877 5011 habitasse.
2930 4951 3196 5008 Convenit
3234 4963 3448 5021 autem,
3474 4965 3535 5011 ut

1946 5031 2208 5097 diximus,
2239 5029 2382 5084 inter
2420 5042 2634 5093 omnes,
2665 5033 2758 5080 aut
2788 5037 2930 5079 anno
2960 5022 3230 5082 DCCCLX
3255 5035 3349 5082 aut
3374 5027 3535 5097 quin-

2500 5067 2920 5173 esse’scriptam.

2036 5173 2089 5240 It)
2134 5164 2367 5229 Carmen
2418 5172 2483 5236 1,
2530 5164 2900 5240 ᾼηεθιο’Μξιὶ
2948 5164 2985 5221 l.
3043 5165 3081 5221 ι.
3134 5182 3189 5237 p.
3251 5165 3358 5223 426
3416 5183 3531 5240 seq.

1943 5239 2251 5312 Schlueter,
2281 5259 2337 5312 p.
2365 5239 2637 5312 593-595.

2015 5317 2077 5389 (ι)
2107 5315 2193 5371 Cl'.
2236 5306 2441 5370 Habiti.
2483 5310 2663 5366 annal.
2693 5309 2789 5366 lib.
2815 5306 3032 5374 XXXV,
3068 5324 3123 5363 n.
3148 5307 3315 5366 95-94
3341 5317 3397 5365 et
3426 5308 3531 5365 £07

1939 5397 2173 5445 extrem.

2015 5460 2111 5506 (mi
2139 5456 2223 5506 Cf.
2260 5470 2380 5506 can.
2409 5452 2452 5506 l.
2480 5453 2585 5506 col.
2614 5452 2671 5506 6.
2697 5462 2808 5506 not.
2840 5453 2872 5506 Ii

2039 5460 2111 5530 m)
2139 5456 2223 5515 Cf.
2260 5470 2380 5526 cap.
2409 5452 2452 5522 l,
2480 5453 2585 5510 col.
2614 5452 2671 5520 6,
2697 5462 2808 5509 not.
2840 5453 2893 5506 Ii.

2120 5528 2204 5588 Cf.
2234 5526 2437 5585 Mabill.
2468 5524 2649 5582 annal.
2676 5524 2770 5581 lib.
2800 5523 3088 5591 XXXVm.
3116 5523 3219 5592 58;
3242 5521 3533 5594 XXXVIII,

1940 5604 2062 5660 n.7

1941 5806 2082 5863 infra
2110 5803 2214 5862 col.
2237 5802 2361 5861 “0.
2390 5802 2621 5873 Respice
2648 5816 2735 5867 ea,
2766 5814 2904 5873 quae
2956 5800 3030 5860 ibi
3063 5800 3120 5860 in
3151 5801 3293 5861 hunc
3350 5802 3531 5862 locum

1942 5877 2441 5935 animadvertimus.
2468 5874 2737 5929 Amusnv.
2764 5874 2922 5930 Eutr.
