4036 5682
509 435 580 497 43
1511 446 1595 499 DE
1630 445 1890 501 JOANNE
1933 445 2153 502 SCGTO
2187 446 2702 506 COMMENTATIO.
3712 455 3778 510 Η

511 546 879 612 memorantur
901 559 954 612 ⁸.
986 559 1163 626 Atque
1204 551 1322 613 illos
1364 560 1659 616 versiculos
1687 571 1930 617 extremo
1953 564 2094 618 vitae
2121 565 2168 625 Α
2199 561 2360 625 dicat,
2403 564 2642 634 ignotum
2678 577 2782 620 est.
2827 567 3017 624 Petrus
3061 569 3268 625 Alixius
3310 577 3434 626 eum
3462 568 3634 626 fuisse
3662 573 3776 625 exi-

512 657 774 721 temporc,
813 658 872 704 ut
897 651 1202 719 cpinamur,
1248 654 1506 708 condidit.
1536 654 1906 725 Nequeenim,
1955 662 2096 728 quod

503 751 693 814 (postea
752 743 1051 812 scripserit,
1116 746 1385 814 reperitur
1435 748 1730 818 quidquam
1781 751 1877 822 (α),
1906 762 1960 807 et
2007 753 2096 806 vix

506 836 755 892 triennio
793 838 1078 908 interjecto
1121 839 1460 905 Anastasius,
1517 841 1960 899 bibliothecarius
1989 844 2097 900 Ro-

509 946 722 997 manus,
769 933 823 987 in
855 933 1080 1004 epistola
1115 936 1181 989 ad
1234 935 1485 991 Carolum
1531 937 1754 994 Calvum
1786 940 1968 1006 missa,
2019 941 2093 994 ita

508 1023 575 1080 de
593 1039 662 1080 eo
692 1026 1021 1081 mentionem
1069 1026 1214 1093 fecit,
1263 1037 1321 1082 ut
1354 1042 1477 1083 eum
1521 1037 1648 1086 tunc
1668 1032 1779 1102 jam
1822 1040 2093 1088 mortuum

510 1117 678 1174 fuisse
707 1121 914 1174 credas.
940 1120 1281 1191 Conquestus
1311 1126 1452 1178 enim
1481 1126 1549 1179 de
1574 1135 1656 1190 eo,
1706 1129 1847 1196 quod
1883 1129 1936 1181 in
1967 1142 2089 1182 ver--

510 1211 674 1265 tendo
709 1205 1035 1282 Areopagita
1069 1224 1176 1269 tam
1218 1216 1480 1271 obscurus
1527 1217 1708 1283 fuerit,
1741 1219 1938 1275 haeecc
1964 1221 2096 1288 adji-

507 1301 581 1356 cit
623 1300 741 1373 (b):
781 1322 798 1354 ‹
848 1303 999 1370 Quod
1045 1321 1166 1360 eum
1200 1323 1303 1361 non
1346 1309 1519 1377 egisse
1567 1311 1634 1363 ob
1679 1311 1835 1364 aliam
1875 1327 2092 1365 causam

507 1395 777 1461 existimo,
833 1399 933 1453 nisi
967 1403 1129 1471 quod,
1162 1417 1281 1456 cum
1314 1412 1452 1457 esset
1481 1403 1698 1458 humilis
1728 1405 1942 1475 spiritu,
1987 1421 2092 1460 non

503 1495 868 1564 praesumpsit
932 1496 1078 1551 verbi
1127 1497 1508 1567 proprietatem
1556 1502 1805 1555 deserere
1855 1523 1898 1554 ι.
1950 1500 2095 1557 Ilaec

503 1587 751 1658 epistola,
788 1592 918 1645 utin
958 1591 1141 1646 codice
1180 1608 1279 1647 ms.
1328 1591 1547 1646 Patrum
1596 1592 1718 1649 Soc.
1763 1594 1870 1651 .Ics.
1901 1595 2095 1651 Bituri-

503 1679 745 1734 censimn
795 1681 991 1736 lectum
1041 1697 1160 1737 esse
1202 1681 1279 1736 ait
1308 1675 1482 1737 Natal.
1517 1681 1841 1751 Alexander,
1893 1687 2090 1756 scripta

502 1781 586 1828 est
620 1791 638 1824 α
673 1770 742 1827 Χ.
799 1773 913 1829 Cal.
943 1773 1163 1844 Aprilis,
1215 1775 1507 1831 indictione
1546 1775 1660 1831 VIII
1693 1797 1737 1841 lt,
1767 1778 1855 1845 qui
1886 1785 1968 1832 est
1999 1784 2091 1831 an-

503 1879 606 1919 nus
637 1864 1022 1932 DCCCLXXV.

2201 653 2439 707 stimavit
2460 654 2790 724 Wulfadum,
2828 661 3058 727 primum
3082 660 3402 717 Remensem
3433 664 3777 729 canonicum,

2196 759 2381 819 postea
2409 750 2800 806 Bituricensem
2827 753 3138 824 episcopum
3159 755 3253 824 (ε).
3281 754 3432 810 Hanc
3450 755 3615 811 Alilii
3645 771 3775 812 eon-

2191 840 2454 910 jecturam
2486 843 2834 901 Schluetcrus
2863 847 2938 916 (Ῑ)
2978 855 3043 901 ut
3069 863 3182 902 rem
3223 847 3527 904 confessam
3555 852 3777 921 recepit.

2267 935 2582 1001 Quaesitum
2617 946 2703 992 est
2739 939 2925 1004 etiam,
2984 956 3111 994 num
3161 939 3391 1011 Erigeua
3436 939 3670 997 clericus
3698 940 3780 995 fu—

2195 1027 2319 1092 erit,
2351 1044 2539 1083 necne.
2573 1029 2776 1101 Negant
2802 1029 3040 1086 Hiortins
3072 1030 3168 1102 (g),
3202 1031 3438 1088 Thomas
3470 1031 3655 1088 Moore
3686 1032 3782 1103 (It),

2196 1119 2372 1174 Natal.
2416 1122 2720 1178 Alexander
2751 1124 2836 1196 (ἱ),
2870 1124 3210 1181 Mabillonius
3251 1126 3368 1196 (j):
3413 1128 3527 1182 veri
3569 1127 3784 1183 similli-

2198 1231 2343 1268 mum
2391 1227 2585 1286 putant
2615 1217 2853 1274 Hockius
2885 1218 2956 1290 (It)
2983 1260 2997 1283 ,
3038 1218 3517 1279 Staudenmaierus
3563 1220 3623 1290 (Ι)
3660 1239 3672 1273 ;
3711 1219 3786 1274 af-

2196 1307 2375 1362 firmat
2411 1329 2429 1360 ‹
2466 1311 2612 1380 (licet
2653 1311 2740 1365 alii
2771 1312 3035 1383 dubitent.)
3071 1333 3116 1376 ι,
3149 1311 3496 1367 Schlueterus
3525 1313 3643 1384 (an).
3681 1312 3785 1366 Sed

2196 1403 2283 1470 qui
2302 1411 2518 1471 negant,
2547 1403 2931 1474 multomagis,
2950 1419 3110 1474 quam
3137 1405 3227 1474 qui
3255 1405 3520 1459 afﬁrmant
3545 1404 3785 1457 allirma-

2196 1491 2392 1557 rintvc,
2423 1494 2584 1548 rebus
2609 1495 2773 1549 certis
2796 1496 3057 1568 factisque
3075 1497 3340 1551 nituntur.
3368 1495 3432 1550 Hi
3453 1496 3622 1562 enim,
3645 1511 3788 1565 quae

2196 1595 2514 1654 sequantur,
2568 1588 2618 1641 in
2668 1605 2732 1642 eo
2775 1590 2952 1660 posita
3001 1604 3118 1645 esse
3171 1591 3377 1654 dicant,
3409 1591 3549 1659 quod
3588 1589 3787 1644 Scotus

2199 1678 2497 1746 theologiac
2537 1694 2600 1732 ac
2634 1681 3003 1752 philosophiae
3029 1683 3207 1736 studio
3233 1684 3390 1737 unice
3421 1684 3636 1738 deditus
3675 1682 3788 1737 fue-

2198 1769 2285 1833 rit,
2319 1786 2572 1840 cumque,
2601 1780 2716 1826 orta
2744 1771 2812 1851 de
2848 1775 3006 1829 rebus
3046 1775 3360 1847 theologicis
3391 1775 3529 1840 rixa,
3559 1774 3646 1828 vel
3675 1775 3788 1844 epi-

2196 1863 2364 1931 scolﬁ,
2397 1872 2453 1916 ut
2481 1880 2630 1917 suam
2665 1867 2729 1918 de
2756 1865 2861 1920 iliis
2889 1868 3216 1922 sententiam
3249 1876 3599 1938 proponeret,
3628 1884 3787 1938 roga-

488 2012 491 2015 .
573 1955 815 2012 Certiora
844 1959 1005 2027 hujus
1028 1959 1107 2013 rei
1131 1959 1329 2013 indicia
1353 1959 1417 2013 ad
1450 1970 1690 2015 nostram
1718 1968 1949 2016 aetatem
1980 1976 2087 2017 non
2117 1942 2165 2004 Β
2194 1956 2407 2021 verint;
2447 1955 2611 2012 hasce
2652 1961 2830 2013 autem
2859 1975 2946 2014 res
2982 1957 3069 2013 illa
3106 1967 3302 2026 actate,
3335 1961 3437 2016 nisi
3465 1961 3518 2015 in
3567 1960 3788 2015 homine
3835 1975 3842 1982 '

497 2057 882 2118 pervenerunt.
913 2049 1099 2119 Neque
1127 2051 1234 2106 ullo
1259 2051 1586 2118 testimonio,
1608 2054 1692 2107 cui
1722 2053 1937 2122 quidem
1969 2055 2088 2110 sine

499 2141 703 2196 erroris
743 2143 984 2210 periculo
1011 2142 1235 2196 credere
1264 2143 1554 2215 possimus,
1611 2143 1751 2198 inter
1781 2161 1961 2199 rerum
1997 2162 2088 2198 au-

412 2276 417 2281 .
489 2241 679 2288 latores
727 2235 812 2289 vel
840 2235 946 2289 hoc
973 2247 1225 2291 constare
1254 2238 1542 2306 reperitur,
1575 2254 1680 2306 quo
1709 2239 1827 2292 loco
1854 2237 2087 2307 Erigena

498 2327 668 2380 vitam
713 2327 976 2396 posuerit,
1002 2339 1360 2396 praeterquam
1389 2330 1532 2398 quod
1581 2328 1918 2385 Mabillonius
1946 2350 1962 2382 ι
2005 2330 2086 2383 vi-

498 2418 658 2473 detur
702 2438 745 2484 ι,
776 2420 869 2484 ait,
907 2437 925 2470 ι
956 2420 1008 2472 in
1035 2419 1261 2474 Francia
1283 2437 1659 2489 perseverasse
1697 2444 1740 2475 ι.

572 2509 710 2566 Sunt
741 2512 958 2580 quidem
1001 2513 1090 2581 qui
1142 2513 1364 2568 Scotum
1414 2515 1616 2570 diutius
1663 2517 1882 2579 vixisse,
1925 2526 2087 2588 atque

500 2603 634 2658 adeo
667 2603 890 2659 circiter
920 2621 1120 2659 annum
1151 2605 1517 2662 DCCCLXXX
1547 2609 1614 2662 ab
1643 2608 1862 2662 All‘redo
1898 2609 2087 2680 Magno

500 2695 554 2749 in
581 2695 833 2768 Angliam
861 2699 1184 2753 accersitum
1213 2715 1334 2755 esse
1363 2701 1714 2765 contendant,
1762 2703 1852 2756 sed
1898 2718 2085 2756 eorum

497 2803 658 2844 causa
692 2791 770 2844 sic
820 2790 1062 2861 profecto
1095 2802 1180 2848 est
1229 2804 1564 2865 comparata,
1599 2794 1798 2850 nullam
1844 2805 1904 2850 ut
1932 2795 1997 2851 iis
2031 2795 2089 2850 ti-

497 2882 620 2938 dem
652 2884 850 2941 habere
877 2901 1064 2955 queas.
1100 2886 1251 2953 Quod
1284 2903 1407 2943 mox
1443 2887 1762 2944 videbimus.

567 2979 729 3035 Plura
757 2983 977 3036 omnino
1015 2983 1208 3039 Joanni
1237 2995 1423 3040 nostro
1462 2987 1664 3055 scripta
1718 2987 2028 3042 tribuuntm'
2067 3004 2081 3042 :

495 3091 725 3146 quorum
760 3078 983 3155 partim,
1011 3089 1196 3148 utpote
1225 3081 1420 3149 quibus
1472 3092 1656 3135 certus
1683 3081 1904 3150 quidam
1937 3083 2085 3138 locus

494 3169 772 3224 videretur
822 3172 1133 3236 convenire,
1184 3188 1247 3226 eo
1274 3171 1385 3242 jam
1427 3175 1581 3240 satis,
1633 3175 1942 3244 opinamur,
1996 3192 2088 3232 eo-

494 3261 648 3330 piose
686 3261 1090 3331 descripsimus,
1145 3266 1343 3333 partim
1396 3265 1559 3331 infra,
1589 3281 1711 3321 cum
1749 3268 1882 3322 nihil
1929 3268 2086 3336 plane

498 3353 564 3406 de
592 3353 657 3407 iis
683 3354 978 3408 memoriae
1000 3356 1074 3408 sit
1100 3356 1394 3424 proditum,
1421 3356 1521 3411 nisi
1553 3358 1653 3411 hoc
1685 3359 1880 3427 ipsum,
1903 3358 2087 3431 Erige-

497 3458 622 3496 nam
668 3458 788 3498 esse
825 3459 1012 3499 eorum
1064 3455 1360 3511 auctorem,
1394 3447 1650 3516 peculiari
1685 3449 1859 3518 capite
1899 3465 2086 3505 recen-

498 3549 620 3590 sere
649 3535 701 3588 in
732 3537 971 3591 animum
997 3538 1327 3594 indusimus.

569 3624 836 3692 Quoniam
879 3636 1056 3682 autem
1103 3629 1410 3685 hominibus
1439 3639 1491 3684 et
1520 3631 1735 3703 ingenio
1759 3643 1813 3686 et
1840 3634 2083 3688 doctrina

497 3721 899 3789 praestantibus
922 3720 1144 3776 solenne
1169 3731 1273 3789 est,
1301 3733 1377 3787 ut,
1408 3725 1500 3794 qui
1529 3741 1715 3780 eorum
1746 3727 2083 3797 disciplinam

496 3821 810 3879 sequantur,
866 3811 1115 3874 habeant,
1165 3814 1472 3882 complures
1515 3817 1844 3870 arbitramur
1879 3819 2087 3886 praeci-

496 3918 657 3972 puam
695 3902 961 3975 Erigenae
995 3919 1216 3975 Operam
1248 3907 1480 3972 dedisse,
1528 3909 1752 3978 ejusque
1792 3919 2086 3966 sectatores

494 3995 789 4061 exstitisse,
815 3998 1134 4065 praesertim
1159 4014 1283 4052 cum
1308 3999 1694 4057 celeberrimae
1716 4001 1788 4056 illi
1822 4021 1840 4054 α
1869 4004 2087 4059 scholae

493 4087 769 4155 palatinae
797 4105 815 4142 ›
845 4089 1144 4159 praefuisse
1163 4093 1437 4146 credatur.
1465 4093 1803 4163 Quamquam
1829 4095 1917 4149 vix
1947 4111 2087 4150 unus

494 4197 683 4236 eorum
717 4183 1036 4236 nominatim
1067 4189 1245 4252 potest
1273 4183 1525 4252 proferri.
1559 4183 1681 4239 Sola
1733 4186 1878 4239 enim
1919 4186 2088 4240 histo-

492 4275 575 4326 ria
607 4273 981 4343 episcoporum
1033 4274 1583 4328 Antissiodorensinm
1616 4276 1885 4344 quendam
1939 4262 2087 4330 secti

495 4363 816 4431 discipulum
843 4364 1010 4428 novit,
1041 4364 1400 4419 llumbaldum
1422 4365 1898 4432 Catneracensem;
1925 4383 2085 4436 quem

495 4454 565 4508 ab
585 4453 762 4509 omnis
787 4455 1066 4509 doctrinae
1087 4456 1355 4524 elegantia
1386 4472 1728 4528 summopere
1765 4459 2088 4516 instructum

495 4552 663 4609 fuisse
707 4554 898 4608 scribit
927 4552 1018 4625 (ε).
1053 4554 1257 4608 Deinde
1283 4555 1385 4609 hoc
1425 4555 1542 4610 loco
1573 4556 1628 4611 id
1657 4571 1870 4627 quoque
1911 4558 2085 4613 moni-

495 4653 608 4700 tum
635 4646 884 4710 Velimus,
917 4648 1059 4716 quod
1090 4645 1282 4702 Scottis
1330 4649 1443 4717 ipse
1490 4648 1540 4702 in
1596 4648 1701 4703 ﬁne
1728 4647 1987 4705 librorum
2023 4651 2088 4706 dc

495 4739 715 4796 Naturis
748 4739 826 4813 (ά)
865 4741 1133 4795 hominem
1167 4741 1470 4812 compellat,
1505 4757 1608 4811 quo
1637 4751 1820 4797 utatur
1848 4743 2080 4800 familia-

497 4831 737 4900 rissime,
771 4831 1030 4903 cujusque
1059 4842 1113 4887 et
1161 4832 1631 4906 exhortationibus
1657 4844 1712 4889 et
1761 4835 1980 4890 solertia
2021 4837 2085 4890 il-

499 4925 588 4980 lud
621 4941 760 4996 opus
808 4927 1118 4982 inchoatum
1156 4941 1220 4980 ac
1253 4925 1551 4995 perfectum
1582 4927 1668 4980 sit.
1702 4925 1872 4994 Quem
1905 4938 2083 4983 autem

569 5039 646 5112 (α)
676 5039 758 5112 cr.
787 5039 986 5096 Mabill.
1014 5036 1192 5096 annal.
1229 5040 1322 5095 lib.
1353 5037 1639 5112 xxsvnt,
1675 5058 1725 5093 η.
1762 5041 1846 5094 7e.

570 5110 646 5183 (ὁ)
673 5110 757 5183 Cf.
783 5111 957 5183 Natal.
991 5112 1443 5183 Alex._tlissertut.
1471 5110 1605 5165 XIV.
1640 5113 1692 5165 in
1727 5113 1849 5167 hist.
1883 5115 2076 5170 eccles.

497 5181 661 5239 seCuli
693 5181 784 5238 IX.
811 5193 865 5237 et
895 5182 962 5238 Χ.
997 5193 1050 5238 et
1082 5185 1108 5248 §
1143 5181 1182 5248 I,
1227 5201 1277 5237 n.
1313 5183 1393 5237 Vl.

569 5185 661 5239 :uli
693 5185 784 5238 IX.
811 5193 865 5237 et
895 5185 962 5238 Χ.
997 5193 1050 5238 et
1082 5185 1108 5309 ἦ

569 5254 639 5324 (c)
667 5254 749 5310 Cf.
781 5254 976 5309 Thom.
1010 5254 1088 5310 Ga

568 5326 646 5394 (ά)
687 5325 752 5389 v,
780 5325 870 5379 ιο.

570 5399 639 5463 (e)
672 5395 753 5449 Cf.
789 5396 981 5479 Thom.
1014 5397 1162 5452 Gale.
1196 5399 1231 5451 l.
1265 5398 1302 5450 l.
1347 5398 1578 5467 append.
1612 5412 1666 5466 p.
1707 5397 1792 5451 80.
1838 5395 1912 5451 De
1936 5395 2092 5450 Wul-

570 5467 624 5514 ia
658 5464 728 5512 cf.
768 5465 884 5510 Ηηι
942 5468 1018 5506 Im
1077 5470 1138 5502 Α..
1167 5469 1217 5500 1..
1252 5466 1320 5496 ι’..
1527 5465 1572 5486 τ’
1623 5483 1652 5494 -ι
1705 5466 1827 5514 ᾹἹἹ,

501 5466 624 5519 131110
658 5464 728 5512 cf.
768 5465 884 5510 Ηὸυ
942 5468 1018 5506 Iiu
1077 5470 1138 5502 ιΙ..
1167 5469 1217 5500 1,.
1252 5466 1320 5496 Π..
1527 5465 1572 5486 1v
1615 5464 1652 5494 ι,
1705 5466 1827 5514 A77-

1113 5273 1158 5310 e.
1196 5255 1233 5308 Ι.
1271 5255 1359 5309 Sc.
1386 5254 1531 5326 Erig.
1569 5256 1764 5310 testim.
1797 5267 1849 5325 p.
1883 5257 1934 5309 ες.

2193 2048 2411 2114 clerico,
2438 2049 2525 2102 vix
2563 2059 2656 2103 aut
2697 2066 2764 2103 ne
2802 2051 2886 2103 vix
2931 2052 3147 2121 quidem
3177 2069 3275 2107 usu
3310 2051 3476 2108 fuisse
3506 2062 3785 2106 venturas.

2193 2143 2354 2210 Quasi
2384 2159 2532 2208 vero,
2560 2143 2652 2214 qui
2703 2151 2830 2199 tunc
2862 2143 3042 2216 aliquo
3069 2161 3220 2210 casu,
3273 2145 3496 2201 forsitan
3530 2145 3648 2215 ipsa
3697 2160 3788 2198 na-

2193 2243 2312 2287 tura
2342 2234 2568 2300 ferente,
2603 2239 2654 2289 in
2686 2236 2887 2290 scholis
2911 2237 2976 2289 ad
3006 2236 3375 2307 philosophiae
3403 2245 3459 2291 et
3482 2232 3789 2308 theologiae

2192 2325 2368 2379 studia
2395 2325 2604 2381 delatus
2627 2335 2690 2381 ea
2731 2325 3056 2390 adamasset,
3094 2335 3151 2380 nt
3175 2328 3227 2382 in
3260 2329 3326 2382 iis
3364 2336 3654 2399 perStaret,
3683 2327 3790 2381 cle-

2192 2419 2342 2474 ricus
2372 2420 2644 2475 debuisset
2681 2421 2952 2476 evadere!
2983 2421 3282 2492 Episcopus
3308 2431 3487 2476 autem
3521 2419 3644 2475 illos
3677 2430 3786 2474 tum

2191 2509 2478 2581 Erigenam
2511 2511 2708 2566 adiisse
2741 2521 2971 2575 constat,
3019 2527 3203 2585 quum,
3249 2514 3412 2568 rebus
3442 2513 3562 2567 snls
3601 2512 3788 2566 admo-

2191 2601 2315 2654 dum
2374 2603 2639 2672 angustis,
2692 2619 2720 2657 a
2765 2621 2874 2674 quo
2919 2601 3354 2671 defenderentur,
3405 2604 3494 2659 vix
3523 2605 3787 2659 haberent

2189 2710 2538 2764 quemquam.
2570 2695 2750 2764 Quare
2774 2713 2871 2751 nos
2899 2698 3068 2768 magis
3090 2698 3258 2752 altera
3287 2696 3376 2751 illa
3405 2696 3544 2751 ratio
3573 2706 3783 2751 movet:

2189 2786 2352 2856 idque
2379 2786 2461 2840 vel
2495 2787 2598 2842 hac
2628 2789 2740 2843 sola
2768 2790 2832 2842 de
2863 2804 3050 2853 causa,
3082 2788 3244 2859 quod,
3278 2788 3377 2842 etsi
3408 2786 3514 2841 illis
3577 2795 3784 2857 tempo-

2191 2883 2340 2938 ribus
2371 2899 2520 2938 more
2556 2884 2656 2938 fuit
2686 2893 2978 2952 receptum,
3009 2893 3088 2949 ut,
3120 2884 3211 2954 qui
3241 2884 3470 2955 aliquem
3500 2881 3786 2937 clericatus

2189 2975 2413 3043 gradum
2445 2975 2792 3040 obtinuisset,
2827 2977 3177 3032 continenter
3206 2975 3321 3031 fere
3346 2991 3412 3031 eo
3448 2975 3667 3031 nomine
3697 2991 3788 3045 ap-

2187 3069 2503 3138 pellaretur,
2556 3069 2750 3124 Scotus
2795 3080 2973 3125 tamen
3008 3084 3108 3124 nec
3155 3071 3222 3124 ab
3259 3069 3379 3124 aliis
3408 3069 3782 3140 scriptoribus,

2189 3161 2281 3231 qui
2312 3177 2437 3216 cum
2457 3177 2521 3216 eo
2546 3162 2819 3228 vixerunt,
2848 3178 2947 3218 nec
2972 3179 3000 3216 a
3033 3172 3205 3219 semet
3239 3165 3356 3233 ipso
3379 3159 3683 3234 appellatus
3709 3162 3783 3216 in-

2190 3253 2424 3316 venitur,
2452 3253 2556 3307 nisi
2581 3272 2599 3305 ‹
2637 3255 2922 3325 Scotigcua
2950 3275 2992 3319 ο,
3023 3275 3040 3307 ι
3074 3255 3269 3310 Scotus
3288 3255 3374 3309 ille
3396 3276 3442 3321 ι,
3466 3273 3485 3306 ι
3509 3264 3784 3309 extremus

2192 3347 2416 3417 sophiae
2451 3347 2780 3402 studentium
2811 3369 2857 3412 ι,
2884 3357 2938 3402 et
2960 3364 3096 3418 quae
3126 3357 3250 3404 sunt
3278 3348 3493 3421 generis
3517 3346 3781 3418 ejusdem.

2263 3439 2415 3495 Haud
2464 3439 2624 3494 facile
2673 3441 3082 3506 crediderimus,
3142 3440 3284 3496 inter
3314 3441 3583 3506 homines,
3614 3439 3786 3512 qualis

2191 3532 2422 3604 Erigcna
2460 3533 2581 3598 fuit,
2610 3549 2936 3604 quemquam
2985 3534 3281 3598 exstitisse,
3334 3534 3400 3588 de
3442 3549 3552 3604 quo
3583 3533 3787 3603 majora

2192 3627 2682 3681 controversiarum
2711 3627 3055 3682 multitudine
3085 3627 3152 3681 ab
3191 3625 3466 3681 historicis
3518 3625 3785 3698 agitatum

2190 3718 2281 3772 sit.
2306 3719 2508 3788 Itaque,
2538 3719 2783 3788 quamvis
2829 3734 3074 3790 magnam
3125 3733 3310 3772 earum
3344 3732 3630 3772 numerum
3674 3713 3786 3784 jam

2190 3814 2566 3883 adtigerimus,
2592 3827 2697 3866 una
2731 3821 2910 3867 tamen
2956 3823 3037 3866 est
3069 3811 3292 3880 reliqua.
3330 3809 3563 3864 Narrant
3595 3808 3785 3878 (enim)

2192 3906 2441 3976 permulti
2473 3913 2743 3970 auctores,
2781 3915 2970 3960 contra
3026 3901 3168 3972 quod
3220 3902 3374 3956 nobis
3409 3901 3460 3953 in
3499 3899 3700 3961 Gallia,
3733 3909 3786 3955 ut

2193 4001 2449 4064 diximus,
2505 4007 2751 4054 mortuus
2800 4013 2920 4053 esse.
2977 3999 3212 4060 videtur,
3273 4011 3394 4048 emn
3436 3993 3503 4048 ab
3565 3994 3786 4048 Alfreth

2191 4093 2383 4161 Magno
2416 4092 2655 4163 (circiter
2682 4108 2732 4146 a.
2765 4083 3159 4156 DCCCXXXV')
3192 4088 3242 4142 in
3290 4086 3560 4157 Angliam,
3603 4099 3662 4139 ut
3693 4087 3784 4139 do-

2196 4187 2365 4239 trinae
2394 4200 2522 4238 suae
2549 4184 2736 4254 Anglis
2765 4183 3073 4238 hominibus
3103 4183 3311 4252 copiam
3342 4181 3566 4244 faceret,
3596 4195 3784 4234 accer-

2193 4274 2352 4328 situm
2378 4290 2530 4336 esse;
2560 4274 2648 4328 hic
2666 4275 2730 4328 ad
2748 4272 2959 4328 abbatis
2981 4273 3295 4343 dignitatem
3323 4285 3444 4324 eum
3469 4271 3784 4339 pervenisse

2191 4378 2264 4432 et,
2298 4383 2460 4437 quum
2503 4367 2734 4422 violenta
2788 4382 2920 4422 nece
2965 4365 3268 4430 occidisset,
3298 4363 3463 4418 etiam
3495 4362 3548 4416 in
3584 4380 3603 4412 ι
3661 4379 3783 4415 san-

2191 4471 2398 4516 ctorum
2424 4471 2721 4530 martyrum
2756 4480 2772 4511 »
2804 4475 3028 4514 nunero
3046 4473 3164 4512 esse
3187 4456 3447 4512 habitum.
3483 4453 3634 4510 Hanc
3663 4471 3784 4508 nar-

2195 4554 2455 4608 rationem
2494 4553 2578 4608 his
2607 4552 2850 4607 ducentis
2882 4553 2993 4605 fere
3022 4551 3199 4617 annis,
3240 4565 3362 4604 cum
3387 4564 3453 4602 eo
3489 4563 3662 4615 usque
3693 4548 3782 4600 diu

2192 4647 2514 4703 inconcussa
2539 4646 2797 4711 stetisset,
2828 4642 3138 4698 Mabillonio
3163 4641 3238 4712 (η)
3267 4641 3400 4696 duce
3428 4655 3492 4694 ac
3517 4639 3781 4710 signifero

2192 4738 2590 4811 diligentissimi
2613 4740 2811 4808 quique
2826 4737 3066 4792 historici
3090 4736 3357 4792 acerrime
3373 4735 3623 4806 impugna
3635 4745 3775 4788 runt.

2192 4831 2383 4887 Nostra
2413 4841 2591 4885 autem
2618 4839 2796 4884 aetate
2833 4828 3063 4893 exstitit,
3093 4828 3183 4899 qui
3217 4842 3329 4881 rem
3353 4827 3694 4894 desperatam
3732 4827 3780 4877 in

2190 4925 2480 4994 pristinum
2511 4923 2795 4977 restituere
2841 4928 3129 4975 conaretur
3155 4917 3250 4990 (0).
3286 4915 3422 4983 Hoc,
3456 4931 3616 4986 quam
3673 4934 3779 4970 nou

2196 5035 2257 5088 Χ.
2290 5035 2316 5089 8
2341 5036 2379 5088 1.
2406 5052 2461 5089 n.
2496 5034 2557 5089 ll.

2261 5035 2608 5178 (J§)li3tt‘f.Al.i:.ta
2646 5105 3015 5178 Benetl.__scc.
3058 5101 3143 5178 IV.
3173 5117 3225 5172 p.
3259 5102 3322 5156 ll.
3355 5117 3477 5174 pag.
3506 5100 3642 5164 5l0;
3677 5117 3775 5154 an-

2192 5174 2525 5233 nalJBencd.
2559 5177 2650 5230 lib.
2685 5175 2965 5231 XXXVIII.
2996 5191 3047 5227 n.
3075 5174 3162 5227 72.

2258 5250 2331 5320 (k)
2362 5250 2444 5304 Cf.
2479 5249 2778 5320 Ephemer:
2802 5245 3246 5320 Bonnens._t‘ase.
3281 5244 3421 5300 XVI.
3463 5260 3515 5315 p.
3539 5242 3626 5298 56.

2261 5313 2324 5391 (ι)
2355 5320 2436 5391 cr.
2478 5313 2701 5391 Igscot.
2744 5319 2888 5391 gris.
2920 5333 2972 5387 ρ·
3003 5313 3125 5391 ἲὲἒέε·

2262 5385 2355 5459 tm)
2383 5389 2464 5445 Cf.
2498 5390 2536 5442 I.
2567 5386 2714 5459 Scot.
2749 5387 2892 5459 Erig.
3009 5385 3093 5459 llI_._

2263 5455 2345 5529 (η)
2367 5462 2448 5515 Cf.
2483 5463 2615 5512 Acta
2672 5455 2872 5512 Bened.
2907 5455 3017 5529 see.
3063 5455 3147 5520 IV,
3186 5466 3316 5529 tom.
3341 5457 3406 5522 II,
3438 5475 3490 5529 p.
3524 5457 3624 5512 506
3653 5471 3768 5524 seq.

2263 5519 2335 5602 to}
2366 5532 2603 5585 Dicimus
2656 5519 3323 5602 Staudenmaierum;,_cf.
3381 5519 3498 5600 ejus
3549 5519 3770 5591 librum,

2406 5602 2674 5650 “vinitor:
2723 5598 3605 5682 JoannesScotuslﬁrigenacet.
3665 5607 3770 5682 cet.
