4056 6276
496 427 562 482 47
1537 419 1622 474 DE
1662 415 1926 476 JOANNE
1964 413 2188 474 SCOTO
2221 414 2742 474 COMMENTATIO.
3707 420 3778 477 48

501 544 622 599 aliis
650 542 870 612 locis(a)
894 539 1028 595 nihil
1051 538 1281 594 dubitat.
1307 535 1460 604 Quod
1487 543 1669 589 autem
1690 530 2086 602 hisipsislocis
2115 545 2420 604 Anumero
2461 530 2582 587 XIV
2624 549 2639 589 :
2684 532 2738 587 in
2785 533 3059 604 prooemio
3103 532 3225 590 libri
3269 532 3337 589 de
3385 533 3777 605 praedestinat.

501 635 688 704 adjicit
708 653 726 687 ι
761 643 816 688 ut
838 648 903 688 ex
929 632 1149 703 scriptis
1177 631 1320 702 regis
1350 627 1599 699 (Alfredi)
1625 625 1888 690 intellexi,
1907 621 2089 693 (Joan-

502 728 621 798 nes)
672 725 916 782 sublimis
969 722 1380 779 Malmesburiae
1439 719 1637 774 resedit
1674 737 1730 781 ι,
1779 717 1913 772 haec
1967 731 2092 785 pro-

501 816 667 882 fecto,
700 815 862 872 rebus
883 813 1124 885 alioquin
1156 812 1253 876 ita,
1284 821 1344 864 ut
1394 809 1722 880 explicatum
1751 814 1854 870 est,
1903 820 1961 860 se
1989 805 2087 858 ha-

502 908 776 973 bentibus,
803 921 993 977 parum
1026 920 1124 959 nos
1160 911 1399 958 movent.
1434 901 1528 955 Est
1563 899 1706 956 enim
1737 896 1994 960 fortasse,
2033 901 2094 950 ut

503 1018 568 1058 ex
613 1000 757 1072 regis
782 999 999 1069 scriptis
1045 995 1373 1052 intellexerit
1407 1011 1426 1045 ι
1464 992 1730 1047 resedisse
1772 987 2092 1043 Malmesbu-

509 1094 625 1148 riae
643 1090 907 1147 Joannem
938 1111 983 1157 ι,
1011 1089 1078 1144 de
1105 1105 1202 1144 suo
1231 1095 1410 1142 autem
1444 1084 1733 1148 addiderit,
1763 1082 1952 1138 eadem
1981 1080 2094 1136 fere

506 1202 630 1242 cum
677 1185 886 1256 lngulfo
922 1185 1152 1249 ratione,
1202 1201 1220 1233 ι
1271 1181 1434 1236 fuisse
1474 1179 1618 1234 hunc
1657 1176 1916 1234 Joannem
1964 1173 2096 1230 Sco-

508 1293 621 1338 tum
647 1283 932 1352 Erigenam
971 1300 1015 1333 ι.
1042 1277 1315 1349 Ejusmodi
1343 1288 1559 1332 errores
1588 1272 1692 1327 illis
1721 1269 2090 1341 scriptoribus,

507 1393 574 1434 ex
602 1392 832 1448 quorum
863 1389 1090 1430 numero
1132 1381 1217 1428 est
1243 1369 1563 1434 Guilelmus,
1599 1365 1914 1436 saepissime
1938 1361 2095 1418 olfusi

509 1477 656 1524 sunt.
684 1469 860 1537 Atque
888 1466 1185 1522 faciliorem
1230 1465 1394 1518 etiam
1433 1463 1572 1516 haec
1603 1468 1714 1514 tota
1747 1474 1836 1514 res
1861 1457 2096 1528 explica-

513 1575 624 1618 tum
650 1563 833 1627 habet,
858 1561 904 1616 si
931 1560 1192 1616 Joannem
1217 1557 1390 1621 illum,
1419 1565 1480 1609 ut
1514 1563 1781 1619 nostrum,
1807 1550 2097 1606 Scotorum

509 1656 688 1726 gentis
715 1655 880 1710 fuisse
927 1653 1236 1708 fecerimus.
1291 1649 1507 1706 Scimus
1555 1655 1758 1711 autem,
1803 1644 2096 1699 maximam

509 1765 573 1804 ea
629 1757 806 1803 aetate
863 1748 1147 1802 doctorum
1202 1742 1479 1798 hominum
1536 1737 1958 1802 multitudinem,
2005 1735 2095 1805 qui

511 1841 798 1898 Scotorum
832 1843 1008 1912 gentis
1037 1847 1242 1905 essent,
1265 1836 1554 1909 praecipue
1587 1851 1655 1890 ex
1685 1831 1941 1888 Hibernia
1970 1845 2097 1901 pro-

509 1936 704 2001 fectos,
729 1935 780 1989 in
805 1935 1016 2004 Anglia,
1045 1932 1215 1988 Gallia
1241 1928 1550 2000 vixissc(b).
1571 1927 1686 1984 Huc
1707 1925 1937 1989 accedit,
1954 1921 2097 1993 quod

507 2029 684 2098 majus
713 2030 876 2084 etiam
907 2038 1010 2091 est,
1059 2037 1116 2080 ut
1162 2024 1384 2080 annales
1424 2022 1686 2077 Hidenses
1725 2019 1940 2074 disertis
1974 2032 2098 2072 ver-

507 2121 594 2178 bis
622 2131 890 2176 testentur
915 2119 1006 2190 (c).
1053 2118 1220 2173 fuisse
1244 2118 1386 2172 inter
1426 2131 1543 2180 eos,
1590 2114 1681 2183 qui
1732 2114 1830 2168 sub
1877 2111 2096 2166 Alfredo

507 2230 637 2283 rege
667 2213 861 2269 Oxonii
888 2213 1224 2280 juventutem
1259 2208 1622 2264 instituissent
1653 2207 1708 2260 in
1733 2205 1943 2260 artibus
1963 2204 2101 2273 opti-

507 2303 635 2367 mis,
662 2313 880 2372 praeter
899 2301 1048 2358 illum
1071 2299 1334 2357 Joannem
1357 2299 1748 2355 Ealdsaxonem
1775 2297 1876 2369 (d),
1905 2298 1968 2352 de
1993 2312 2100 2366 quo

510 2410 673 2464 supra
701 2395 803 2450 fuit
837 2395 1061 2460 mentio,
1089 2395 1252 2450 etiam
1275 2391 1559 2457 Joannem,
1613 2391 1876 2448 ecclesiae
1927 2391 2100 2445 Mene-

509 2488 694 2542 vensis
733 2488 1078 2544 monaclmm.
1125 2486 1377 2542 Potuitne
1403 2501 1533 2558 ergo
1567 2485 1708 2551 fieri,
1738 2494 1799 2540 ut
1847 2483 2100 2538 Alfredus

509 2581 657 2635 hunc
677 2579 876 2650 ipsum,
901 2579 1230 2651 aliquamdiu
1254 2594 1480 2634 munere
1507 2577 1598 2633 illo
1623 2575 1888 2640 functum,
1912 2590 2101 2645 quem-

510 2672 800 2727 admodum
847 2670 1110 2728 Joannem
1161 2671 1558 2728 Ealdsaxonem
1606 2668 2103 2738 Aethelingiensem

513 2764 763 2818 abbatem
788 2763 1087 2831 constituit,
1120 2763 1194 2817 ita
1210 2763 1263 2817 in
1287 2761 1764 2816 Malmesburiense
1785 2759 2104 2816 coenobium

512 2856 791 2912 mitteret?
815 2856 1064 2912 Potuitne
1098 2855 1236 2922 fieri,
1266 2864 1328 2910 ut
1375 2855 1465 2910 hic
1490 2854 1624 2924 ipse,
1683 2868 1848 2923 quum
1893 2853 2106 2908 dicatur

513 2949 813 3004 monachus
851 2948 1128 3004 Ecclesiae
1166 2946 1526 3012 Menevensis,
1583 2947 1747 3002 etiam
1799 2945 1994 3001 Scotus
2022 2943 2106 2999 vel

435 3055 440 3058 ·
515 3048 681 3105 esset,
708 3039 794 3095 vel
826 3039 1223 3112 appellaretur?
1251 3039 1410 3094 Certe
1437 3040 1582 3093 enim
1611 3038 1977 3104 meminimus,
2005 3038 2106 3093 do-

513 3148 638 3186 cere
660 3147 760 3187 nos
787 3127 948 3203 Supra
981 3131 1131 3203 (Cap.
1165 3132 1229 3197 ll,
1250 3131 1355 3187 col.
1376 3131 1687 3185 l2not.het
1708 3130 1836 3200 Cap.
1867 3131 1930 3202 l),
1955 3131 2108 3185 habi-

516 3232 660 3277 tasse
684 3223 1052 3292 proculdubio
1080 3225 1131 3278 in
1167 3223 1254 3279 illa
1285 3225 1399 3294 ipsa
1426 3223 1648 3292 regione
1678 3223 1983 3278 Menevensi
2011 3224 2108 3278 ho-

2194 625 2424 680 habetur
2439 625 2456 679 I
2474 643 2488 692 ;
2511 626 2792 696 prooemio
2819 626 3281 696 interpretationis
3297 625 3782 700 Pseudo-Dionysii

2195 720 2404 790 adjecta
2444 731 2569 777 sunt
2610 721 2684 787 ll;
2732 721 2968 794 Cangius
3012 723 3064 777 in
3102 721 3437 792 praefatione
3466 723 3533 778 ad
3577 721 3783 778 Labbei

2195 813 2516 886 glossarium
2546 813 2714 869 edidit
2739 814 2793 879 I;
2827 812 3177 869 Schlueterus
3207 829 3273 869 ex
3295 814 3572 870 codicibus
3591 813 3785 885 Angeli

2196 905 2344 971 Maii,
2370 915 2428 960 ut
2453 906 2604 969 dicit,
2635 921 2773 961 nova
2799 905 3020 974 protulit
3041 906 3092 963 X
3114 905 3186 977 (ί)
3206 906 3258 960 ⁸.
3282 905 3670 962 Brevissimum
3693 906 3784 971 IV,

2197 999 2572 1070 longissimum
2599 1000 2666 1055 ad
2689 999 2882 1055 LXXX
2907 1015 3094 1056 versus
3127 1001 3306 1055 habet.
3337 1001 3500 1056 Missa
3525 1000 3637 1055 fere
3661 1009 3790 1056 sunt

2198 1091 2393 1147 Carolo
2425 1091 2609 1147 Calvo.
2640 1092 2892 1147 Omnium
2916 1091 3085 1148 ferme
3115 1101 3432 1164 argumenta
3455 1108 3521 1148 ex
3547 1091 3793 1162 philoso—

2197 1185 2425 1255 phorum
2469 1184 2950 1254 tbeologorumque
2991 1184 3196 1241 chartis
3237 1185 3556 1256 deprompta
3597 1195 3723 1240 sunt
3773 1199 3790 1239 :

2201 1278 2412 1333 canitur
2437 1296 2456 1328 ι
2485 1276 2737 1333 Christus
2763 1275 3060 1332 cruciﬁxus
3089 1296 3138 1343 ι,
3173 1296 3191 1330 ‹
3221 1292 3354 1332 crux
3392 1297 3438 1342 ι,
3476 1295 3495 1328 α
3523 1278 3723 1347 pascha
3768 1295 3790 1330 ι

2200 1380 2362 1441 atque
2396 1371 2611 1426 similia.
2654 1371 2883 1426 Errores
2918 1371 3200 1426 continent
3231 1370 3429 1427 multos
3464 1370 3798 1440 eosdemque

2201 1465 2588 1534 propemodum
2625 1479 2748 1519 cum
2794 1462 2947 1518 libris
2982 1463 3048 1518 de
3078 1461 3341 1518 divisione
3373 1462 3609 1518 Naturae
3647 1463 3800 1518 etde

2201 1557 2714 1628 praedestinatione.
2769 1556 3062 1611 Auctorem
3124 1556 3228 1611 sibi
3285 1555 3451 1612 fuisse
3502 1557 3802 1612 ostendunt

2203 1640 2372 1704 multo
2416 1649 2590 1720 magis
2627 1647 2920 1713 eruditum,
2964 1663 3126 1717 quam
3168 1649 3376 1718 poetica
3418 1647 3673 1703 facultate
3707 1647 3802 1700 in-

2205 1745 2431 1814 signem.
2482 1742 2696 1798 Habeut
2725 1741 2945 1798 omnino
2988 1740 3255 1812 permulta
3293 1741 3373 1796 sic
3409 1741 3593 1810 putida
3634 1747 3804 1809 atque

2205 1845 2418 1908 arguta,
2454 1844 2516 1891 ut
2557 1834 2868 1905 diligentem
2907 1834 3165 1888 lectorem
3213 1848 3320 1888 non
3371 1831 3646 1888 offendere
3688 1848 3803 1888 non

2127 1960 2173 2020 Β
2204 1935 2426 2000 queant.
2463 1927 2738 1992 Attamen,
2768 1942 2908 1996 quae
2939 1925 3152 1980 illorqu
3190 1934 3491 1996 temporum
3518 1933 3605 1979 est
3634 1925 3804 1990 ratio,

2201 2040 2414 2081 summa
2435 2021 2680 2096 profecto
2705 2021 2866 2076 laude
2889 2021 3046 2092 digna
3071 2029 3215 2075 sunt.
3241 2017 3806 2088 Walafridusquidem

2204 2118 2403 2174 Strabo
2425 2132 2526 2173 nec
2552 2115 2853 2180 facilitatis,
2883 2130 2983 2170 nec
3019 2113 3319 2185 elegantiae
3345 2111 3577 2183 palmam
3599 2110 3808 2165 Nostro

2201 2215 2518 2286 praeripere
2551 2213 2742 2284 potuit.
2787 2210 3052 2266 Libellum
3090 2228 3108 2262 ι
3161 2210 3230 2265 de
3262 2210 3472 2265 visione
3498 2207 3593 2262 Dei
3639 2225 3658 2258 ι
3689 2204 3812 2259 Ma-

2205 2310 2458 2366 billouius
2498 2306 2855 2378 deprehendit
2888 2305 2942 2360 in
2971 2319 3074 2360 ms.
3111 2303 3298 2358 codice
3323 2297 3810 2357 Claromariscensi

2205 2416 2374 2472 prope
2397 2397 2891 2469 Audomaropolim.
2922 2395 3052 2452 Post
3077 2409 3223 2459 eum,
3247 2392 3391 2464 quod
3422 2391 3640 2461 quidem
3666 2389 3814 2443 scia-

2207 2511 2348 2559 mus,
2374 2494 2465 2564 qui
2493 2493 2690 2548 librum
2712 2490 2930 2556 viderit,
2949 2488 3050 2543 fuit
3070 2503 3251 2550 nemo,
3275 2498 3601 2557 quamquam
3623 2482 3814 2553 plures

2207 2603 2330 2642 eum
2361 2583 2773 2656 diligentissime
2800 2582 3184 2653 quaesiverunt
3213 2580 3309 2651 (g).

2279 2678 2464 2734 Refert
2485 2677 2847 2742 Mabillonius,
2885 2675 3100 2730 initium
3134 2673 3252 2746 ejus
3271 2673 3375 2727 hoc
3403 2671 3598 2726 fuisse:
3621 2687 3640 2721 ι
3672 2667 3815 2722 Tra-

2211 2779 2389 2828 ctatus
2421 2769 2646 2827 Joannis
2673 2769 2823 2826 Scoti
2866 2769 2932 2824 de
2975 2767 3182 2824 visione
3227 2766 3339 2822 Dei.
3371 2764 3575 2822 Omnes
3613 2778 3815 2820 sensus

2211 2865 2461 2937 corporei
2504 2880 2569 2921 ex
2604 2863 2982 2934 conjunctione
3018 2871 3317 2918 nascuntur
3363 2861 3572 2915 animae
3599 2868 3655 2914 et
3685 2872 3817 2913 cor-

2210 2958 2362 3030 poris
2389 2957 2467 3030 (Ιι)
2499 2977 2546 3012 ι.
2571 2958 2961 3028 Argumentum
2985 2953 3172 3020 libelli,
3199 2954 3254 3008 ni
3276 2951 3510 3016 fallatur,
3541 2951 3595 3005 in
3617 2950 3817 3004 eadem

2215 3065 2294 3118 re,
2326 3051 2426 3116 ait,
2451 3058 2726 3104 versatum
2757 3064 2898 3115 esse,
2927 3063 3035 3119 qua
3064 3047 3222 3119 Lupi,
3255 3045 3465 3102 abbatis
3496 3043 3820 3100 Fcrrarien-

2215 3145 2311 3209 sis,
2349 3141 2575 3212 epistola
2606 3139 2756 3197 XXX
2783 3141 2850 3195 ad
2887 3138 3319 3203 Gothescalcum,
3355 3136 3677 3191 monachum
3709 3132 3819 3188 Or-

2214 3233 2524 3288 bacensem.
2566 3232 2716 3300 Quae
2755 3229 2890 3301 Lupi
2936 3228 3164 3300 epistola
3218 3228 3280 3300 (ἱ)
3330 3227 3507 3284 locum
3535 3225 3819 3297 quendam

516 3313 690 3367 mines
729 3312 949 3375 Scotos,
983 3323 1146 3384 atque
1177 3315 1311 3370 adeo
1364 3313 1586 3369 Scotum
1635 3323 1878 3368 nostrum
1908 3313 2106 3370 ibidem
2137 3342 2182 3404 ο
2219 3326 2472 3396 explicat,
2523 3325 2615 3396 qui
2655 3333 2742 3379 εει
2787 3323 2929 3394 apud
2971 3322 3027 3378 S,
3069 3321 3429 3394 Augustinum
3470 3319 3525 3374 in
3556 3318 3711 3375 libris
3745 3319 3821 3376 de

519 3404 614 3475 (cf.
643 3404 774 3475 Cap.
805 3405 866 3472 II,
895 3406 997 3462 col.
1041 3407 1108 3460 l2
1138 3417 1250 3463 not.
1283 3407 1338 3478 h)
1373 3419 1559 3463 natum
1592 3407 1783 3462 videri.

1142 3561 1370 3620 CAPUT
1413 3563 1495 3619 Vl.

518 3695 598 3752 De
625 3695 734 3751 illis
753 3696 1011 3768 Erigenae
1025 3697 1252 3766 scriptis,
1279 3713 1414 3768 quae
1435 3695 1606 3749 adhuc
1634 3713 1664 3749 a
1686 3695 1833 3750 nobis
1859 3698 2114 3752 recensita

1176 3783 1280 3822 non
1305 3778 1446 3822 sunt.

592 3879 1215 3954 PostPseudo-Diouysii
1231 3889 1284 3935 et
1305 3879 1364 3936 S.
1383 3880 1599 3935 Maximi
1618 3882 2108 3953 interpretationes,

519 3982 643 4045 post
674 3971 842 4028 libros
867 3973 931 4028 de
961 3973 1456 4044 praedestinatione
1477 3987 1531 4026 et
1564 3974 1630 4028 de
1659 3972 1716 4030 S.
1747 3973 2113 4041 Eucharistia,

518 4081 748 4137 quorum
783 4066 897 4136 jam
935 4066 1138 4122 mentio
1163 4065 1436 4133 estfacta,
1466 4081 1628 4139 super
1668 4065 1795 4134 illis,
1825 4050 2114 4138 quae'item

520 4173 651 4214 vere
685 4166 812 4214 sunt
843 4158 1185 4229 Erigeniana,
1229 4157 1436 4228 aliquot
1481 4159 1834 4225 carminibus,
1881 4168 2116 4215 tractatu

523 4254 590 4310 de
625 4253 836 4308 visione
873 4253 989 4315 Dei,
1038 4252 1192 4307 libris
1231 4251 1275 4307 V
1307 4253 1374 4308 de
1415 4252 1682 4308 divisione
1708 4252 1947 4308 Naturae
1993 4255 2116 4308 data

521 4359 688 4414 opera
719 4345 994 4414 disputare
1031 4343 1372 4398 decrevimus
1398 4343 1490 4414 (e).
1521 4343 1652 4397 Nam
1677 4359 1815 4414 quae
1838 4360 1866 4398 a
1891 4345 2118 4399 nonnul-

522 4438 896 4508 lis'praeterea
923 4436 1086 4491 Scoto
1109 4436 1380 4507 adscripta
1403 4444 1551 4501 sunt,
1575 4453 1680 4492 non
1701 4437 1908 4493 reddita
1937 4448 2118 4493 tamen

527 4529 738 4584 ratione
764 4527 1050 4599 probabili,
1083 4543 1172 4591 ea,
1207 4543 1372 4598 quum
1416 4527 1678 4584 librorum
1712 4543 1814 4600 Ope
1845 4529 2118 4585 destitutis

525 4619 683 4676 nobis
710 4621 952 4690 ipsorum
983 4635 1202 4674 causam
1235 4618 1531 4690 dijudicare
1568 4633 1671 4673 non
1701 4617 1937 4684 licuerit,
1967 4620 2118 4675 dein-

527 4728 653 4785 ceps
681 4713 999 4784 simpliciter
1037 4723 1244 4770 tantum
1266 4711 1633 4768 enumeranda
1663 4711 2006 4768 arbitramur.

601 4807 854 4865 Carmina
893 4809 1057 4880 igitur
1103 4807 1271 4874 Scoti,
1306 4822 1446 4878 quae
1475 4806 1632 4862 nobis
1665 4807 1967 4876 innotuere,
1992 4819 2119 4867 sunt

602 4922 681 5058 (αξ
709 4923 862 5046 Apud
888 4921 1042 4978 Gale.
1072 4922 1109 4976 l.
1137 4921 1173 4976 1.
1201 4936 1257 4992 p.
1291 4921 1411 4976 6-8.

602 4993 656 5058 (b
709 4992 749 5049 C
778 5032 792 5046 .
824 5009 942 5058 sup.
967 4991 1094 5058 Cap.
1125 4992 1263 5047 I-Ill.

627 4991 678 5058 ὁ)
709 4991 792 5049 Cf.
824 5009 942 5063 sup.
967 4991 1094 5063 Cap.
1125 4992 1263 5047 I-Ill.

629 5064 677 5134 ε)
707 5063 788 5134 Cf.
821 5062 1100 5134 GaleLIJ.
1134 5072 1258 5118 test.
1289 5078 1345 5133 p.
1372 5064 1424 5120 5.

627 5132 683 5207 α’)
709 5132 946 5190 Joannes
967 5133 1236 5207 Ealdsaxo
1263 5132 1346 5207 est
1372 5135 1455 5207 is,
1487 5149 1648 5207 quem
1679 5134 1902 5207 annales
1925 5135 2118 5191 Hiden-

534 5203 624 5262 ses
651 5203 839 5261 dicunt
865 5225 882 5257 ι
911 5203 1168 5273 collegam
1201 5203 1257 5258 S.
1287 5203 1607 5262 Grimba’ldi.
1641 5225 1658 5258 ι
1692 5205 1800 5262 llos
1830 5207 1972 5261 enim
2011 5223 2115 5261 una

535 5292 602 5332 ex
636 5276 935 5333 continenti
965 5277 1034 5330 ah
1061 5275 1281 5329 Alfredo
1312 5279 1604 5332 accersitos
1636 5287 1868 5332 constat.

609 5348 681 5420 (e)
711 5348 870 5420 Sunt,
902 5347 994 5417 qui
1027 5347 1190 5420 etiam
1222 5347 1286 5401 de
1307 5348 1548 5420 epistolis
1579 5348 1887 5420 loquantur.
1921 5348 2117 5402 Verum

534 5429 757 5490 praeter
784 5419 925 5482 illas,
956 5433 1094 5490 quae
1119 5419 1479 5489 Areopagitae
1503 5430 1558 5475 et
1594 5419 1809 5474 Maximi
1850 5419 2114 5490 interpre-

537 5488 801 5561 tationum
827 5488 1106 5558 prooemia
1125 5488 1280 5556 sunt,
1297 5504 1523 5561 prorsus
1542 5490 1720 5546 nullae
1745 5499 1979 5557 exstant,
1995 5488 2121 5546 'nul-

536 5558 623 5614 lae
653 5567 1044 5614 memorantur.

612 5627 687 5706 (Γ)
709 5627 792 5706 Cf.
815 5629 945 5701 Ejus
974 5629 1106 5706 e_dit.
1137 5629 1260 5706 libr.
1285 5632 1479 5706 de‘d‘iv.
1513 5632 1637 5706 Nat.
1659 5635 1776 5706 p.71.
1803 5651 1854 5704 p.
1878 5635 1980 5690 595
2003 5651 2116 5706 seq.

611 5699 689 5776 (_g)
715 5699 806 5776 Cf.
831 5699 953 5755 acta
984 5700 1184 5776 Bened.
1211 5717 1320 5776 sec.
1352 5703 1439 5776 IV.
1471 5721 1524 5775 p.
1554 5705 1611 5767 Il,
1638 5699 1688 5776 p.
1709 5699 1892 5762 LXVI.
1927 5699 2119 5762 Thom.

539 5769 691 5828 Gale’.
724 5769 760 5826 Ι.
791 5771 828 5826 l.
859 5779 984 5829 test.
1009 5789 1063 5843 p.
1093 5773 1179 5828 12.
1214 5773 1387 5830 Hiort.
1422 5769 1528 5830 l.'l.
1557 5793 1609 5846 p.
1638 5769 1731 5832 Ἀθ.

2217 3421 2440 3475 civitate
2462 3418 2557 3474 Dei
2576 3416 2745 3481 XXII,
2772 3415 2843 3472 29
2871 3435 2884 3471 :
2916 3434 2936 3468 ‹
2975 3416 3040 3470 de
3059 3415 3318 3484 qualitate
3351 3411 3596 3478 visionis,
3624 3425 3734 3482 qua
3757 3411 3818 3466 in

2219 3512 2399 3566 futuro
2429 3508 2645 3566 saeculo
2676 3508 2851 3563 sancti
2883 3507 3051 3563 Deum
3074 3507 3185 3562 siut
3205 3505 3373 3560 visuri
3403 3524 3446 3558 ι.

2287 3602 2574 3656 Librorum
2613 3599 2658 3655 V
2691 3620 2708 3652 ι
2750 3601 2816 3655 de
2842 3598 3108 3654 divisione
3145 3595 3380 3652 Naturae
3413 3615 3433 3648 ι
3463 3598 3576 3651 sive
3620 3613 3639 3646 ι
3688 3599 3821 3670 περὶ

2218 3696 2419 3768 φύσεως
2465 3698 2715 3770 μερισμοῦ
2752 3709 2802 3758 ι,
2845 3689 2939 3760 qui
2975 3689 3136 3744 iidem
3180 3686 3519 3758 appellantur
3547 3702 3567 3736 ‹
3603 3684 3669 3739 de
3697 3682 3816 3737 Na-

2220 3785 2357 3840 turis
2389 3804 2408 3836 ›
2427 3785 2542 3839 sive
2571 3803 2588 3835 ι
2619 3783 2962 3858 περὶφύσεως
2987 3801 3007 3834 ›
3027 3779 3207 3851 plures
3229 3777 3429 3848 reperti
3452 3776 3822 3832 suntcodices

2221 3892 2351 3933 mss.
2384 3876 2478 3947 (j).
2505 3875 2649 3930 Duos
2670 3890 2857 3930 eorum
2893 3872 3233 3928 Mabillonius
3263 3871 3432 3942 ipsius
3455 3869 3604 3926 Scoti
3633 3879 3820 3926 aetate

2220 3980 2472 4027 exaratos
2524 3969 2656 4026 dicit
2701 3987 2713 4022 :
2766 3984 2868 4024 nec
2918 3977 3096 4023 tamen
3134 3967 3275 4022 ullus
3319 3980 3514 4021 nomen
3573 3967 3821 4022 auctoris

2222 4067 2429 4123 habuit.
2503 4063 2801 4123 Guilelmus
2863 4063 3363 4119 Malmesburiensis
3427 4070 3481 4118 et
3557 4060 3713 4132 Hugo
3785 4078 3819 4119 a

2223 4161 2282 4218 S.
2326 4162 2546 4218 Victore
2577 4159 2738 4230 primi
2786 4158 2881 4230 (lt),
2932 4165 3192 4238 quantum
3239 4170 3339 4228 pro
3383 4163 3533 4210 certo
3574 4172 3602 4208 a
3651 4155 3817 4210 nobis

2221 4257 2388 4313 statui
2416 4263 2615 4325 p0test,
2641 4252 2806 4308 Scoto
2838 4261 3027 4307 nostro
3061 4251 3229 4306 libros
3271 4265 3399 4305 suos
3421 4248 3814 4303 attribuerunt.

2223 4347 2584 4402 Nihilominus
2610 4353 2794 4400 tamen
2843 4343 3006 4399 etiam
3037 4343 3258 4398 ineunte
3296 4341 3478 4397 seculo
3504 4340 3619 4397 XIII
3637 4340 3816 4410 fuere,

2223 4440 2316 4511 qui
2345 4438 2604 4495 Amalrici
2631 4437 2890 4493 Benensis
2913 4451 3010 4492 eos
3037 4451 3158 4492 esse
3184 4435 3536 4506 opinarentur
3563 4434 3633 4505 (ι)
3657 4452 3669 4488 :
3697 4433 3822 4490 Trio

2227 4533 2462 4589 themius
2495 4532 2664 4588 abbas
2704 4540 2761 4586 et
2794 4529 2990 4586 Baleus
3014 4528 3150 4585 adeo
3184 4528 3250 4583 ad
3277 4527 3541 4583 Joannem
3566 4526 3815 4593 Scotum,

2225 4640 2386 4696 quem
2417 4623 2748 4682 Mailrosium
2776 4631 2998 4690 vocant,
3029 4622 3208 4678 Bedae
3243 4619 3582 4677 Venerabilis
3614 4636 3820 4690 aequa-

2141 4708 2196 4768 D
2223 4718 2349 4786 lem,
2389 4718 2490 4774 bos
2524 4716 2692 4773 libros
2717 4715 3020 4771 retulerunt
3057 4714 3174 4786 (ηε).
3201 4711 3402 4769 Verum
3438 4713 3739 4777 enimvero,
3772 4715 3817 4769 si

2223 4810 2346 4880 quis
2372 4808 2457 4865 vel
2487 4809 2632 4864 aliud
2653 4807 2860 4879 agendo
2883 4807 3050 4862 libros
3069 4806 3136 4862 de
3162 4804 3380 4861 Naturis
3405 4821 3529 4862 cum
3549 4805 3820 4874 Erigenae

2317 4925 2372 4995 It)
2401 4924 2578 4980 Etiam
2609 4923 2662 4977 in
2706 4922 2798 4977 lib.
2842 4921 2904 4995 Il_.
2939 4922 3005 4976 de
3034 4921 3148 4995 div.
3181 4919 3302 4995 Nat.
3348 4937 3400 4976 c.
3441 4920 3533 4976 25.
3574 4921 3764 4995 scribit
3800 4941 3814 4976 :

2229 5017 2247 5048 ι
2284 4991 2536 5052 Exterior
2556 5009 2748 5049 sensus
2772 4992 3082 5062 conjunctio
3111 4991 3374 5062 quaedam
3404 5001 3490 5049 est
3518 4993 3735 5049 animae
3762 5003 3819 5050 et

2223 5067 2468 5150 corporis
2487 5085 2546 5150 ιι..

2293 5134 2355 5211 (i)
2380 5135 2906 5211 CQMax.__hiblioth.
2934 5143 3040 5191 vet.
3065 5134 3286 5190 Patrum
3327 5144 3433 5191 cet.
3466 5135 3815 5206 Lugdunens.

2222 5207 2354 5265 tom.
2383 5208 2500 5264 XV.
2531 5224 2584 5276 p.
2621 5207 2689 5263 I5
2720 5208 2761 5261 E
2786 5223 2900 5276 seq.

2292 5280 2363 5352 (j)
2394 5279 2484 5352 Cf.
2538 5278 2728 5352 Thom.
2774 5279 2924 5352 Cale.
2979 5279 3276 5352 testium}.
3327 5278 3411 5352 ᾖ.
3464 5277 3816 5352 Haliill._acta

2222 5348 2421 5421 Dened.
2468 5366 2578 5404 sec.
2633 5348 2723 5421 IV.
2785 5364 2838 5420 p.
2883 5349 2944 5404 Il.
2985 5365 3038 5421 p.
3093 5348 3279 5405 LXVI.
3325 5348 3463 5404 Hist.
3511 5349 3614 5402 litt.
3660 5349 3725 5402 de
3765 5349 3816 5402 la

2223 5419 2452 5492 France,
2477 5428 2608 5476 tom.
2647 5418 2706 5476 V.
2740 5418 2802 5492 νζ
2833 5421 2957 5492 425.

2297 5491 2499 5579 (umor.
2536 5491 2912 5579 Tllom‘.;Galc.
2955 5493 3244 5579 testim..p_.
3277 5491 3376 5576 is,
3407 5507 3458 5579 ρ.
3492 5491 3614 5579 δέτι.
3653 5491 3818 5547 Albe-

2226 5562 2360 5628 ι’ἰυίζ
2377 5562 2564 5618 Trium
2590 5563 2840 5618 Fontium
2865 5564 3137 5628 monachi,
3171 5562 3476 5619 Clironicon
3517 5563 3582 5617 ad
3616 5579 3816 5619 annum

2228 5633 2651 5706 MCCXXVLed.
2682 5632 2910 5706 LeiAbuit.
2943 5643 3071 5689 tom.
3104 5634 3144 5688 l.
3176 5651 3231 5706 p.
3254 5634 3381 5702 5M,
3412 5633 3536 5690 5I5.

2327 5706 2365 5778 ι)
2394 5705 2485 5778 Cf.
2517 5705 2710 5778 [hom
2753 5703 2903 5778 Cale.
2938 5708 3136 5778 testim.
3167 5703 3219 5778 [3.
3252 5706 3339 5761 12.

2324 5775 2397 5848 m)
2420 5776 2502 5832 cr.
2533 5776 2728 5831 Thom.
2760 5775 2910 5831 Ga‘le.
2941 5775 2976 5830 1.
3005 5777 3040 5830 ι.
3070 5793 3123 5849 ρ.
3157 5775 3247 5832 is.

609 5885 1010 5972 ’fSchlueterus
1041 5888 1128 5972 illa
1150 5891 1453 5972 carmiuae
1473 5891 2129 5972 codicibusbibliothecae
2233 5889 2459 5972 Classic.
2489 5889 2648 5972 auct.
2694 5897 2734 5970 t.
2765 5888 2826 5953 V,
2859 5904 2911 5972 p.
2943 5889 3050 5944 426
3078 5905 3230 5972 seqq.
3266 5891 3412 5950 edita
3444 5891 3586 5966 typis
3617 5891 3819 5964 repeti-

544 5957 840 6016 Vaticanae
865 5973 973 6014 non
1000 5960 1208 6030 primus
1237 5963 1478 6030 protulit,
1509 5963 1603 6018 sed
1631 5963 1699 6017 ab
1744 5962 1967 6030 Angelo.
1991 5962 2132 6020 Maio
2233 5961 2331 6015 vit.
2361 5959 2442 6016 Cf.
2479 5957 2834 6014 Prooemium.
2860 5957 3132 6015 'Axmxnv.
3156 5957 3322 6017 Ευιτ.
