4036 5342
273 428 340 482 49
1069 420 1156 475 DE
1200 418 1357 477 VITA
1393 420 1480 476 ET
1522 421 1928 478 Ριυερερτιε
1966 422 2015 478 J.
2055 422 2272 480 SCOTI.
2313 453 2383 465 -
2415 423 2594 481 PARS
2631 427 2672 482 l.
3465 430 3536 485 50

271 544 404 598 lihro
434 539 502 595 de
540 535 1026 606 praedestinatione
1071 534 1380 601 contulerit,
1431 535 1565 590 nihil
1615 550 1836 606 prorsus
1865 543 1916 600 Α
1944 536 2067 592 dem
2092 537 2142 592 in
2167 537 2373 596 fontem
2399 540 2772 612 originemque
2790 555 2941 598 suam
2968 542 3044 616 (id
3073 551 3155 600 est
3181 542 3372 616 Deum)
3415 547 3536 603 red-

273 630 612 690 dubitationis
651 629 702 684 ei
737 627 1089 697 relinquetur.
1123 627 1240 695 Quo
1276 626 1476 681 factum
1505 636 1611 690 est,
1645 636 1705 681 ut
1725 625 1839 696 jam

267 725 466 795 pridem
514 721 656 776 inter
700 719 848 774 viros
885 717 1074 774 doctos
1104 733 1210 774 uno
1239 718 1394 788 quasi
1425 733 1519 772 ore
1559 717 1663 772 hac
1701 717 1752 772 in
1781 731 1840 772 re

265 820 331 874 sit
353 829 691 872 consensum.

327 911 474 980 Quod
520 919 702 964 autem
745 907 983 964 Thomas
1023 906 1222 963 Galeus
1261 906 1314 961 in
1356 904 1692 977 praefatione
1727 905 1841 962 edi-

265 1005 416 1061 tionis
436 1018 566 1058 suae
589 1005 665 1073 (p.
702 1002 760 1068 4)
784 1002 992 1066 scribit,
1017 1009 1185 1055 testes
1207 999 1310 1054 fide
1330 999 1521 1070 dignos
1545 997 1834 1064 afﬁrmare,

260 1097 467 1152 Florum
507 1095 584 1166 (α)
631 1095 730 1150 hos
767 1094 952 1159 libros,
989 1109 1096 1165 quo
1139 1093 1352 1148 facilius
1385 1092 1712 1158 confutaret,
1746 1094 1838 1149 de-

257 1201 524 1258 pravasse,
565 1187 702 1241 haec
743 1184 959 1255 quidem
998 1185 1219 1240 omnino
1243 1185 1420 1240 inanis
1444 1194 1528 1240 est
1576 1185 1833 1256 suspicio.

258 1280 435 1336 Testes
463 1278 540 1333 illi
586 1285 737 1344 sunt,
776 1278 1068 1341 credimus,
1113 1277 1368 1332 Matthias
1405 1277 1836 1334 Westmonastc-

256 1373 438 1427 riensis
467 1368 560 1442 (ad
585 1386 785 1426 annum
811 1369 1297 1440 DCCCLXXXIII),
1335 1379 1389 1425 et
1417 1371 1460 1425 si
1499 1372 1591 1441 qui
1617 1373 1754 1427 forte
1784 1373 1834 1428 in

255 1465 400 1534 hujus
438 1463 605 1518 verba
644 1461 916 1530 iurarunt.
955 1461 1084 1526 Sed,
1133 1462 1445 1532 quicunque
1476 1472 1622 1526 sunt,
1669 1480 1835 1534 quum

252 1557 429 1612 Florus
467 1555 559 1610 ille
593 1557 778 1626 (quem
818 1554 1424 1612 Westmonasteriensis
1469 1577 1486 1609 ‹
1535 1559 1774 1628 ignorari
1812 1580 1830 1611 ι

251 1647 540 1718 wntendit)
569 1663 675 1702 non
698 1647 865 1702 libros
887 1649 953 1703 de
976 1647 1217 1714 Naturis,
1239 1651 1332 1705 sed
1357 1651 1555 1706 librum
1584 1654 1650 1708 de
1679 1670 1836 1725 prae-

252 1740 602 1795 destinatione
644 1741 1055 1812 impugnaverit,
1107 1745 1581 1802 vehementissime
1616 1763 1835 1805 errave-

249 1841 383 1887 runt.
417 1831 534 1887 Iluc
571 1833 803 1898 accedit,
827 1834 970 1904 quod
999 1835 1145 1905 ipsos
1181 1836 1348 1893 libros
1371 1850 1624 1895 accurate
1653 1843 1832 1911 perle-

1945 629 2086 685 itura
2113 645 2236 686 esse
2271 652 2317 688 ι.

2013 723 2161 790 Quae
2184 725 2539 798 philosophia,
2566 742 2728 798 quam
2761 737 3013 785 accurate
3039 729 3360 786 lutulentum
3391 729 3534 786 istud

1943 815 2036 885 (sit
2060 818 2214 872 venia
2248 817 2438 891 verbo)
2478 819 2646 876 chaos
2678 819 3105 877 Alexandriam
3137 822 3530 878 recentiorum-

1940 923 2047 979 que
2075 909 2496 978 Platonicorum,
2529 929 2664 983 quos
2691 923 2910 981 vocant,
2956 913 3181 982 referat,
3228 931 3386 971 nemo
3424 931 3532 971 non

1941 1002 2108 1069 videt,
2140 1014 2302 1076 atque
2333 1006 2386 1060 in
2418 1007 2592 1078 capite
2615 1008 2659 1063 II
2695 1009 2916 1064 uberius
2945 1025 2976 1063 a
3014 1009 3170 1065 nobis
3201 1009 3535 1066 demonstra-

1941 1100 2053 1148 tum
2081 1103 2184 1150 est.
2218 1096 2400 1166 Itaque
2422 1096 2537 1168 jam
2585 1114 2682 1169 per
2725 1115 2785 1155 se
2814 1099 3023 1170 liquere
3058 1101 3408 1166 arbitramur,
3441 1102 3533 1172 qui

1940 1184 2142 1243 factum
2174 1189 2262 1254 sit,
2295 1200 2354 1244 ut
2387 1190 2476 1245 alii
2516 1192 2917 1262 philosophiam
2960 1193 3119 1248 istam
3154 1193 3533 1264 Erigenianam

1939 1298 2099 1353 quam
2132 1286 2365 1340 maxime
2411 1288 2518 1342 sint
2547 1289 2865 1354 abominati,
2906 1288 2995 1343 alii
3024 1297 3213 1344 contra
3245 1289 3533 1360 amplexati

1938 1375 2143 1432 fuerint
2181 1380 2548 1450 cupidissime.
2600 1383 2803 1436 Horum
2850 1392 3051 1450 autem,
3095 1383 3186 1454 qui
3227 1383 3532 1450 laudarent,

1938 1485 2218 1534 numerus,
2249 1486 2414 1540 quum
2458 1482 2673 1542 patrum
2704 1482 3014 1530 nostrorum
3055 1475 3313 1528 memoria
3345 1476 3534 1527 admo-

1939 1561 2064 1616 dum
2116 1562 2343 1633 exiguus
2381 1563 2604 1629 fuisset,
2662 1573 2844 1620 nostra
2896 1573 3111 1628 aetate,
3165 1581 3264 1620 ncc
3323 1574 3538 1634 praeter

1937 1667 2146 1717 eorum,
2183 1654 2274 1723 qui
2312 1655 2546 1724 sapiunt,
2597 1657 2936 1726 opinionem!
2992 1657 3227 1712 immane
3273 1667 3535 1728 quantum

1937 1755 2022 1800 est
2072 1755 2284 1800 auctus.
2338 1746 2577 1813 Quorum
2628 1758 2862 1818 partem,
2913 1751 3004 1819 qui
3053 1767 3252 1820 operae
3301 1751 3534 1822 pretium

1939 1839 2158 1898 duxerit
2203 1843 2538 1912 cognovisse,
2590 1843 2749 1898 adeat
2792 1843 3094 1900 Schluetcri
3140 1844 3534 1914 praefationem

247 1925 382 1996 genti
402 1941 462 1980 ea
486 1928 966 1998 apparetpartium
993 1929 1364 1997 cohaerentia,
1391 1931 1437 1987 is
1458 1931 1685 1988 offertur
1701 1951 1827 1991 scn-
1864 1916 1910 1976 Β
1933 1947 1988 2003 p.
2015 1927 2103 1987 VII
2135 1948 2251 2004 seq.
2280 1934 2376 1990 Est
2398 1943 2596 2001 tamen,
2623 1945 2682 1990 ut
2713 1936 2766 1991 in
2803 1946 2992 1992 senatu
3018 1937 3110 1991 illo
3133 1968 3202 1977 —
3226 1957 3243 1988 ε
3277 1946 3534 2007 tanquam

249 2022 530 2076 tentiarum
553 2037 746 2084 nexus,
775 2031 834 2076 ut
862 2023 963 2078 hoc
984 2023 1098 2078 solo
1129 2035 1452 2103 argumento
1483 2028 1720 2085 confisus
1749 2030 1832 2085 vir

247 2114 617 2183 doctissimus,
668 2115 927 2183 Hockius,
975 2117 1118 2173 illam
1169 2119 1411 2176 Thomas
1459 2121 1613 2178 Galei
1658 2125 1830 2196 suspi-

247 2206 466 2274 cionem,
501 2216 565 2262 ut
591 2223 809 2275 vanam,
831 2209 957 2278 jure
982 2211 1349 2282 repudiaverit
1372 2213 1470 2286 (ὁ).

309 2301 392 2356 Bis
415 2301 644 2356 omnino
674 2301 796 2358 libri
828 2303 894 2358 de
940 2305 1204 2360 divisione
1244 2304 1480 2362 Naturae
1528 2309 1670 2378 typis
1705 2318 1832 2364 sunt

243 2392 484 2464 descripti
520 2412 534 2448 :
576 2394 811 2465 primum
861 2411 911 2451 a.
946 2395 1306 2454 MDCLXXXI
1342 2399 1591 2470 prodiere
1634 2400 1829 2457 Oxonii

243 2500 330 2554 per
389 2485 658 2541 Thomam
717 2486 985 2554 Galeum,
1046 2489 1439 2558 Oxoniensem;
1515 2493 1706 2548 deinde
1775 2509 1825 2547 a.

243 2574 734 2633 MDCCCXXXVIII
780 2577 1090 2635 Monasterii
1153 2577 1608 2652 Guestphalorum
1661 2599 1829 2654 opera

240 2667 294 2725 C.
343 2670 402 2725 Β.
453 2669 790 2738 Schlueteri,
833 2670 1292 2729 Monasteriensis.
1337 2673 1616 2731 Posterior
1664 2678 1830 2732 editio

240 2772 451 2834 propter
499 2763 907 2820 multitudinem
951 2765 1294 2832 mendorum,
1317 2783 1546 2838 quorum
1576 2784 1643 2824 ne
1667 2770 1830 2826 index

240 2855 442 2926 quidem
462 2855 720 2927 adjeCtus
737 2865 839 2921 est,
865 2859 1032 2928 priori
1061 2857 1218 2929 longe
1238 2868 1320 2914 est
1339 2861 1708 2930 postponenda
1733 2861 1825 2932 (ε).

305 2946 545 3004 Externa
575 2949 874 3005 disserendi
901 2948 1096 3016 forma,
1127 2965 1233 3020 qua
1257 2950 1451 3006 Scotus
1482 2952 1567 3006 his
1595 2952 1647 3007 in
1678 2953 1830 3009 libris

239 3043 413 3110 utitur,
450 3052 544 3099 est
579 3043 776 3115 dialogi
809 3064 822 3100 :
864 3047 1184 3116 magistrum
1231 3046 1374 3101 enim
1403 3061 1525 3102 cum
1567 3047 1830 3118 discipulo

239 3133 627 3206 colloquentem
671 3135 849 3204 finxit,
890 3137 1192 3208 horumque
1230 3139 1576 3194 sermonibus
1605 3139 1830 3195 alternis

237 3233 395 3282 totam
441 3227 872 3297 disputationem
918 3229 1022 3284 rite
1065 3228 1299 3285 deducit.
1346 3229 1415 3286 Ut
1445 3230 1725 3299 magister,
1757 3230 1826 3284 ita

1936 2028 2127 2083 altiore
2193 2029 2382 2098 spiritu
2448 2027 2627 2084 alﬂato
2685 2049 2703 2082 ›
2761 2031 3042 2086 videamus
3093 2047 3199 2086 non
3263 2032 3536 2088 neminem

1937 2121 2012 2187 (p.
2048 2117 2338 2191 XII-XIII),
2364 2133 2522 2189 quem
2551 2121 2896 2190 supercilium
2924 2123 3230 2176 censorium
3271 2137 3535 2192 perquam

1938 2210 2096 2266 facile
2145 2211 2307 2266 istinc
2347 2212 2594 2267 moverit.
2637 2210 2756 2267 Jam
2805 2229 2936 2268 vero
2984 2212 3103 2268 illos
3143 2213 3235 2283 qui
3266 2215 3536 2283 vitupera-

1934 2309 2086 2365 runt,
2109 2300 2155 2355 si
2175 2315 2497 2355 enumerare
2520 2300 2769 2366 velimus,
2792 2302 2908 2358 dies
2929 2302 3172 2372 profecto
3194 2302 3412 2358 deficiat
3435 2304 3527 2372 (e).

1935 2392 2113 2459 Quare
2142 2394 2244 2448 hoc
2268 2393 2387 2449 loco
2415 2408 2475 2450 ea
2510 2402 2718 2448 tantum
2757 2395 3126 2460 narrabimus,
3150 2410 3291 2465 quae
3323 2395 3390 2448 ab
3424 2395 3534 2460 his,

1933 2487 2025 2558 qui
2057 2486 2124 2540 ad
2167 2484 2225 2541 S.
2267 2485 2544 2542 Ecclesiae
2589 2498 2774 2542 nostra
2807 2488 3171 2558 gubernacula
3215 2487 3531 2554 consedere,

1935 2577 2198 2632 adversus
2224 2577 2391 2633 libros
2419 2578 2486 2633 de
2511 2577 2735 2633 Naturis
2765 2587 2913 2650 gesta
2939 2588 3086 2635 sunt.

2004 2668 2129 2724 Fuit
2161 2668 2328 2739 igitur
2351 2670 2570 2725 ineunte
2615 2671 2831 2727 saeculo
2873 2669 3007 2736 XIII,
3039 2687 3203 2741 quum
3231 2671 3535 2727 Amalricus

1935 2761 2223 2828 Benensis,
2247 2761 2414 2817 David
2443 2762 2510 2817 de
2542 2761 2790 2818 Dinando
2826 2764 2894 2835 (s.
2941 2762 3197 2835 Dinanto)
3230 2763 3533 2832 horumque

1935 2855 2146 2926 reliqua
2201 2857 2356 2912 turba
2399 2857 2564 2912 totius
2596 2856 2799 2913 Galliae
2839 2857 3134 2912 Ecclesiam
3172 2857 3536 2912 vehementis-

1935 2947 2073 3002 sime
2107 2946 2397 3002 vexabant.
2451 2948 2762 3003 Doctrinam
2808 2963 2984 3012 suam,
3027 2956 3293 3017 quatenus
3327 2962 3533 3003 memo-

1935 3040 2050 3096 riae
2095 3049 2179 3096 est
2208 3041 2506 3110 proditum,
2540 3040 2656 3096 fere
2685 3040 2911 3097 Joannis
2939 3041 3086 3096 Scoti
3134 3041 3274 3104 libro
3311 3041 3371 3096 de
3399 3041 3534 3096 divi-

1935 3132 2097 3188 sione
2114 3131 2355 3188 Naturae
2384 3133 2674 3190 debebant.
2701 3133 3000 3190 Gersonius
3037 3134 3273 3204 quidem,
3307 3134 3392 3188 vir
3429 3132 3531 3188 do-

1934 3226 2230 3292 ctissimus,
2261 3227 2499 3282 univers.
2529 3226 2702 3285 Paris.
2737 3227 2984 3291 cancell.,
3016 3228 3151 3283 haec
3173 3227 3424 3284 docuisse
3457 3229 3536 3284 ait

238 3318 526 3390 discipulus
547 3335 694 3375 nunc
720 3321 1034 3393 interrogat,
1068 3337 1212 3378 nunc
1234 3322 1628 3394 interrogatur;
1659 3332 1819 3394 atque
1846 3311 1894 3374 C
1924 3319 2258 3375 Amalricum
2285 3320 2383 3392 (f):
2421 3338 2438 3371 ι
2477 3318 2672 3375 Omnia
2696 3328 2821 3375 sunt
2854 3319 2996 3374 Deus
3023 3337 3034 3373 :
3057 3319 3198 3376 Deus
3235 3328 3290 3375 et
3325 3319 3529 3375 omnia.

237 3409 338 3476 ille,
361 3411 485 3466 dum
513 3410 766 3467 altiorem
787 3429 852 3469 ac
874 3413 1285 3484 speculativam,
1315 3431 1476 3486 quam
1501 3415 1823 3481 vocitamus,

235 3503 605 3575 philosophiae
656 3505 1067 3576 theologiaequc
1116 3507 1480 3577 cognitionem
1520 3507 1826 3578 exceperis,

235 3598 318 3653 vix
350 3615 458 3655 una
497 3597 688 3655 schola
720 3597 822 3652 dici
851 3608 1015 3668 queat
1047 3600 1272 3654 doctior.

297 3691 372 3748 De
397 3692 570 3747 totius
599 3690 782 3761 operis
803 3699 1124 3762 argumento
1150 3701 1312 3762 atque
1339 3691 1540 3759 indole,
1570 3691 1827 3763 quoniam

235 3784 284 3840 in
311 3783 479 3842 altera
505 3793 729 3840 nostrae
765 3785 1075 3857 scriptionis
1100 3795 1253 3857 parte
1289 3789 1506 3859 proprie
1542 3788 1825 3860 disputan—

234 3877 350 3933 dum
399 3886 507 3943 est,
558 3878 661 3934 hoc
709 3877 827 3934 loco
866 3878 999 3934 satis
1042 3879 1347 3935 habendum
1390 3881 1738 3948 arbitramur,
1780 3882 1824 3938 si

233 3966 313 4023 illa
340 3969 602 4026 Bruckeri
646 3969 830 4035 verba,
863 3985 1000 4040 quae
1040 3969 1153 4039 jam
1197 3986 1360 4042 supra
1408 3987 1438 4026 a
1479 3973 1634 4028 nobis
1665 3971 1824 4027 allata

233 4072 369 4130 sunt,
410 4064 612 4118 iterum
657 4072 844 4119 nostra
889 4063 1196 4120 fecerimus.
1244 4064 1334 4118 Ait
1386 4065 1550 4136 igitur
1587 4064 1824 4121 Brucke-

232 4169 319 4210 rus
363 4155 468 4227 (ά),
520 4171 738 4211 omnem
788 4154 935 4211 Scoti
988 4155 1382 4226 philosophiam
1432 4157 1538 4212 huc
1588 4155 1821 4212 rcdire‘:

239 4264 256 4295 ι
289 4245 500 4314 Omnia,
530 4264 886 4319 quaecunque
922 4259 1068 4315 sunt,
1104 4264 1210 4305 non
1242 4249 1552 4305 radicaliter
1584 4250 1741 4307 modo
1771 4257 1825 4306 et

233 4339 552 4409 virtualiter,
574 4344 667 4399 sed
688 4353 746 4400 et
763 4344 1128 4399 essentialiter
1151 4344 1203 4399 in
1222 4343 1333 4399 Deo
1354 4345 1644 4412 contineri,
1663 4355 1826 4416 atque

234 4433 361 4490 adeo
399 4436 584 4492 omnia
631 4452 700 4492 ex
729 4436 839 4493 Deo
892 4438 960 4494 ab
1004 4446 1225 4493 aeterno
1267 4451 1554 4510 progressa
1600 4452 1722 4495 esse
1770 4446 1823 4493 et

233 4527 468 4599 ﬂuxisse,
501 4532 662 4605 inque
691 4532 872 4588 varias
913 4532 1116 4588 classes
1156 4531 1473 4588 inferiorum
1499 4541 1556 4588 et
1581 4534 1822 4604 superio-

236 4639 370 4691 rum,
397 4627 727 4683 deteriorum
759 4626 1148 4696 meliorumqne
1187 4627 1390 4682 entium
1424 4628 1673 4684 distincta
1704 4637 1821 4683 tan-

302 4737 375 4877 (ﬂ;
402 4737 487 4794 Cf.
513 4756 634 4812 sup.
663 4739 796 4812 Cap.
825 4738 885 4794 V.
917 4739 1019 4796 col.
1043 4739 1134 4806 ιθ,
1169 4749 1282 4796 not.
1315 4738 1352 4794 Ι.

303 4809 351 4877 (b
401 4808 484 4864 Cf.
517 4812 807 4877 Ephemer.
837 4811 1105 4866 Bonnens.
1133 4811 1266 4868 fasc.
1300 4813 1346 4868 X

324 4808 374 4884 ὁ)
401 4808 484 4884 Cf.
517 4808 807 4882 Ephemér.
834 4811 1105 4884 Bonnens.
1133 4811 1266 4868 fasc.
1300 4811 1442 4868 XVI.
1475 4829 1527 4884 p.
1554 4811 1644 4867 37.

325 4881 373 4954 c)
407 4881 584 4954 Atque
621 4884 714 4954 hic
741 4882 876 4954 satis
913 4884 1147 4953 graviter
1177 4885 1434 4954 conqueri
1476 4881 1589 4937 non
1628 4898 1816 4954 possu-

235 4953 378 5024 mus!
406 4951 654 5024 Est’apud
680 4952 906 5024 Galeum
924 4951 1248 5009 mendorum
1273 4951 1559 5009 multitudo
1586 4951 1774 5023 ingens
1798 4969 1814 5010 :

236 5019 419 5096 desunt
452 5019 697 5096 plurimis
737 5023 872 5079 locis
913 5025 1120 5096 integra
1151 5027 1334 5090 verba,
1363 5026 1561 5096 integri
1603 5019 1812 5082 versus.

234 5088 430 5148 Horum
453 5088 824 5152 'Schlueterus
873 5095 973 5150 nisi
1021 5088 1342 5164 paucissima
1395 5088 1507 5152 ηοιῖ
1547 5096 1811 5152 sustulit:

235 5176 328 5216 nec
352 5179 487 5242 nova
506 5167 716 5225 desunt.
742 5165 1042 5241 Collegerat
1067 5177 1245 5223 autem
1272 5165 1592 5252 Galeususua
1624 5170 1814 5246 menda

1849 4687 1900 4747 ι)

1933 3410 2160 3468 Crealor
2200 3420 2256 3467 et
2295 3421 2546 3467 creatura
2592 3412 2736 3469 idem
2787 3421 2934 3468 sunt.
2987 3413 3127 3469 Deus
3169 3413 3288 3470 ideo
3333 3413 3534 3469 dicitur

1933 3505 2058 3559 linis
2083 3505 2348 3571 omnium,
2379 3505 2524 3576 quod
2553 3507 2736 3561 omnia
2769 3521 3054 3562 reversura
3085 3515 3213 3562 sunt
3237 3507 3290 3562 in
3332 3507 3531 3577 ipsum,

1932 3603 1994 3648 ut
2024 3595 2079 3650 in
2104 3610 2170 3651 eo
2204 3595 2621 3652 immutabiliter
2654 3597 3085 3667 conquiescant:
3114 3606 3171 3654 et
3197 3614 3364 3654 unum
3394 3599 3532 3655 indi-

1930 3687 2153 3743 viduum
2212 3697 2373 3759 atque
2421 3689 2862 3744 incommutahile
2916 3689 3327 3760 permanebunt.
3381 3688 3534 3746 Sicut

1930 3780 2208 3837 Abraham
2245 3790 2299 3837 et
2335 3782 2488 3838 Isaac
2533 3783 2694 3838 unius
2732 3782 2970 3852 ejusdem
3017 3792 3225 3839 naturae
3270 3791 3417 3849 sunt,
3451 3784 3534 3840 sic

1929 3874 2112 3930 omnia
2141 3890 2261 3930 esse
2289 3890 2479 3942 unum,
2500 3883 2556 3930 et
2577 3876 2765 3931 omnia
2795 3891 2916 3933 esse
2947 3876 3114 3934 Deum
3141 3895 3156 3933 :
3187 3877 3357 3934 Deum
3380 3878 3526 3933 enim

1928 3982 2048 4023 esse
2072 3968 2312 4023 omnium
2335 3975 2708 4023 creaturarum
2731 3969 3050 4036 essentiam,
3071 3977 3179 4026 cet.
3202 3989 3247 4024 ι.
3267 3969 3434 4025 David
3463 3969 3529 4026 de

1927 4060 2196 4126 Dinando,
2239 4061 2499 4116 Amalrici
2545 4061 2862 4133 discipulus,
2913 4062 3130 4118 easdem
3181 4079 3269 4119 res
3317 4072 3527 4118 tantum

1927 4166 2034 4207 non
2086 4153 2277 4209 iisdem
2326 4154 2508 4210 verbis
2551 4155 2799 4211 docuisse
2853 4157 3089 4211 traditur
3136 4158 3235 4228 (g).
3283 4156 3524 4224 Quorum

1927 4246 2195 4301 sententia
2225 4245 2359 4300 nihil
2401 4255 2486 4302 est
2515 4246 2877 4317 Erigenianae
2903 4247 3153 4304 similius.
3187 4248 3340 4316 Quod
3386 4249 3525 4306 infra

1926 4354 1957 4394 a
1988 4339 2143 4394 nobis
2167 4346 2488 4410 exponetur.
2520 4339 2707 4410 Neque
2733 4340 2870 4397 haec
2898 4357 2988 4397 res
3013 4340 3098 4396 illa
3132 4350 3310 4398 aetate
3344 4341 3522 4398 latuit.

1927 4432 2137 4488 Diserte
2181 4432 2325 4488 enim
2375 4441 2604 4488 narrant
2656 4432 2926 4500 historici,
2981 4431 3128 4488 Scoti
3178 4433 3348 4490 nostri
3389 4448 3526 4504 opus

1927 4527 2273 4598 compilatum
2300 4543 2419 4584 esse
2457 4528 2526 4583 ab
2556 4526 2828 4583 Amalrico
2857 4527 2956 4600 (It).
2984 4526 3056 4581 At
3091 4527 3311 4582 tradunt
3336 4527 3523 4596 etiam,

1930 4621 2070 4689 illos,
2087 4637 2317 4693 quorum
2338 4633 2475 4688 erat,
2501 4637 2608 4678 non
2631 4620 2805 4678 solum
2829 4622 3112 4677 damnasse
3135 4620 3282 4676 Scoti
3304 4621 3523 4687 lihrmn,

1925 4753 2202 4813 pravatam
2227 4760 2246 4794 ι
2271 4743 2437 4806 dicas,
2466 4757 2628 4811 quam
2647 4748 2716 4813 ut
2738 4739 2854 4810 ipse
2886 4741 2962 4811 (p.
2988 4737 3032 4808 I)
3055 4737 3438 4813 «emendatam
3474 4755 3520 4791 ι.

1996 4815 2077 4890 (_d_)_
2105 4814 2188 4870 Cl'.
2232 4813 2365 4890 git.
2397 4807 2619 4890 philos._
2645 4807 2836 4890 histor.
2884 4807 3020 4890 tom.
3070 4807 3135 4890 III
3183 4808 3334 4890 (edit.
3373 4807 3522 4890 hips.

1927 4877 2107 4955 ΠΗ),
2143 4900 2196 4956 p.
2223 4884 2350 4956 621.
2388 4877 2566 4956 Atque
2589 4883 2654 4938 de
2682 4883 2765 4936 his
2799 4883 2929 4956 ipsis
2953 4877 3207 4935 Bruckeri
3242 4877 3526 4956 locutioni-

1924 4957 2025 5012 bus
2048 4946 2301 5012 consulas
2339 4946 2567 5012 velimus
2587 4995 2604 5022 ,
2637 4967 2777 5024 quae
2805 4946 2951 5010 dicta
2977 4958 3104 5008 sunt
3134 4963 3256 5018 sup.
3284 4946 3416 5018 Cap.
3450 4946 3514 5013 II,

1923 5027 2488 5224 001(i2)i(lf{llgt‘:pft(lap.
2517 5099 2582 5166 II,
2614 5094 2720 5151 col.
2749 5093 2814 5149 ll
2837 5104 2950 5152 not.
2981 5111 3034 5160 ε,
3065 5089 3158 5146 ubi
3186 5103 3371 5144 eorum
3395 5102 3527 5143 non-

1925 5186 1996 5224 nu
2040 5186 2100 5224 os
2127 5185 2156 5223 a
2210 5186 2240 5223 u
2268 5184 2428 5224 imus.

1925 5184 2100 5226 nullos
2127 5184 2428 5224 attulimus.

2468 5238 2655 5279 ’nnn":;
2703 5251 2868 5276 nnan
2921 5233 3101 5278 ηηιηῖα
3368 5225 3528 5261 Vince
