4056 6276
2385 319 2414 336 ad

461 405 522 462 si
1508 398 1595 463 oc
1632 405 1901 464 JOANNE
1939 391 2161 466 εροτο
2195 392 2716 467 COMMENTATIO.
3679 411 3754 466 52

459 536 650 578 verum
701 521 864 574 etiam
914 519 1129 591 publice
1183 533 1247 574 ac
1296 519 1592 577 seleuniter
1642 518 1886 579 comburi
1934 521 2050 592 ius-
2078 521 2279 588 Afuit,
2307 523 2568 592 prodiissc
2621 520 2686 578 de
2730 523 2943 596 integro
2990 521 3044 578 in
3104 517 3380 593 publicum
3430 522 3594 581 libros
3634 525 3751 597 jam

461 615 599 670 sissc
635 613 730 684 (η).
769 613 1076 679 Albericns,
1111 615 1271 668 trium
1323 616 1551 672 fontium
1599 618 1919 683 monachus,
1964 617 2055 686 qui

463 707 749 762 admodum
809 706 916 761 ﬁde
969 707 1167 777 dignus
1244 709 1477 763 habetur
1529 709 1666 782 (ο),
1725 711 1794 765 ad
1856 723 2057 764 annum

462 799 749 856 nccxxv
794 783 928 855 haec
971 799 1172 854 refert:
1211 813 1230 852 ο
1269 801 1506 858 Litterae
1550 804 1746 858 summi
1787 801 2058 872 pontiﬁcis

462 893 712 963 (llonorii
737 892 824 962 illi
847 915 948 946 ---.
976 932 990 946 .
1021 932 1034 946 .
1055 894 1162 948 hoc
1181 905 1326 948 anno
1347 893 1460 966 (de)
1484 895 1690 950 solenni
1714 895 2058 950 damnatione

459 985 747 1055 cujusdam
790 983 952 1040 libelli
985 983 1207 1040 loannis
1236 986 1405 1040 Secti.
1450 986 1720 1042 Honorius
1748 988 2056 1057 eplSCOptiS,

463 1091 658 1134 servus
703 1091 984 1133 servorum
1037 1077 1154 1143 Dei,
1198 1079 1624 1150 archiepiscopis
1667 1085 1722 1136 et
1765 1079 2055 1151 epismpisv

461 1181 570 1228 etc.
597 1171 855 1229 Inimicus
894 1173 1058 1226 homo
1085 1171 1295 1226 zizania
1333 1169 1474 1227 bono
1505 1173 1697 1228 semini
1729 1171 2056 1242 supersemi-

464 1275 600 1320 nare
623 1279 729 1320 non
771 1273 972 1331 cessat,
1015 1272 1122 1322 etc.
1161 1264 1343 1336 Nuper
1381 1263 1672 1336 siquidem,
1718 1267 1860 1322 sicut
1903 1267 2057 1322 nobis

463 1357 790 1430 signiﬁcavit
815 1359 1074 1415 venerab.
1107 1358 1280 1414 frater
1315 1371 1501 1415 noster
1529 1359 1818 1416 Parisiens.
1850 1361 2060 1431 episeo-

465 1449 570 1519 pis,
594 1458 678 1504 est
698 1451 916 1522 quidam
940 1451 1096 1516 liber,
1119 1454 1210 1522 qui
1231 1452 1474 1509 Periﬂsis
1494 1453 1760 1520 titulatur,
1787 1454 2054 1522 inventus,

468 1549 548 1597 tot
575 1551 794 1598 scatens
830 1546 1105 1601 vermibus
1152 1545 1461 1602 haereticae
1504 1547 1804 1618 pravitatis,
1855 1547 1997 1604 unde
2027 1565 2056 1603 a

467 1635 760 1690 venerabili
791 1635 958 1692 fratre
997 1646 1184 1694 nostro
1225 1639 1632 1709 archiepiscopo
1673 1639 1970 1696 Senonensi
2005 1649 2060 1696 et

461 1725 819 1798 suil‘raganeis
846 1729 985 1798 ejus,
1011 1731 1062 1786 in
1090 1731 1410 1803 provinciali
1444 1731 1674 1788 concilio
1695 1733 2057 1806 congregatis,

459 1818 610 1888 iusto
651 1829 734 1875 est
776 1823 870 1876 Dei
911 1820 1116 1890 judicio
1155 1821 1492 1892 reprobatus.
1525 1825 1662 1890 Quia
1694 1825 1860 1894 igitur
1896 1824 2052 1890 liber,

2163 614 2370 684 pridem
2412 613 2712 680 damnatos,
2743 613 2950 671 Romae
2983 615 3035 669 in
3067 611 3300 670 indicem
3332 612 3592 671 librorum
3619 629 3752 686 pro-

2163 705 2450 761 hibitorum
2488 707 2640 762 relati
2671 713 2827 775 sunt;
2857 716 3018 778 qnem
3049 706 3227 762 locum
3247 719 3406 762 suum
3443 705 3511 762 ad
3533 707 3756 763 hodier-

2163 815 2289 852 lllllll
2320 815 2490 870 usque
2529 801 2670 855 diem
2699 801 3056 856 obtinuerunt
3079 799 3176 872 (ὁ).

2233 889 2416 962 Neque
2447 873 2626 947 tamen
2655 892 2763 948 ullo
2789 896 2948 964 pacto
2971 889 3324 948 Schlueterus
3356 889 3760 962 reprehenden-

2161 983 2262 1040 dus
2291 991 2394 1050 est,
2423 993 2704 1056 prOpterea
2730 987 2898 1056 quod,
2923 985 3024 1041 etsi
3059 977 3387 1042 catholicon:
3418 988 3476 1041 se
3501 983 3758 1058 prolltea-

2159 1089 2268 1144 tur,
2315 1081 2620 1152 posthabita
2664 1095 2996 1138 summorum
3039 1081 3355 1154 pontiﬁcum
3403 1075 3758 1146 auctoritate,

2161 1176 2337 1230 denuo
2377 1173 2496 1231 illos
2535 1173 2701 1230 libros
2753 1175 3000 1231 ediderit.
3048 1171 3179 1230 Nam
3227 1179 3395 1244 qnnin‘
3439 1175 3540 1231 hoc
3579 1176 3759 1246 ipsum

2162 1278 2332 1338 nuper
2358 1283 2387 1321 a
2415 1269 2648 1338 quodam
2695 1267 2931 1323 monitus
2975 1265 3186 1332 fuiSSct,
3228 1276 3325 1338 per
3358 1261 3758 1322 adolescentem

2158 1359 2260 1416 sibi
2316 1361 2704 1417 amicissimum
2756 1363 3044 1416 certiorem
3106 1376 3228 1416 eum
3288 1354 3438 1427 ﬁcit,
3489 1373 3607 1415 sese
3659 1374 3764 1414 nec

2161 1452 2431 1508 audivisse
2460 1465 2718 1522 unquam,
2745 1467 2844 1508 nec
2868 1454 3108 1517 credere,
3139 1452 3304 1508 ullum
3345 1448 3569 1508 Joannis
3605 1453 3760 1506 Scoti

2160 1543 2424 1614 Erigenae
2473 1557 2610 1614 opus
2654 1543 2706 1598 in
2761 1543 2997 1600 indicem
3051 1541 3314 1601 librorum
3359 1541 3763 1616 prohibiturum

2161 1636 2391 1692 relatum
2423 1651 2574 1702 esse;
2613 1649 2736 1693 eum
2786 1633 3040 1702 fortasse,
3084 1637 3361 1693 nominum
3407 1631 3768 1695 similitudine

2162 1727 2469 1798 deceptum,
2505 1738 2646 1800 quae
2683 1725 2748 1785 de
2786 1721 2992 1784 Joanne
3040 1727 3186 1785 Duns
3235 1725 3400 1785 Scoto
3443 1729 3767 1792 invenisset,

2165 1820 2231 1879 ad
2257 1819 2522 1877 lenonem
2553 1819 2774 1876 Scotum
2799 1821 3088 1894 Erigeuam
3115 1819 3443 1876 traduxisse.

467 1913 608 1968 sicut
642 1914 962 1984 recepimus,
1018 1915 1071 1969 in
1115 1916 1387 1970 nonnullis
1436 1887 1780 1972 monasteriis
1827 1923 1881 1971 et
1936 1916 2059 1973 aliis
2087 1887 2135 1959 Β
2240 1912 2496 1970 Venimus
2543 1925 2687 1970 nunc
2734 1909 2801 1969 ad
2844 1887 2914 1968 ea
2951 1908 3271 1984 simpliciter
3305 1902 3599 1974 afferenda,
3643 1921 3768 1980 qua:

465 2003 601 2060 locis
628 2005 878 2072 habetur,
903 2017 958 2062 et
983 2007 1301 2064 claustrales
1330 2009 1567 2063 nonnulli
1611 2017 1666 2064 et
1713 2009 1813 2064 viri
1847 2007 2056 2064 schola-

463 2099 583 2153 stici
610 2137 626 2154 .
653 2137 667 2153 .
701 2139 715 2152 .
745 2115 806 2154 se
833 2101 1129 2155 studiosius
1153 2110 1418 2170 occupant
1448 2101 1678 2156 lectione
1704 2101 1832 2156 dicti
1863 2089 2052 2156 libri...

465 2204 565 2244 nos
613 2187 771 2258 juxta
821 2188 1108 2259 pastoralis
1165 2187 1541 2246 sollicitudinis
1583 2191 1824 2245 debitum
1871 2199 2056 2246 corru-

467 2280 660 2351 ptelae,
704 2296 866 2350 quam
912 2290 1094 2352 posset
1139 2281 1384 2354 ingerere
1428 2283 1567 2338 iiber
1593 2282 1920 2353 huiusmodi,
1963 2295 2055 2337 oc.

467 2387 690 2428 currere
743 2382 1070 2444 satagentes,
1119 2375 1272 2430 vobis
1316 2375 1582 2430 universis
1627 2383 1680 2430 et
1730 2375 1954 2446 singulis
2001 2373 2054 2430 in

467 2468 669 2524 virtute
688 2469 748 2524 3.
781 2469 1018 2540 Spiritus
1045 2471 1289 2526 districto
1311 2473 1693 2542 praecipiendo
1716 2472 2052 2539 mandamus,

468 2571 733 2631 quatenus
763 2563 1002 2618 libellum
1031 2564 1194 2618 istum
1230 2565 1459 2620 sollicite
1486 2565 1830 2638 perquiratis,
1859 2574 1914 2620 et
1941 2563 2054 2622 ΠΜ⁴

467 2665 682 2726 cunque
708 2656 882 2726 ipsum
903 2656 987 2711 vel
1010 2665 1218 2726 partem
1243 2659 1358 2728 eius
1395 2658 1624 2713 inveniri
1653 2658 1958 2732 contigerit,
1991 2657 2056 2712 ad

469 2760 590 2811 nos,
617 2746 662 2800 si
697 2757 890 2802 secure
920 2747 1037 2802 ﬂeri
1066 2748 1256 2819 possit,
1282 2750 1398 2804 sine
1431 2747 1688 2804 dilatione
1716 2747 1942 2804 mittatis
1978 2760 2062 2806 so-

471 2837 705 2892 lenniter
750 2839 1207 2907 eomburendum,
1266 2841 1502 2912 alioquin
1555 2855 1648 2898 vos
1699 2843 1798 2913 ipsi
1849 2841 2062 2914 publice

471 2929 805 2986 comburatis
833 2931 1086 2998 eundem,
1117 2932 1346 2988 subditis
1374 2935 1570 2989 Vestris
1597 2947 1854 3005 expresse
1890 2933 2064 3006 injun-

473 3033 680 3096 gentes,
729 3035 812 3093 ut,
861 3029 1168 3098 quicunque
1202 3029 1442 3098 ipsorum
1491 3030 1692 3086 habent
1733 3031 1816 3086 vel
1865 3028 2065 3087 habere

2159 2021 2302 2062 unus
2334 2013 2391 2063 et
2431 2008 2559 2064 item
2609 2007 2745 2063 alter
2788 2005 2905 2064 sine
2941 2017 3104 2064 causa
3147 2003 3454 2063 necessaria
3501 2003 3769 2076 Erigonae

2161 2101 2368 2156 tribuit.
2399 2099 2538 2154 Sunt
2565 2099 2684 2156 fere
2708 2101 2841 2156 haec
2868 2097 2947 2174 (ά)
2975 2119 2990 2156 :
3405 2087 3410 2090 ’

2228 2193 2268 2247 l.
2309 2211 2327 2244 ι
2362 2193 2628 2264 Execrpta
2653 2207 2718 2247 ex
2750 2188 3024 2249 Macrobio
3054 2191 3119 2248 de
3148 2189 3466 2248 dili'erentiis
3499 2199 3553 2247 et
3593 2193 3772 2247 socie—

2158 2285 2363 2339 tatibus
2402 2283 2596 2339 Graeci
2640 2283 2926 2355 Latinique
2983 2283 3132 2340 verbi
3179 2303 3224 2338 ι.
3268 2277 3327 2339 11.
3366 2299 3385 2336 ι
3433 2277 3662 2339 llomilia
3698 2284 3772 2338 de

2157 2377 2314 2434 initio
2363 2377 2635 2448 Evangelii
2691 2379 2990 2434 secundum
3048 2377 3313 2432 Joannem
3369 2391 3416 2432 ο.
3463 2376 3613 2444 Quae
3660 2375 3772 2430 duo
3807 2413 3822 2418 -

2159 2471 2346 2540 utique
2415 2469 2738 2541 Erigcniana
2803 2485 2944 2535 esse,
3019 2464 3314 2525 verisimile
3369 2473 3611 2540 potatur.
3676 2455 3766 2522 111.

2166 2581 2184 2613 ι
2223 2561 2684 2619 Commentarium
2716 2565 2768 2620 in
2799 2558 3116 2636 Dionysium
3154 2557 3537 2634 AreOpagitam
3575 2583 3620 2616 ι.
3653 2561 3771 2616 lioc

2161 2660 2254 2730 qui
2296 2657 2513 2725 viderit,
2547 2661 2689 2730 quod
2739 2657 2954 2732 quidem
2995 2651 3106 2725 illi,
3159 2669 3297 2730 quos
3344 2653 3486 2730 (sup.
3543 2665 3657 2713 net.
3707 2640 3770 2710 (ί)

2163 2756 2415 2807 auctores
2447 2761 2661 2809 nostros
2704 2744 3060 2814 laudavimus,
3093 2745 3196 2808 sibi
3235 2749 3645 2824 persuaserunt,
3687 2760 3778 2805 est

2165 2842 2400 2901 fortasse
2428 2860 2605 2902 nemo.
2631 2844 2749 2901 iam
2779 2859 2909 2900 vero
2939 2855 3120 2902 nostra
3146 2853 3323 2901 aetate
3355 2845 3445 2899 Dr.
3469 2832 3770 2904 Grcithius,

2163 2935 2439 3009 paroehus
2469 2935 2857 3009 Sangallensis,
2889 2940 2944 2993 in
2969 2935 3296 2996 bibliotheca
3321 2931 3582 2994 Vaticana
3619 2941 3779 3006 repe-

2168 3032 2240 3086 rit
2286 3030 2356 3103 (ε)
2393 3044 2412 3083 ‹
2463 3030 2832 3100 expositiones
2871 3029 2924 3084 in
2972 3024 3198 3086 Joannis
3231 3023 3380 3085 Scott
3427 3019 3494 3082 ad
3545 3026 3778 3082 Pseudo-

473 3125 700 3188 possunt
726 3117 779 3172 in
806 3127 918 3173 toto
947 3119 1032 3174 vel
1058 3119 1110 3173 in
1133 3127 1287 3189 parte
1311 3121 1640 3190 exemplaria
1669 3121 1798 3176 dicti
1828 3114 1976 3187 iibi‘i,
2002 3135 2065 3176 ea
2169 3123 2527 3196 Areopagitae
2547 3121 2910 3179 hierarchiam
2939 3119 3230 3179 caelestem
3261 3128 3307 3176 i.
3344 3117 3509 3192 Typis
3535 3119 3774 3174 nondum

475 3215 630 3270 nobis
659 3215 772 3285 (ne)
804 3214 1053 3270 diii‘erant
1087 3217 1386 3286 resignare,
1436 3210 1490 3271 in
1521 3229 1710 3271 omnes
1737 3257 1751 3281 ,
1801 3215 1891 3287 qui
1925 3215 2065 3270 ultra
2117 3285 2137 3287 _7
2171 3226 2254 3270 est
2304 3212 2652 3286 descriptum,
2684 3219 3043 3286 praeterquam
3091 3205 3232 3284 quod
3277 3209 3451 3268 locum
3500 3211 3774 3284 quendam

476 3305 571 3363 XV
594 3308 731 3373 dies,
763 3316 1045 3379 postquam
1075 3285 1379 3378 huiusmodi
1407 3309 1722 3362 mandatum
1741 3285 1839 3362 seu
1863 3307 2069 3364 denun-
2095 3285 2142 3350 C
2175 3308 2243 3365 de
2267 3306 2327 3366 S.
2353 3285 2697 3363 Eucliaristia
2724 3319 2789 3362 ex
2820 3319 2886 3362 eo
2917 3302 3139 3378 protulit
3177 3291 3476 3370 Hceilerus,
3498 3317 3659 3376 quem
3698 3299 3776 3361 lo—

475 3397 641 3452 eiatio
669 3397 738 3452 ad
763 3397 1010 3453 notitiam
1056 3409 1244 3453 earnm
1279 3397 1608 3468 pervenerit,
1631 3397 1826 3453 librum
1867 3397 2064 3469 ipsum,

480 3498 650 3544 totum
679 3497 772 3543 aut
817 3499 1050 3560 partem,
1078 3491 1317 3545 scienter
1352 3491 1594 3546 retinere
1618 3492 2064 3562 praesumserint,

475 3585 1054 3642 «communicationis
1079 3586 1403 3641 sententiam
1433 3585 1747 3651 incurrisse,
1777 3593 2067 3659 notamque

475 3679 760 3748 pravitatis
789 3677 1096 3734 haeretieae
1135 3691 1241 3732 non
1281 3678 1528 3734 evadent.
1581 3679 1776 3734 Datum
1809 3679 2064 3735 Laterani

475 3768 524 3826 ι
548 3769 660 3824 Cal.
694 3768 855 3824 Febr.
893 3786 912 3820 ι
941 3778 1045 3823 eet.

549 3860 693 3916 Haec
739 3859 904 3932 igitur
941 3868 1232 3931 postquam
1284 3861 1354 3914 ab
1411 3859 1648 3917 Honorio
1689 3861 1754 3917 lli
1811 3862 2067 3919 adversus

473 3954 644 4011 libros
667 3955 732 4008 de
757 3953 976 4009 Naturis
995 3967 1254 4023 supremo
1273 3954 1542 4024 supplicio
1565 3955 1770 4010 sancita
1796 3961 1939 4021 sunt,
1971 3964 2068 4026 per

471 4048 751 4119 proximos
775 4043 990 4101 CCCCL
1038 4057 1230 4113 annos,
1277 4047 1402 4101 dtnn
1445 4038 1685 4102 Thomas
1710 4045 1879 4109 Galei,
1917 4047 2065 4103 Oxo-

475 4144 698 4205 niensis,
737 4155 898 4212 opera
927 4140 1068 4214 typis
1103 4139 1505 4206 describuntur,
1529 4143 1750 4197 omnino
1780 4155 2069 4212 propemo-

475 4237 605 4292 dum
633 4235 891 4292 oblivioni
923 4233 1149 4290 traditos
1190 4245 1286 4288 eos
1317 4233 1482 4289 fuisse
1509 4233 1721 4289 credas.
1755 4232 1940 4304 Neque
1971 4229 2066 4298 illi,

478 4331 570 4401 qui
603 4331 808 4383 interea
833 4327 1010 4383 sancti
1037 4327 1250 4382 concilii
1296 4325 1597 4379 Tridentini
1634 4325 1790 4395 jussu
1838 4323 2068 4378 indicem

477 4421 742 4476 libroruin
781 4415 1176 4490 prohibitoriun
1231 4419 1538 4482 coniecere,
1593 4415 1742 4471 Scoti
1789 4414 1956 4470 libros
2006 4409 2072 4470 de

479 4516 688 4572 lltlllli'is
723 4522 1068 4571 curaverunt.
1117 4514 1187 4570 At
1216 4527 1386 4584 quum
1427 4513 1662 4585 primum
1707 4511 2070 4568 renuntiatum

2101 4556 2152 4617 D

2177 3415 2298 3456 cum
2351 3413 2452 3454 nos
2482 3414 2696 3471 quoque
2737 3411 2899 3468 supra
2947 3397 3087 3468 (cap.
3127 3387 3195 3452 iV
3226 3394 3392 3468 extr.)
3440 3393 3774 3467 exscriptuin

2175 3491 2436 3548 habemus
2449 3491 2506 3548 ⁸.
2522 3492 2687 3564 Cujus
2717 3489 2819 3547 loci
2843 3491 3016 3546 oratio
3047 3487 3281 3546 estsatis
3309 3478 3652 3560 Erigehlana.
3683 3482 3774 3544 iV.

2173 3586 2652 3658 interpretationes
2679 3583 2900 3640 Latinae
2927 3592 2981 3639 et
3015 3595 3033 3636 t
3080 3573 3362 3638 Moralium
3403 3581 3709 3638 Arisimelis
3746 3600 3768 3634 ι

2174 3685 2229 3735 et
2261 3699 2280 3731 α
2322 3679 2599 3733 variarum
2640 3676 2966 3733 mirabilium
3013 3675 3360 3732 historiarum
3402 3695 3448 3729 ι.
3487 3663 3580 3730 illa
3621 3659 3774 3730 Seoti

2173 3785 2294 3831 esse
2337 3771 2552 3828 facilius
2595 3776 2862 3840 negatur,
2915 3777 3076 3840 quam
3132 3767 3450 3824 conceditur
3488 3785 3500 3822 :
3545 3761 3614 3824 de
3668 3767 3776 3822 hac

2173 3871 2372 3939 negare
2401 3879 2508 3919 non
2539 3861 2802 3918 dubitant.
2847 3859 2910 3917 ν.
2948 3879 2967 3912 ι
3010 3853 3472 3916 commentarium
3502 3857 3554 3913 in
3595 3857 3775 3912 Evan-

2173 3955 2370 4030 gellum
2401 3957 2696 4012 secundum
2727 3949 3058 4009 Matthaeum
3105 3966 3156 4019 ι,
3203 3961 3226 4004 t
3271 3954 3535 4007 tractatus
3569 3946 3635 4006 de
3657 3947 3774 4004 oili-

2175 4049 2275 4104 ciis
2301 4049 2552 4104 humanis
2580 4065 2600 4100 ι
2631 4055 2735 4102 cet.
2767 4055 2874 4102 cet.
2906 4045 3009 4112 Qui
3057 4036 3199 4110 libri,
3231 4041 3446 4116 quando
3490 4057 3520 4097 a
3563 4039 3777 4100 Joanne

2178 4139 2262 4194 vel
2291 4153 2322 4193 a
2357 4138 2521 4194 Scoto
2561 4138 2740 4208 aliquo
2778 4137 2962 4206 scripti
2994 4138 3263 4200 dicantur,
3293 4131 3554 4192 continuo
3581 4147 3609 4188 a
3638 4133 3773 4188 viris

2177 4229 2371 4296 doctis,
2395 4232 2484 4300 qui
2513 4229 2783 4301 opinando
2804 4229 3096 4301 plurimum
3127 4225 3303 4284 Valere
3323 4223 3548 4288 soleant,
3573 4221 3770 4279 Joanni

2178 4333 2367 4381 nostro
2419 4324 2674 4394 adscripti
2722 4323 3064 4378 creduntur:
3113 4331 3364 4377 constare
3415 4319 3599 4381 enim,
3651 4309 3772 4370 aliis

2181 4415 2326 4486 ipsos
2357 4414 2470 4471 fere
2494 4415 2806 4472 auctoribus
2837 4413 3046 4481 deberi,
3073 4413 3270 4484 quibus
3293 4411 3456 4467 unum
3499 4405 3580 4464 vel
3609 4407 3774 4463 Joan-

2181 4510 2264 4566 nis
2287 4510 2374 4566 νει
2403 4509 2552 4568 Scoti
2571 4523 2770 4567 nomen
2801 4519 2924 4566 cum
2949 4509 3145 4566 Nostro
3170 4511 3458 4564 cotnniune
3479 4501 3659 4561 fuerit.

1663 4815 1911 4895 PARS
1973 4809 2574 4897 POSTEBIOR.

1215 4993 1328 5067 §i.

544 5086 781 5144 Naturae
805 5088 875 5162 (s.
899 5087 1122 5163 φύσεως)
1155 5086 1372 5144 nomine
1397 5085 1896 5158 comprehenditur,
1921 5086 2076 5158 quid-

549 5268 623 5341 (a)
646 5267 732 5341 Ci”.
746 5267 975 5341 Gerson.
1001 5276 1054 5341 et
1069 5265 1327 5341 Tennem.
1351 5263 1446 5320 1.1.
1464 5261 1659 5341 Thom.
1683 5263 2064 5341 Gal_e‘.i_testim.

476 5357 530 5410 p.
558 5336 649 5395 i2.
685 5337 826 5394 Hist.
858 5339 957 5392 litt.
989 5340 1052 5393 (te
1074 5338 1127 5394 la
1161 5336 1387 5410 France,
1423 5345 1552 5393 tom.
1589 5336 1656 5403 γ,
1685 5337 1890 5410 ρρίὲξ.

549 5411 622 5483 (ιι)
649 5411 802 5478 Quod
833 5411 1303 5483 pluribusprobat
1341 5409 1426 5483 vir
1465 5407 1709 5464 summus
1733 5408 1796 5465 ϐ.
1825 5409 1888 5463 G.
1915 5407 2073 5483 Leib-

477 5479 644 5552 pitius
675 5485 725 5537 in
757 5479 928 5552 praei.
957 5483 1023 5535 ad
1057 5479 1284 5536 alterum
1312 5479 1514 5535 volunt.
1561 5489 1784 5552 paratae
1814 5496 1841 5532 a
1871 5495 1929 5534 se
1971 5480 2073 5533 itu-

472 5557 562 5626 jus
588 5551 822 5626 Alberici
851 5553 1124 5626 editionis.

553 5627 620 5696 (ci
652 5624 1108 5696 Cf.|_ni_l_._libror.
1147 5623 1403 5696 prohibit.
1441 5623 1574 5679 edit.
1617 5620 1987 5678 Mechliniens.
2019 5636 2070 5674 a.

479 5693 999 5762 nonccxxxvni,
1025 5713 1077 5767 p.
1104 5695 1226 5750 ias.

2185 4993 2313 5062 quid
2348 5009 2366 5040 ι
2397 4989 2481 5045 vel
2511 4987 2695 5043 animo
2723 4985 2926 5058 percipi
2953 4993 3164 5056 potest,
3191 4980 3275 5038 vel
3315 4981 3480 5036 animi
3521 4980 3777 5035 intentio-

2185 5099 2306 5140 nem
2333 5087 2552 5155 superat
2589 5097 2634 5134 ο.

2247 5265 2324 5336 (d)
2355 5263 2438 5320 Cf.
2473 5263 2609 5318 Hist.
2637 5261 2738 5316 (in.
2763 5260 2908 5336 dcta
2937 5259 3324 5336 FranreLtotn.
3353 5257 3498 5336 ιλιι
3523 5257 3626 5312 427
3655 5271 3774 5336 seq.

2177 5329 2369 5392 ΤΙιῦιίι.
2393 5337 2546 5398 Gale,
2579 5341 2700 5387 test.
2733 5349 2787 5402 p.
2821 5335 2878 5388 ll
2928 5342 2983 5388 et
3025 5347 3079 5401 p.
3121 5330 3207 5386 l3.
3247 5330 3355 5385 Nos
3377 5331 3520 5384 illaut
3559 5329 3778 5402 potissi~

2179 5423 2324 5463 mum
2369 5408 2652 5462 historiam
2687 5401 2858 5460 sécuti
2899 5419 3106 5468 sumus,
3151 5418 3312 5472 qttae,
3363 5412 3420 5454 ut
3459 5402 3652 5462 serius,
3701 5401 3776 5454 ita

2178 5479 2486 5533 accuratius
2540 5478 2640 5531 bac
2689 5478 2756 5532 de
2806 5491 2864 5529 rc
2921 5475 3223 5545 disputasse
3289 5473 3553 5534 videatur,
3611 5485 3776 5539 quam

2179 5551 2420 5606 Thomas
2447 5548 2666 5605 Galeus.

2252 5621 2320 5693 (ε)
2343 5621 2427 5677 Cf.
2463 5621 2698 5686 Hoeller,
2743 5619 2826 5674 die
2865 5618 3146 5673 deutschen
3179 5615 3394 5687 Pripsle,
3421 5613 3586 5670 Mitti.
3623 5611 3687 5678 ll,
3717 5627 3774 5682 p.

2179 5697 2250 5750 80
2275 5709 2392 5763 seq.

547 5853 581 5888 ⁸⁸
603 5851 1130 5910 Commentariorum
1163 5850 1469 5924 fragmenta
1497 5862 1634 5922 quae
1665 5859 1976 5921 supersunt,
2010 5865 2042 5905 e
2070 5850 2351 5909 codicibus
2373 5858 2526 5904 eruta
2559 5859 2702 5902 nunc
2735 5848 2964 5918 primum
2995 5845 3280 5902 edidimus.
3322 5839 3586 5901 Asiam.
3613 5841 3774 5898 Enn.
