4056 6276
277 430 346 484 55
1137 430 1224 483 DE
1264 429 1423 485 VITA
1464 429 1551 484 ET
1587 430 1877 484 ΡΒᾹΞΟΕΡ

1981 431 1994 482 i
2032 431 2079 484 .l.
2126 431 2342 487 SCOTI.
2378 460 2442 473 —
2491 429 2669 489 PARS
2710 434 2752 488 11
3493 442 3563 495 54

1029 540 1144 611 δε.

351 633 388 688 l.
429 653 447 684 ε
481 631 664 687 Prima
718 648 784 688 ac
807 649 1018 688 summa
1053 634 1349 704 (naturae)
1397 634 1592 692 divisio
1619 643 1701 689 est
1729 634 1782 687 in
1811 648 1874 688 ea

278 743 421 796 quae
445 735 593 792 sunt,
624 728 759 784 etin
782 743 848 782 ea
872 744 1018 798 quae
1045 744 1150 783 non
1181 738 1307 784 sunt
1342 749 1385 780 ι.
1420 728 1502 798 (l,
1541 727 1628 797 l.)

353 819 635 875 llabcutur
657 831 836 874 autem
861 821 1100 890 quinque
1133 841 1151 871 ι
1180 823 1321 877 modi
1369 841 1415 885 ι,
1448 822 1644 890 quibus
1673 821 1875 890 aliquid

280 912 388 966 dici
414 922 596 982 potest
622 912 704 966 vel
738 932 756 964 ι
789 929 930 977 esse,
966 934 982 965 ι
1017 914 1100 967 vel
1137 933 1154 964 ι
1189 930 1293 968 non
1326 928 1445 968 esse
1481 931 1525 968 ι.

1028 1029 1138 1102 gs.

358 1163 376 1194 ‹
406 1142 648 1210 Quorum
681 1143 886 1214 primus
917 1144 1146 1209 videtur,
1173 1159 1269 1214 per
1297 1159 1457 1215 quem
1489 1145 1626 1200 ratio
1663 1144 1871 1211 suadet,

279 1235 500 1303 omnia,
545 1253 684 1307 quae
713 1253 975 1307 corporeo
1007 1231 1186 1292 sensui
1217 1238 1300 1292 vel
1341 1237 1728 1307 intelligentiae
1755 1255 1875 1308 per-

280 1328 521 1398 ceptioni
553 1330 932 1394 succumbunt,
960 1345 1117 1400 posse
1156 1329 1546 1384 rationabiliter
1575 1327 1677 1383 dici
1711 1345 1830 1383 esse
1858 1347 1870 1381 :

277 1432 422 1490 quae
470 1433 600 1474 vero
643 1435 741 1488 per
786 1419 1158 1475 excellentiam
1213 1436 1343 1476 suae
1392 1431 1618 1475 naturae
1659 1434 1875 1474 omnem

281 1527 525 1576 sensum,
546 1511 876 1566 intellectum
908 1514 1281 1580 rationemque
1311 1509 1538 1582 fugiunt,
1559 1510 1682 1579 jure
1702 1507 1874 1566 videri

280 1617 388 1656 nou
419 1616 540 1657 esse
576 1621 620 1656 ›.
661 1602 772 1657 Hoc
802 1603 966 1674 igitur
996 1603 1153 1658 modo
1179 1604 1433 1659 dicuntur
1463 1611 1582 1660 esse
1610 1604 1873 1673 quaedam

283 1695 712 1764 uniuscujusque
759 1697 1027 1751 essentiae
1069 1697 1398 1762 accidentia,
1443 1712 1548 1751 non
1590 1713 1708 1752 esse
1747 1712 1874 1752 vero

284 1789 426 1858 ipsas
456 1789 762 1854 essentlas;
807 1789 1076 1845 essentiae
1120 1789 1326 1861 (enim)
1361 1797 1726 1860 agnoscuntur
1767 1804 1870 1843 non

286 1900 301 1930 ι
335 1881 465 1952 quid
493 1881 602 1936 sint
631 1901 677 1949 ι,
706 1883 801 1938 sed
828 1884 1082 1954 (tantum)
1122 1901 1138 1934 ι
1169 1882 1294 1952 quia
1322 1883 1429 1938 sint
1461 1903 1503 1936 ι.
1539 1881 1600 1955 (l,
1633 1882 1800 1953 2-5.)

1017 1995 1132 2068 54.

356 2126 374 2157 ι
407 2104 693 2164 Secundus
721 2095 913 2164 modus
954 2109 1008 2163 in
1048 2118 1362 2165 naturarum
1395 2119 1703 2166 creatarum
1730 2110 1877 2164 ordi-

277 2199 438 2254 nibus
491 2199 885 2255 consideratur.
935 2198 1317 2271 Unusquisque
1363 2201 1498 2257 ordo
1549 2210 1725 2272 potest
1769 2202 1873 2256 dici

277 2309 431 2357 esse,
484 2305 539 2348 et
575 2310 680 2350 non
710 2310 848 2350 esse.
879 2294 1159 2350 Inferioris
1202 2295 1346 2352 enim
1379 2295 1686 2361 aﬂirmatio,
1717 2312 1879 2366 supe-

279 2385 437 2438 rioris
464 2394 545 2439 est
573 2387 826 2457 negatio;
870 2386 1147 2444 inferioris
1185 2388 1430 2460 negatio,
1463 2397 1547 2444 est
1581 2390 1876 2458 superioris

277 2475 568 2532 afﬁrmatio
596 2498 614 2530 ι
650 2487 756 2532 ert.
798 2478 862 2550 tl,
888 2478 968 2551 4.)

1015 2593 1123 2664 ss.

356 2723 374 2754 ι
409 2703 594 2758 Tertio
623 2704 784 2758 modo
813 2719 900 2768 ea,
932 2719 1072 2773 quae
1098 2719 1163 2759 ex
1193 2703 1372 2758 causis
1401 2704 1512 2758 suis
1551 2703 1604 2757 in
1645 2705 1876 2759 materia

279 2796 534 2856 formata,
568 2796 620 2848 in
655 2795 989 2864 temporibus
1018 2805 1072 2848 et
1098 2795 1231 2849 locis
1253 2803 1506 2865 generata
1540 2811 1877 2866 cognoscun-

281 2897 389 2950 tur,
425 2889 659 2958 quadam
690 2889 1084 2943 consuetudine
1113 2887 1344 2943 dicimus
1379 2897 1536 2953 esSe;
1581 2904 1718 2958 quae
1748 2904 1877 2945 vero

279 2975 457 3034 adhuc
496 2980 552 3032 in
593 2980 723 3048 ipsis
770 2989 996 3035 naturae
1027 2981 1236 3036 sinibus
1262 2981 1641 3044 continentur,
1683 2997 1784 3035 nec
1823 2982 1875 3037 in

279 3072 513 3125 fut-mata
549 3074 776 3126 materia
810 3113 822 3126 .
857 3113 870 3126 .
911 3112 923 3126 .
960 3082 1240 3144 apparent,
1273 3075 1456 3130 eadem
1487 3076 1877 3131 consuetudine

279 3166 512 3219 dicimus
545 3181 650 3220 non
679 3181 802 3221 esse
845 3186 886 3218 ›.
924 3167 974 3238 (l
999 3210 1011 3232 ,
1043 3165 1134 3238 5.)

1017 3279 1134 3354 56.

356 3414 372 3444 ι
408 3394 648 3461 Quartus
679 3395 869 3450 modus
915 3398 1206 3450 secundum
1253 3395 1601 3467 philosophos
1631 3413 1739 3452 non
1771 3398 1871 3452 im-

279 3483 634 3555 probabiliter
666 3501 728 3539 ea
760 3496 963 3540 tantum
994 3503 1118 3542 vere
1142 3503 1260 3543 esse
1292 3489 1444 3554 dicit,
1482 3505 1620 3560 quae
1651 3490 1764 3545 solo
1794 3491 1872 3546 in-

285 3579 498 3634 tellectu
531 3581 1093 3649 comprehenduntur;
1122 3598 1260 3650 quae
1285 3592 1463 3638 autem
1487 3583 1728 3638 locorum
1752 3599 1876 3654 spa-

285 3672 369 3725 tiis
418 3681 830 3740 temporumque
876 3671 1109 3725 motibus
1155 3673 1467 3738 variantur,
1518 3674 1870 3743 colliguntur,

282 3764 591 3831 solvuntur,
619 3778 748 3819 vere
779 3762 1032 3819 dicuntur
1061 3779 1167 3819 non
1197 3779 1316 3820 esse
1349 3785 1390 3818 ι.
1423 3765 1495 3836 (Ι,
1527 3765 1606 3836 6.)

1018 3899 1132 3974 57.

365 4033 384 4064 ι
421 4012 650 4082 Quintus
679 4013 870 4070 modus
895 4014 946 4068 in
976 4014 1088 4070 sola
1122 4023 1310 4069 natura
1341 4013 1573 4071 humana
1606 4032 1634 4070 a
1667 4015 1875 4074 ratione

289 4107 637 4177 eonSpieitur.
676 4107 821 4163 Haec
869 4110 1045 4175 enim,
1094 4109 1346 4179 quoniam
1383 4110 1595 4163 divinae
1627 4111 1875 4181 imaginis

285 4201 630 4273 dignitatem,
663 4202 715 4256 in
751 4217 852 4272 qua
885 4203 1100 4274 proprie
1129 4204 1388 4269 substitit,
1423 4205 1692 4274 peccando
1719 4207 1874 4260 dese-

285 4298 415 4362 ruit,
446 4297 641 4351 merito
667 4311 788 4352 esse
816 4313 968 4353 suum
1001 4297 1267 4368 perdidit,
1300 4307 1353 4352 et
1390 4298 1507 4352 ideo
1539 4298 1734 4354 dicitur
1772 4315 1877 4353 non

284 4407 443 4457 esse;
499 4393 807 4458 dum,vero
852 4391 944 4446 Dei
994 4391 1167 4462 gratia
1217 4399 1519 4447 restaurata
1566 4393 1630 4446 ad
1690 4392 1877 4462 pristi—

285 4499 414 4538 num
451 4481 784 4538 substantiae
812 4499 940 4538 suae
968 4491 1168 4538 statum
1217 4483 1511 4548 reducitur,
1554 4485 1771 4540 inchoat
1804 4486 1879 4539 νίν

284 4590 412 4630 vere
438 4573 515 4646 (α)
549 4591 594 4628 ι.
622 4573 691 4646 (ἰ,
723 4575 798 4642 7.)

1026 4665 1133 4739 gis.

363 4800 382 4831 ‹
415 4778 674 4835 Videmus
707 4781 922 4849 itaque,
959 4782 1257 4836 cavendum
1287 4798 1437 4848 esse,
1471 4798 1536 4837 ne
1565 4782 1670 4837 illis
1692 4823 1706 4848 ,
1738 4799 1877 4853 quae

288 4873 488 4928 Scelus
513 4871 750 4927 Naturae
789 4873 1004 4927 nomine
1038 4875 1480 4944 comprehendit,
1528 4875 1878 4946 pluribusque

288 4965 465 5020 modis
495 4975 588 5018 aut
612 4979 730 5021 esse
756 4975 846 5020 aut
878 4982 982 5020 nou
1017 4982 1136 5022 esse
1162 4967 1266 5022 dici
1294 4984 1450 5038 posse
1476 4969 1730 5033 declarat,
1772 4970 1879 5026 ullo

241 5069 258 5130 ξ
289 5065 449 5125 pacto
475 5058 741 5114 contineri
772 5058 1143 5113 existimemus
1185 5073 1307 5123 res,
1341 5075 1480 5128 quae
1513 5076 1638 5114 vere
1665 5077 1727 5115 ac
1751 5077 1878 5130 pro-

364 5214 440 5284 (a)
471 5214 781 5271 Beducetur
809 5215 1060 5271 videlicet
1091 5215 1400 5286 aliquando,
1425 5217 1782 5286 quodcunque
1804 5225 1885 5270 est

295 5288 574 5342 hominmn
611 5291 833 5359 (etcum
863 5289 1169 5342 hominibus
1209 5289 1371 5340 etiam
1407 5287 1610 5356 reliqua
1647 5305 1662 5336 ‹
1703 5288 1888 5340 visibi-

294 5359 425 5431 lium
453 5374 635 5431 rerum
665 5369 855 5431 natura
887 5359 943 5429 ι)
976 5359 1406 5431 substantialiter
1443 5360 1494 5412 in
1525 5360 1883 5413 substantiam

230 5453 244 5466 -
297 5429 558 5500 divinam.
590 5429 910 5496 Quod'ini’ra
937 5429 1095 5483 latius
1118 5445 1470 5500 exponemus.

367 5500 441 5568 (ιν)
479 5499 561 5572 Ci.
594 5517 712 5572 sup.
746 5516 867 5572 cap,
894 5502 976 5554 IV.
1004 5500 1108 5556 col.
1135 5499 1226 5567 “3'7,
1257 5507 1368 5556 not.
1399 5519 1423 5554 c
1450 5513 1598 5572 seqq.

369 5573 440 5640 (ε)
471 5571 553 5624 (ΞΓ.
587 5572 650 5625 de
681 5571 800 5625 Div.
829 5571 949 5626 Nat.
983 5573 1024 5636 l,
1058 5573 1109 5626 5.

368 5641 446 5710 (ᾷ)
479 5643 678 5708 Quarta
713 5643 801 5698 illa
840 5653 1061 5698 naturae
1106 5645 1314 5714 species
1346 5648 1418 5699 ita
1459 5663 1475 5693 ε
1515 5645 1653 5699 inter
1685 5646 1884 5714 impos-

299 5713 473 5790 sibilia
511 5716 730 5781 ponitur
767 5736 809 5780 ›,
841 5725 898 5768 ιιι
931 5731 1035 5769 non
1078 5713 1148 5790 sit
1193 5717 1460 5790 quoddam
1495 5731 1588 5785 per
1616 5732 1672 5770 se
1710 5736 1745 5790 i_
1764 5713 1889 5770 sub-

298 5784 495 5855 sistens
533 5806 550 5836 ›
583 5795 946 5855 quartumque
981 5802 1011 5839 a
1054 5783 1225 5842 tribus
1263 5787 1366 5841 illis
1398 5783 1687 5841 diversum.
1720 5787 1890 5841 Doce-

299 5853 478 5930 bimus
506 5853 682 5912 alitem
720 5853 878 5923 iulra,
911 5867 1161 5927 quartam
1207 5869 1442 5914 nostram
1493 5868 1715 5914 naturae
1764 5876 1887 5930 spes

303 5925 436 5982 ciem
468 5944 589 5984 esse
614 5946 775 5984 unam
797 5925 1130 6002 eandemque
1152 5945 1274 5986 cum
1298 5933 1475 6002 specie
1497 5933 1688 6001 prima,
1713 5925 1889 6004 ipsum

1898 543 1946 602 Α
1977 541 2091 610 prie
2119 541 2296 595 nullae
2325 544 2432 597 sint
2465 543 2758 609 dicendae,
2794 556 2933 614 quae
2971 557 3102 604 Vere
3128 564 3191 603 ac
3220 551 3437 621 proprie
3481 568 3563 606 re-

1978 635 2258 703 periantur
2284 651 2566 704 nusquam.
2603 636 2782 703 Quare
2807 637 2967 709 longe
2997 641 3100 695 alla
3137 649 3218 697 est
3247 644 3409 710 ratio,
3440 659 3562 699 cum

1979 725 2173 781 Scottis
2194 738 2412 798 peccata
2433 738 2889 802 peccatorumque
2910 747 3112 802 poenas
3131 750 3252 790 esse
3278 745 3439 806 negat
3456 738 3559 808 (ti):

1976 828 2194 886 peccata
2238 821 2383 874 enim
2433 830 2487 876 et
2533 836 2738 892 poenae
2775 825 2824 878 ei
2855 839 2980 879 vere
3009 825 3148 879 nulla
3180 835 3334 892 sunt,
3368 830 3565 898 quippe

1977 927 2116 980 quae
2163 912 2261 965 nisi
2307 913 2358 966 iu
2409 928 2620 979 rerum,
2657 929 2795 984 quae
2833 924 2991 982 sunt,
3033 917 3426 985 privationibus
3459 935 3560 973 non

1947 1067 1950 1072 _
1979 1002 2346 1072 intelligantur
2377 1006 2468 1076 (c).

2718 1100 2827 1172 δέ).

2046 1210 2108 1266 ll.
2137 1211 2258 1266 Jam
2287 1229 2415 1268 vero
2463 1213 2567 1268 alia
2613 1223 2696 1270 est
2745 1214 3021 1286 multoque
3070 1217 3285 1287 gravior
3332 1219 3564 1275 Naturae

1978 1301 2190 1358 divisio.

2054 1414 2071 1444 ε
2109 1395 2256 1462 Quae
2287 1396 2480 1451 divisio
2509 1396 2721 1454 videtur
2765 1408 2998 1468 quatuor
3037 1400 3245 1469 species
3283 1401 3561 1471 recipere:

1977 1503 2204 1556 quarum
2243 1489 2418 1557 prima
2455 1497 2569 1553 est,
2614 1506 2754 1559 quae
2800 1499 2949 1546 creat
2979 1501 3034 1546 et
3065 1507 3168 1546 non
3201 1501 3447 1558 creatur;
3483 1509 3566 1548 se-

1976 1581 2174 1644 cunda,
2205 1597 2343 1650 quae
2381 1591 2602 1637 creatur
2629 1592 2681 1636 et
2725 1593 2908 1649 creat;
2961 1584 3118 1637 tertia
3141 1624 3154 1648 ,
3183 1600 3325 1653 quae
3351 1594 3567 1640 creatur

1977 1682 2030 1728 et
2059 1688 2164 1726 non
2197 1682 2376 1738 creat;
2425 1683 2618 1744 quarta
2638 1714 2652 1738 ,
2685 1689 2822 1743 quae
2854 1689 2952 1728 nec
2985 1684 3136 1730 creat
3181 1689 3281 1730 nec
3323 1685 3564 1732 creatur.

1978 1763 2179 1818 [larum
2229 1773 2464 1832 quatuor
2511 1767 2669 1820 binae
2716 1766 2858 1820 inter
2903 1782 2960 1821 se
3005 1775 3382 1836 opponuntur:
3437 1782 3562 1821 nam

1980 1855 2138 1908 tertia
2163 1856 2452 1926 opponitur
2474 1856 2698 1924 primae,
2717 1866 2907 1926 quarta
2932 1857 3218 1912 secundae.
3237 1856 3339 1912 Sed
3367 1867 3555 1927 quarta

1979 1945 2119 2000 inter
2147 1946 2499 2014 impossibilia
2529 1947 2765 2016 ponitur,
2808 1948 2960 2017 cujus
2991 1946 3289 2002 ditl'erentia
3321 1958 3423 2011 est,
3457 1963 3562 2001 non

1975 2054 2136 2109 posse
2185 2055 2319 2095 esse.
2353 2070 2422 2079 —
2451 2039 2674 2094 Multum
2708 2040 3025 2110 (discipulus
3075 2039 3212 2110 intit)
3259 2055 3345 2095 me
3388 2048 3566 2093 movet

1979 2144 2173 2203 quarta
2205 2134 2416 2204 species
2441 2151 2455 2198 ;
2499 2150 2620 2187 nam
2649 2133 2716 2188 de
2745 2133 2866 2188 aliis
2896 2132 3068 2186 tribus
3094 2132 3237 2186 milio
3266 2133 3421 2187 modo
3444 2133 3570 2187 hae-

1980 2227 2145 2280 sitare
2175 2227 2378 2291 ausim,
2428 2242 2551 2280 cum
2595 2225 2768 2294 prima
2813 2226 2868 2278 in
2915 2239 3077 2279 causa
3108 2224 3386 2287 omnium,
3429 2239 3566 2293 quae

1981 2328 2122 2380 sunt,
2152 2326 2204 2372 et
2236 2333 2375 2386 quae
2404 2331 2508 2370 non
2535 2326 2678 2382 sunt,
2712 2315 3060 2386 intelligatur;
3090 2315 3326 2370 secunda
3353 2329 3482 2370 vero
3513 2315 3565 2370 in

1977 2409 2417 2480 piimordialibus
2455 2409 2663 2474 causis;
2705 2409 2864 2462 tertia
2910 2408 2960 2461 in
3010 2407 3126 2472 his,
3163 2422 3301 2477 quae
3329 2407 3382 2460 in
3409 2422 3572 2478 gene-

1981 2504 2187 2558 ratione
2239 2505 2680 2574 temporibusquc
2730 2519 2794 2557 ac
2836 2501 2968 2556 locis
3017 2507 3418 2572 cognoscuntur
3467 2500 3561 2570 (d).

1977 2598 2153 2668 Atque
2199 2599 2266 2652 de
2317 2598 2544 2669 singulis
2594 2596 2858 2669 disputari
2906 2594 3156 2651 subtilius
3202 2594 3566 2651 necessarium

1976 2701 2059 2745 est
2102 2712 2144 2745 ι.
2184 2691 2244 2762 (ι,
2277 2693 2330 2754 l,
2363 2692 2426 2757 ιι,
2460 2691 2538 2763 i.)

2699 2783 2726 2852 ς
2774 2784 2859 2838 io.

2053 2900 2116 2954 Α.
2151 2919 2168 2950 ι
2200 2900 2380 2954 Prima
2406 2900 2571 2968 igitur
2593 2897 2826 2952 Naturae
2851 2897 3056 2967 species
3083 2897 3194 2950 visa
3222 2903 3412 2958 estea,
3435 2907 3574 2964 quae

1979 3002 2129 3046 Ci'Ctll
2157 3001 2211 3046 ΘΙ.
2240 2998 2600 3051 ιιοη,,οι·είιιυί·
2636 3009 2682 3042 ι.

2057 3083 2198 3139 llaec
2235 3103 2251 3134 ι
2288 3084 2353 3137 dc
2383 3083 2496 3138 solo
2527 3081 2637 3135 Deo
2684 3089 2831 3135 recte
2877 3079 3257 3151 praedicatur:
3297 3074 3385 3130 hic
3429 3073 3572 3128 enim

1980 3175 2127 3235 solus
2163 3177 2344 3232 omnia
2393 3192 2586 3231 creaus
2606 3217 2619 3240 ,
2654 3174 2798 3229 solus
2827 3173 2940 3228 sine
2971 3172 3236 3243 principio
3265 3186 3385 3224 esse
3411 3166 3571 3222 intel-

1905 3280 1951 3342 ο
1983 3272 2187 3343 ligitur,
2215 3269 2338 3340 quia
2366 3267 2682 3340 principalis
2709 3281 2871 3322 causa
2903 3265 3166 3330 omnium,
3207 3278 3345 3333 quae
3368 3275 3430 3315 ex
3461 3261 3576 3329 ipso

1974 3375 2029 3422 et
2056 3381 2155 3436 per
2196 3364 2366 3432 ipsum
2411 3362 2551 3417 facta
2601 3368 2758 3425 sunt,
2809 3358 2953 3414 solus
2994 3367 3113 3423 est;
3149 3373 3210 3411 ac
3252 3371 3348 3426 per
3378 3353 3478 3408 hoc
3523 3360 3577 3407 et

1974 3457 2217 3512 omnitun
2243 3497 2256 3519 ,
2290 3470 2428 3524 quae
2454 3469 2516 3507 ex
2555 3453 2668 3522 ipso
2699 3459 2855 3510 sunt,
2892 3447 3011 3503 ﬁnis
3047 3445 3166 3502 est:
3217 3446 3388 3517 ipsum
3429 3443 3574 3497 enim

1982 3546 2164 3600 omnia
2212 3554 2490 3616 appetunt.
2523 3539 2852 3612 Principium
2886 3549 2997 3604 est,
3047 3538 3169 3608 quia
3210 3554 3276 3592 ex
3308 3538 3422 3608 ipso
3454 3542 3580 3590 sunt

1976 3633 2179 3702 omnia,
2218 3653 2356 3708 quae
2398 3637 2689 3690 essentiam
2752 3633 3114 3704 participz‘mt;
3157 3630 3278 3684 linis
3311 3638 3414 3694 est,
3451 3627 3576 3697 quia

1980 3729 2044 3784 ad
2078 3731 2251 3799 ipsum
2288 3738 2572 3783 tuerentur
2601 3729 2802 3792 omnia,
2830 3726 3064 3796 ('pjietcm
3104 3733 3282 3777 motus
3311 3723 3390 3776 sui
3422 3735 3576 3776 suae-

1978 3837 2081 3893 que
2107 3821 2455 3892 perfectionis
2483 3820 2829 3875 stabilitatem
2864 3817 3182 3887 quaerentia
3223 3835 3266 3868 ι.
3304 3809 3344 3886 (ῐ
3368 3856 3381 3878 ,
3413 3809 3523 3886 12.)

2692 3927 2720 4005 §
2763 3933 2845 3986 il.

2055 4067 2073 4100 ‹
2121 4048 2196 4102 Ex
2227 4047 2457 4103 essentia
2488 4062 2694 4108 eorum,
2723 4061 2866 4114 quae
2893 4053 3037 4107 sunt,
3059 4058 3126 4098 ex
3144 4041 3373 4096 mirabili
3399 4055 3576 4093 rerum

1979 4140 2192 4204 ordine,
2219 4155 2284 4193 ex
2316 4147 2461 4192 motu
2505 4138 2745 4192 omnium
2773 4135 2950 4190 stabili
2977 4133 3209 4200 theologi
3235 4140 3382 4186 recte
3419 4129 3578 4184 intel-

1982 4235 2256 4298 lexerunt,
2293 4233 2548 4286 Naturam
2582 4231 2898 4284 creatriccm
2928 4238 2982 4280 et
3020 4242 3158 4287 esse,
3189 4235 3242 4280 et
3284 4238 3493 4292 sapere,
3525 4232 3577 4277 et

1981 4328 2183 4382 vivere:
2212 4326 2288 4380 Ae
2322 4341 2415 4395 per
2438 4326 2538 4380 hoc
2570 4323 2917 4393 inquisitores
2944 4321 3188 4374 Veritatis
3213 4319 3575 4382 tradiderunt,

1983 4437 2077 4491 per
2098 4419 2390 4476 essentiam
2408 4417 2632 4487 intelligi
2649 4417 2886 4477 Patrem,
2902 4430 2997 4484 per
3018 4412 3333 4482 sapientiam
3359 4408 3575 4474 Filium,

1985 4529 2080 4582 per
2110 4513 2275 4566 vitam
2305 4511 2565 4580 Spiritum
2597 4508 2878 4564 Sanctum.
2920 4506 3108 4575 itaque
3153 4505 3448 4558 trinitatem
3481 4501 3576 4555 do-

1987 4614 2216 4660 cuerunt
2245 4619 2364 4658 esse
2405 4603 2457 4656 in
2488 4601 2713 4656 unitate.
2753 4630 2823 4640 ——
2858 4598 3030 4655 Unam
3066 4596 3307 4652 omnium
3357 4608 3576 4648 causam

1905 4687 1954 4745 D
1984 4697 2238 4750 dixerunt
2267 4697 2550 4749 unitatem.
2581 4691 2750 4760 Hujus
2781 4700 2980 4755 autem,
3023 4687 3257 4746 mirabili
3283 4702 3406 4740 eam
3435 4683 3546 4740 inul

1988 4788 2268 4857 tiplicitate
2288 4795 2625 4850 contuentes,
2657 4794 2767 4838 tres
2788 4780 3213 4851 substantias.(e)
3229 4777 3572 4834 intellexere:

1987 4880 2301 4948 ingenitam,
2328 4879 2585 4948 genitam,
2618 4875 3015 4946 procedentem.
3053 4871 3301 4925 Habitum
3330 4870 3397 4941 (s.
3445 4869 3578 4923 rela‘

1990 4971 2211 5039 tionem)
2244 4971 2512 5039 ingenitae
2541 4969 2604 5022 ad
2634 4967 2868 5038 genitam
2902 4964 3318 5019 nominaverunt
3341 4962 3575 5026 Patrem,

1992 5060 2230 5115 habitum
2255 5060 2467 5130 genitae
2501 5060 2567 5113 ad
2596 5057 2890 5128 ingenitam
2922 5056 3178 5111 dixerunt
3214 5053 3430 5118 Filium,
3477 5052 3577 5104 lia-

2001 5222 2182 5274 ticum.
2216 5219 2356 5271 Dens
2388 5217 2554 5279 enim,
2584 5215 2841 5288 quoniam
2879 5229 2942 5267 ex
2988 5229 3044 5267 se
3074 5211 3275 5288 eduxit,
3310 5221 3578 5288 quaecun-

1996 5309 2098 5356 que
2142 5305 2320 5344 rerum
2361 5279 2665 5342 ereataru'm
2703 5286 2904 5339 ambitu
2955 5283 3356 5356 continentur,‘
3383 5279 3580 5356 dicitur

1994 5349 2193 5416 Natura
2221 5377 2322 5415 non
2351 5369 2530 5414 creata
2561 5374 2772 5420 crcans,
2802 5357 3055 5425 quoniam
3083 5363 3261 5407 autem
3289 5349 3579 5425 aliquando

1994 5433 2174 5487 omnia
2209 5433 2292 5484 illa
2344 5433 2394 5483 in
2438 5447 2495 5484 se
2544 5431 2764 5484 reducta
2796 5421 3250 5495 comprehendet,
3299 5421 3428 5474 nihil
3467 5437 3580 5473 ain-

1997 5504 2133 5575 plius
2177 5519 2241 5557 ex
2287 5517 2344 5556 se
2384 5501 2646 5575 pollicens,
2696 5499 2891 5575 i\":_itu_r_a
2925 5497 3220 5567 appellatur
3262 5507 3364 5546 non
3397 5499 3576 5546 creata

2000 5570 2103 5630 non
2135 5571 2550 5647 (ξιξυςὶιῐειεβίῌ,
2584 5571 2616 5622 9
2643 5570 2779 5647 il”,
2809 5570 2918 5647 9-5;,
3220 5636 3231 5647 .
3310 5637 3319 5645 .
3415 5637 3422 5647 λ
3463 5635 3472 5644 .

2072 5648 2138 5716 ((⁷)
2181 5645 2296 5699 Lib.
2344 5639 2409 5706 ll,
2444 5634 2756 5716 itii-scribit
2801 5658 2841 5716 :_
2877 5638 2989 5716 Una
3036 5636 3267 5690 essentia
3310 5637 3358 5716 in
3411 5634 3580 5716 tribus

1998 5704 2333 5778 sul‘is'tantiis,
2363 5704 2412 5770 ct
2443 5725 2550 5769 tres
2581 5711 2911 5767 suimtantiac
2945 5710 2996 5762 in
3026 5723 3130 5760 una
3151 5708 3380 5762 essentia
3405 5736 3469 5747 —-
3495 5704 3579 5758 vel

1999 5793 2291 5845 secundum
2344 5804 2494 5840 usuin
2549 5785 2821 5838 Romanae
2863 5780 3074 5854 linguae
3103 5795 3249 5854 :Auna
3280 5778 3575 5854 substantia

2001 5863 2052 5915 in
2085 5861 2257 5915 tribus
2287 5860 2550 5930 personis,
2583 5864 2636 5909 ct.
2659 5865 2767 5908 tres
2811 5850 3072 5927 personae
3115 5852 3167 5907 in
3193 5868 3297 5906 una
3329 5850 3577 5906 substan-

2003 5933 2095 5988 lia.
2114 5933 2196 5988 ei.
2225 5931 2289 5999 ii,
2318 5930 2512 5985 9.3.34.
