4036 5650
517 370 581 425 55
969 322 974 324 ν
1551 372 1640 428 ne
1677 371 1944 430 JOANNE
1972 373 2193 432 sco'ro
2221 376 2742 441 COMMENTATIO.
3725 399 3793 456 δε

517 483 682 540 bitum
705 483 1148 588 pr‘ocedentishad
1173 484 1464 557 ingenitam
1492 485 1838 558 genitamque
1863 490 2099 561 appella-
2124 495 2172 554 Α
2201 493 2413 552 bonitas
2444 497 2829 574 (superbonus)
2859 513 2966 560 etc.
2991 505 3205 576 Omnia,
3235 523 3377 580 quae
3403 511 3633 582 adjectis
3668 531 3794 588 par-

517 583 708 628 verunt
751 573 1013 645 Spiritum
1045 573 1323 633 Sanctum.
1363 578 1442 632 Ita
1470 578 1745 636 Abraham
1777 593 1862 637 est
1907 599 2102 640 nomen

514 665 848 722 substantiae
875 666 942 738 (s.
975 668 1262 740 personae)
1303 677 1357 724 et
1401 668 1552 726 lsaac
1596 680 1682 726 est
1727 687 1924 729 nomen
1981 675 2106 730 sub-

513 761 774 815 stantiae:
794 759 956 816 illius
977 761 1193 817 habitus
1227 764 1294 818 ad
1326 763 1472 820 hunc
1501 764 1704 820 dicitur
1731 776 1905 836 pater,
1948 767 2106 841 hujus

514 851 728 908 habitus
751 850 818 907 ad
845 851 996 908 illum
1031 862 1258 911 vocatur
1279 853 1422 910 ﬁlius
1457 874 1503 910 ›.
1533 854 1596 928 (l,
1621 855 1736 928 M.)
2006 849 2019 863 ⁸

1228 967 1255 1040 §
1295 969 1382 1024 12.

585 1083 661 1139 De
683 1083 1028 1154 processione
1049 1083 1286 1155 Spiritus
1308 1087 1483 1143 sancti
1513 1086 1708 1144 Scotus
1733 1089 1902 1146 multo
1928 1093 2104 1164 magis

511 1177 839 1233 Graecorum
885 1179 1188 1234 sententiae
1224 1177 1389 1247 favet,
1420 1196 1581 1250 quam
1627 1181 1960 1239 Latinorum.
2014 1185 2104 1240 Ait

512 1271 696 1340 igitur,
727 1269 1182 1340 quemadmodum
1219 1271 1448 1338 dicatur,
1494 1288 1600 1326 una
1641 1275 1874 1329 essentia
1923 1274 2101 1330 divina

511 1364 566 1419 in
608 1365 782 1420 tribus
834 1363 1151 1419 substantiis
1185 1375 1314 1429 etc.,
1360 1365 1431 1420 ita
1463 1366 1606 1437 (cum
1635 1368 1872 1422 essentia
1922 1369 2103 1424 divina

511 1455 583 1510 sit
603 1456 844 1510 omnium
866 1453 1053 1526 causa)
1084 1456 1246 1510 etiam
1277 1455 1379 1510 dici
1411 1471 1590 1526 posse,
1613 1474 1774 1512 unam
1800 1474 2019 1513 causam
2047 1461 2102 1514 in

512 1547 684 1602 tribus
711 1547 909 1602 causis.
933 1545 1050 1601 Jam
1086 1561 1238 1612 vero,
1267 1563 1390 1602 cum
1421 1548 1607 1602 nullibi
1638 1550 1888 1604 inrcrum
1908 1559 2103 1605 natura

509 1657 577 1695 ex
607 1641 813 1696 duabus
851 1643 1031 1697 causis
1058 1641 1151 1695 tiat
1178 1657 1309 1706 una,
1340 1657 1397 1696 se
1426 1659 1530 1698 non
1564 1644 1770 1709 videre,
1801 1660 1908 1714 quo
1942 1655 2102 1714 pacto

509 1745 577 1786 ex
612 1732 771 1787 Patre
806 1742 860 1788 et
900 1732 1036 1788 Filio
1083 1733 1316 1804 (duabus
1353 1735 1553 1801 causis)
1586 1737 1880 1805 procedere
1927 1739 2101 1808 possit

510 1822 743 1893 Spiritus
770 1835 990 1880 sanctus
1021 1823 1150 1897 [una
1181 1840 1345 1880 causa
1374 1825 1494 1898 (a)].
1529 1825 1679 1894 Quod
1704 1828 1748 1882 si
1779 1830 1945 1896 dicas,
1978 1830 2098 1906 ideo

511 1913 771 1983 Spiritum
797 1925 1046 1971 sanctum
1075 1916 1143 1971 de
1161 1916 1319 1972 Patre
1342 1916 1587 1988 Filioque
1616 1922 1927 1988 procedere,
1955 1924 2097 1991 quod

506 2019 603 2074 per
645 2005 840 2061 Filium
872 2008 938 2063 de
960 2007 1122 2062 Patre
1143 2009 1426 2078 procedat,
1459 2008 1514 2062 in
1546 2009 1647 2064 hoc
1685 2011 1774 2064 vix
1807 2011 2099 2081 quidquam

507 2110 645 2161 esse,
684 2112 806 2151 cum
836 2096 1006 2152 Filius
1037 2107 1090 2152 et
1119 2099 1234 2168 ipse
1275 2114 1494 2153 causam
1539 2114 1690 2153 suam
1740 2100 1942 2157 habeat
2000 2103 2100 2157 Pa-

509 2197 644 2242 trem
676 2187 758 2258 (ΙΙ,
790 2189 892 2254 19;
921 2189 988 2253 ll,
1020 2189 1228 2259 50-55).
1277 2189 1460 2259 Neque
1487 2199 1664 2244 tamen
1697 2206 1949 2248 recusare
2000 2209 2099 2249 au-

507 2281 618 2348 det,
644 2282 934 2350 quominus
955 2283 1142 2336 credat
1165 2282 1429 2354 Spiritum
1443 2283 1508 2338 de
1531 2283 1694 2338 Patre
1717 2283 1962 2355 Filioque
1975 2302 2101 2357 pro-

507 2377 732 2432 cedere:
758 2393 881 2432 nam
906 2386 1124 2434 sanctos
1146 2388 1327 2449 patres
1340 2379 1562 2434 Latinos
1582 2397 1600 2430 ε
1627 2379 2024 2436 rationabiliter
2051 2401 2098 2450 ι,

507 2469 552 2523 si
583 2469 705 2538 quis
731 2483 826 2525 eos
855 2470 959 2526 hac
1002 2473 1067 2525 de
1117 2486 1178 2526 re
1214 2471 1626 2544 interrogasset,
1674 2472 1777 2528 sibi
1819 2492 1837 2524 ‹
1879 2489 2104 2543 respon-

508 2575 662 2616 suros
700 2579 718 2613 ι
753 2560 948 2628 videri,
980 2571 1037 2616 et
1081 2578 1271 2618 sacrae
1299 2563 1617 2634 Scripturae
1654 2561 1881 2619 forsitan
1910 2574 2101 2622 aucto-

509 2653 670 2710 ritate
692 2669 852 2725 posse
877 2655 1114 2713 defendi.
1149 2657 1235 2729 (ll,
1269 2657 1384 2730 55.)

1216 2771 1244 2844 §
1293 2773 1380 2828 is.

582 2902 605 2935 ‹
650 2881 788 2938 Num
809 2883 996 2941 decem
1027 2887 1330 2959 categoriae
1353 2902 1481 2944 vere
1520 2903 1585 2944 ac
1626 2890 1844 2960 proprie
1888 2889 1954 2946 de
2001 2907 2100 2948 nu-

508 2976 652 3031 mine
674 2976 856 3032 divino
883 2979 1094 3050 possint
1111 2980 1434 3050 praedicari,
1468 2979 1681 3037 diﬂicile
1701 2992 1786 3037 est
1810 2983 1980 3038 dictu.
2005 2983 2102 3040 Est

507 3077 685 3124 autem
719 3070 772 3124 in
803 3069 908 3126 hac
928 3071 1246 3140 quaestione
1275 3072 1396 3127 usui
1426 3071 1694 3143 theologia
1729 3076 2014 3148 ἁποφατική
2043 3083 2099 3131 et

506 3167 839 3234 καταφατική,
893 3177 1121 3231 quarum
1158 3163 1247 3216 illa
1294 3175 1473 3235 negat,
1519 3165 1655 3220 haec
1701 3165 1952 3232 allii-mat,
1977 3181 2098 3222 esse

509 3250 744 3306 divinam
777 3252 1138 3307 substantiam
1163 3253 1266 3308 hoc
1289 3253 1370 3308 vel
1399 3253 1526 3308 illud
1550 3269 1760 3320 eorum,
1788 3272 1928 3326 quae
1950 3265 2095 3322 sunt,
2131 3237 2176 3299 (ἶ

507 3343 655 3398 velut
675 3344 987 3410 essentiam,
1018 3345 1338 3412 bonitatem,
1375 3347 1565 3414 solem,
1596 3347 1829 3416 stellam,
1878 3365 2095 3420 aquam,

508 3433 738 3502 leonem,
786 3451 972 3492 ursum
1002 3446 1182 3504 »,cet.
1213 3437 1476 3495 Videntur
1499 3441 1633 3496 haec
1675 3456 1796 3497 esse
1853 3443 1996 3499 inter
2041 3460 2099 3502 se

508 3527 804 3592 contraria,
828 3529 943 3593 sed,
975 3543 1099 3583 cum
1125 3531 1270 3586 circa
1293 3531 1530 3587 divinam
1544 3543 1831 3589 versentur
1847 3536 2099 3593 substan-

510 3621 662 3687 tiam,
694 3620 915 3677 omnino
943 3623 1308 3678 consentiunt.
1357 3622 1602 3695 Namque
1630 3631 1948 3699 καταφατική
1989 3644 2097 3684 non

507 3713 601 3779 ait,
631 3712 868 3768 divinam
898 3713 1259 3771 substantiam
1287 3731 1408 3773 esse
1438 3716 1566 3774 illud
1589 3720 1827 3789 proprie,
1861 3721 1953 3777 sed
1977 3722 2100 3794 (per

506 3805 902 3877 metaphoram)
949 3805 1025 3862 ita
1074 3822 1232 3879 posse
1287 3809 1584 3882 appellari;
1631 3817 1917 3888 ἀποφατική
1965 3831 2095 3872 vero

507 3899 785 3954 contendit
831 3901 1194 3957 substantiam
1225 3902 1460 3960 divinam
1503 3921 1604 3963 nec
1638 3922 1763 3965 vere
1791 3908 1921 3965 illud
1950 3924 2091 3977 esse,

503 4003 605 4045 nec
631 3990 852 4061 proprie
879 3991 953 4047 ita
982 3994 1185 4050 vocari.

574 4081 719 4150 Quas
741 4083 958 4154 quidem
983 4086 1280 4159 theologias
1307 4089 1673 4161 pulcherrime
1702 4109 1731 4150 a
1761 4093 1820 4150 S.
1838 4094 2094 4168 Dionysio

502 4173 825 4248 Areopagita
853 4177 957 4233 sibi
1003 4182 1391 4251 suppeditatas,
1436 4185 1666 4257 Erigena
1713 4188 2095 4245 immortaliter

501 4272 714 4341 gaudet.
748 4271 812 4344 (l,
843 4273 931 4341 14,
963 4276 1051 4341 16,
1091 4276 1158 4334 78
1190 4288 1323 4348 cet.,
1366 4291 1474 4337 cet.
1522 4283 1706 4341 Praef.
1761 4287 1829 4342 ad
1873 4287 2092 4343 Maximi

505 4366 751 4437 ambigua
785 4366 959 4440 [Gale.
991 4386 1115 4442 app.
1141 4387 1194 4442 p.
1227 4373 1343 4445 IV].
1373 4374 1607 4448 ).Longa
1641 4387 1820 4434 autem
1845 4381 2093 4437 oratione

501 4461 865 4530 persequitur,
897 4462 1098 4519 nullam
1133 4481 1254 4522 esse
1290 4467 1436 4524 inter
1478 4469 1663 4526 decem
1711 4471 1833 4529 illas
1873 4483 2092 4547 catego-

504 4551 614 4605 rias
636 4551 1030 4620 Aristotelicas,
1057 4571 1219 4627 quam
1245 4574 1375 4615 vere
1396 4576 1457 4616 ac
1479 4563 1696 4634 proprie
1722 4565 1788 4620 de
1819 4567 1931 4622 Deo
1959 4583 2089 4638 pos-

503 4642 577 4697 sis
603 4644 919 4712 praedicare
947 4664 960 4701 :
990 4646 1150 4702 simul
1181 4650 1375 4706 harum
1402 4651 1637 4724 aliquam
1665 4655 1732 4710 de
1777 4656 1895 4726 ipso
1946 4658 2089 4714 allir-

504 4736 732 4791 maverit
756 4742 1378 4813 καταφατική,ξοοηιίηυο
1407 4758 1526 4800 eam
1548 4747 1733 4818 negari
1773 4749 2083 4831 ἀποφατικῇ.

503 4836 566 4908 (l,
601 4837 808 4911 17-80.)

1205 4915 1234 4990 5
1279 4916 1368 4973 ﬂ.

578 5039 598 5073 ι
643 5022 805 5090 Deus,
835 5024 980 5095 quod
1029 5025 1130 5096 ipsi
1174 5027 1478 5100 oppositum
1523 5029 1613 5096 sit,
1647 5044 1752 5086 non
1783 5030 1946 5087 habet
1980 5030 2078 5104 (ὁ).

502 5117 676 5185 Quum
705 5134 836 5176 vero
865 5120 1132 5177 essentiae
1161 5131 1463 5195 opponatur
1477 5124 1632 5192 nihil,
1650 5125 1876 5181 bonitati
1901 5135 2084 5182 autem

501 5209 702 5265 malitia
733 5220 866 5277 etc.,
893 5209 1033 5268 Deus
1048 5227 1154 5268 non
1176 5224 1262 5271 est
1287 5216 1546 5281 essentia,
1568 5216 1807 5282 bonitas,
1843 5225 1950 5272 etc.
1989 5216 2086 5272 sed

499 5302 620 5371 plus
666 5319 829 5372 quam
866 5306 1100 5361 essentia
1145 5309 1726 5386 (superessentialis),
1773 5309 1894 5380 plus
1922 5325 2084 5379 quam

573 5414 649 5487 (a)
689 5415 858 5481 Quam
883 5418 1018 5474 haec
1044 5422 1395 5478 concludendi
1426 5424 1568 5479 ratio
1597 5422 1743 5477 nulla
1773 5421 1864 5485 sit,
1891 5420 2088 5482 Scotus

499 5487 1091 5561 ipse_auim_advertisse
1117 5494 1367 5548 videtur:
1406 5495 1474 5550 iis
1515 5503 1721 5558 autem,
1754 5492 1846 5561 qui
1896 5507 2083 5560 repre-

500 5557 758 5638 hendam,
787 5559 1202 5650 illa'respondet,
1248 5565 1358 5620 sola
1395 5557 1988 5650 rerumma-tu‘ravduce
2013 5562 2082 5618 ad

2213 587 2390 644 ticulis
2417 605 2600 660 super,
2632 592 2939 665 plusquam,
2965 597 3034 652 de
3061 597 3172 655 Deo
3209 601 3618 672 praedicantur,
3665 587 3796 666 duas

2211 680 2330 738 illas
2357 683 2652 757 theologias
2695 691 3198 761 comprehendunt:
3251 694 3308 750 in
3349 700 3797 766 pronunciatione

2207 783 2290 830 est
2320 774 2493 832 forma
2519 791 2878 854 καταφατικῆς,
2897 784 2950 840 in
2972 784 3247 843 intellectu
3278 797 3458 845 autem
3482 793 3799 869 ἀποφατικῆς

2207 867 2398 924 virtus.
2434 869 2496 942 (l,
2529 871 2642 942 16.)

2927 947 2955 1020 §
2996 949 3083 1005 l5.

2281 1054 2434 1112 Patet
2464 1057 2629 1129 igitur
2652 1074 2720 1115 ex
2744 1060 2830 1127 iis,
2863 1078 3003 1132 quae
3024 1079 3186 1137 supra
3208 1071 3608 1141 proposuimus,
3629 1073 3802 1130 Deum

2207 1149 2474 1206 humanae
2496 1153 2694 1210 mentis
2725 1156 2841 1210 acie
2877 1172 3097 1227 prorsus
3144 1159 3258 1216 fere
3287 1178 3408 1220 esse
3439 1165 3800 1222 inaccessum.

2209 1242 2408 1298 Verum
2438 1245 2550 1314 ipse
2591 1249 2938 1318 semetipsum
2969 1257 3266 1324 cognoscit.
3299 1258 3395 1314 Est
3422 1261 3645 1329 quidem
3679 1278 3802 1317 om-

2208 1333 2335 1388 nino
2381 1334 2704 1393 dicendum:
2762 1358 2779 1391 ‹
2818 1341 3030 1398 nescire
3061 1344 3249 1409 Deum,
3301 1362 3359 1402 se
3405 1349 3531 1419 quid
3577 1367 3703 1406 esse
3758 1375 3803 1419 ι,

2215 1443 2232 1477 ‹
2269 1427 2438 1481 Deum
2469 1443 2573 1484 non
2605 1430 2659 1484 in
2690 1429 2869 1501 aliquo
2899 1449 2958 1489 se
2991 1450 3318 1506 cognoscere
3357 1459 3404 1506 ›,
3432 1449 3487 1494 et
3513 1457 3635 1511 qua:
3677 1451 3806 1498 sunt

2207 1522 2423 1591 generis
2452 1523 2715 1593 ejusdem,
2743 1535 2797 1580 at
2828 1529 2960 1584 haec
2987 1539 3070 1585 est
3101 1547 3226 1587 vera
3253 1533 3424 1589 virtus
3452 1535 3620 1600 illius,
3663 1553 3807 1607 quae

2207 1613 2262 1668 in
2312 1615 2421 1670 Deo
2462 1626 2565 1682 est,
2617 1624 2982 1691 cognoscendi
3037 1624 3327 1682 facultatis.
3390 1627 3598 1684 Revera
3656 1632 3804 1686 enim

2209 1704 2349 1760 Deus
2382 1722 2485 1762 non
2510 1718 2592 1763 est
2614 1711 2888 1780 quid,non
2918 1723 3000 1769 cst
3027 1715 3083 1770 in
3111 1716 3312 1788 aliquo,
3340 1720 3442 1775 hoc
3466 1731 3551 1776 est
3580 1737 3688 1776 non
3722 1734 3805 1778 est

2207 1807 2414 1852 certum
2461 1799 2684 1870 aliquid,
2733 1819 2841 1860 non
2885 1806 3116 1863 habetur
3140 1818 3194 1865 et
3239 1811 3704 1869 circumscribitur
3745 1817 3801 1872 in

2127 1867 2177 1928 Β
2206 1886 2386 1957 aliquo
2409 1902 2620 1953 eorum,
2638 1906 2775 1960 quae
2793 1905 2919 1950 sunt
2946 1905 3000 1951 ct
3025 1912 3204 1952 rerum
3231 1909 3539 1957 creatarum
3568 1920 3799 1960 numero

2205 1977 2757 2047 comprehenduntur.
2785 1983 2868 2053 (ll,
2907 1985 3119 2059 28-29.)

2277 2069 2372 2124 Sin
2402 2086 2532 2127 vero
2559 2075 2876 2144 quaesieris,
2913 2095 3018 2149 qua
3066 2083 3276 2138 ratione
3312 2085 3474 2153 Deus,
3518 2103 3660 2157 quae
3703 2103 3794 2143 co-

2204 2163 2433 2234 gnoscit,
2480 2179 2808 2235 cognoscere
2847 2171 3149 2228 existimari
3182 2175 3393 2243 debeat,
3446 2179 3798 2249 reSpondebi-

2205 2263 2326 2312 tur:
2367 2276 2386 2309 ‹
2415 2260 2558 2329 quod
2586 2275 2686 2316 nec
2723 2262 2999 2318 sensibilia
3025 2279 3124 2334 per
3149 2283 3388 2335 sensum,
3416 2284 3518 2326 nec
3544 2271 3798 2344 intelligi-

2204 2351 2331 2408 bilia
2356 2368 2454 2424 per
2473 2355 2830 2423 intellectum,
2861 2373 2960 2414 nec
3001 2361 3276 2418 sensibilia
3319 2379 3414 2434 per
3438 2365 3792 2433 intellectum,

2203 2461 2303 2501 nec
2326 2446 2679 2519 iutelligibilia
2708 2464 2808 2520 per
2837 2466 3076 2520 sensum,
3110 2455 3206 2510 sed
3235 2456 3416 2512 omnia
3462 2459 3517 2513 in
3561 2459 3796 2514 aeternis

2203 2540 2317 2594 suis
2347 2540 2648 2598 rationibus
2677 2545 3075 2615 contemplatur
3112 2567 3156 2603 ι.
3209 2549 3481 2620 (Prooem.
3515 2553 3583 2607 ad
3632 2554 3797 2610 inter-

2201 2640 2340 2702 pret.
2369 2631 2564 2688 Ambb.
2597 2632 2656 2689 S.
2681 2632 2822 2690 Max.
2863 2651 2951 2708 ap.
2981 2637 3132 2695 Gale.
3181 2656 3305 2713 app.
3347 2659 3402 2714 p.
3433 2643 3536 2711 IV;
3575 2646 3641 2700 de
3685 2647 3792 2702 div.

2202 2720 2324 2776 Nat.
2356 2721 2422 2789 ll,
2447 2721 2537 2789 20,
2570 2723 2674 2792 28;
2701 2721 2769 2792 ν,
2804 2726 2918 2798 17.)
2954 2747 2973 2780 ‹
3007 2728 3278 2789 Aeternae
3319 2733 3447 2789 illae
3492 2735 3739 2792 rationes
3771 2757 3789 2790 ι

2200 2820 2328 2868 sunt
2367 2831 2386 2863 ‹
2423 2814 2575 2870 ideae
2604 2833 2653 2877 ›,
2700 2831 2836 2888 quas
2876 2830 3093 2888 vocant,
3126 2825 3368 2880 omnium
3402 2841 3605 2894 rerum,
3657 2844 3795 2899 quae

2201 2902 2344 2960 Deus
2370 2913 2488 2959 erat
2516 2905 2783 2975 facturus,
2813 2928 2832 2961 ι
2872 2912 3198 2983 exemplaria
3239 2916 3557 2987 principalia
3592 2936 3641 2974 ι.
3683 2917 3795 2975 Hae

2202 3005 2328 3052 sunt
2351 3014 2534 3054 rerum
2567 3009 2776 3057 tantum
2807 3003 3268 3073 substantialium,
3312 3018 3369 3064 et
3396 3009 3547 3080 ipsae
3575 3025 3794 3081 quoque
3869 3041 3878 3048 -

2201 3106 2289 3146 res
2318 3091 2722 3149 substantiales.
2749 3094 2854 3165 (Cf.
2881 3095 2976 3151 inf.
3006 3097 3033 3169 §
3058 3098 3130 3153 25
3150 3129 3221 3138 -
3245 3098 3272 3171 §
3307 3099 3420 3173 50.)
3442 3101 3577 3156 Hinc
3599 3100 3794 3156 Scoms

2206 3199 2306 3239 suo
2335 3183 2459 3252 jure
2481 3186 2645 3241 etiam
2690 3188 2792 3244 hoc
2821 3192 3132 3245 contendit:
3169 3212 3189 3244 (
3225 3193 3410 3248 Divina
3441 3193 3668 3248 scientia
3713 3202 3794 3249 est

2209 3291 2390 3331 rerum
2433 3279 2696 3346 omnium,
2728 3297 2867 3351 quae
2912 3292 3055 3350 sunt,
3107 3299 3268 3340 causa
3308 3304 3324 3337 ι
3381 3317 3452 3326 -
3496 3305 3514 3338 ι
3559 3302 3792 3357 quorum

2205 3371 2348 3428 Deus
2386 3388 2548 3429 causa
2578 3391 2687 3432 non
2717 3386 2818 3442 est,
2863 3393 2926 3432 ea
2975 3380 3148 3435 nescit
3181 3398 3198 3432 ι
3240 3410 3314 3422 -
3351 3398 3370 3432 ‹
3408 3393 3616 3446 rerum,
3656 3395 3792 3452 quae

2203 3474 2346 3534 sunt,
2369 3469 2607 3540 cognitio
2634 3489 2653 3522 ι
2691 3471 2960 3544 (videlicet
2991 3472 3044 3526 in
3070 3471 3201 3544 Deo)
3237 3492 3256 3526 ι
3297 3483 3382 3529 est
3407 3473 3678 3529 veraciter
3707 3489 3792 3530 res

2202 3575 2319 3627 eae,
2357 3578 2497 3632 quae
2527 3573 2651 3619 sunt
2685 3583 2729 3619 ο.
2769 3564 2852 3636 (ΙΙ,
2882 3566 2973 3620 20.
3001 3566 3071 3624 28
3099 3585 3111 3622 :
3139 3568 3206 3632 V,
3244 3569 3346 3636 27;
3379 3568 3463 3637 lll,
3496 3568 3551 3625 4.
3585 3569 3790 3628 Deinde

2200 3651 2270 3708 cf.
2306 3651 2478 3723 ejusd.
2514 3655 2578 3711 de
2605 3659 2792 3727 praed.
2823 3673 2944 3729 sup.
2973 3657 3104 3730 Cap.
3131 3657 3246 3731 1V.)

2909 3802 2937 3874 ξ
2987 3802 3074 3858 16.

2269 3929 2401 3986 Cum
2435 3929 2579 3986 nulla
2602 3933 2874 4004 categoria
2905 3935 3124 4005 pr0prie
3158 3936 3225 3992 de
3262 3936 3374 3993 Deo
3415 3938 3786 4010 praedicatur,

2199 4030 2311 4079 tum
2346 4039 2520 4094 neque
2550 4040 2694 4080 nona
2720 4026 2773 4080 in
2797 4040 2918 4081 eum
2941 4027 3105 4092 cadit,
3150 4031 3413 4105 πράττειν.
3444 4031 3653 4087 Dicitur
3685 4049 3783 4088 au-

2197 4125 2304 4172 tem
2327 4117 2469 4174 Deus
2498 4133 2734 4174 creasse.
2767 4117 2874 4174 Sed
2911 4135 3101 4176 creare
3139 4130 3194 4176 ct
3221 4138 3343 4179 esse
3390 4124 3443 4178 in
3475 4125 3586 4179 Deo
3616 4142 3779 4182 unum

2195 4207 2444 4278 idemque
2465 4218 2590 4264 sunt
2621 4209 2888 4265 habenda.
2938 4229 2956 4263 ι
2995 4211 3136 4269 Deus
3163 4230 3268 4268 non
3297 4223 3434 4282 erat,
3462 4216 3779 4287 priusquam

2194 4299 2374 4352 omnia
2402 4297 2622 4355 faceret.
2663 4297 3019 4357 Coacternum
3073 4312 3156 4359 est
3195 4305 3304 4360 DCO
3335 4321 3491 4361 suum
3521 4305 3706 4362 facere
3731 4317 3782 4362 ει

2195 4389 2570 4445 coessentiale.
2614 4390 2756 4447 Deus
2777 4402 2830 4448 et
2857 4409 3011 4449 suum
3035 4394 3233 4463 facere,
3262 4397 3364 4452 hoc
3385 4408 3484 4462 est,
3521 4413 3619 4453 sua
3641 4401 3782 4456 actio

2194 4494 2319 4540 sunt
2345 4500 2508 4540 unum
2540 4486 2766 4557 simplex
2816 4496 2872 4542 et
2918 4489 3286 4557 individuum;
3319 4506 3446 4546 nam
3494 4493 3655 4558 Deus,
3689 4493 3781 4563 qui

2194 4586 2279 4635 est
2306 4577 2738 4646 innumerabilis,
2768 4595 3054 4636 numerum
3087 4581 3141 4637 in
3166 4596 3224 4639 se
3251 4598 3354 4637 non
3387 4583 3596 4654 recipit.
3644 4583 3779 4639 Cum

2194 4685 2323 4741 ergo
2350 4669 2617 4733 audimus.
2635 4670 2801 4726 Deum
2824 4673 3005 4728 omnia
3032 4671 3232 4738 facere,
3251 4672 3325 4727 nil
3349 4671 3495 4728 aliud
3521 4673 3780 4728 debemus

2193 4761 2510 4834 intelligere,
2534 4776 2696 4832 quam
2724 4760 2894 4818 Deum
2917 4762 2971 4816 iu
2997 4762 3248 4818 omnibus
3273 4778 3416 4829 esse,
3440 4764 3543 4819 hoc
3568 4773 3672 4830 est,
3701 4779 3782 4820 es-

2189 4854 2418 4910 sentiam
2452 4853 2692 4909 omnium
2721 4853 3036 4910 subsistere.
3074 4853 3194 4925 Ipse
3240 4855 3385 4909 enim
3425 4854 3572 4910 solus
3597 4870 3696 4926 per
3723 4871 3778 4911 se

2188 4962 2317 5002 vere
2338 4957 2442 5014 est,
2469 4955 2526 5002 et
2549 4961 2728 5012 omne,
2750 4946 2893 5016 quod
2915 4962 3046 5003 vere
3076 4947 3129 5002 in
3152 4947 3261 5014 bis,
3295 4963 3436 5018 quae
3463 4955 3610 5015 sunt,
3648 4949 3777 5003 dici-

2190 5049 2283 5094 tur
2305 5053 2442 5105 esse,
2486 5039 2600 5108 ipse
2647 5037 2793 5094 solus
2840 5046 2942 5094 est.
2989 5037 3136 5095 Nihil
3183 5039 3328 5094 enim
3378 5054 3588 5104 eorum,
3639 5055 3777 5110 quae

2189 5139 2336 5197 sunt,
2367 5146 2466 5203 per
2495 5146 2554 5188 se
2582 5132 2758 5202 ipsum
2785 5146 2914 5188 vere
2940 5140 3059 5199 est;
3093 5133 3454 5204 quodcunque
3496 5141 3674 5188 autem
3721 5133 3772 5188 in

2187 5236 2253 5276 eo
2272 5237 2400 5277 vere
2429 5221 2772 5293 intelligitur,
2804 5223 3222 5294 participatione
3264 5224 3434 5294 ipsius
3467 5223 3647 5289 unius,
3683 5222 3773 5292 qui

2186 5313 2333 5370 solus
2361 5330 2459 5384 per
2485 5329 2544 5369 se
2573 5314 2748 5382 ipsum
2779 5323 2884 5381 est,
2914 5329 3045 5372 vere
3075 5330 3193 5371 esse
3226 5315 3424 5386 accipit
3454 5336 3499 5370 ι.
3527 5315 3591 5388 (l,
3623 5315 3736 5385 74.)

2192 5424 2265 5477 tia
2294 5425 2462 5498 patris
2486 5436 2694 5498 natum,
2740 5435 2834 5480 aut
2861 5429 3110 5498 spiritum
3142 5438 3388 5485 sanctum
3424 5444 3488 5484 ex
3541 5430 3771 5485 essentia

2188 5493 2358 5570 patris
2394 5496 2709 5563 procedere,
2747 5511 2870 5552 cum
2892 5493 2970 5554 'ex
3020 5501 3458 5570 persona.patris
3493 5509 3651 5555 natus
3703 5504 3771 5555 sit

2190 5565 2351 5650 titius,
2381 5579 2449 5647 ex
2483 5581 2713 5650 persona
2753 5570 2924 5636 patris
2959 5565 3217 5650 procedat
3252 5565 3474 5639 spiritus
3506 5579 3722 5650 sanctps
3752 5585 3766 5623 :
