4056 6276
529 351 598 405 59
779 339 792 352 ’
1547 358 1635 414 DE
1672 359 1937 417 JOANNE
1975 364 2196 422 SCUTO
2235 367 2751 432 COMMENTATIO.
3744 393 3809 451 60

528 468 766 520 omnium
794 479 1136 534 causa,-qnae
1166 477 1384 540 superat
1408 485 1623 526 omnem
1656 472 1880 528 formam
1912 485 1968 530 et
1994 493 2115 548 spe—
2142 484 2188 542 Α
2223 499 2241 531 ι
2282 485 2524 553 exempla
2581 486 2896 558 principalia
2947 512 2993 548 ι.
3051 493 3161 550 Has
3213 499 3408 554 deinde
3455 518 3648 562 causas
3701 512 3811 579 pri-

535 576 542 579 .
565 560 572 579 Ἰ
597 575 642 579 μ--
727 559 840 579 .Ι--.-.
880 558 942 579 .-Ζι
978 557 1261 579 Ρίι-Δλ-μ--νη
1325 578 1330 579 ,
1353 571 1360 579 .
1403 578 1410 579 κ
1443 578 1446 579 ,
1530 564 1540 574 ο
1878 568 1888 579 ο
2036 572 2045 579 .
2362 575 2393 579 --
2435 575 2447 579 -
2539 577 2546 579 Α
2577 578 2582 579 ,

528 560 685 621 cient,
720 559 845 611 dum
877 558 948 611 sit
977 557 1268 614 formarum
1315 571 1368 616 et
1396 564 1698 634 specierum
1745 568 1986 623 omnium
2033 572 2120 624 in-

529 650 700 702 forme
731 649 1120 718 principium...
1164 651 1400 709 lnforme
1429 665 1610 711 autem
1643 657 1964 729 principium
1997 676 2120 730 pro-

526 749 713 809 pterea
761 741 930 796 Deum
967 743 1196 798 dicimus
1223 786 1237 811 ,
1291 761 1358 801 ne
1388 748 1511 817 quis
1541 763 1663 803 eum
1693 749 1986 806 formarum
2019 769 2120 808 nu-

525 847 678 887 mero
709 834 959 890 aestimet
987 837 1221 903 censeri,
1255 839 1379 892 dum
1414 840 1483 894 sit
1529 840 1826 897 formarum
1875 847 2116 901 omnium

526 943 708 984 causa.
763 929 941 1000 Ipsum
982 931 1179 985 etenim
1222 948 1382 989 omne
1432 934 1720 995 formatum
1761 939 1964 1008 appetit
2015 938 2114 1009 (α),

525 1039 647 1078 cum
697 1023 765 1079 sit
801 1040 897 1095 per
933 1041 992 1081 se
1040 1028 1214 1096 ipsum
1259 1029 1532 1096 inllnilus,
1569 1039 1623 1086 et
1651 1032 1771 1103 plus
1799 1048 1960 1103 quam
1997 1034 2116 1087 infi-

522 1117 704 1181 nitus;
760 1127 844 1173 est
899 1120 1042 1173 enim
1099 1103 1336 1177 infinitas
1389 1125 1629 1179 omnium
1700 1125 2025 1182 infinitatum
2068 1147 2112 1182 ι.

527 1210 612 1282 (ιι,
654 1211 730 1279 ι.)

1243 1307 1394 1378 521.

596 1455 800 1525 Itaque,
833 1464 894 1512 ut
917 1457 1262 1521 arbitramur,
1306 1459 1358 1513 in
1387 1470 1637 1532 promptu
1674 1473 1779 1529 est,
1812 1467 2016 1524 nullam
2045 1483 2113 1524 ex

524 1546 671 1604 Scoti
721 1549 988 1606 sententia
1036 1549 1087 1606 in
1128 1549 1230 1605 hac
1268 1565 1446 1606 rerum
1479 1553 1836 1612 universitate
1863 1557 2115 1624 substan-

525 1638 650 1696 tiam
685 1640 929 1709 reperiri,
954 1649 1166 1710 praeter
1191 1643 1546 1702 substantiam
1576 1645 1814 1704 Naturae
1834 1652 2114 1710 creatricis

522 1733 753 1796 divinae,
789 1749 964 1803 neque
991 1735 1306 1804 quidquam,
1337 1747 1395 1791 ut
1421 1738 1535 1809 ipse
1564 1739 1648 1811 (11,
1677 1739 1733 1811 2)
1767 1743 1860 1810 ait,
1905 1763 1924 1797 ι
1956 1753 2110 1808 extra

521 1823 665 1877 illam
693 1839 820 1880 vere
849 1826 1134 1881 essentiale
1161 1828 1265 1884 dici
1303 1849 1319 1882 ι
1345 1831 1356 1883 !
1405 1828 1558 1897 Quod
1589 1833 1634 1887 si
1672 1835 1794 1903 quis
1829 1835 1928 1891 hac
1960 1837 2026 1892 de
2052 1853 2112 1894 re
2140 1857 2185 1918 Β

518 1917 682 1972 etiam
713 1933 854 1974 nunc
887 1918 1130 1984 dubitet,
1172 1918 1300 1978 huic
1346 1921 1654 1982 ﬁrmissime
1681 1937 2000 1994 persuasum
2036 1926 2104 1981 iri

515 2022 820 2077 speramus,
852 2025 1018 2080 quum
1063 2010 1134 2068 de
1182 2011 1405 2083 reliquis
1434 2012 1673 2072 Naturae
1709 2014 1900 2074 formis
1926 2017 2108 2090 dispu-

519 2101 740 2157 tabitur.

1227 2197 1377 2268 ne.

587 2304 944 2362 Nihilominus
980 2315 1160 2364 tamen
1212 2325 1299 2366 res
1348 2321 1530 2368 nostra
1566 2314 1842 2384 postulare
1871 2316 2104 2383 videtur,

515 2405 574 2450 ut
614 2395 726 2465 jam
781 2413 953 2464 nunc,
1004 2415 1144 2470 quae
1191 2417 1295 2456 non
1342 2404 1545 2458 nemini
1580 2405 1654 2478 (ὁ)
1690 2408 1791 2461 hac
1834 2407 1888 2460 in
1944 2422 2106 2464 causa

513 2489 833 2559 Erigeniana
867 2493 1045 2549 fucum
1079 2495 1272 2552 fecisse
1293 2498 1558 2565 videmus,
1581 2509 1842 2570 quantum
1873 2501 1926 2556 in
1953 2517 2105 2571 prae-

512 2583 686 2636 sentia
718 2584 834 2638 fieri
865 2595 1066 2656 potest,
1100 2588 1379 2644 declarare
1404 2597 1565 2659 atque
1592 2591 1795 2648 diluere
1819 2609 2100 2648 conemur.

513 2674 654 2729 Sunt
681 2678 903 2733 omnino
924 2679 1229 2749 complures
1250 2681 1353 2736 loci
1379 2682 1433 2736 in
1461 2682 1610 2738 libris
1632 2685 1698 2738 de
1719 2684 1984 2742 divisione
2000 2686 2104 2740 Na-

512 2775 706 2834 turae,
759 2770 846 2824 ubi
899 2770 1127 2841 Erigena
1157 2811 1172 2836 ,
1223 2773 1497 2828 communi
1547 2775 1777 2830 fortasse
1825 2776 2101 2832 hominum

510 2873 672 2914 sensu
704 2859 1024 2926 inserviens,
1055 2863 1126 2916 ita
1162 2863 1397 2934 scripsit,
1428 2866 1583 2934 quasi
1614 2867 1783 2922 Deum
1809 2868 2006 2924 habeat
2033 2869 2101 2925 ab

511 2951 614 3007 hoc
634 2951 888 3008 universo
917 2965 1228 3023 separatum
1251 2956 1347 3026 (r).
1378 2955 1632 3029 Legimus
1657 2960 1800 3013 enim
1824 2975 1944 3015 cum
1972 2959 2094 3025 alia,

512 3054 621 3099 tum
647 3045 780 3102 haec
810 3065 822 3100 :
863 3067 880 3098 ‹
910 3047 1026 3118 ipse
1057 3048 1198 3103 Deus
1229 3049 1281 3103 in
1314 3065 1371 3104 se
1397 3051 1512 3121 ipso
1542 3051 1681 3107 ultra
1711 3067 1923 3109 omnem
1949 3070 2099 3110 crea-

511 3143 687 3191 turam
735 3169 800 3178 -—-
845 3138 990 3193 nullo
1033 3140 1309 3196 intellectu
1339 3145 1815 3212 comprehenditur
1843 3165 1888 3201 ›.
1917 3145 2002 3219 (1,
2041 3147 2094 3202 ὅ.

510 3226 562 3292 7,
607 3228 758 3303 cet.)
807 3227 1057 3302 Legimus
1103 3233 1237 3288 adeo
1283 3232 1424 3303 (11,1
1483 3236 1612 3305 etc.)
1662 3255 1673 3290 :

507 3320 604 3376 Dei
664 3321 884 3378 nomine
936 3324 1075 3396 (per
1133 3327 1551 3401 metaphoram)
1605 3342 1763 3398 posse
1817 3330 2098 3400 appellari,

505 3422 792 3484 propterea
832 3416 974 3488 quod
1017 3433 1044 3470 a
1082 3416 1193 3471 Deo
1228 3416 1369 3472 facta
1401 3419 1471 3474 sit
1516 3420 1592 3492 (ά)
1629 3442 1674 3476 ι.
1717 3421 1865 3491 Quae
1905 3424 2100 3494 quibus

505 3506 664 3562 facile
698 3505 871 3564 refelli
909 3518 1129 3579 queant,
1166 3511 1442 3582 sigillatim
1483 3527 1911 3571 commemorare
1952 3519 2100 3573 nolu-

505 3613 626 3653 mus
660 3615 674 3652 :
709 3599 813 3653 hoc
837 3614 999 3652 unum
1041 3599 1287 3664 dicimus,
1325 3616 1391 3655 ex
1422 3601 1534 3672 ipsa
1572 3601 1834 3676 Erigenae
1860 3607 2099 3678 philoso-

503 3694 630 3762 phia
666 3700 855 3763 sponte
897 3694 1071 3764 sequi,
1101 3695 1342 3766 potuisse
1390 3710 1511 3750 eum
1560 3683 1678 3752 tamn
1717 3700 1851 3754 haec
1882 3702 2095 3769 docere,

504 3799 665 3854 quam
690 3798 830 3852 quae
851 3799 972 3838 eum
997 3799 1157 3854 supra
1184 3783 1236 3858 (§
1264 3785 1442 3858 16-21)
1467 3787 1746 3842 docentem
1770 3791 2092 3866 audivimus.

501 3873 599 3930 Est
626 3882 804 3930 autem
835 3875 1170 3946 philosophia
1216 3877 1314 3931 ista
1342 3919 1356 3946 ,
1407 3877 1458 3932 id
1491 3881 1632 3950 quod
1679 3879 1822 3935 infra
1851 3883 2096 3960 pluribus

501 3961 978 4033 demonstrabitur,
1017 3965 1129 4022 fere
1159 3969 1293 4023 haec
1327 3986 1340 4022 ι
1377 3971 1517 4026 Deus
1546 3968 1726 4040 Pater,
1756 3971 1956 4028 Natura
1989 3991 2092 4031 non

501 4065 684 4110 creata
726 4070 962 4123 creans,
1018 4073 1185 4128 usque
1225 4060 1293 4114 ab
1343 4063 1663 4116 aeternitate
1712 4064 1764 4119 in
1808 4065 1944 4120 Filio
1997 4084 2094 4123 suo

501 4148 778 4220 unigenito
802 4151 1026 4215 creavit,
1052 4152 1155 4208 hoc
1169 4163 1274 4218 est,
1293 4169 1360 4208 ex
1387 4172 1483 4210 sua
1515 4156 1814 4213 substantia
1847 4162 2092 4216 substan-

501 4238 700 4294 tialiter
720 4240 1231 4298 emisit—Naturam
1260 4254 1497 4308 creatam
1525 4259 1823 4314 creantem,
1849 4251 2089 4306 omnium

500 4345 682 4386 rerum
708 4373 722 4400 ,
768 4349 1124 4405 quaecunque
1174 4337 1544 4395 universitatis
1587 4356 1812 4411 corpore
1852 4360 2091 4414 compre-

498 4421 810 4478 henduntur
839 4443 856 4477 ι
885 4440 1077 4481 causas
1100 4428 1476 4498 primordiales
1506 4452 1549 4498 ι,
1582 4433 1684 4487 hoc
1706 4444 1788 4490 est
1824 4454 1841 4486 ι
1873 4436 2019 4492 ideas
2041 4458 2082 4504 ι,

569 4557 643 4657 (τι)
683 4557 795 4657 Huic
814 4570 925 4657 .est,
953 4569 1012 4614 ut
1040 4562 1191 4617 nobis
1219 4564 1435 4657 quidem
1465 4566 1696 4657 videtur,
1735 4587 1752 4620 ι
1785 4585 1946 4657 omne
1975 4572 2082 4652 for-
2113 4597 2162 4657 ι)

497 4637 698 4710 malum
752 4631 832 4697 (ut
873 4647 940 4686 ex
975 4648 1041 4711 eo
1069 4631 1362 4711 processit,
1401 4637 1471 4691 ita
1511 4637 1596 4708 et)
1644 4641 1936 4697 essentiam
1967 4643 2083 4711 ejus

494 4699 795 4775 participat
816 4721 880 4775 _i,
910 4699 1460 4775 substantia“terque
1508 4699 1631 4764 eum
1685 4726 1750 4768 eo
1805 4699 2079 4773 cohaeret.

491 4769 571 4824 cr.
599 4769 643 4842 ι,
685 4769 865 4842 r245.
909 4773 1009 4842 71.;
1043 4775 1123 4837 ιιι,
1167 4775 1360 4831 1.5-4.

588 4840 637 4920 ὁ)
795 4840 1148 4920 §chlnct.,p._
1178 4845 1361 4915 XVIII,
1396 4865 1545 4920 seqq.

586 4917 636 4982 ε)
675 4914 758 4968 Cf.
797 4916 1038 4972 Schlnet.
1073 4914 1107 4971 1.
1138 4918 1172 4969 l.

584 4984 640 5070 ff)
680 4983 950 5065 lloslocos
975 4989 1242 5070 respicere
1260 4991 1516 5048 debuerat
1542 4993 1778 5070 Schluct.
1811 4998 1882 5069 (p.
1904 4997 2077 5070 XIX):

485 5058 813 5138 certeruim
845 5075 921 5138 nea
964 5062 1027 5112 ad
1065 5063 1281 5138 ist-ptum
1329 5067 1694 5138 excusamlutn
1740 5058 2072 5138 protulisset,

487 5141 626 5201 quae
657 5128 813 5198 longe
840 5129 1066 5184 fuissvut
1095 5133 1238 5184 dictu
1271 5135 1615 5201 speciosiora.

557 5197 684 5283 (e).}
725 5197 1073 5283 _Siquidcm,p
1138 5197 1340 5283 Scottis
1376 5205 1490 5283 (lib.
1515 5209 1651 5283 __lll,
1688 5226 1808 5280 cap.
1859 5212 1939 5283 4.)
1978 5215 2071 5278 ait,

491 5282 600 5346 rex
631 5269 778 5353 fonte
801 5269 974 5328 ὶοιιιιιι
1023 5272 1220 5334 ﬂumen
1263 5269 1866 5353 principalitermahat,
1899 5269 1952 5338 et
1979 5269 2076 5353 per

481 5337 599 5405 ejus
627 5342 837 5420 alveum
864 5359 1026 5420 aqua,
1068 5361 1206 5420 quae
1227 5337 1402 5420 primo
1426 5337 1596 5420 surgit
1625 5353 1677 5407 in
1709 5337 1877 5418 fonte,
1923 5337 2068 5411 Sehn-

501 5427 576 5464 ier
607 5429 666 5466 ac
695 5413 814 5468 sine
846 5414 949 5468 ulla
983 5413 1380 5474 initertiiissiOIie
1404 5413 1714 5480 defunditur
1741 5442 1754 5476 :
1787 5413 2070 5482 sic'divina

477 5426 576 5541 ἕξιν
607 5429 666 5466 ac
695 5429 814 5468 Sine
846 5426 949 5468 uua
983 5426 1380 5474 iuternussmne
1404 5426 1714 5480 defunditur
1741 5442 1754 5476 :
1787 5426 1864 5479 sic
1890 5426 2067 5482 divina

555 5483 694 5562 nitas
743 5494 798 5562 et
842 5488 1074 5562 essentia
1136 5497 1189 5541 et
1214 5489 1318 5546 vita
1359 5501 1413 5544 et
1457 5495 1722 5561 sapientia
1773 5504 1826 5554 et
1865 5499 2067 5562 omnia,

477 5568 618 5620 quae
647 5555 715 5642 ‘in
757 5555 1167 5640 fonte-omnium
1209 5562 1383 5642 )"(1-100
1405 5571 1490 5618 est
1519 5555 1570 5622 in
1603 5565 1714 5642 Deo
1754 5564 1845 5635 [cf.
1872 5555 1961 5634 1V1,

485 5643 502 5678 ι
539 5635 684 5700 sunt,
716 5629 889 5700 primo
915 5631 966 5684 in
994 5629 1368 5700 primordialcs
1399 5650 1593 5690 causas
1615 5629 1870 5700 deﬂuunt,
1898 5629 1958 5694 et
1977 5629 2075 5696 ea?

478 5709 596 5751 esse
651 5698 889 5773 faciunt;
949 5698 1140 5773 deinde
1190 5719 1286 5770 per
1333 5706 1709 5773 primordiales
1763 5698 1955 5764 causas
2012 5712 2066 5766 in

481 5783 664 5845 rarum
694 5770 914 5824 ell‘cctus
947 5772 1198 5845 ineffabili
1250 5770 1406 5829 ηιοὶΙο
1434 5791 1528 5844 per
1559 5779 1942 5836 convenientes
1963 5782 2064 5845 sibi

483 5839 844 5895 ιιιιὶ·ν’‹,)ι·.-ιι;ιιί;ι
888 5843 1102 5898 ordines
1135 5839 1449 5911 decurrunt,
1487 5862 1584 5917 per
1615 5851 1892 5920 superiora
1921 5839 2064 5909 seni-

1727 3254 1744 3288 ι
1783 3238 2100 3294 Creaturam
2131 3232 2176 3294 C

2224 575 2513 631 mordiales
2535 577 2674 632 idem
2707 581 2846 637 Dens
2884 583 3047 641 Pater
3070 603 3168 658 per
3190 587 3449 660 Spiritum
3478 575 3728 654 sanctum
3759 603 3806 656 in

2222 667 2460 739 ipsarum
2499 670 2742 742 effectus,
2784 673 3042 732 Naturam
3074 691 3311 738 creatam
3357 702 3460 742 non
3507 703 3806 762 creantem,

2222 758 2361 814 hanc
2410 770 2575 816 totam
2625 780 2802 818 rerum
2848 769 3250 828 universitatem
3283 817 3297 840 ,
3359 795 3376 827 ι
3416 779 3601 837 divisit
3645 758 3810 857 atque

2221 852 2596 923 multiplicavit
2626 877 2670 924 ι,
2708 857 2780 912 ita
2805 870 2862 914 ut
2892 876 3065 933 neque
3094 869 3310 938 propria
3341 887 3437 926 sua
3467 875 3615 944 sede,
3644 852 3807 948 quam

2219 959 2388 1014 usque
2430 948 2497 1004 ab
2540 951 2687 1006 omni
2730 956 3051 1011 aeternitate
3092 959 3145 1013 in
3186 960 3301 1032 ipso
3348 963 3456 1021 Deo
3499 947 3804 1044 obtinuere,

2221 1037 2605 1108 dejicerentur,
2636 1053 2692 1098 et
2721 1045 2833 1098 sola
2873 1046 3085 1102 illarum
3116 1052 3528 1125 participatione
3559 1037 3811 1117 substan-

2220 1129 2334 1182 tiali
2365 1131 2435 1183 sit
2479 1131 2527 1185 id
2565 1133 2757 1204 ipsum,
2790 1138 2928 1206 quod
2984 1140 3035 1194 in
3084 1141 3183 1198 hac
3233 1160 3412 1202 rerum
3453 1149 3809 1210 universitate

2217 1234 2344 1275 vere
2372 1237 2433 1275 ac
2453 1225 2670 1294 proprie
2693 1242 2809 1282 esse
2832 1227 3061 1298 dicatur,
3086 1236 3324 1290 omnium
3348 1253 3530 1295 rermn
3551 1249 3808 1316 essentia,

2218 1311 2539 1368 substantia.
2570 1314 2853 1374 Postremo
2892 1320 3090 1376 Natura
3121 1337 3301 1381 creata
3332 1344 3437 1384 non
3469 1347 3687 1404 creans,
3713 1311 3811 1409 per

2217 1415 2453 1461 (31131113111
2483 1420 2757 1467 011381110111
2784 1430 2850 1470 ΘΧ
2879 1432 2985 1470 [1οη
3017 1428 3198 1473 creata
3230 1430 3449 1480 creante
3478 1427 3810 1486 substantia-

2216 1496 2341 1553 liter
2362 1500 2596 1568 evoluta,
2638 1506 2865 1560 eandem
2905 1508 3042 1562 viam
3074 1525 3340 1580 remensa,
3372 1516 3813 1578 substantialiter

2217 1590 2270 1644 in
2299 1608 2405 1647 non
2434 1604 2674 1650 creatam
2705 1611 2978 1654 creantem
3012 1604 3320 1660 revolvctur
3350 1607 3444 1679 (e).

2286 1703 2460 1761 Habet
2486 1707 2651 1778 igitur
2689 1708 2884 1768 Scotus
2913 1729 3090 1786 neque
3141 1716 3302 1776 ullam
3353 1736 3578 1798 prorsus
3607 1725 3660 1788 in
3705 1728 3809 1782 ulla

2214 1809 2274 1849 re
2301 1795 2677 1865 substantiam,
2709 1802 2810 1857 nisi
2851 1805 3207 1868 substantiam
3240 1795 3496 1878 divinam,
3554 1825 3608 1870 et
3639 1817 3809 1876 Deum

2219 1888 2288 1946 ab
2318 1889 2401 1954 iis,
2437 1906 2578 1960 quae
2602 1895 2830 1963 creavit,
2862 1899 3016 1968 quasi
3065 1912 3370 1972 separatum
3416 1914 3581 1977 atque
3621 1911 3808 1982 sejun-

2210 1991 2383 2045 ctum.

2283 2077 2432 2144 Quae
2461 2096 2583 2136 cum
2611 2082 2689 2138 ita
2731 2084 2861 2151 sint,
2891 2101 2992 2142 nos
3020 2088 3236 2159 quidem
3264 2092 3506 2161 profecto
3528 2110 3635 2151 non
3659 2099 3810 2155 vide-

2211 2187 2354 2236 mus,
2390 2189 2495 2244 qua
2528 2174 2736 2232 ratione
2766 2177 2879 2243 fiat,
2929 2189 3008 2246 ut,
3059 2181 3152 2252 qui
3203 2171 3362 2254 paulo
3393 2189 3650 2256 attentius
3689 2206 3807 2250 rem

2209 2267 2564 2333 tractaverit,
2599 2268 2926 2340 simulatque
2962 2271 3216 2343 Erigena,
3265 2279 3535 2336 communi
3575 2279 3810 2350 forsitan

2209 2358 2463 2430 loquendi
2505 2376 2605 2418 usu
2643 2365 2906 2428 serviens,
2941 2366 3017 2430 ita
3042 2368 3145 2423 fuit
3173 2369 3406 2440 locutus,
3453 2375 3608 2446 quasi
3635 2376 3809 2433 Deum

2206 2453 2525 2520 profiteatur
2563 2470 2596 2510 a
2642 2457 2839 2512 creatis
2883 2460 3046 2516 rebus
3087 2460 3398 2530 diversum,
3445 2467 3698 2528 continuo
3727 2469 3810 2528 of-

2209 2546 2352 2604 fendi
2377 2547 2477 2602 sibi
2511 2547 2780 2617 videatur,
2813 2549 3164 2624 Scotumque,
3202 2557 3270 2612 ab
3295 2559 3532 2631 antiquis
3551 2565 3810 2635 temperi-

2207 2635 2307 2694 bus
2333 2639 2658 2708 pantheismi
2687 2653 3023 2712 accusatum,
3060 2663 3166 2704 non
3207 2650 3370 2706 modo
3397 2653 3807 2724 absolvendum,

2207 2745 2396 2790 verum
2418 2734 2581 2790 etiam
2609 2737 3043 2796 omnihonorum
3071 2756 3290 2811 genere,
3319 2764 3336 2796 ι
3360 2760 3523 2816 quum
3545 2751 3806 2806 amussim

2205 2825 2454 2882 veritatis
2479 2842 2584 2890 non
2613 2829 2684 2886 sit
2715 2839 3096 2902 transgressus
3138 2855 3180 2902 ι,
3213 2849 3429 2894 censeat
3461 2844 3806 2912 inactandum

2203 2925 2367 2988 atque
2382 2922 2708 2996 augendum.
2726 2921 2934 2996 Neque,
2953 2929 3158 2997 hercle,
3178 2924 3548 3004 Schlueterus,
3561 2937 3691 2994 dum
3706 2938 3809 2996 hac

2205 3011 2438 3077 ratione,
2475 3022 2534 3070 ut
2578 3030 2723 3072 nunc
2751 3032 2778 3070 a
2803 3018 2961 3074 nobis
3006 3029 3092 3076 est
3139 3024 3408 3095 exposita,
3439 3028 3616 3097 ipsum
3655 3029 3807 3086 Scoti

2203 3101 2600 3174 philosophiam
2634 3109 2942 3177 perspicere
2980 3113 3296 3180 studuisset,
3350 3126 3460 3176 tam
3490 3117 3694 3178 frustra
3739 3136 3806 3180 eo

2208 3199 2516 3254 excusando
2551 3208 2714 3270 atque
2745 3201 3081 3262 defendendo
3104 3216 3249 3263 esset
3299 3219 3547 3278 conatus.
3601 3215 3803 3274 Verum

2209 3289 2350 3346 infra
2378 3292 2621 3363 pluribus
2670 3296 2831 3351 etiam
2882 3298 2983 3370 ipsi
3021 3301 3126 3356 erit
3157 3308 3573 3362 occurrendum.
3625 3308 3805 3381 Atque

2207 3383 2270 3438 de
2292 3381 2496 3440 Natura
2537 3403 2643 3444 non
2668 3399 2850 3444 creata
2877 3402 3100 3448 creante
3129 3397 3265 3452 satis
3287 3407 3373 3454 est
3403 3399 3628 3456 dictum.

2917 3505 2944 3578 §
2987 3506 3078 3562 25.

2275 3595 2333 3648 Β.
2373 3614 2390 3646 ι
2425 3595 2611 3654 Altera
2641 3596 2880 3655 Naturae
2921 3605 3128 3674 species
3153 3615 3236 3661 est
3282 3623 3370 3676 ea,
3417 3623 3558 3682 quae
3583 3623 3804 3670 creatur

2201 3695 2256 3742 et
2281 3695 2450 3742 creat.
2483 3709 2502 3740 ι

2277 3799 2294 3828 ‹
2322 3777 2464 3834 Haec
2493 3796 2596 3835 non
2630 3783 2733 3837 nisi
2767 3785 2817 3836 in
2840 3785 3280 3854 primordialibus
3302 3793 3484 3850 causis
3513 3809 3721 3864 rerum,
3743 3808 3802 3854 ut

2199 3871 2537 3937 aestimatur,
2591 3873 2933 3945 intelligenda
2962 3887 3064 3933 est.
3097 3879 3248 3952 Ipsae
3293 3885 3671 3954 primordiales
3714 3907 3801 3946 re-

2199 3976 2315 4014 rum
2335 3977 2530 4020 causae
2545 3981 2572 4017 a
2590 3963 3164 4050 (ἓνειροὶεπρωτὸτυπα,
3194 3976 3297 4032 hoc
3311 3984 3396 4032 est
3420 3978 3798 4048 primordialia

2196 4057 2463 4126 exempla,
2488 4058 2568 4113 vel
2599 4067 2980 4138 προορίσματα,
3006 4068 3108 4124 hoc
3137 4078 3221 4125 est
3249 4073 3791 4144 praedestinationcs,

2197 4147 2323 4202 item
2337 4150 2450 4205 θεῖα
2461 4153 2736 4226 θελήματα,
2757 4156 2857 4210 hoc
2874 4168 2952 4211 cst
2970 4159 3183 4216 divinae
3198 4163 3608 4232 voluntates,vel
3628 4170 3794 4225 etiam

2192 4244 2341 4311 ἰδέαι,
2386 4246 2437 4300 b.
2471 4263 2521 4301 c.
2553 4251 2762 4318 species
2796 4267 2840 4305 s.
2876 4253 3102 4316 formae,
3153 4257 3205 4309 in
3240 4259 3434 4326 quibus
3462 4275 3643 4317 rerum
3675 4279 3764 4318 om

2193 4336 2340 4389 nium
2385 4337 2775 4407 faciendarmn,
2814 4347 3127 4415 priusquam
3178 4359 3381 4415 essent,
3425 4352 3792 4409 immutabilcs

2194 4430 2431 4485 rationes
2462 4433 2707 4488 conditae
2729 4445 2875 4500 sunt,
2909 4438 3084 4493 solent
3114 4442 3292 4495 vocari
3325 4442 3422 4515 (f).
3452 4473 3525 4485 --
3553 4443 3663 4499 Nec
3693 4446 3791 4499 im-

2191 4585 2286 4652 per
2321 4571 2384 4624 ad
2409 4573 2664 4628 inferiora
2703 4574 3020 4652 defluentia,
3050 4579 3368 4652 iterumque
3413 4599 3509 4652 per
3541 4586 3788 4641 secretis-

2191 4643 2358 4697 simos
2389 4655 2616 4700 naturae
2658 4663 2817 4714 poros
2865 4650 3233 4706 occultissimo
3275 4643 3452 4708 incat'u
3484 4655 3546 4707 ad
3582 4653 3784 4709 fontem

2189 4728 2344 4789 suum
2387 4718 2611 4789 redeunt
2645 4736 2692 4772 ι.
2727 4717 3062 4789 Quamquam
3113 4732 3290 4778 autem
3346 4726 3447 4778 hac
3478 4726 3684 4779 ratiooc
3728 4726 3787 4780 fit;

2188 4785 2240 4839 in
2273 4786 2524 4862 omnibus
2565 4789 2744 4862 omnia
2776 4785 2952 4862 Deus,
3008 4799 3183 4846 tamen
3215 4808 3378 4862 super
3428 4796 3605 4849 omnia
3661 4813 3785 4853 esse

2186 4871 2305 4929 non
2328 4856 2528 4910 desinit
2558 4880 2600 4910 ι.
2646 4857 2752 4924 (Ill,
2777 4858 2892 4929 21).)

2257 4927 2330 4997 (f)
2357 4929 2529 4995 Quum
2561 4929 2784 4999 Erigena
2815 4927 3213 4990 Platonicorum
3239 4935 3533 5000 doctrinam
3558 4937 3623 4992 de
3647 4940 3782 4995 ideis

2188 4999 2239 5052 in
2291 5001 2389 5052 hac
2436 5015 2527 5076 sua
2584 5001 2649 5051 de
2699 5004 2875 5055 causis
2925 4999 3363 5072 primordialiluts
3413 5009 3782 5076 disputatione

2186 5070 2403 5134 referat,
2432 5069 2511 5123 vel
2545 5073 2775 5125 maxime
2796 5069 2994 5141 operae
3022 5077 3250 5145 pretium
3287 5069 3777 5146 fecisse'videmur,

2182 5140 2226 5194 si
2262 5141 2396 5220 hoc,
2433 5157 2539 5220 quo
2570 5159 2711 5197 nunc
2753 5140 2958 5220 sumus,
3012 5140 3153 5220 loco,
3192 5149 3318 5220 quid
3358 5150 3574 5220 proprie
3617 5140 3777 5205 fuerit

2182 5212 2296 5265 idea
2315 5211 2609 5275 Platonica,
2643 5216 2826 5283 paucis
2849 5211 3235 5272 monuerimus.
3274 5211 3499 5274 Utamur
3516 5220 3574 5274 Bt
3590 5222 3776 5278 uclteri

2180 5283 2379 5366 verbis.
2434 5283 2691 5366 ls_ig‘itur
2734 5287 2857 5366 in“!
2895 5289 3021 5366 hist.
3052 5290 3201 5366 _crit.
3249 5291 3379 5366 phil.
3429 5302 3555 5366 tam.
3598 5291 3681 5356 111.
3717 5310 3770 5363 p.

2179 5355 2300 5408 9115.
2337 5356 2466 5410 haec
2500 5358 2701 5434 habet:
2747 5357 3005 5434 «illatoni
3051 5360 3165 5434 idea
3215 5355 3318 5434 non
3362 5373 3442 5434 est
3477 5363 3587 5428 illa,
3631 5355 3774 5434 quae

2175 5440 2240 5479 ex
2269 5428 2720 5506 eonteniplati(n;_c
2750 5429 3080 5506 objectoruni
3125 5433 3480 5506 singulariutn
3504 5428 3770 5506 exsurgit,

2177 5499 2328 5552 notio
2355 5499 2746 5574 Universitatis,
2783 5501 2967 5570 reique
3012 5499 3237 5574 alicujus
3269 5504 3534 5572 generalis
3570 5499 3771 5562 conice?-

2178 5577 2299 5636 plus
2321 5600 2477 5608 ——-
2501 5572 2592 5626 sed
2627 5573 2775 5627 ideae
2824 5584 2949 5630 sunt
2977 5574 3045 5626 illi
3077 5572 3380 5629 csSrntialia
3433 5592 3609 5631 rerum
3651 5593 3771 5632 om-

2176 5641 2324 5722 nium
2354 5641 2705 5711 Singularium
2763 5645 3112 5722 exemplaria,
3147 5649 3421 5722 arma,
3453 5648 3764 5722 gaudentia,

2177 5711 2242 5763 ad
2284 5727 2512 5781 quorum
2558 5724 2805 5768 inituram
2823 5711 3176 5789 indoleman
3211 5734 3293 5772 res
3324 5711 3624 5789 sit’fgularcs
3658 5711 3767 5773 rm-L

2177 5794 2354 5854 gnatae
2398 5795 2543 5848 sunt,
2572 5796 2622 5838 ct
2647 5802 2785 5854 quae
2822 5788 2904 5840 his
2949 5788 3106 5841 rebus
3131 5805 3332 5848 veram,
3367 5798 3570 5843 certam
3601 5791 3766 5845 stabi-

2173 5852 2386 5925 lemque
2417 5852 2701 5916 essentiam
2755 5857 3051 5926 largimilur
3113 5861 3220 5916 llae
3274 5860 3421 5918 ideae
3468 5875 3527 5915 ex
3580 5861 3756 5916 diviw
