4056 6276
266 335 332 390 61
1100 332 1187 387 DE
1230 321 1394 388 VITA'
1425 331 1511 386 ET
1551 329 1950 389 PRAECEP'I‘IS
1987 333 2034 388 J.
2082 330 2296 389 SCOTI.
2335 364 2404 375 —
2428 334 2606 396 PARS
2641 337 2704 391 ll.
3477 348 3544 404 62

267 447 470 502 merito
500 445 580 500 sic
621 444 963 518 appellantur
984 446 1260 517 quoniam,
1298 445 1459 499 Pater
1483 446 1535 498 ll.
1581 460 1628 498 e.
1668 445 1866 514 princi-
1894 455 1940 513 Α
1970 460 2031 500 ex
2055 444 2214 500 Patre
2257 445 2332 516 (id
2355 449 2498 516 quod
2532 463 2702 517 usque
2730 449 2797 506 ab
2823 451 2969 508 omni
2996 453 3318 511 aeternitate
3339 455 3540 512 factum

266 541 416 610 pium
449 539 690 594 omnium
711 539 767 593 iu
785 538 964 596 Verbo
980 555 1098 606 suo,
1123 539 1397 610 uuigenito
1424 538 1669 592 videlicet
1697 539 1852 603 Filio,

264 633 514 686 omnium
543 648 724 686 rerum
754 634 1014 699 rationes,
1044 648 1177 703 quas
1224 633 1500 687 faciendas
1524 647 1641 687 esse
1668 633 1854 698 voluit,

264 725 586 796 priusquam
623 737 712 780 res
737 722 949 790 ﬁerent,
981 722 1370 796 praeformavit
1397 741 1440 776 ι.
1469 724 1556 794 (ll,
1588 724 1640 777 ἓ.
1670 726 1783 794 56.)

983 837 1010 910 §
1056 837 1146 892 24.

341 970 361 1001 ‹
380 950 592 1007 Causae
607 951 768 1020 igitur
781 951 861 1020 pri
871 951 1174 1017 mordiales,
1192 967 1354 1020 quum
1371 967 1473 1006 non
1495 952 1852 1021 quarundam,

260 1041 361 1095 sed
385 1041 630 1096 omnium
659 1041 947 1095 visibilium
972 1040 1428 1109 invisibiliumque
1452 1058 1629 1096 rerum
1661 1056 1855 1095 causae

260 1135 392 1198 sint,
426 1149 656 1190 numero
681 1143 901 1189 careant
924 1150 1144 1189 necesse
1181 1144 1282 1189 est.
1313 1135 1647 1204 Quamquam
1676 1145 1852 1188 autem

259 1243 442 1298 neque
489 1237 699 1282 certum
741 1229 984 1282 ordinem
1031 1228 1250 1291 habent,
1303 1230 1374 1282 ita
1423 1239 1480 1282 ut
1522 1229 1743 1298 quaevis
1788 1244 1854 1282 ex

260 1319 508 1388 ipsarum
557 1332 782 1372 numero
818 1320 990 1388 prima
1021 1332 1140 1373 esse
1169 1319 1380 1388 possit,
1424 1319 1481 1373 S.
1521 1329 1700 1374 tamen
1734 1318 1856 1372 Dio-

259 1413 454 1483 nysius
476 1411 622 1482 jure,
675 1423 732 1466 ut
759 1413 986 1473 videtur,
1044 1414 1138 1466 has
1169 1413 1356 1467 decem
1401 1413 1602 1482 primas
1649 1414 1852 1466 consti—

260 1504 366 1558 tuit
394 1517 412 1557 :'
449 1502 554 1558 Per
580 1518 637 1558 se
678 1504 849 1574 ipsam
883 1503 1114 1569 bonitas,
1158 1519 1256 1572 per
1277 1519 1335 1558 se
1381 1505 1551 1572 ipsam
1592 1505 1851 1569 essentia,

256 1610 446 1668 perse
474 1597 643 1665 ipsam
677 1596 806 1659 vita,
853 1611 947 1666 per
979 1611 1036 1650 se
1066 1597 1232 1665 ipsam
1279 1596 1438 1657 ratio,
1470 1611 1564 1664 per
1594 1611 1650 1650 se
1681 1598 1852 1664 ipsam

259 1688 643 1758 intelligentia,
693 1703 788 1758 per
819 1702 876 1741 se
929 1687 1096 1757 ipsam
1131 1688 1414 1758 sapientia,
1471 1703 1565 1757 per
1595 1703 1653 1742 se
1680 1689 1848 1756 ipsam

258 1781 454 1843 virtus,
488 1794 664 1850 perse
691 1780 908 1849 (ipsam)
934 1779 1230 1843 beatitudo,
1277 1795 1375 1849 per
1402 1794 1460 1834 se
1503 1780 1671 1850 ipsam
1700 1779 1846 1838 veri-

258 1883 363 1938 tas,
387 1887 489 1942 per
510 1887 567 1926 se
596 1874 765 1942 ipsam
796 1872 1092 1927 aeternitas
1111 1872 1208 1942 (a).
1234 1872 1412 1941 Atque
1443 1871 1514 1932 ita
1543 1872 1683 1926 inter
1713 1888 1843 1927 cau-

249 1984 342 2024 sas
385 1969 781 2038 primordiales,
813 1983 947 2038 quas
975 1984 1154 2023 rerum
1183 1970 1424 2024 omnium
1452 1970 1715 2040 principia
1768 1971 1845 2024 di-

251 2062 363 2116 vini
393 2063 670 2133 sapientes
699 2061 1003 2132 appellant,
1047 2071 1172 2117 sunt
1196 2077 1386 2118 omnes
1414 2062 1640 2120 virtutes
1667 2077 1730 2118 ac
1757 2077 1844 2116 ra-

253 2157 430 2208 tiones
463 2155 562 2224 (b),
592 2169 727 2225 quas
776 2155 940 2209 semel
978 2164 1030 2209 et
1070 2155 1230 2212 simul
1255 2154 1417 2210 Pater
1443 2154 1572 2210 fecit
1595 2156 1647 2209 in
1688 2155 1840 2218 Filio,

249 2256 303 2302 et
329 2247 631 2301 secundum
679 2261 816 2317 quas
863 2248 996 2302 ordo
1039 2247 1284 2301 omnium
1333 2263 1514 2301 rerum
1555 2262 1585 2306 θ
1633 2262 1846 2304 summo

251 2356 422 2409 usque
450 2340 708 2396 deorsum
725 2341 944 2403 texitur,
980 2342 1080 2394 hoc
1105 2350 1208 2405 est,
1231 2341 1301 2398 ab
1324 2340 1673 2395 intellectuali
1695 2355 1845 2395 crea-

251 2442 392 2497 tura,
452 2447 591 2502 quac
633 2434 744 2487 Deo
770 2443 890 2504 post
925 2435 1092 2488 Deum
1131 2444 1214 2488 est
1245 2434 1490 2502 proxima
1513 2475 1526 2500 ,
1579 2449 1747 2502 usque
1776 2433 1844 2492 ad

246 2534 561 2579 extremum
611 2539 793 2579 rerum
839 2525 1084 2580 omnium
1128 2526 1416 2591 ordinem,
1465 2541 1576 2594 quo
1617 2539 1844 2592 corpora

245 2619 601 2672 continentur
635 2636 680 2670 ι.
715 2617 822 2689 (lli,
865 2618 953 2684 M,
989 2619 1009 2670 1
1041 2634 1058 2683 ;
1085 2617 1146 2684 ll,
1179 2617 1293 2686 36.)

958 2733 985 2806 §
1029 2733 1124 2788 25.

320 2870 339 2902 ι
376 2849 685 2917 Visibilium
724 2865 907 2912 rerum
935 2850 1114 2905 causis
1153 2848 1594 2920 priuiordialibus
1623 2859 1706 2903 est
1727 2849 1842 2903 exi-

244 2944 354 3015 mia
406 2942 702 3014 subtilitas,
735 2943 1019 3002 inetl'abilis
1049 2952 1276 2996 naturae
1305 2942 1624 3013 simplicitas
1667 2957 1841 3012 caque

242 3036 576 3100 obscuritas,
606 3050 746 3104 quae
771 3033 916 3087 nullo
942 3033 1141 3088 coloris
1186 3034 1411 3098 lumine,
1462 3033 1605 3086 milia
1641 3033 1842 3087 forma-

244 3144 363 3183 rum
419 3128 747 3184 discretione
804 3127 872 3182 sit
924 3127 1235 3180 declarata:
1289 3125 1664 3180 intellectualis
1714 3141 1840 3181 vero

243 3225 522 3280 essentiae
551 3240 747 3278 causae
773 3223 1150 3292 primordiales
1194 3224 1395 3276 habent
1426 3222 1840 3292 incomprehen-

246 3322 465 3376 sibilein
494 3320 857 3385 altitudinem,
908 3319 1171 3375 inlinitam
1214 3321 1296 3374 sui
1327 3336 1423 3388 per
1474 3319 1654 3373 omnia
1684 3317 1842 3375 δεσυ-

245 3415 481 3479 sionem,
524 3426 662 3480 quae
708 3411 853 3464 nullo
884 3412 1181 3480 percipitur
1211 3426 1393 3476 sensu,
1428 3411 1571 3466 nullo
1593 3427 1842 3481 compre-

245 3505 506 3559 henditur
535 3503 833 3568 intellectu,
856 3519 1092 3573 praeque
1115 3502 1403 3559 inell‘abilis
1433 3519 1562 3558 suae
1588 3505 1842 3573 puritatis

243 3597 567 3652 excellentia
595 3598 941 3650 tenebrarum
971 3597 1191 3654 nomine
1223 3607 1534 3660 meruerunt
1559 3598 1838 3668 appellari.

244 3692 319 3746 Ex
350 3689 660 3755 eﬁectibus,
713 3691 816 3745 hoc
843 3699 928 3745 est
976 3706 1041 3745 ex
1072 3691 1508 3759 processiouibus
1543 3692 1599 3748 in
1642 3707 1840 3762 genera

243 3783 558 3850 formasque
590 3781 872 3836 sensibiles
899 3792 1061 3852 atque
1091 3783 1455 3853 intelligihilcs
1501 3799 1839 3855 cognoscun-

247 3885 354 3937 tur,
381 3874 510 3943 quia
533 3884 680 3940 sunt,
708 3891 809 3928 non
841 3884 1020 3930 tamen
1047 3875 1442 3946 intelliguntur,
1468 3878 1596 3947 quid
1623 3887 1748 3934 sunt
1789 3899 1833 3932 ι.

249 3963 339 4035 (u,
368 3964 458 4017 υ.
488 3965 600 4035 se.)

324 4186 342 4219 ι
377 4168 434 4223 Si
465 4167 585 4238 quis
617 4184 774 4225 nosse
797 4170 943 4235 velit,
977 4181 1155 4226 utrum
1177 4174 1494 4244 principalia
1523 4175 1612 4236 illa
1652 4192 1836 4232 exem-

247 4263 332 4336 pla
382 4277 442 4316 sc
485 4262 600 4332 ipsa
632 4263 949 4333 intelligant,
1000 4265 1314 4335 priusquam
1365 4271 1416 4320 in
1453 4284 1558 4336 res,
1609 4286 1836 4340 quarum

247 4367 446 4409 causae
469 4363 614 4419 sunt,
649 4357 935 4423 prolluant,
968 4371 1153 4422 necne,
1193 4359 1319 4414 huic
1345 4361 1584 4416 breviter
1613 4379 1840 4433 respon-

248 4446 504 4509 dendum,
542 4447 705 4500 Deum
736 4447 790 4499 iu
815 4447 1077 4516 sapientia
1123 4464 1216 4502 sua
1255 4452 1325 4523 (ε)
1357 4467 1450 4507 eas
1481 4452 1698 4520 fecisse,
1731 4472 1838 4526 quo

249 4541 360 4601 liat,
403 4545 464 4590 ut
507 4552 612 4589 non
666 4538 936 4608 solumse
982 4539 1094 4608 ipsa
1123 4551 1476 4612 cognoscant,
1532 4545 1625 4600 sed
1673 4548 1835 4600 etiam
1871 4571 1918 4630 π)

251 4647 453 4694 rerum,
501 4641 726 4698 quarum
774 4632 1036 4701 principia
1084 4643 1228 4700 sunt,
1277 4637 1526 4698 notitiam
1579 4638 1833 4698 habeant.

252 4723 363 4777 Non
389 4724 534 4777 enim
565 4725 890 4779 credendum
917 4733 1019 4792 est,
1063 4725 1117 4779 in
1141 4726 1318 4781 divina
1341 4729 1603 4798 sapientia
1633 4729 1835 4800 aliquid

252 4818 511 4886 insipiens
560 4826 615 4872 et
657 4831 716 4872 se
763 4818 938 4888 ipsum
987 4820 1244 4891 ignorans
1273 4822 1550 4880 conditum
1580 4823 1766 4886 fuisse,
1809 4843 1827 4876 ι

250 4911 332 4980 (ll,
371 4911 576 4978 13,20.
608 4909 670 4978 v,
697 4911 814 4988 24.)

957 5009 1130 5084 §27.

322 5144 340 5180 I
371 5123 618 5191 Fuerunt
640 5131 820 5186 autem
864 5139 1059 5180 causae
1088 5124 1207 5180 illae
1236 5125 1613 5195 primordialcs
1662 5143 1834 5200 usque

248 5224 313 5278 ab
343 5221 491 5282 mimi
519 5221 858 5278 aeternitate.
894 5219 1259 5298 Suntquidem
1287 5219 1480 5288 factae,
1519 5239 1701 5278 verum
1732 5223 1829 5290 ita,

249 5323 303 5368 ut
330 5329 510 5384 neque
540 5315 835 5382 aeternitas
861 5329 1047 5372 earum
1087 5312 1368 5382 facturam,
1416 5331 1589 5385 neque
1621 5316 1828 5370 factura

245 5426 428 5475 earum
453 5413 829 5476 aeternitatem
865 5412 1172 5482 praecedat.
1215 5411 1477 5467 Nasccnte
1507 5415 1647 5466 enim
1693 5411 1829 5476 Filio

245 5559 422 5623 mente
451 5552 720 5619 oriuntur,
745 5553 910 5623 inque
938 5567 1000 5607 ea
1022 5553 1350 5617 radicantur,
1377 5569 1470 5607 sua
1499 5561 1678 5607 autem
1705 5570 1829 5623 pro-

243 5622 354 5690 pria
382 5624 620 5693 gaudent
657 5622 958 5680 substantia
997 5643 1040 5678 ι,

312 5695 387 5768 (ri)
427 5693 570 5750 Haec
598 5697 718 5754 ideo
744 5711 841 5765 per
866 5712 924 5752 sc
950 5711 1069 5768 esse
1099 5697 1386 5766 dicuntur,
1436 5699 1576 5768 quod
1615 5718 1630 5746 ς
1668 5697 1828 5752 unius

248 5765 612 5820 universorum
637 5783 834 5822 causae
871 5767 1316 5837 participationcs
1355 5765 1500 5833 sunt,
1527 5785 1708 5838 neque
1738 5770 1822 5822 illa

247 5846 486 5891 creatura
531 5839 668 5894 inter
691 5839 836 5909 ipsas
869 5849 922 5893 et
952 5854 1112 5893 unam
1139 5841 1375 5896 omnium
1405 5857 1621 5896 causam
1668 5844 1826 5896 inter-

1959 545 2064 611 est)
2109 539 2284 596 factae
2328 550 2456 596 sunt
2483 544 3004 610 praedestinationes
3049 549 3431 606 substantiales
3460 553 3540 620 (li.

1959 649 2008 688 e.
2041 649 2237 688 causae
2271 633 2669 705 primordiales)
2719 637 2771 691 in
2804 639 2968 694 verbo
2996 639 3111 702 Dei.
3139 641 3343 700 Causas
3373 643 3544 714 siqui-

1959 727 2078 781 dem
2111 727 2486 796 primordiales
2506 727 2650 782 Patri
2681 738 2736 782 et
2768 727 2905 785 Filio
2936 741 3250 789 eoeaternas
3276 748 3396 792 esse
3426 748 3544 791 crc-

1957 817 2135 871 dimus
2165 838 2183 870 ι
2212 818 2318 890 (Ill,
2348 820 2414 876 16
2437 836 2452 884 ;
2477 819 2541 885 ll,
2571 820 2711 875 20~
2733 820 2846 892 21.)

2031 911 2134 965 Sed
2176 911 2392 978 Scotus,
2447 914 2548 969 etsi
2595 914 2679 970 his
2711 914 2844 972 locis
2888 916 3089 980 diserte
3128 917 3302 984 dixit,
3349 934 3540 976 causas

1956 1005 2332 1074 primordiales
2345 1006 2492 1062 Patri
2511 1006 2753 1078 Filioque
2768 1024 2889 1064 esse
2911 1028 2927 1064 t
2953 1020 3269 1068 coaeternas
3291 1031 3339 1080 θ,
3362 1021 3539 1074 tamen

1958 1098 2078 1151 aliis
2133 1098 2266 1152 locis
2324 1100 2644 1166 contendit,
2684 1101 2829 1170 ipsas
2876 1118 2982 1158 non
3033 1105 3255 1162 omnino
3287 1104 3374 1164 his
3421 1120 3542 1168 esse

1963 1209 1979 1239 ι
2027 1200 2341 1244 coaeternas
2384 1211 2428 1243 ι.
2485 1211 2504 1247 ς
2551 1191 2674 1246 Ideo
2705 1192 2894 1263 (enim)
2933 1213 2977 1258 ο,
3006 1194 3108 1258 ait,
3156 1214 3172 1245 ι
3209 1209 3402 1258 causas
3428 1197 3540 1267 pri.-

1957 1280 2244 1336 mordiales
2274 1283 2384 1338 Deo
2414 1283 2642 1340 dicimus
2687 1297 3028 1352 coaeternas,
3073 1289 3200 1358 quia
3243 1302 3456 1359 semper
3487 1289 3541 1344 in

1957 1373 2066 1427 Deo
2100 1375 2216 1428 sine
2244 1376 2352 1430 ullo
2397 1379 2678 1446 temporali
2737 1382 3003 1451 principio
3047 1383 3373 1450 subsistunt,
3423 1385 3544 1440 ideo

1955 1464 2055 1533 ipsi
2088 1479 2192 1518 non
2224 1474 2562 1532 coaeteruas,
2595 1469 2721 1538 quia
2761 1486 2866 1526 non
2897 1487 2928 1534 ξ
2957 1487 3014 1526 se
3046 1472 3192 1542 ipsis,
3242 1475 3337 1530 sed
3381 1492 3410 1528 a
3441 1489 3542 1530 suo

1956 1569 2201 1613 creatore
2225 1559 2489 1629 incipiunt
2510 1577 2652 1627 esse,
2677 1563 2792 1632 ipse
2815 1579 2944 1618 vero
2963 1574 3182 1628 creator
3212 1566 3357 1630 nullo
3383 1569 3542 1624 modo

1957 1649 2284 1718 iucipitcsse
2321 1670 2366 1704 ι.
2407 1651 2502 1708 Est
2546 1664 2722 1711 autem
2766 1654 2868 1712 hac
2894 1654 3035 1714 illius
3063 1657 3140 1724 rei
3183 1657 3543 1728 explicatione

1957 1744 2131 1813 magis
2169 1744 2331 1797 etiam
2359 1745 2602 1802 miranda
2630 1747 2770 1804 ratio
2794 1749 3080 1816 quaedam,
3111 1764 3248 1818 quae
3277 1751 3405 1808 huic
3439 1750 3542 1822 ipsi

1879 1822 1922 1879 Β
1953 1834 2296 1902 explicatioui
2322 1845 2406 1890 est
2425 1836 2663 1904 adjecta:
2703 1858 2721 1889 ι
2756 1840 2812 1894 Si
2843 1841 2896 1899 in
2919 1841 3031 1909 ipsa
3061 1856 3222 1905 causa
3251 1859 3539 1902 causarum

1952 1925 2213 1992 omnium,
2253 1926 2304 1980 in
2335 1927 2392 1980 ὃ.
2427 1926 2710 1995 Trinitate,
2745 1931 3010 1998 quaedam
3050 1933 3371 2003 intelligitur
3409 1949 3537 2004 pro-

1951 2020 2124 2074 cessio
2146 2049 2217 2060 —
2251 2019 2432 2076 Deitas
2461 2022 2604 2078 enim
2650 2023 2876 2092 gignens
2900 2034 2956 2084 et
3003 2025 3220 2086 mittens
3267 2027 3543 2094 praecedit

1951 2111 2186 2178 genitam
2224 2121 2282 2164 et
2318 2112 2722 2179 procedentem,
2759 2116 2886 2172 dum
2923 2115 2996 2168 sit
3024 2130 3127 2172 una
3174 2124 3230 2170 et
3257 2116 3536 2187 insepara-

1953 2201 2074 2256 bilis
2109 2201 2291 2256 Deitas
2314 2233 2384 2242 —
2415 2217 2520 2257 non
2554 2205 2750 2263 mirum
2782 2214 2884 2270 est,
2919 2218 3012 2266 aut
3046 2207 3375 2270 incredibile,
3411 2225 3538 2262 cau-

1951 2310 2131 2348 sarum
2194 2297 2434 2358 ninnium
2482 2312 2700 2356 causam
2761 2300 3089 2370 praecedere
3151 2317 3211 2358 ea
3239 2341 3254 2368 ,
3307 2318 3539 2371 quorum

1949 2401 2110 2442 causa
2159 2398 2245 2443 est
2277 2408 2319 2440 ι.
2379 2390 2469 2459 (de
2521 2391 2628 2445 div.
2683 2390 2806 2450 Nat.
2855 2393 2920 2458 ﬂ,
2972 2395 3072 2459 2|;
3127 2395 3216 2460 ill.
3279 2395 3311 2448 5
3361 2397 3538 2465 seqq.)

1955 2494 1972 2526 ι
2003 2477 2342 2548 Quamquam
2384 2489 2565 2548 autem
2619 2483 2738 2552 capi
2763 2484 2970 2552 nequit,
3019 2487 3288 2554 quomodo
3343 2503 3540 2543 causae

1947 2570 2324 2639 primordiales
2351 2580 2403 2627 et
2448 2575 2625 2628 t‘actae
2654 2585 2708 2628 et
2737 2583 2991 2630 aeternae
3037 2577 3242 2646 possint
3275 2593 3412 2643 esse,
3453 2593 3541 2648 res

1949 2669 2128 2714 tamen
2184 2660 2482 2730 illustratur
2530 2664 2778 2733 exemplo
2825 2681 3202 2731 numerorum,
3236 2667 3328 2735 qui
3377 2667 3536 2720 simul

1946 2754 2152 2808 aeterni
2203 2764 2406 2810 suntet
2442 2755 2612 2812 facti:
2662 2758 2867 2818 aeterni
2914 2759 2970 2812 in
3021 2761 3269 2826 mouade,
3322 2758 3451 2814 facti
3482 2759 3536 2812 iu

1945 2848 2193 2904 monadis
2223 2848 2669 2920 multiplicatione
2697 2869 2740 2914 ρ.
2775 2850 2881 2922 (111,
2918 2853 2977 2906 11
3007 2854 3183 2922 seqq.)

2658 2985 2825 3059 gas.

2021 3098 2151 3154 Viva
2174 3100 2337 3170 igitur
2360 3099 2448 3152 illa
2478 3098 2617 3172 (sup.
2644 3100 2782 3172 9'26)
2807 3101 3047 3155 omnium
3074 3101 3332 3154 virtutum
3365 3101 3533 3156 ratio-

1867 3193 1914 3258 C
1946 3208 2206 3262 nutuque,
2236 3192 2430 3262 quibus
2458 3207 2638 3246 rerum
2668 3203 2894 3247 naturae
2933 3194 3259 3248 universitas
3285 3193 3532 3260 edicitur,

1948 3287 2192 3356 exempla
2232 3285 2573 3358 principalia,
2623 3302 2759 3356 quas
2803 3288 3178 3356 primordiales
3221 3303 3414 3343 causas
3441 3304 3536 3359 ap-

1945 3379 2266 3450 pellavimus
2296 3380 2346 3455 (§
2371 3380 2577 3454 25-24),
2609 3396 2712 3434 nou
2743 3381 2916 3458 solum
2945 3381 3055 3436 Deo
3102 3389 3225 3436 sunt
3251 3390 3535 3438 coaeterna

1947 3472 1995 3546 (§
2029 3474 2141 3544 27),
2172 3491 2358 3529 verum
2385 3476 2548 3530 etiam
2583 3491 2752 3546 usque
2784 3476 2849 3530 ab
2870 3476 3016 3530 omni
3059 3476 3379 3530 aeternitate
3412 3492 3534 3530 cum

1947 3563 2058 3619 Deo
2075 3565 2362 3634 conjuncta
2385 3575 2568 3637 atque,
2597 3570 2732 3623 adeo
2751 3568 2802 3621 in
2832 3568 2950 3637 ipso
2975 3567 3084 3622 Deo
3098 3567 3264 3620 luere.
3293 3565 3535 3635 Namque

1946 3675 1976 3710 a
2014 3657 2124 3712 Deo
2177 3658 2360 3725 Patre,
2419 3677 2632 3716 summo
2660 3662 2901 3715 omnium
2955 3677 3131 3716 rerum
3160 3661 3445 3731 principio,
3481 3663 3535 3714 it:

1943 3746 2081 3803 Filio
2113 3750 2412 3821 unigenito,
2436 3762 2616 3807 creata
2641 3769 2735 3808 seu
2759 3753 2972 3808 condita
3007 3769 3100 3807 seu
3128 3753 3266 3806 facta
3297 3761 3442 3817 sunt,
3479 3761 3537 3806 ut

1945 3853 2156 3911 semper
2191 3862 2206 3892 ‹
2238 3843 2290 3895 in
2337 3843 2452 3913 ipso
2479 3845 2819 3900 substiterint
2855 3865 2900 3898 ι.
2933 3846 2982 3918 (§
3021 3845 3224 3911 25-24;
3261 3844 3292 3917 δ
3323 3844 3531 3917 26-27.)

1945 3936 2224 4002 Quomodo
2253 3947 2435 3992 autem
2485 3954 2682 3994 causae
2722 3940 3100 4010 primordiales
3151 3941 3204 3994 iu
3239 3940 3414 3995 Verbo
3440 3941 3535 3996 De!

1945 4033 2222 4102 unigenito
2248 4035 2497 4089 conditae
2524 4037 2653 4101 sint,
2691 4053 2708 4085 ‹
2739 4052 2926 4091 omnes
2949 4046 3167 4108 superat
3205 4039 3529 4104 intellectus,

1945 4124 2151 4195 solique
2177 4127 2367 4191 Verbo,
2400 4129 2450 4181 in
2483 4146 2589 4198 quo
2621 4139 2743 4183 sunt
2767 4132 3036 4196 conditae,
3065 4133 3334 4203 cognitum
3363 4144 3445 4186 est
3485 4153 3528 4186 ι.

1946 4219 2052 4288 (lll,
2086 4221 2300 4294 16-17.)
2328 4220 2690 4278 Nihilominus
2740 4223 2970 4296 Erigena
3021 4225 3124 4280 alio
3151 4227 3384 4295 quodam
3417 4227 3534 4282 loc.)

1946 4315 2179 4372 scribit:
2217 4335 2233 4366 ‹
2277 4317 2553 4389 Siquidem
2602 4333 2668 4372 ex
2719 4317 2867 4373 fonte
2917 4318 3114 4374 ﬂumen
3159 4322 3534 4390 principaliter

1945 4421 2152 4477 manat,
2175 4423 2225 4466 et
2248 4429 2343 4484 per
2367 4413 2484 4483 ejus
2510 4414 2720 4467 alveum
2745 4429 2900 4483 aqua,
2925 4429 3061 4484 quae
3083 4415 3254 4486 surgit
3283 4415 3336 4468 iu
3361 4414 3527 4480 fonte,

1947 4503 2275 4568 dcl‘umiitur,
2303 4505 2382 4557 sic
2406 4505 2585 4557 divina
2617 4505 2845 4569 bonitas,
2869 4514 2922 4558 et
2951 4507 3206 4572 essentia,
3237 4517 3290 4560 et
3321 4507 3448 4573 vita,
3478 4516 3533 4561 et

1944 4597 2228 4666 sapientia,
2262 4607 2316 4652 et
2351 4597 2550 4664 omnia,
2583 4613 2719 4668 (piae
2745 4597 2799 4652 in
2833 4596 2980 4652 fonte
3026 4599 3263 4652 omnium
3294 4601 3371 4670 (h.
3401 4614 3449 4654 c.
3477 4600 3532 4653 in

1946 4688 2056 4744 Deo
2108 4687 2203 4759 lci".
2272 4686 2375 4756 IV,
2434 4688 2522 4762 1])
2586 4699 2730 4752 sunt,
2789 4691 2842 4742 in
2910 4692 3286 4759 primordiales
3341 4705 3532 4749 causas

1944 4784 2205 4854 deﬂuunt,
2225 4795 2280 4840 et
2302 4790 2394 4841 eas
2417 4803 2537 4842 esse
2567 4786 2772 4841 faciunt
2801 4808 2844 4840 ›.
2875 4787 2978 4858 (lll,
3007 4788 3087 4861 4.)

2647 4924 2820 4998 δερ.

2015 5043 2194 5112 Atque
2236 5043 2372 5096 haec
2421 5039 2536 5110 ipsa
2585 5042 2748 5094 verba
2802 5049 2987 5110 aperte
3036 5042 3312 5096 declarant
3365 5043 3528 5097 etiam

1946 5137 2096 5202 illud,
2132 5149 2320 5190 causas
2365 5131 2739 5204 primordiales
2781 5147 2901 5187 esse
2933 5149 3112 5187 rerum
3135 5133 3375 5201 exempla
3403 5134 3526 5186 sub-

1945 5227 2239 5292 stantialia,
2289 5241 2429 5296 quae
2483 5225 2910 5280 substantialiter
2967 5241 3032 5279 ex
3094 5226 3271 5279 divina
3324 5225 3528 5277 lluxere

1945 5321 2264 5383 substantia,
2289 5319 2637 5388 ejusdemque
2667 5335 2786 5373 cum
2821 5320 2936 5388 ipso
2955 5320 3062 5373 Deo
3083 5327 3204 5373 sunt
3235 5319 3524 5372 essentiae.

1944 5418 2096 5486 Quod
2140 5417 2336 5472 Scottis
2382 5416 2514 5471 satis
2561 5426 2873 5471 constanter
2919 5415 3097 5468 tradit.
3127 5413 3382 5483 Legimus
3404 5430 3527 5467 cum

1941 5554 2217 5631 positanest
2248 5571 2291 5603 ι.
2328 5551 2414 5631 (ll,
2436 5552 2534 5631 56,
2568 5551 2651 5631 Ill,
2692 5550 2764 5631 1.)

2012 5624 2087 5695 (b)
2112 5623 2262 5695 Quae
2282 5619 2453 5695 _verba
2485 5619 2793 5695 abAHiortio
2841 5629 3123 5684 vertuntur
3156 5621 3234 5695 (p.
3267 5619 3377 5691 70.)
3427 5620 3528 5673 ulle

1937 5693 2187 5766 (ltitigeu,
2221 5693 2520 5766 lebettdigen
2548 5693 2794 5764 Begri/fe.

2011 5763 2086 5837 (c)
2119 5765 2228 5837 Hoc
2254 5777 2355 5837 est,
2385 5763 2440 5818 in
2471 5766 2606 5820 Filio
2629 5763 2725 5820 suo
2750 5765 3042 5837 uuigenito.
3073 5764 3154 5821 Cl‘.
3189 5783 3300 5835 sup.
3339 5765 3368 5837 θ
3401 5763 3478 5819 12.
3510 5779 3521 5827 ;

1935 5839 2005 5892 de
2025 5836 2138 5895 div.
2175 5836 2244 5905 ll,
2273 5836 2362 5892 22.
