4056 6276
525 349 594 405 ss
910 305 920 315 ’
1559 346 1648 402 DE
1683 343 1950 403 JOANNE
1981 341 2204 401 sco'ro
2241 341 2766 400 COMMENTATIO.
3735 338 3803 392 st

526 457 693 522 m'O'lta
740 463 875 528 alia,
927 469 1041 516 tum
1097 459 1232 516 haec
1262 476 1274 514 :
1323 477 1342 511 ‹
1376 457 1518 515 Dicit
1569 472 1724 514 sacra
1784 455 2065 527 Scriptura
2097 472 2111 510 :
2143 460 2192 519 Α
2221 469 2383 524 quam
2411 452 2596 525 fugere
2618 454 2809 525 possit,
2828 451 3048 508 Scotum
3077 451 3162 508 his
3189 451 3324 508 locis
3350 451 3462 524 (ill,
3485 452 3518 508 9
3539 454 3803 525 etpneci-

531 557 585 612 ti
612 559 669 612 In
701 554 970 628 principio
999 551 1131 609 fecit
1155 553 1297 608 Deus
1326 551 1534 608 coelum
1559 558 1615 606 et
1637 551 1948 618 terramjn,
1980 549 2036 604 h.
2063 563 2113 604 e.

526 651 670 706 Deus
699 648 864 704 Pater
908 647 963 702 in
994 645 1107 702 Deo
1127 644 1267 702 Filio
1293 644 1701 700 universitatem
1753 643 1920 698 totius
1967 655 2118 698 crea-

525 753 678 798 turae
705 740 936 796 visibilis
961 748 1017 796 et
1045 739 1329 795 invisibilis
1353 738 1627 805 condidit;
1656 745 1712 793 et
1740 737 1868 807 quid
1896 737 1947 790 in
1971 736 2117 806 prin-

523 833 666 902 cipio
705 847 827 897 suo,
852 832 905 886 in
935 831 1100 886 verbo
1144 846 1264 894 suo,
1294 831 1346 884 in
1375 829 1512 885 Filio
1537 843 1636 885 suo
1661 829 1938 900 unigenito
1963 835 2117 896 pater

523 925 804 989 conderet,
837 923 979 993 quod
1011 923 1126 992 ipse
1176 920 1346 977 Filius
1390 921 1467 992 (α)
1520 936 1627 976 non
1655 921 1833 976 esset?
1864 919 2114 988 Alioquin

525 1030 636 1072 non
668 1016 722 1070 in
754 1016 872 1086 ipso
897 1014 1218 1071 condiderit.
1246 1014 1355 1068 Aut
1380 1013 1649 1084 quomodo
1673 1020 1970 1084 pateretur,
1997 1008 2113 1064 ﬁeri

523 1107 581 1162 in
605 1122 664 1163 se
695 1106 920 1163 verbum
963 1106 1058 1178 (b),
1089 1106 1232 1177 quod
1264 1105 1367 1161 sibi
1411 1101 1868 1160 consubstantiale
1897 1115 2004 1156 non
2029 1114 2112 1155 es-

522 1199 644 1255 set?
672 1198 789 1254 Non
811 1199 955 1254 enim
999 1198 1091 1252 lux
1135 1197 1266 1253 sinit
1295 1197 1349 1252 in
1380 1212 1439 1252 se
1465 1197 1736 1261 tenebras,
1785 1209 1887 1249 nec
1913 1192 2114 1248 veritas

520 1291 575 1346 in
618 1308 678 1348 se
698 1293 891 1362 recipit
919 1292 1233 1363 ﬁgmentum
1275 1311 1320 1347 ι.
1353 1290 1464 1363 (111,
1493 1291 1606 1362 17.)
1635 1291 1873 1346 Habetur
1918 1288 2113 1344 deinde

521 1383 629 1456 (III,
686 1384 736 1455 1)
788 1385 890 1440 hoc
924 1400 939 1440 :
977 1403 996 1437 ι
1041 1384 1098 1439 1η
1159 1385 1412 1440 omnibus
1459 1383 1638 1440 causis
1675 1381 2112 1454 primordialibus

521 1472 868 1530 uniformiter
910 1474 1046 1530 haec
1099 1474 1281 1546 regula
1327 1475 1673 1541 observatur,
1722 1474 1865 1543 quod
1913 1488 2009 1545 per
2050 1486 2111 1528 se

519 1565 666 1636 ipsas
689 1568 1136 1638 participationes
1159 1567 1486 1638 principales
1512 1576 1639 1623 sunt
1679 1567 1842 1622 unius
1865 1566 2108 1621 omnium

519 1672 740 1724 causae,
765 1674 905 1729 quae
934 1659 1074 1714 Deus
1102 1666 1186 1713 est
1217 1677 1235 1709 ι
1267 1657 1362 1728 (cf.
1394 1658 1457 1723 II,
1485 1657 1598 1727 56).
1627 1657 1766 1725 Quid
1796 1667 1976 1712 autem
2005 1657 2106 1712 ista

522 1765 541 1798 ‹
575 1748 922 1818 participatio
957 1768 975 1800 ι
1013 1748 1231 1819 proprie
1273 1747 1374 1803 sibi
1425 1747 1576 1814 velit,
1627 1747 1872 1819 pluribus
1905 1746 2014 1819 (111,
2046 1749 2104 1817 5)

2215 563 2319 618 pue
2347 541 2435 612 Ill,
2460 545 2643 620 20-21)
2680 547 2839 602 aliam
2864 547 3131 616 quandam
3159 562 3271 601 rem
3316 545 3578 616 probandi
3625 548 3803 602 studio

2217 639 2386 696 fuisse
2412 641 2720 712 abreptum,
2760 656 2859 696 nos
2884 640 3102 711 quidem
3133 639 3242 704 illa,
3269 639 3465 694 Filium
3501 658 3519 692 ι
3555 641 3648 696 Dei
3681 657 3802 698 cum

2216 729 2418 788 Natura
2474 742 2656 788 creata
2703 742 2924 789 creante
2968 749 3134 788 unum
3178 747 3298 788 esse
3331 740 3388 788 et
3435 732 3489 787 id
3538 733 3716 804 ipsum
3755 755 3801 799 ι,

2223 843 2242 875 ‹
2280 825 2475 881 Filium
2503 827 2598 883 Dei
2637 842 2758 884 esse
2797 837 3038 884 creatum
3070 848 3115 894 ι,
3145 844 3250 883 non
3277 828 3502 884 omnino
3528 827 3597 882 ad
3623 827 3802 882 vivum

2216 919 2589 976 existimamus
2618 921 2930 977 resecanda.

2938 1033 3092 1106 §5l.

2286 1145 2347 1201 C.
2390 1146 2647 1203 Venimus
2698 1163 2843 1204 nunc
2881 1149 2947 1203 ad
2978 1167 2998 1200 ι
3044 1149 3256 1205 tertiam
3280 1149 3516 1206 Naturae
3541 1150 3804 1222 speciem,

2214 1251 2352 1308 quae
2378 1249 2614 1306 creatur,
2642 1250 2697 1296 et
2723 1258 2831 1297 non
2858 1254 3011 1300 creat
3044 1263 3088 1299 ι.

2291 1351 2309 1384 ‹
2341 1331 2489 1388 Haec
2533 1335 2743 1404 species
2791 1335 2846 1391 in
2903 1338 2971 1392 iis
3023 1338 3186 1394 rebus
3216 1337 3552 1408 intelligitur,
3582 1355 3723 1409 quae
3754 1340 3803 1394 in

2213 1429 2561 1496 generatione
2613 1431 3051 1502 temporibusque
3093 1448 3156 1487 ac
3203 1431 3335 1488 locis
3382 1442 3803 1503 cognoscuntur,

2211 1519 2315 1576 hoc
2335 1527 2442 1586 est,
2473 1521 2526 1574 in
2551 1522 2978 1592 primordialium
3001 1541 3288 1581 causarum
3319 1524 3600 1582 effectibus
3623 1535 3805 1582 extre-

2210 1611 2312 1666 mis
2349 1631 2396 1666 ».
2425 1612 2489 1683 (Ι,
2524 1613 2586 1679 1;
2622 1612 2712 1679 IV,
2741 1615 2820 1685 I.)

2917 1705 2944 1778 ς
2999 1706 3088 1762 52.

515 1816 592 1895 ab—
611 1816 837 1911 Erigeha
867 1816 1187 1910 εχριίξειιλν,
1218 1855 1451 1910 quorum
1471 1816 1739 1896 ευωηῇεη,
1765 1841 1838 1894 ηδ
1861 1816 2108 1911 βιζοροείμ
2135 1823 2184 1886 Β
2215 1880 2258 1911 ___
2283 1816 2494 1873 Causae
2525 1818 2688 1890 igitur
2725 1819 3110 1890 primordiales
3137 1835 3321 1875 rerum
3361 1820 3628 1884 omnium,
3665 1834 3806 1888 quae

514 1940 624 1988 tam
647 1934 952 1990 invenimus
977 1949 992 1988 :
1016 1953 1034 1986 ι
1063 1933 1201 1989 Hinc
1231 1932 1487 1990 facillime
1509 1936 1669 1990 datur
1694 1934 1944 2006 intelligi,
1970 1935 2103 1990 nihil

512 2023 660 2080 aliud
687 2040 810 2081 esse
836 2026 1332 2096 participationem,
1387 2027 1490 2081 nisi
1521 2042 1588 2082 ex
1621 2027 1886 2097 superiori
1915 2042 2102 2082 essen-

511 2114 587 2169 tia
620 2119 891 2172 secundae
920 2124 1044 2186 post
1070 2129 1190 2170 eam
1221 2116 1492 2172 essentiae
1520 2115 1911 2172 derivationem
1947 2136 1994 2170 ι.

581 2205 659 2260 Ita
727 2206 893 2277 igitur
948 2221 1147 2262 causae
1201 2207 1583 2278 primordiales
1637 2209 1798 2282 unius
1859 2207 2101 2263 omnium

509 2313 726 2365 causae,
785 2314 924 2369 quae
982 2299 1125 2355 Deus
1175 2309 1278 2364 est,
1339 2309 1465 2356 sunt
1515 2300 1985 2372 participationes,
2045 2310 2103 2356 ttt

514 2406 534 2438 ε
572 2403 756 2442 earum
787 2389 1023 2444 essentia
1075 2404 1142 2444 ex
1186 2389 1345 2462 hujus
1392 2391 1629 2446 essentia
1677 2391 1748 2446 sit
1800 2393 2039 2447 derivata
2074 2412 2092 2446 ι

508 2480 614 2536 hoc
649 2489 735 2537 est
771 2499 790 2533 ‹
832 2491 1090 2554 tanquam
1119 2497 1260 2553 aqua
1295 2497 1363 2537 ex
1389 2482 1538 2539 fonte
1564 2482 1885 2554 profluxerit
1931 2503 1976 2539 ι.
2002 2483 2096 2557 (cf.

507 2571 594 2640 ιιι,
635 2571 784 2646 5-5.)

1221 2666 1250 2738 θ
1295 2664 1385 2721 50.

577 2779 762 2853 Neque
791 2789 972 2839 tamen
1011 2785 1115 2840 hoc
1157 2783 1274 2840 loco
1314 2786 1711 2856 praetereunda
1739 2786 1956 2842 videtur
2009 2785 2096 2841 illa

508 2872 812 2930 Schlueteri
833 2876 1016 2946 opinio
1035 2875 1128 2949 (c),
1151 2877 1311 2946 plane
1331 2893 1544 2934 errasse
1563 2878 1601 2934 I.
1632 2879 1975 2935 Goerresium
1996 2879 2094 2951 (ιι),

507 2981 671 3037 quum
723 2968 800 3023 ita
853 2969 1136 3035 scriberet,
1197 2969 1456 3026 Naturam
1509 2981 1744 3028 creatam
1801 2979 2096 3038 creantem,

503 3073 666 3128 quam
689 3060 924 3133 Erigena
952 3070 1174 3128 statuat,
1204 3077 1323 3118 esse
1349 3063 1546 3118 Filium
1590 3063 1689 3118 Dei
1740 3063 2093 3134 unigenitum.

505 3155 745 3226 Uterque
787 3171 978 3212 errore
1025 3159 1217 3212 ductus
1268 3167 1349 3213 est
1397 3176 1410 3212 :
1469 3157 1820 3212 Sclilueterus
1870 3156 2092 3226 majore,

503 3268 668 3323 quam
698 3251 1039 3308 Goerresius.
1095 3252 1230 3306 Nam
1283 3251 1432 3307 Scoti
1482 3253 1751 3307 sententia
1807 3253 1939 3307 haec
1991 3260 2093 3306 est.

504 3341 647 3398 Deus
688 3343 853 3398 Pater
882 3359 1052 3415 usque
1085 3346 1152 3398 ab
1192 3345 1522 3400 aeternitate
1544 3346 1730 3414 genuit
1761 3346 1861 3400 sibi
1890 3344 2094 3399 Filium

504 3451 662 3491 suum
693 3435 1030 3506 unigenitum
1063 3436 1156 3507 (cf.
1191 3452 1309 3506 sup.
1340 3436 1368 3509 ᾗ
1397 3437 1508 3506 ll).
1535 3435 1740 3490 Deinde
1760 3435 1943 3502 Pater,
1969 3437 2098 3492 item

502 3545 674 3600 usque
702 3529 770 3584 ab
800 3531 1143 3596 aeternitate,
1177 3531 1230 3584 in
1261 3531 1362 3585 hoc
1408 3529 1544 3584 Filio
1570 3546 1668 3585 suo
1698 3530 1906 3584 ereavit
1931 3528 2012 3602 (b.
2043 3546 2095 3587 e.

507 3640 574 3678 ex
599 3624 903 3679 substantia
926 3640 1023 3678 sua
1043 3623 1477 3679 substantialiter
1499 3622 1700 3694 emisit)
1732 3622 1896 3677 totius
1919 3638 2100 3677 rerum

506 3719 877 3774 universitatis
927 3734 1123 3774 causas
1171 3717 1573 3788 primordiales,
1603 3718 1851 3788 exempla
1900 3719 2102 3788 princi-

503 3811 665 3884 palia,
691 3828 833 3883 quae
853 3812 1096 3883 ejusdem
1113 3813 1273 3883 plane
1295 3828 1416 3868 cum
1441 3813 1579 3868 Filio
1595 3814 1932 3869 substantiae
1947 3821 2099 3879 sunt,

503 3918 842 3973 quorumque
864 3903 1166 3972 complexio
1189 3902 1448 3958 Naturam
1473 3901 1634 3960 efﬁcit
1655 3913 1890 3959 creatam
1916 3919 2104 3960 crean-

503 4005 611 4053 tem
641 3987 694 4071 (§
723 3998 934 4072 25-29).
962 3999 1150 4070 Itaque
1175 3998 1374 4053 Natura
1405 4008 1584 4054 creata
1629 4014 1846 4065 creans,
1876 3998 2099 4054 univer-

502 4089 614 4146 sale
643 4093 796 4160 quasi
832 4093 998 4148 totius
1026 4093 1344 4148 condendae
1388 4092 1763 4148 universitatis
1789 4091 2100 4162 exemplum

499 4182 816 4252 principale,
842 4201 948 4240 non
975 4184 1149 4240 solum
1178 4185 1231 4239 in
1262 4184 1398 4241 Filio
1425 4184 1522 4240 Dei
1551 4185 1829 4256 unigenito
1858 4185 2103 4240 contine-

501 4282 612 4339 tur,
636 4291 823 4330 verum
852 4277 1016 4331 etiam
1047 4276 1287 4346 ejusdem
1316 4293 1441 4332 cum
1488 4278 1607 4348 ipso
1629 4286 1715 4334 est
1740 4278 2097 4333 substantiae.

501 4362 685 4418 Potuit
714 4365 881 4436 igitur
931 4365 1128 4422 Scotus
1149 4367 1274 4438 jure
1299 4368 1720 4437 quodammodo,
1752 4383 1892 4437 quae
1932 4367 2101 4423 Goer-

501 4453 677 4510 resius
703 4455 856 4522 dicit,
906 4471 1005 4527 pro
1033 4457 1408 4528 philosophiae
1451 4472 1584 4513 suae
1631 4458 1866 4514 decretis
1909 4472 2098 4514 revera

501 4545 713 4602 docere.

572 4636 761 4707 itaque
812 4636 1017 4694 factum
1039 4648 1145 4707 est,
1194 4648 1256 4696 ut
1297 4641 1650 4698 contenderet
1701 4641 1808 4714 (Ill,
1858 4642 1936 4715 9),
1988 4660 2008 4696 ι
2045 4651 2100 4698 et

500 4730 675 4801 ipsum
723 4730 958 4788 Verbum
1006 4734 1086 4802 (h.
1135 4747 1186 4788 e.
1230 4731 1430 4788 Filium
1477 4733 1598 4804 Dei)
1643 4743 1698 4789 et
1745 4734 2095 4806 multiplicem

499 4826 668 4882 totius
696 4828 947 4883 conditae
972 4826 1346 4883 universitatis
1387 4829 1653 4883 rationem
1707 4829 2096 4898 principalissi-

501 4935 644 4975 mam
674 4920 752 4990 (h.
781 4935 832 4976 e.
878 4919 1140 4976 Naturam
1187 4929 1426 4976 creatam
1480 4922 1778 4993 creantem)
1834 4923 1888 4979 id
1919 4923 2094 4995 ipsum

498 5027 623 5068 esse
651 5031 695 5066 ι.
721 5011 901 5082 Atque
928 5020 1032 5077 est,
1060 5011 1151 5067 ubi
1176 5012 1382 5083 majore
1423 5013 1590 5069 etiam
1619 5014 1741 5070 nisu
1767 5029 1882 5072 rem
1909 5031 2094 5088 gesse-

501 5101 594 5158 rit.
620 5099 862 5157 Afﬁrmat
901 5101 1049 5157 enim
1074 5101 1180 5174 (III,
1214 5101 1398 5175 20-21)
1429 5103 1888 5162 conﬁdentissime
1935 5108 2101 5163 etiam

501 5195 642 5252 hoc:
671 5214 691 5248 ι
728 5195 927 5252 Filium
981 5194 1079 5250 Dei
1117 5215 1136 5248 ι
1163 5195 1294 5268 (non
1324 5197 1588 5270 genitum,
1621 5198 1738 5263 sed)
1775 5217 1795 5252 ι
1827 5209 2096 5268 creatum,

501 5288 558 5344 in
582 5297 953 5344 creaturarum
986 5303 1213 5344 numero
1243 5288 1447 5345 factum
1479 5310 1524 5344 ι.

574 5383 774 5439 Verum
800 5382 944 5437 enim
968 5397 1121 5449 vero,
1152 5399 1275 5439 cum
1317 5383 1454 5440 alias
1481 5384 1616 5440 satis
1663 5393 1978 5442 constanter
2005 5387 2099 5442 do-

499 5481 729 5528 ceantur
752 5487 840 5540 ea,
870 5488 1013 5544 quae
1039 5489 1205 5546 supra
1251 5475 1661 5547 explicavimus,
1701 5491 1877 5546 neque
1907 5492 2097 5548 quem-

573 5633 651 5762 (a)
681 5633 835 5704 Quod
862 5651 968 5693 non
991 5645 1137 5694 esset
1167 5655 1187 5691 ι
1220 5636 1322 5709 ipsi
1367 5636 1506 5693 Filio
1548 5635 2010 5719 consubstantiale
2044 5657 2090 5693 ι.

602 5705 688 5762 lI.
727 5709 820 5762 l7:
856 5707 917 5762 II.
953 5709 1024 5762 20
1061 5725 1252 5762 seum:
1297 5708 1383 5762 lIl.
1434 5708 1555 5762 8-9:
1601 5722 1893 5762 nraecmue
1929 5709 1992 5762 V.
2020 5709 2090 5762 24

497 5705 571 5763 cf.
602 5705 688 5773 111,
727 5709 820 5774 l7;
856 5707 917 5775 II,
953 5709 1024 5764 20
1061 5705 1257 5781 seqq.§
1297 5708 1383 5776 111,
1434 5708 1555 5775 8-9;
1601 5709 1893 5779 praecipue
1929 5709 1992 5776 V,
2020 5709 2094 5765 24

499 5793 655 5923 sciit?)
668 5847 783 5910 Hoc
803 5860 887 5911 est
901 5867 1192 5911 causarum
1207 5849 1642 5922 primordialium
1659 5851 2093 5924 complexionem

2213 1908 2419 1964 Natura
2441 1920 2628 1965 creata
2660 1923 2768 1964 non
2795 1918 3016 1965 creante
3037 1911 3590 1981 comprehenduntur,
3620 1925 3805 1964 exem-

2211 2005 2299 2072 pla
2321 2001 2661 2074 principalia,
2685 2017 2823 2072 quas
2847 2002 2991 2058 Deus
3015 2019 3185 2072 usque
3209 2003 3278 2058 ab
3303 2003 3448 2058 omni
3477 2002 3804 2057 aeternitate

2209 2093 2265 2146 in
2287 2093 2426 2148 Filio
2457 2109 2556 2149 suo
2576 2095 2912 2160 condiderat,
2945 2111 3159 2166 semper
3203 2096 3256 2151 in
3311 2097 3498 2150 eodem
3522 2095 3804 2166 unigenito

2209 2185 2303 2239 Dei
2353 2185 2490 2240 Filio
2548 2186 2921 2242 substiterunt.
2957 2187 3011 2259 (§
3063 2186 3259 2253 25:50;
3311 2187 3394 2249 Ill,
3437 2185 3578 2257 8-9.)
3607 2204 3625 2236 ι
3668 2186 3803 2240 Dum

2205 2284 2387 2331 autem
2416 2277 2469 2330 in
2491 2275 2762 2347 principio
2781 2277 3040 2341 omnium,
3087 2277 3144 2331 in
3173 2275 3353 2330 Verbo
3372 2275 3467 2331 Dei
3500 2275 3801 2345 unigenito,

2208 2369 2540 2424 substi’tutae
2583 2368 2978 2441 intelliguntur,
3017 2385 3184 2424 unum
3230 2379 3357 2424 sunt
3398 2376 3454 2423 et
3502 2367 3800 2441 simplices,

2202 2462 2459 2532 nulloque
2517 2463 2732 2534 cognito
2786 2462 2977 2517 ordine
3027 2461 3280 2517 definitae
3320 2469 3414 2516 aut
3459 2470 3798 2532 segregatae.

2201 2554 2315 2610 Hoc
2344 2555 2398 2610 in
2427 2552 2712 2610 eﬁ‘ectibus
2736 2554 2850 2609 suis
2878 2554 3175 2624 patiuntur.
3213 2554 3351 2608 Dum
3401 2555 3546 2609 enim
3595 2555 3650 2608 in
3673 2552 3802 2609 effe-

2203 2658 2326 2706 ctus
2348 2665 2494 2717 suos,
2520 2651 2575 2705 in
2608 2649 2878 2706 inﬁnitum
2919 2651 3327 2724 multiplicatos,
3353 2652 3655 2721 procedunt
3684 2653 3801 2707 sive

2202 2742 2499 2814 profluunt,
2525 2759 2871 2806 numerosam
2891 2745 3306 2816 ordinatamque
3327 2745 3406 2800 sui
3431 2744 3797 2815 pluralitatem

2204 2834 2497 2904 recipiunt.
2535 2834 2646 2890 Res
2667 2833 2870 2890 clarius
2892 2835 3148 2892 elueescit
3171 2835 3502 2892 intuentibus
3529 2835 3796 2892 circulum

2205 2937 2370 2998 atque
2415 2927 2586 2983 lineas
2630 2943 2699 2983 ex
2728 2936 2916 2984 centro
2945 2929 3015 2984 ad
3041 2944 3162 2984 eum
3191 2929 3404 2984 ductas;
3427 2926 3630 2985 Omnes
3651 2929 3794 2984 enim

2203 3020 2377 3076 lineae
2405 3020 2458 3075 in
2483 3028 2668 3077 centro
2689 3036 2855 3076 unum
2876 3029 3024 3088 sunt,
3041 3037 3141 3076 nec
3162 3019 3268 3076 ullo
3291 3021 3452 3076 modo
3473 3030 3792 3092 separatae:

2202 3121 2330 3177 dum
2361 3138 2490 3178 vero
2528 3137 2596 3178 ex
2644 3131 2833 3179 centro
2887 3123 3303 3194 protenduntur,
3354 3121 3548 3192 spatia,
3596 3121 3796 3192 quibus

2123 3193 2170 3258 (ἶ
2201 3222 2573 3285 segregantur,
2602 3229 2852 3270 crescere
2881 3215 3164 3286 incipiunt,
3207 3215 3379 3270 donec
3400 3213 3469 3269 ad
3490 3222 3794 3270 extremum

2203 3305 2468 3361 circulum
2519 3307 2861 3376 perveniant,
2894 3306 2986 3362 ubi
3037 3307 3298 3363 latissima
3345 3323 3443 3363 sua
3473 3307 3796 3362 diastemata

2204 3410 2586 3456 mensurantur
2621 3421 2668 3454 ι.
2694 3399 2802 3471 (Ill,
2833 3402 2859 3456 1
2891 3403 3071 3475 seqq.)

2907 3523 2934 3596 §
2983 3525 3070 3580 55.

2281 3661 2298 3692 ι
2334 3640 2535 3696 Deinde
2563 3654 2670 3695 una
2705 3639 2948 3695 omnium
2978 3654 3164 3704 causa,
3226 3641 3387 3706 Deus,
3445 3654 3639 3695 causas
3685 3639 3800 3711 pri-

2206 3733 2518 3799 mordiales,
2547 3733 3001 3802 quemadmodum
3032 3733 3087 3787 in
3111 3731 3248 3787 Filio
3276 3747 3375 3788 suo
3423 3731 3686 3797 condidit,
3722 3733 3799 3786 ita

2205 3842 2302 3896 per
2334 3825 2597 3897 Spiritum
2635 3835 2882 3882 sanctum
2909 3825 2964 3880 in
2989 3823 3214 3880 effectus
3265 3840 3392 3880 suos
3415 3823 3607 3880 dividit
3633 3833 3800 3893 atque

2202 3920 2544 3991 multiplicat.
2595 3918 2685 3974 Ait
2714 3935 2869 3976 sacra
2911 3917 3195 3989 Scriptura
3225 3935 3238 3972 :
3277 3937 3296 3970 ‹
3332 3917 3400 3972 Et
3430 3917 3668 3988 Spiritus
3703 3915 3798 3971 Dei

2205 4012 2482 4068 ferebatur
2505 4028 2668 4082 super
2690 4027 2862 4084 aquas
2889 4029 2941 4067 ο.
2973 4009 3143 4079 Hujus
3172 4010 3250 4066 rei
3277 4009 3568 4065 facillimus
3596 4023 3798 4064 oecur-

2205 4105 2279 4159 rit
2323 4103 2649 4170 intellectus,
2697 4103 2762 4168 si,
2813 4113 2869 4158 ut
2919 4101 3117 4174 Syrum
3160 4100 3430 4172 quendam
3456 4098 3800 4155 transtulisse

2205 4199 2407 4265 ferunt,
2436 4197 2648 4269 legatur
2677 4213 2692 4250 :
2731 4214 2750 4248 ι
2779 4195 2848 4251 Et
2879 4195 3114 4268 Spiritus
3160 4195 3256 4251 Dei
3287 4193 3503 4250 fovebat
3544 4208 3717 4264 aquas
3747 4212 3797 4248 ι.

2206 4291 2443 4362 Spiritus
2455 4289 2600 4345 enim
2617 4297 2840 4345 sanctus
2850 4303 3139 4344 causarum
3151 4287 3328 4359 primo
3336 4284 3585 4342 rdialium
3601 4301 3799 4356 aquas,

2205 4394 2264 4439 ut
2311 4385 2365 4439 in
2394 4401 2482 4449 ea,
2510 4399 2738 4454 quorum
2785 4398 2948 4439 causa
2991 4391 3136 4448 sunt,
3177 4380 3524 4453 proﬁuerent,
3558 4381 3800 4448 fovebat,

2207 4478 2263 4533 id
2286 4487 2389 4544 est,
2418 4476 2584 4533 divini
2611 4477 2814 4532 amoris
2843 4476 2958 4532 fotu
2984 4477 3278 4533 nutriebat.
3311 4476 3396 4532 Ad
3423 4477 3529 4534 hoc
3559 4492 3802 4550 namque

2126 4576 2179 4636 D
2204 4587 2307 4627 ova
2332 4571 2402 4625 ab
2427 4570 2648 4626 alitibus
2679 4571 2950 4637 foventur,
2989 4579 3050 4626 ut
3074 4571 3265 4626 intima
3297 4571 3694 4642 invisibilisque
3715 4572 3803 4628 vis

2207 4667 2500 4732 seminum,
2527 4680 2669 4737 quae
2697 4667 2753 4722 in
2797 4665 2867 4721 iis
2910 4665 3064 4731 latet,
3114 4682 3212 4738 per
3250 4681 3506 4722 numeros
3551 4665 3800 4722 10corum

2207 4770 2618 4831 temporumque
2649 4760 2702 4814 in
2723 4757 2928 4815 formas
2973 4759 3212 4815 visibiles
3238 4758 3658 4830 corporalesque
3683 4757 3803 4830 pul-

2207 4855 2544 4911 chritudines
2570 4861 2821 4924 erumpat
2857 4873 2904 4908 ι.
2937 4853 3025 4926 (11,
3051 4853 3142 4920 56,
3176 4853 3382 4925 19-22.)

2919 4990 3084 5064 554.

2281 5126 2302 5160 ς
2337 5108 2484 5163 Haec
2531 5115 2714 5163 autem
2760 5107 2923 5162 unius
2951 5105 3193 5160 omnium
3238 5121 3456 5172 causae,
3485 5119 3627 5177 quae
3657 5104 3802 5160 Deus

2204 5211 2308 5269 est,
2335 5203 2388 5257 in
2415 5202 2622 5268 omnia,
2654 5215 2795 5272 quae
2849 5209 2994 5268 sunt,
3046 5215 3146 5271 per
3193 5214 3388 5255 causas
3417 5197 3802 5271 primordiales

2205 5301 2400 5357 divisio
2424 5310 2586 5370 atque
2615 5296 2993 5368 multiplicatio
3039 5296 3114 5352 ita
3163 5295 3244 5364 ﬁt,
3286 5304 3347 5352 ut
3368 5310 3466 5367 per
3485 5294 3799 5366 generalem

2203 5393 2448 5451 omnium
2469 5391 2763 5448 essentiam
2786 5389 2988 5462 primo,
3006 5387 3266 5459 deinceps
3289 5401 3388 5458 per
3407 5401 3608 5458 genera
3635 5398 3776 5456 gene

2204 5485 2496 5554 ralissima,
2525 5485 2718 5542 deinde
2763 5497 2862 5554 per
2893 5495 3089 5555 genera
3120 5479 3480 5553 generaliora,
3528 5477 3658 5533 inde
3703 5491 3801 5548 per

2200 5646 2318 5702 sive
2340 5643 2603 5702 Naturam
2627 5652 2866 5700 creatam
2899 5649 3195 5699 creantem.
3230 5635 3316 5694 Cf.
3340 5636 3369 5710 ς
3399 5635 3489 5692 50.

2273 5720 2344 5790 (ε)
2374 5717 2456 5790 Qt-
2484 5732 2549 5790 9:.
2570 5731 2704 5790 ινηι
2730 5731 2845 5790 seu.

2273 5778 2353 5860 (α’)
2380 5788 2462 5846 Cl.
2485 5778 2705 5844 Christi.
2729 5778 2942 5858 Mgistik,
2973 5785 3080 5842 vol.
3103 5783 3142 5850 I,
3173 5801 3228 5856 p.
3256 5778 3512 5838 υἷι-Ἧι.
