4056 6276
167 307 245 363 ω
594 287 629 315 .

1014 292 1108 362 DE
1145 289 1308 348 VITA
1355 288 1445 344 ET
1481 284 1891 344 PRECEPTIS
1923 283 1973 340 J.
2016 283 2235 340 SCOTI.
2277 313 2349 324 -—
2379 282 2563 339 PARS
2601 283 2662 338 Il.

3392 284 3466 342 66

174 416 391 487 species
419 387 769 484 specialiores
798 421 972 478 usque
1001 406 1070 460 ad
1110 403 1324 475 species
1349 400 1772 472 spccialissimas
1801 405 1848 461 Α
1875 399 1974 452 bus
2008 396 2400 460 succumbunt,
2442 411 2548 450 non
2591 395 2740 465 ipsae
2779 409 2864 449 res
2893 394 3278 454 substantiales
3312 411 3470 454 vere-

182 525 281 578 per
328 502 668 559 differentias
710 498 1185 568 proprietatesque
1235 493 1528 548 descendat
1571 512 1619 543 τ.
1665 490 1776 556 (111,

180 597 310 661 3-4;
347 596 409 660 ll,
461 594 533 657 2;
580 588 754 662 praef.
803 588 875 644 ad
921 587 1064 642 Max.
1115 583 1299 639 ambb.
1348 598 1436 652 op.
1481 579 1599 635 Gal.
1653 594 1776 649 app.

183 707 236 760 p.
277 687 388 758 ιιι..)
896 750 930 823 §
975 749 1070 805 35.

253 891 284 924 ι
318 871 461 925 llinc
483 877 842 938 quaecunque
881 863 950 916 ab
979 875 1088 916 uno
1113 858 1357 914 omnium
1400 853 1666 925 principio
1684 867 1786 922 per

189 963 477 1021 naturales
497 959 885 1015 descensiones
914 967 1087 1022 usque
1107 953 1175 1006 ad
1197 948 1597 1005 extremitatem
1622 945 1788 999 totius

182 1068 446 1119 naturae,
471 1067 580 1124 qua
607 1043 860 1118 corpora"
884 1046 1256 1107 continentur,
1287 1049 1416 1096 sunt
1469 1037 1786 1101 constituta,

190 1164 360 1206 tuatim
384 1146 517 1201 illud
562 1143 806 1199 omnium
827 1137 1176 1210 principium,
1200 1148 1368 1189 unum
1395 1132 1636 1187 omnium
1667 1127 1788 1182 fon-

193 1253 301 1299 tem
325 1239 681 1312 participant.
704 1236 803 1290 Est
827 1234 970 1288 enim
997 1229 1343 1301 participalio
1364 1226 1498 1281 nihil
1523 1225 1666 1278 aliud
1689 1221 1792 1277 nisi

190 1352 257 1392 ex
280 1331 556 1406 superiori
579 1328 821 1384 essentia
852 1323 1141 1387 derivatio,
1173 1329 1228 1376 et
1271 1320 1340 1374 ab
1384 1333 1472 1383 ea,
1511 1330 1653 1386 quae
1682 1313 1796 1384 pri-

195 1440 347 1479 mum
397 1423 565 1478 habet
609 1433 752 1482 esse,
799 1414 1092 1478 secundae,
1157 1419 1220 1466 ut
1275 1411 1368 1475 sit,
1413 1407 1724 1463 distributio
1770 1423 1789 1456 ι

197 1516 310 1585 (111,
342 1515 424 1586 5).
461 1533 480 1565 ι
517 1510 726 1567 Causae
751 1504 1151 1579 primordiales,
1186 1503 1328 1558 inter
1348 1515 1484 1570 quas
1514 1508 1570 1553 et
1611 1511 1796 1552 rerum

194 1606 444 1661 omnium
468 1617 689 1658 causam
714 1599 859 1654 nulla
878 1607 1130 1653 creatura
1152 1594 1468 1665 interposita
1485 1599 1591 1655 est,
1609 1590 1801 1644 imme-

201 1702 359 1756 diate
384 1714 545 1754 unam
576 1697 720 1752 illam
739 1694 982 1750 omnium
1010 1705 1230 1746 causam
1258 1687 1620 1759 participant;
1653 1682 1800 1752 ipsae

1881 504 1987 558 que
2008 487 2329 552 existentes,
2359 486 2454 541 sed
2480 486 2719 556 ipsarum
2746 501 2925 540 rerum
2964 502 3090 542 vere
3121 489 3482 548 existentium-

1882 579 2147 650 quaedam
2187 578 2532 632 transitoriae
2578 577 2840 647 imagines
2874 585 2931 632 et
2970 579 3354 636 resuitationes
3386 581 3478 641 ius

1882 669 2168 740 telligenda
2215 679 2361 724 sunt.
2407 668 2573 738 Cujus
2615 669 2844 724 rationis
2882 671 3184 741 exemplum
3225 681 3308 728 est
3343 687 3487 741 vox,

1883 761 2110 831 ejusque
2138 762 2341 832 imago,
2363 775 2504 832 quae
2531 765 2652 834 ἠχὼ
2682 769 2923 826 vocatur,
2949 777 3045 818 seu
3069 776 3302 832 corpora
3329 763 3486 832 ipsos

1887 867 2116 922 rumque
2155 853 2380 908 umbrae
2413 870 2426 906 :
2459 867 2599 922 quae
2630 861 2822 908 cuncta
2859 867 2968 908 non
3012 867 3130 919 res,
3172 854 3270 910 'sed
3308 854 3490 920 falsae;

1888 959 2070 999 rerum
2098 944 2364 1015 imagines
2396 945 2697 1014 probantur
2721 958 2842 1000 esse
2881 963 2924 996 ι..
3452 942 3464 956 ”

1958 1033 2068 1090 Nos
2095 1049 2249 1098 vero,
2277 1050 2444 1104 quum
2471 1033 2704 1104 Erigena
2732 1033 3080 1105 paucioribus
3111 1042 3318 1090 tantum
3349 1036 3484 1094 locis

1891 1126 2034 1181 hunc
2067 1126 2123 1180 in
2161 1125 2381 1181 modum
2414 1126 2630 1181 locutus
2672 1126 2774 1191 sit,
2806 1125 2952 1181 illam
2982 1125 3325 1197 potissimum
3353 1143 3494 1188 sen-_.

1894 1219 2138 1284 tentiam,
2162 1233 2326 1289 quam
2350 1219 2486 1273 alias
2507 1220 2705 1288 ubique
2727 1219 3037 1289 exprimere
3059 1219 3297 1283 videtur,
3324 1220 3484 1274 nobis

1894 1310 2222 1380 sequendam
2256 1325 2377 1365 esse
2403 1311 2731 1380 putavimus.
2766 1309 2913 1366 Satis
2949 1320 3129 1366 autem
3165 1311 3303 1375 erit,
3342 1311 3486 1366 hanc

1895 1402 2119 1457 alteram
2150 1417 2182 1456 a
2207 1399 2365 1456 nobis
2396 1417 2504 1456 non
2536 1415 2661 1457 esse
2686 1401 3007 1472 neglectam.
3043 1401 3151 1474 (Cf.
3183 1401 3280 1458 inf.
3308 1401 3336 1476 θ
3369 1403 3484 1472 64.)

2611 1510 2644 1583 §
2681 1511 2774 1566 37.

1968 1627 2174 1696 Quibus
2198 1627 2479 1698 expositis,
2504 1627 2648 1691 luce,
2677 1635 2736 1681 ut
2769 1627 3119 1694 arbitramur,
3148 1627 3356 1684 clarius
3382 1636 3488 1694 est,

1901 1734 2042 1789 quae
2074 1718 2268 1775 Seotus
2307 1728 2493 1774 noster
2533 1728 2589 1772 et
2633 1718 2700 1774 de
2740 1718 2948 1789 origine
2987 1729 3042 1774 et
3083 1721 3150 1775 de
3188 1720 3495 1777 substantia

202 1809 237 1847 ³
283 1791 508 1860 reliquis
558 1802 746 1844 rerum
799 1785 1104 1879 orqimbus’
1150 1788 1311 1852 prout
1362 1780 1552 1879 haer
1603 1788 1801 1879 causa?
1832 1779 1878 1838 Β
1905 1779 2145 1866 Naturae
2179 1819 2396 1865 creatae
2425 1825 2533 1864 non
2560 1779 2957 1879 creantisiquo
2986 1811 3206 1867 nomine
3234 1812 3374 1868 hanc
3405 1826 3493 1866 re-

203 1890 360 1946 sunt,
403 1879 828 1950 partidpantur.
881 1874 1015 1929 Nam
1067 1885 1423 1944 quaecunque
1467 1870 1606 1924 bona
1653 1874 1802 1930 sunt,

202 1980 340 2028 sunt
351 1970 803 2041 participationes
825 1981 922 2036 per
946 1981 1003 2020 se
1027 1965 1202 2034 ipsam
1219 1961 1507 2024 bonitatis;
1533 1971 1808 2029 quaecun-

203 2080 314 2136 que
355 2063 654 2118 essentiam
709 2060 934 2122 habent,
987 2067 1115 2112 sunt
1155 2053 1600 2126 participationes
1624 2064 1722 2120 per
1748 2063 1809 2103 se

206 2157 386 2227 ipsam
412 2154 722 2217 essentiae;
757 2161 1115 2220 quaecunque
1139 2148 1346 2209 vivunt,
1370 2154 1496 2199 sunt
1517 2141 1811 2213 participa-

210 2249 393 2304 tiones
445 2261 546 2315 per
601 2261 661 2298 se
714 2244 888 2313 ipsam
932 2241 1077 2295 vitae
1115 2257 1165 2304 i,
1193 2247 1356 2306 atque
1403 2236 1480 2290 ita
1529 2248 1692 2304 porro
1743 2231 1811 2289 de

207 2339 412 2396 ceteris
466 2336 747 2408 principiis
797 2333 892 2406 (cf.
944 2334 973 2405 ᾖ
1022 2331 1115 2402 24)
1163 2331 1352 2386 eodem
1407 2326 1568 2382 modo
1614 2324 1812 2380 intelli-

211 2448 367 2505 gere,
402 2447 512 2488 non
562 2429 796 2484 alienum
847 2432 929 2482 est
959 2441 990 2479 a
1043 2424 1292 2480 veritate.
1333 2421 1437 2492 (111,
1464 2420 1588 2484 5-4;
1613 2417 1674 2484 ll,
1706 2416 1810 2482 56;

214 2523 304 2590 ω’
355 2522 438 2594 1⁸)
933 2587 969 2660 5
1006 2585 1096 2640 56.

290 2706 315 2742 ι
353 2684 818 2755 Quemadmodum
849 2689 1026 2735 autem
1056 2692 1254 2749 causae
1285 2671 1667 2746 primordiales
1701 2669 1816 2725 sola

211 2782 383 2839 unius
408 2779 652 2836 omnium
685 2789 868 2830 rerum
897 2787 1113 2837 causae,
1146 2787 1212 2826 ex
1238 2785 1342 2839 qua
1374 2767 1666 2830 fluxerunt,
1695 2757 1820 2834 par-

220 2872 543 2944 ticipatione
565 2877 690 2922 sunt
721 2877 885 2935 atque
913 2864 1234 2929 subsistunt,
1261 2861 1339 2914 ita
1366 2873 1555 2914 omnes
1579 2865 1698 2927 post
1727 2869 1821 2910 eas

223 2977 409 3018 rerum
435 2959 678 3024 ordines,
707 2957 800 3028 qui
826 2973 892 3013 ex
923 2955 1027 3010 illis
1055 2957 1432 3014 manaverunt,
1461 2948 1576 3004 sola
1609 2947 1822 3000 illarum

222 3055 645 3127 participatione
675 3061 802 3107 sunt
843 3059 1007 3119 atque
1046 3046 1348 3106 Subsistunt
1379 3064 1426 3097 ι.
1459 3041 1521 3113 (ll
1541 3081 1557 3108 ,
1594 3039 1693 3104 '56;
1727 3037 1820 3102 111,

226 3149 281 3203 ι.
304 3146 426 3213 8-9,
457 3145 572 3202 5-4.
600 3144 717 3216 20.)

297 3238 466 3295 Hisce
493 3237 628 3292 locis
652 3249 908 3306 expresse
933 3234 1136 3290 dixeris
1166 3229 1378 3297 doceri,
1410 3229 1552 3299 ipsas
1577 3226 1820 3282 omnium

230 3345 454 3394 rerum,
491 3328 686 3398 quibus
722 3327 827 3382 hoc
861 3326 1171 3381 universum
1205 3321 1458 3387 efﬁcitur,
1491 3316 1824 3375 substantias

235 3424 298 3476 de
336 3419 769 3492 primordialium
799 3432 1082 3473 causarum
1130 3413 1279 3480 sede,
1310 3426 1450 3481 quae
1483 3419 1564 3464 est
1608 3410 1662 3464 in
1690 3407 1825 3462 Filio

237 3515 366 3582 Dei,
406 3516 464 3570 in
500 3516 604 3570 hoc
641 3515 990 3578 universum,
1023 3520 1232 3566 retenta
1269 3503 1639 3563 tantummodo
1665 3499 1826 3555 simul

238 3605 328 3660 illa
367 3605 520 3671 sede,
563 3603 906 3660 descendisse
949 3619 961 3656 :
1007 3601 1151 3670 quod
1189 3599 1311 3653 aliis
1349 3597 1482 3650 locis
1519 3591 1830 3662 expressius

237 3694 402 3750 etiam
441 3695 669 3750 docetur
709 3692 804 3763 (cf.
838 3693 937 3757 lll,
978 3691 1034 3745 4.
1075 3690 1178 3756 ‘25;
1223 3688 1318 3743 inf.
1361 3687 1389 3759 ᾗ
1427 3685 1540 3754 58).
1581 3685 1652 3738 At
1691 3682 1830 3737 libro

238 3787 432 3858 quinto
487 3787 642 3857 (cap.
700 3788 768 3841 M
823 3787 965 3856 seq.)
1008 3786 1144 3840 haec
1178 3783 1407 3855 legimus
1445 3795 1460 3834 :
1505 3799 1524 3832 ί
1571 3778 1642 3834 Ut
1681 3778 1832 3847 ipsae

238 3895 439 3936 causae
467 3879 848 3950 primordiales
873 3896 980 3935 non
1007 3879 1265 3935 deserunt
1290 3876 1610 3946 sapientiam
1644 3873 1720 3944 (id
1749 3880 1836 3927 est

243 3972 489 4028 Verbum
533 3976 667 4046 Dei),
721 3976 801 4030 sic
848 3975 998 4045 ipsae
1039 3974 1376 4030 substantiae
1417 3986 1527 4027 non
1576 3972 1836 4026 deserunt

241 4075 468 4127 musas,
493 4064 586 4117 sed
610 4064 661 4118 in
687 4064 769 4119 eis
801 4079 1016 4133 semper
1039 4063 1340 4118 subsistunt
1367 4079 1380 4116 :
1411 4071 1466 4116 et
1489 4059 1836 4130 quemadmo-

242 4158 375 4212 dum
423 4170 618 4211 causae
661 4167 816 4213 extra
863 4157 1222 4212 substantiam
1270 4156 1518 4211 nesciunt
1563 4168 1708 4218 esse,
1759 4153 1839 4207 sic

243 4250 584 4304 substantiae
617 4260 769 4304 extra
801 4266 994 4306 causas
1030 4265 1137 4304 non
1169 4258 1394 4320 possunt
1420 4248 1608 4302 fluere.
1640 4277 1710 4286 —-
1735 4244 1840 4300 lle-

242 4350 350 4396 stat
371 4343 582 4412 itaque,
604 4344 672 4398 de
699 4343 1050 4412 qualitatibus
1078 4343 1524 4406 substantiarum,
1549 4340 1841 4410 qualitates

241 4441 425 4488 autem
457 4432 602 4498 dico,
635 4433 775 4488 sicut
804 4433 978 4488 solent
1002 4433 1274 4503 sapientes
1296 4432 1508 4494 omnia,
1540 4446 1678 4500 quae
1712 4431 1840 4484 sub-

1906 1919 2026 1957 rum
2070 1901 2485 1956 universitatem
2533 1900 2798 1971 appellat,
2841 1901 2896 1956 in
2939 1901 3096 1957 libris
3136 1901 3204 1956 de
3239 1903 3350 1957 div.
3391 1901 3500 1958 Na-

1907 2003 2063 2048 turae
2107 1993 2372 2049 docuerit.
2423 1992 2582 2057 Nam,
2635 1993 2679 2048 si
2727 1993 2850 2063 quis
2897 1993 3056 2059 alius,
3106 1995 3494 2058 emanativum,

1907 2087 2052 2157 quod
2079 2095 2307 2151 vocant,
2345 2094 2578 2157 systema
2615 2086 2901 2154 expressit.
2945 2085 3122 2152 Quum
3146 2100 3277 2141 vero
3310 2095 3500 2142 nostra

1911 2187 2090 2232 aetate
2135 2176 2368 2242 fuerint,
2414 2177 2528 2246 qui,
2580 2177 2866 2246 epinantes
2909 2175 3162 2244 fortasse,
3201 2176 3350 2233 illam
3392 2193 3504 2233 non

1911 2269 2082 2324 fuisse
2111 2282 2297 2322 veram
2337 2265 2486 2322 Scoti
2516 2267 2860 2332 sententiam,
2896 2267 2989 2321 vix
3028 2276 3122 2322 aut
3155 2281 3222 2322 ne
3256 2269 3346 2324 vix
3381 2269 3502 2338 qui-

1914 2361 2037 2417 dem
2069 2360 2395 2422 dubitarent,
2433 2357 2563 2428 quiu
2593 2357 2740 2413 Scoti
2769 2358 2912 2413 ratio
2936 2359 3158 2414 omnino
3184 2374 3316 2415 sana
3343 2354 3509 2430 atque

1917 2451 2124 2523 integra
2167 2459 2335 2518 esset,
2385 2465 2560 2522 neque
2605 2450 2715 2505 ullo
2755 2461 2912 2520 pacto
2952 2451 3298 2520 pantheismi,
3343 2468 3508 2523 quem

1917 2543 2218 2614 appellant,
2261 2543 2563 2598 accusanda
2593 2541 2689 2612 (a),
2730 2541 2860 2597 huic
2899 2541 3249 2612 disputationi
3290 2553 3512 2600 nostrae

1919 2650 2085 2689 unum
2117 2644 2398 2714 praeterea
2431 2641 2486 2687 et
2516 2632 2745 2686 alterum
2768 2645 2837 2687 ex
2863 2631 3016 2688 libris
3043 2632 3109 2688 de
3134 2633 3242 2689 div.
3270 2632 3513 2689 Naturae

1921 2727 2096 2781 locum
2125 2724 2459 2796 adjiciemus,
2491 2723 2634 2777 unde
2663 2723 2902 2793 apertius
2933 2723 3130 2790 etiam,
3162 2725 3209 2779 si
3239 2723 3357 2780 fieri
3387 2741 3515 2796 pose

1923 2817 2026 2879 sit,
2067 2814 2227 2883 hujus
2256 2814 2536 2870 doctrinae
2571 2812 3178 2891 Erigenianaejndoles
3214 2829 3511 2884 pernosca-

1927 2917 2036 2963 tur.
2081 2907 2287 2963 Deinde
2316 2905 2640 2972 videbimus,
2683 2906 2822 2961 hanc
2867 2906 3040 2977 ipsam
3080 2915 3136 2963 et
3171 2922 3354 2964 veram
3394 2924 3517 2965 esse

1927 3001 2188 3057 librorum
2214 2999 2283 3056 de
2309 2998 2418 3054 div.
2448 2997 2684 3054 Naturae
2710 2997 3054 3054 sententiam.

2646 3111 2675 3184 §
2713 3111 2804 3169 '58.

1996 3229 2038 3284 Ι.
2076 3247 2094 3281 α
2128 3229 2206 3284 De
2234 3228 2342 3294 his,
2366 3228 2460 3298 qui
2490 3228 2556 3284 de
2577 3241 2648 3283 eo
2673 3225 2864 3292 nihilo,
2887 3227 3032 3297 quod
3053 3227 3226 3284 totius
3247 3230 3524 3286 essentiae

1927 3323 2271 3394 negationem
2310 3320 2580 3392 significat
2611 3320 2693 3376 vel
2735 3319 3071 3377 habitudinis
3100 3321 3222 3393 ejus
3263 3322 3524 3393 privatio-

1927 3432 2053 3471 nem
2094 3415 2178 3471 vel
2226 3415 2554 3481 absentiam,
2605 3415 2863 3470 mundum
2910 3413 3108 3468 factum
3159 3413 3330 3469 fuisse
3372 3416 3522 3470 arbi-

1933 3516 2164 3573 trantur,
2197 3507 2327 3578 quid
2351 3506 2552 3571 dicam,
2583 3505 2792 3577 ignoro.
2823 3504 2940 3560 Non
2969 3505 3113 3562 enim
3137 3505 3316 3573 video,
3346 3521 3520 3577 quare

1931 3617 2037 3656 non
2072 3601 2424 3656 considerant
2459 3619 2505 3665 ο,
2553 3614 2693 3670 quae
2729 3596 2814 3654 vel
2843 3597 3081 3654 maxime
3117 3609 3244 3656 sunt
3270 3603 3524 3658 conside-

1935 3693 2124 3748 randa.
2155 3693 2266 3763 (111,
2292 3693 2410 3764 22.)

1941 3817 1949 3824 -
2005 3789 2083 3844 Ac
2098 3790 2300 3844 nostris
2316 3789 2389 3843 ita
2403 3789 2582 3845 verbis
2600 3788 2749 3844 Scoti
2762 3789 2927 3845 verba
2943 3788 3260 3855 clausimus,
3275 3800 3526 3861 propter—

1935 3896 1998 3938 ea
2019 3883 2185 3952 quod,
2203 3897 2346 3952 quae
2367 3882 2482 3951 ipse
2509 3881 2614 3936 iHis
2634 3881 2860 3945 addidit,
2879 3880 3193 3937 exscribere
3215 3897 3322 3936 non
3351 3883 3530 3950 potui-

1935 3990 2076 4030 mus.
2116 3973 2358 4042 Namque
2381 3987 2479 4042 per
2506 3972 2886 4028 densissimam
2923 3989 3188 4045 nugarum
3221 3973 3416 4029 silvam
3443 3991 3530 4030 se-

1938 4075 2048 4121 met
2077 4067 2251 4136 ipsum
2285 4063 2788 4119 circumvolutando
2829 4074 3087 4134 tanquam
3121 4065 3342 4120 insanos
3370 4073 3533 4120 vexat

1940 4165 2103 4229 atque
2144 4156 2384 4228 exagitat
2429 4155 2569 4220 illos,
2605 4155 2804 4226 quibus
2841 4156 2912 4212 iis
2950 4157 3152 4222 verbis,
3193 4171 3334 4227 quae
3373 4157 3534 4212 modo

1941 4251 2154 4322 integra
2196 4249 2606 4320 exscripsimus,
2644 4248 2843 4304 bellum
2873 4249 3088 4305 indixit.
3119 4249 3290 4317 Quam
3322 4251 3438 4320 ipse
3467 4252 3538 4305 de

1942 4343 2034 4398 illo
2067 4343 2255 4407 nihilo,
2294 4358 2435 4413 quae
2458 4343 2534 4397 sit
2566 4351 2715 4397 certa
2751 4343 3020 4412 quaedam
3058 4343 3305 4409 materia,
3333 4359 3398 4398 ex
3430 4359 3540 4413 qua

1945 4437 2088 4492 Deus
2117 4436 2375 4491 mundum
2417 4435 2819 4506 composuerit,
2850 4450 3015 4490 unam
3044 4451 3110 4492 ac
3145 4435 3313 4492 solam
3344 4452 3545 4507 sequa»

239 4525 464 4580 stantiis
491 4526 767 4592 accidunt,
799 4526 1096 4597 appellare,
1126 4525 1249 4594 quia
1289 4524 1574 4580 mutabiles
1605 4532 1755 4580 sunt.
1787 4531 1842 4578 et
1866 4513 1918 4572 Ῑ)
1947 4537 2035 4582 tur
2065 4527 2408 4591 sententiam,
2462 4526 2713 4596 plurimis
2749 4527 2998 4582 versibus
3025 4527 3263 4596 explicat
3311 4524 3420 4598 (111,
3452 4526 3546 4581 l9-

240 4615 390 4672 circa
419 4614 759 4670 substantias
791 4630 918 4670 suas
954 4615 1264 4677 volvuntur,
1301 4616 1443 4669 hunc
1476 4620 1734 4668 mundum
1765 4612 1843 4666 fa-

241 4707 520 4762 bricatum
569 4716 1019 4778 compactumque
1065 4706 1252 4763 fuisse.
1288 4737 1354 4747 —
1384 4705 1497 4762 Nec
1543 4707 1622 4761 sic
1663 4714 1844 4760 tamen

189 4834 193 4838 -
242 4799 558 4869 praedictas
579 4800 933 4864 substantias,
959 4800 1381 4854 substantiarum
1409 4799 1698 4869 qualitates
1719 4814 1846 4854 suas

243 4891 605 4954 substantias,
643 4892 790 4946 circa
820 4906 957 4961 quas
983 4891 1297 4955 volvuntur,
1325 4892 1544 4946 omnino
1573 4892 1843 4954 deserere,

243 4994 299 5038 et
334 4987 392 5040 in
439 4985 726 5040 materiem
757 4986 1030 5040 sensibilis
1075 4986 1260 5040 mundi
1299 4984 1589 5039 convenire
1617 4985 1869 5039 arhitra—‘

249 5092 401 5143 mur;
434 5079 533 5132 sed
559 5077 795 5132 mirabili
820 5087 876 5133 et
905 5076 1162 5132 ineffabili
1195 5077 1376 5141 modo,
1405 5077 1505 5132 soli
1537 5077 1852 5132 fabricatori

249 5167 395 5222 illius
433 5168 674 5238 cognito,
707 5177 764 5222 et
804 5167 953 5223 circa
992 5182 1120 5222 suas
1161 5166 1510 5232 substantias,
1544 5164 1742 5236 quibus
1771 5167 1854 5220 in-

205 5264 213 5276 ‘
251 5261 634 5331 separabiliter
660 5261 982 5327 adhaerent,
1011 5276 1227 5331 semper
1259 5267 1598 5330 permanent,
1630 5267 1684 5313 et
1711 5259 1854 5314 hunc

254 5354 520 5407 mundum
549 5352 712 5408 modo
740 5352 972 5423 quodam
1005 5351 1327 5423 intelligibili
1372 5350 1856 5421 compositionibus

254 5447 369 5502 suis
396 5444 690 5515 perficiunt
719 5457 883 5517 atque
911 5454 1242 5517 componunt
1274 5465 1322 5501 ι.

324 5539 394 5593 Et
425 5539 556 5593 item
613 5537 753 5594 libro
795 5539 983 5610 quinto
1037 5539 1176 5610 (cap.
1208 5537 1301 5610 25)
1336 5555 1350 5592 :
1409 5557 1429 5590 ‹
1465 5537 1677 5605 Omnia,
1718 5555 1858 5610 quae

257 5629 390 5687 locis
419 5631 918 5703 temporalibusque
941 5632 1246 5698 variantur,
1276 5633 1661 5704 corporeisque
1690 5633 1858 5689 sensi-

330 5747 428 5817 (α)
449 5747 534 5804 Cf.
570 5747 873 5804 Sclilueteri
906 5747 1076 5817 praef.
1109 5764 1161 5816 p.
1195 5764 1246 5801 vi
1279 5763 1428 5820 seqq.

749 5840 1023 5900 PATROL.
1073 5838 1338 5902 CXXII.

1952 4620 2061 4693 23),
2093 4635 2326 4690 quorum
2363 4633 2572 4673 summa
2614 4619 2750 4673 haec
2777 4626 2862 4673 est
2900 4636 2914 4672 :
2949 4637 2967 4670 ε
3003 4618 3082 4674 Eo
3111 4619 3362 4684 nomine,
3394 4617 3541 4689 quod

1949 4721 2033 4768 est
2074 4710 2332 4776 nihilum,
2366 4707 2691 4763 ineffabilem
2731 4715 2786 4763 et
2823 4708 3426 4780 incomprehensibilem
3455 4710 3542 4763 di-

1951 4805 2109 4860 vinae
2132 4803 2389 4875 bonitatis
2420 4801 2492 4872 (s.
2525 4801 2774 4872 naturae)
2812 4800 3355 4871 inaccessibilemque
3379 4801 3544 4858 clari-

1954 4906 2147 4963 tatem,
2174 4897 2428 4953 omnibus
2470 4894 2832 4951 intellectibus
2871 4893 2985 4949 sive
3011 4893 3264 4948 humanis
3291 4893 3409 4948 sive
3441 4909 3545 4949 an-

1953 4989 2143 5060 gelicis
2180 4987 2509 5058 incognitam
2549 4984 3045 5058 (superessentialis
3071 4992 3157 5040 est
3191 4984 3336 5039 enim
3371 4992 3428 5038 et
3457 4999 3548 5038 su-

1953 5078 2340 5152 pernaturalis)
2371 5077 2765 5148 significamus,
2797 5091 2938 5147 quae
2971 5078 3099 5143 dum
3135 5091 3234 5147 per
3274 5091 3332 5132 se
3373 5077 3546 5145 ipsam

1955 5174 2246 5245 cogitatur,
2281 5185 2457 5243 neque
2492 5179 2612 5237 est,
2645 5185 2825 5240 neque
2858 5177 3011 5234 erat,
3046 5183 3222 5238 neque
3251 5168 3355 5224 erit
3391 5186 3409 5218 ι
3447 5165 3546 5234 (cf.

1956 5284 2075 5338 sup.
2124 5265 2347 5340 §i-8);
2408 5285 2424 5315 ι
2464 5265 2516 5319 in
2561 5262 2708 5318 nullo
2759 5262 2908 5318 enim
2955 5247 3276 5330 intelligitur
3311 5258 3550 5312 existen-

1959 5359 2121 5422 tium,
2159 5357 2286 5426 quia
2329 5363 2554 5424 superat
2593 5353 2808 5417 omnia;
2862 5366 2987 5408 cum
3032 5364 3163 5406 vero
3207 5363 3305 5420 per
3347 5346 3549 5402 conde-

1956 5449 2296 5506 scensionem
2336 5447 2605 5516 quandam
2637 5443 2963 5501 ineffabilem
3003 5444 3058 5498 in
3097 5456 3191 5508 ea,
3220 5454 3359 5511 quae
3396 5447 3547 5506 sunt,

1957 5541 2155 5597 mentis
2196 5539 2473 5595 obtutibus
2517 5538 2820 5609 inspicitur,
2865 5536 2980 5606 ipsa
3021 5533 3133 5590 sola
3181 5532 3455 5587 invenitur
3493 5531 3553 5585 in

1959 5634 2213 5691 omnibus
2253 5645 2394 5699 esse,
2418 5639 2474 5687 et
2495 5638 2598 5700 est,
2633 5640 2690 5686 ct
2710 5638 2849 5696 erat,
2873 5637 2928 5685 et
2951 5626 3057 5685 crit
3087 5645 3132 5682 ι.
3159 5623 3291 5682 item
3324 5623 3431 5696 (111,
3459 5621 3548 5693 17)

3113 5826 3152 5894 3
