4036 5286
549 373 621 435 6'7
1679 366 1766 423 DE
1801 365 1851 422 J.
1890 363 2111 423 SCOTO
2146 359 2662 421 COMMENTATIO.
3747 362 3818 418 58

550 510 572 545 ι
600 489 718 561 Ipsa
740 485 993 544 materies
1021 502 1068 551 ι,
1091 483 1196 549 ait,
1224 500 1243 535 ι
1272 481 1339 538 de
1359 494 1466 553 qua
1484 479 1683 552 legitur
1701 479 1844 537 Dens
1866 479 2126 535 mundum
2157 491 2200 550 Α
2229 477 2374 532 enim
2421 477 2616 546 partim
2643 476 2929 549 contingit,
2960 476 3013 534 in
3044 489 3156 535 toto
3190 478 3306 535 fieri
3344 477 3486 537 Deus
3526 495 3635 539 non
3661 483 3816 549 sinit,

545 582 764 647 fecisse,
779 580 849 636 ab
863 581 983 650 ipso
1001 585 1057 633 et
1071 576 1124 633 in
1141 575 1258 645 ipso
1269 582 1376 639 est,
1395 580 1451 628 et
1466 572 1582 645 ipse
1596 572 1647 626 in
1670 586 1729 627 ea
1745 580 1851 637 est,
1870 577 2129 641 quantum

543 674 866 746 intelligitur
891 686 955 728 ea
985 661 1107 726 esse
1135 686 1148 724 :
1182 682 1289 722 non
1321 668 1464 722 enim
1508 664 1710 735 indiget
1738 664 1881 719 Deus
1909 662 2131 717 alterius

544 764 832 829 materiae,
863 776 1003 834 quae
1029 761 1144 831 ipse
1179 773 1284 813 non
1313 757 1419 821 sit,
1460 756 1514 810 in
1544 753 1651 825 qua
1678 768 1738 810 se
1763 754 1936 824 ipsum
1970 750 2127 815 facit;

544 840 785 925 aliOquin
835 854 1102 923 impotens
1150 849 1423 906 videretur
1464 855 1522 903 et
1566 847 1621 902 in
1667 860 1725 901 se
1768 844 1886 916 ipso
1935 844 2131 913 imper-

544 948 733 1004 fectus
748 967 765 999 ι
775 985 789 1000 .

616 1037 680 1093 ll.
721 1054 740 1089 ι
775 1037 943 1109 (Deus
966 1033 1070 1105 est)
1098 1046 1260 1089 causa
1290 1030 1525 1088 creatrix
1553 1027 1899 1085 cxistentinm
1928 1034 1984 1080 et
2022 1039 2129 1079 non

543 1128 890 1185 cxistentium
921 1125 1193 1189 omnium,
1237 1139 1267 1179 a
1304 1122 1449 1178 nullo
1483 1129 1695 1184 creata,
1724 1132 1889 1174 unum
1924 1115 2127 1185 princi-

542 1223 713 1294 pium,
756 1235 864 1275 una
907 1218 1077 1290 origo,
1124 1232 1264 1272 unus
1297 1224 1351 1271 et
1394 1212 1713 1269 universalis
1756 1210 2131 1265 universorum

544 1313 684 1376 fons.
717 1328 749 1367 a
782 1309 929 1367 nullo
967 1323 1219 1375 manans,
1247 1307 1375 1362 dum
1417 1306 1485 1360 ab
1509 1320 1576 1360 eo
1620 1310 1843 1358 manant
1865 1299 2045 1357 omnia
2083 1318 2127 1352 ι.

543 1403 659 1476 (IV,
690 1405 767 1475 ι.)

614 1496 701 1552 lll.
743 1515 761 1548 ι
791 1494 917 1566 ipse
943 1492 1088 1550 Deus
1111 1492 1352 1549 omnium
1383 1498 1466 1547 est
1495 1490 1670 1546 factor
1703 1497 1760 1545 et
1798 1487 1851 1544 in
1878 1486 2133 1543 clunibus

541 1591 742 1657 factus,
771 1599 830 1647 et
871 1589 999 1645 dum
1032 1603 1195 1658 super
1219 1586 1400 1642 omnia
1428 1584 1728 1655 quaeritur,
1766 1582 1819 1637 in
1862 1580 2007 1636 nulla
2050 1580 2132 1634 in-

540 1682 760 1739 venitur
797 1679 1067 1744 essentia;
1100 1676 1339 1733 nondum
1365 1676 1510 1731 enim
1538 1682 1623 1728 est
1650 1687 1770 1727 esse
1801 1690 1815 1725 :
1848 1671 1974 1725 dum
2003 1685 2130 1725 vero

541 1773 599 1828 in
628 1770 880 1829 omnibus
926 1767 1259 1839 intelligitur,
1309 1763 1384 1820 nil
1434 1763 1486 1819 in
1534 1762 1621 1828 iis,
1678 1761 1780 1816 nisi
1823 1759 1970 1815 solus
2019 1759 2145 1830 ipse.

2234 566 2387 636 cujus
2412 582 2516 624 nec
2540 568 2909 625 universitatis
2938 571 3214 641 turpitudo
3237 572 3408 642 turpis
3426 583 3509 629 est
3525 612 3543 638 ,
3572 588 3673 630 nec
3697 588 3816 630 ma-

2230 658 2345 714 litia
2376 669 2554 725 nocet,
2586 673 2685 720 nec
2707 674 2861 714 error
2888 671 3036 716 errat
3072 681 3118 716 ι.

2300 749 2475 819 Atque
2494 751 2679 805 eodem
2704 751 2862 806 modo
2883 753 3043 807 etiam
3070 753 3196 809 alibi
3217 753 3307 827 (cf.
3332 754 3421 820 lll,
3448 755 3537 831 l7)
3561 766 3617 812 et
3638 766 3821 815 rectae

2232 843 2457 898 rationis
2500 853 2555 898 et
2600 844 2879 900 doctrinae
2923 844 3264 902 Christianae
3304 850 3574 904 sententia
3624 849 3822 921 (huius

2232 948 2415 990 rerum
2447 936 2814 993 universitatis
2849 938 3207 995 substantiam
3246 957 3276 996 a
3308 942 3607 998 substantia
3637 944 3817 998 divina

2232 1040 2351 1080 esse
2376 1025 2593 1096 penitus
2611 1026 2903 1098 diversam)
2933 1029 3153 1084 disertis
3178 1031 3356 1086 verbis
3378 1039 3543 1102 atque
3569 1033 3640 1087 de
3669 1033 3821 1088 indu-

2232 1117 2366 1173 stria
2392 1116 2671 1185 refellitur,
2705 1134 2805 1175 nec
2835 1135 2940 1175 non
2971 1121 3204 1176 ludibrio
3233 1121 3346 1178 fere
3371 1122 3623 1178 habetur.

2306 1206 2368 1261 V.
2407 1206 2568 1263 lliscc
2612 1224 2778 1264 unum
2821 1210 3054 1282 denique
3096 1212 3274 1268 locum
3325 1211 3681 1283 adjiciemus,
3732 1216 3821 1284 qui

2232 1300 2396 1355 etiam
2427 1302 2528 1356 hoc
2549 1300 2766 1369 doceat,
2789 1319 2951 1374 quam
2975 1305 3168 1361 acerbe
3192 1320 3257 1361 ac
3292 1306 3596 1377 petulanter
3626 1306 3826 1364 Sestus

2231 1408 2422 1448 sacrae
2451 1391 2764 1465 Scripturae
2799 1408 3036 1460 sensum,
3068 1407 3127 1452 ut
3168 1398 3236 1452 ad
3261 1413 3414 1453 suam
3447 1413 3571 1454 eum
3595 1409 3822 1454 senten-

2234 1486 2363 1540 tiam
2386 1488 2722 1557 detorqueat,
2748 1490 3046 1554 vexaverit,
3071 1490 3468 1560 depravaverit,
3493 1493 3824 1562 corruperit.

2232 1576 2433 1632 Verum
2464 1576 2600 1633 haec
2624 1593 2712 1634 res
2736 1590 2819 1634 est
2838 1578 3081 1650 profecto
3102 1595 3191 1645 ea,
3216 1595 3356 1651 quae
3378 1580 3527 1636 sanis
3548 1582 3825 1636 mentibus

2232 1684 2500 1725 summam
2532 1679 2643 1725 tum
2670 1671 3076 1731 miserationem
3108 1681 3221 1727 tum
3249 1672 3679 1744 indignationem
3716 1687 3825 1729 non

2233 1776 2450 1819 movere
2479 1779 2585 1819 non
2617 1773 2800 1835 queat.

540 1862 808 1929 subsistit,
838 1870 892 1918 et
919 1875 1095 1931 neque
1123 1867 1206 1915 est
1236 1858 1360 1923 hoc,
1391 1856 1494 1910 hoc
1522 1862 1700 1909 autem
1734 1868 1863 1919 non,
1894 1852 1987 1907 sed
2014 1867 2127 1906 om—
2161 1851 2205 1910 Β
2301 1852 2483 1909 Multis
2508 1854 2688 1925 igitur,
2714 1854 2911 1925 quibus
2935 1855 3070 1911 nihil
3097 1856 3333 1913 fortasse
3352 1872 3591 1927 unquam
3618 1857 3827 1913 dictum

539 1954 628 2011 nia
656 1961 742 2008 est
763 1967 777 2005 :
801 1948 1030 2022 proinde
1050 1964 1115 2004 ex
1146 1944 1700 2018 superessentialitate
1722 1958 1854 1999 suae
1880 1952 2127 2006 naturae,

538 2044 593 2101 in
621 2059 729 2116 qua
758 2043 957 2099 dicitur
993 2055 1101 2097 non
1131 2054 1275 2104 esse,
1303 2038 1541 2110 primum
1568 2036 1900 2091 descendens
1936 2035 1988 2090 in
2022 2034 2130 2104 pri-

532 2133 891 2192 mordialibus
919 2131 1142 2205 (causis)
1174 2147 1203 2186 a
1239 2145 1298 2185 se
1336 2130 1452 2201 ipso
1480 2137 1717 2193 creatur,
1753 2136 1809 2181 et
1842 2126 1904 2180 fit
1930 2125 2129 2197 princi-

534 2226 685 2295 pium
725 2223 904 2278 omnis
942 2220 1229 2285 essentiae,
1273 2218 1451 2275 omnis
1492 2219 1659 2284 vitae,
1705 2217 1883 2272 omnis
1928 2216 2125 2271 intelli-

536 2315 785 2387 gentiae,
814 2325 869 2368 et
900 2312 1164 2377 omnium,
1198 2326 1339 2383 quae
1379 2310 1434 2364 in
1472 2307 1907 2381 primordialibns
1950 2308 2130 2364 causis

538 2407 868 2472 considerat,
908 2405 1151 2475 gnostica
1197 2405 1401 2461 tbeoria
1436 2422 1451 2458 :
1485 2403 1677 2460 deinde
1715 2418 1782 2459 ex
1806 2404 2128 2475 primordia-

534 2501 678 2557 libus
720 2499 920 2565 causis,
950 2513 1090 2568 quae
1118 2496 1460 2553 medietatem
1491 2495 1760 2566 quandam
1790 2494 1932 2551 inter
1958 2494 2126 2549 Deum

533 2599 587 2646 et
630 2598 939 2646 creaturam
971 2589 1239 2653 obtinent,
1273 2588 1376 2642 hoc
1399 2595 1501 2652 est,
1535 2587 1677 2642 inter
1702 2574 1844 2643 illam
1877 2585 2125 2641 ineffabi-

532 2679 640 2737 lem
676 2672 1288 2751 superessentialitatem
1328 2692 1493 2749 super
1520 2689 1735 2732 omnem
1772 2675 2124 2740 intellectum,

534 2780 590 2827 et
624 2769 971 2826 manifestam
1000 2769 1429 2825 substantialiler
1458 2777 1725 2830 naturam,
1758 2766 2128 2838 puris-animis

535 2860 882 2931 conspicuus,
910 2859 1248 2916 descendens
1291 2859 1344 2913 in
1375 2856 1656 2914 effectibus
1685 2856 1923 2927 ipsarum
1957 2855 2035 2918 fit,
2072 2863 2128 2911 et

533 2952 821 3009 manifeste
856 2953 910 3008 in
942 2951 1283 3022 theophaniis
1325 2951 1440 3006 suis
1467 2950 1713 3021 aperitur
1740 2963 1754 3003 :
1784 2948 1978 3004 deinde
2027 2963 2122 3018 per

516 3045 858 3119 multiplices
901 3043 1191 3100 etl'ectuum
1240 3041 1443 3098 formas
1490 3058 1658 3112 usque
1705 3041 1772 3096 ad
1815 3050 2122 3097 extremum

515 3134 700 3192 "totius
734 3134 971 3191 Naturae
1006 3123 1287 3199 'ordinem,
1330 3148 1439 3204 quo
1480 3149 1706 3203 corpora
1753 3133 2119 3194 continentur,

2231 1945 2304 2000 sit
2323 1946 2425 2000 deli
2436 1946 2565 2013 rius,
2589 1962 2926 2017 quorumque
2942 1958 3150 2018 partem
3172 1948 3286 2019 jam
3309 1963 3473 2018 supra
3496 1947 3547 2020 (ﬁ
3563 1947 3659 2003 29.
3682 1947 3827 2021 $53)

2232 2037 2534 2103 retulimus,
2563 2039 2658 2094 sed
2685 2038 2869 2095 multis
2895 2040 2963 2094 de
2987 2038 3105 2109 ipso
3145 2038 3372 2095 Genesis
3392 2039 3618 2094 exordio
3646 2037 3829 2095 effuti-

2231 2129 2319 2193 tis,
2350 2129 2482 2185 haec
2506 2130 2769 2189 docentur
2797 2148 2811 2184 :
2841 2149 2860 2181 ι
2888 2131 3013 2187 Fiat
3037 2132 3127 2186 lux
3155 2151 3175 2183 ι
3199 2133 3212 2186 t
3239 2133 3338 2187 hoc
3367 2141 3450 2187 est
3482 2150 3500 2182 ο
3528 2133 3829 2201 procedant

2228 2219 2609 2292 primordiales
2629 2236 2825 2276 causae
2844 2237 2913 2277 cx
2943 2221 3578 2292 incomprebcttsibilibns
3596 2231 3828 2277 naturae

2228 2329 2361 2369 suae
2375 2314 2605 2369 secretis
2627 2314 2678 2368 in
2702 2315 2907 2370 formas
2926 2325 2982 2370 ct
3002 2316 3211 2386 species
3231 2314 3758 2385 comprehensibiles
3772 2333 3824 2371 ο.

2234 2422 2255 2455 ι
2284 2404 2351 2459 Ει
2378 2403 2518 2460 facta
2542 2412 2626 2460 est
2648 2404 2735 2459 lux
2771 2425 2819 2470 ›,
2844 2407 2947 2461 hoc
2972 2414 3053 2460 est
3088 2424 3108 2458 ι
3141 2406 3252 2461 Deo
3276 2406 3488 2461 volente
3521 2420 3587 2461 ac
3612 2406 3831 2462 dicente

2228 2498 2533 2554 obscuritas
2575 2498 3008 2567 primordialiurn
3055 2513 3342 2554 causarum
3403 2499 3458 2552 in
3511 2498 3721 2555 formas
3768 2507 3827 2554 et

2227 2591 2439 2661 species
2475 2590 2742 2661 processit
2764 2601 2978 2661 apertas
3003 2610 3051 2644 ι.
3081 2611 3099 2643 ι
3148 2591 3216 2646 Et
3237 2590 3421 2647 divisit
3450 2590 3592 2646 Deus
3618 2606 3650 2649 a
3679 2599 3830 2647 tene-

2231 2682 2342 2739 bris
2363 2702 2380 2735 ι
2396 2724 2411 2748 ,
2427 2682 2531 2739 hoc
2556 2693 2641 2737 est
2666 2702 2685 2734 ι
2722 2684 3026 2755 segregavit
3054 2685 3300 2739 notitiam
3324 2685 3611 2739 elfectuum
3636 2685 3707 2739 ab
3730 2684 3828 2738 ob-

2228 2772 2490 2826 scuritate
2540 2786 2761 2826 suarum
2817 2771 3195 2842 principalium
3253 2787 3564 2828 causarum.
3618 2772 3825 2827 Divisio

2226 2862 2425 2933 quippe
2454 2861 2588 2918 lucis
2625 2878 2655 2916 a
2689 2863 2928 2917 tenebris
2957 2873 3042 2916 est
3068 2862 3325 2918 discretio
3352 2879 3557 2930 rerum,
3582 2878 3686 2933 per
3712 2861 3825 2917 foro

2229 2969 2346 3009 mas
2388 2962 2443 3007 et
2487 2954 2696 3024 species
2738 2955 3138 3023 apparentium,
3171 2970 3201 3009 a
3243 2954 3524 3025 principiis
3571 2955 3722 3021 suis,
3769 2955 3823 3009 in

2226 3046 2421 3116 quibus
2448 3060 2665 3100 omnem
2693 3055 2953 3115 superant
2976 3045 3307 3103 intellectum
3340 3067 3383 3101 ι.
3408 3047 3642 3118 Ideoque
3670 3063 3826 3119 prae-

2227 3136 2361 3190 dixit
2387 3152 2402 3189 :
2424 3155 2440 3185 ι
2464 3136 2530 3189 Ει
2552 3135 2842 3189 γὶιΙὶιΙ).ιιιε
2865 3135 3062 3200 lucem,
3079 3136 3203 3205 quia
3225 3144 3369 3191 esset
3389 3137 3526 3191 bona
3549 3156 3568 3188 ι
3586 3177 3602 3204 ,
3618 3138 3724 3192 hoc
3743 3146 3825 3192 est

530 3227 797 3299 procedit,
828 3240 894 3281 ac
930 3225 1011 3281 sic
1048 3225 1299 3279 ordinate
1329 3225 1381 3278 in
1420 3225 1603 3278 omnia
1636 3223 1960 3294 provenicns
1996 3223 2124 3276 facit
2151 3206 2201 3269 C
2234 3244 2254 3277 ι
2294 3225 2496 3295 placuit
2536 3226 2668 3289 Deo,
2709 3225 3000 3296 originales
3028 3242 3240 3291 causas,
3276 3235 3404 3283 ante
3423 3242 3643 3282 omnem
3673 3242 3827 3282 crea-

530 3316 733 3381 omnia,
749 3323 809 3371 et
826 3314 960 3370 litin
980 3313 1232 3370 omnibus
1244 3314 1449 3379 omnia,
1465 3323 1537 3379 et,
1554 3314 1678 3368 dum
1703 3314 1756 3367 in
1773 3312 2023 3368 Omnibus
2040 3311 2119 3378 fit,

530 3420 695 3477 super
722 3406 904 3462 omnia
935 3419 1056 3461 esse
1085 3419 1190 3460 non
1216 3405 1446 3471 desinit,
1474 3420 1538 3461 ac
1564 3406 1631 3461 de
1660 3404 1829 3460 nihilo
1859 3404 1985 3458 facit
2006 3420 2124 3460 om-

530 3497 646 3563 nia,
668 3495 737 3551 de
756 3511 853 3552 sua
873 3495 1085 3552 scilicet
1104 3496 1657 3568 superessentialitate
1677 3494 1927 3566 producit
1945 3511 2125 3551 esseu-

533 3589 659 3653 tias,
683 3588 755 3644 de
772 3586 1201 3658 supervitalitate
1218 3586 1378 3653 vitas,
1402 3587 1470 3643 de
1496 3586 2124 3658 superintellectualitate

532 3679 856 3743 intellectus,
886 3679 953 3734 de
980 3677 1263 3749 negatione
1288 3678 1553 3745 omnium,
1583 3692 1724 3748 quae
1754 3687 1879 3733 sunt
1902 3686 1959 3732 et
1977 3673 2123 3746 quae

531 3786 642 3829 non
670 3781 815 3837 sunt,
846 3771 1232 3828 atlirmationes
1254 3770 1518 3837 omnium,
1548 3786 1691 3842 quae
1720 3778 1865 3837 sunt,
1896 3781 1948 3825 et
1981 3786 2122 3841 quae

530 3881 640 3923 non
660 3875 788 3923 sunt
814 3887 860 3919 ι.
892 3864 1000 3938 (lll,
1023 3864 1138 3935 ΞΟ.)
1166 3864 1250 3920 Cf.
1283 3874 1565 3937 praeterea
1588 3864 1672 3926 lll.
1693 3865 1747 3919 4.
1774 3865 1858 3919 l7.
1878 3864 1968 3929 2'5,
1996 3864 2119 3935 qui-

531 3958 635 4014 bus
658 3957 794 4015 locis
812 3959 1000 4014 eadem
1028 3972 1117 4014 res
1145 3956 1335 4013 iisdem
1365 3957 1478 4013 fere
1511 3957 1693 4015 verbis
1715 3957 1985 4013 declarata
2013 3967 2121 4014 est,

588 4074 688 4131 Π.
721 4073 936 4139 Scotus,
962 4080 1249 4144 postquam
1272 4089 1358 4139 ea,
1395 4087 1534 4143 quae
1558 4072 1716 4128 modo
1742 4072 1792 4145 (ᾗ
1821 4072 1910 4135 58,
1941 4072 2027 4136 lll,
2052 4073 2120 4129 de

529 4167 638 4223 div.
669 4167 793 4222 Nat.
822 4166 922 4233 Ill,
946 4166 1039 4239 20)
1069 4166 1293 4239 integris
1320 4166 1439 4235 ejus
1467 4165 1646 4223 verbis
1675 4166 1940 4236 explicata
1970 4177 2115 4231 sunt,

527 4259 844 4325 edisseruit,
875 4258 979 4314 bac
1020 4258 1231 4312 ratione
1266 4257 1444 4328 pergit
1474 4274 1488 4311 :
1528 4276 1546 4308 ι
1584 4255 1729 4311 llaec
1765 4257 1933 4311 ardua
1963 4255 2119 4312 valde

529 4360 681 4414 sunt,
702 4358 757 4407 et
779 4364 809 4405 a
832 4350 1081 4405 sensibus
1101 4349 1401 4419 corporalia
1425 4358 1480 4404 et
1505 4348 1735 4404 visibilia
1763 4349 2116 4419 cogitantium

530 4451 768 4507 remota;
819 4442 905 4499 his
948 4456 1095 4507 vero,
1135 4442 1226 4511 qui
1268 4441 1624 4510 spiritualiter
1663 4441 1717 4495 in
1756 4441 2115 4511 cognitionem

529 4537 775 4593 veritatis
799 4536 1119 4600 ascendunt,
1151 4535 1432 4590 verissime
1460 4535 1785 4590 clarescunt.
1817 4533 1950 4601 Quis
1971 4532 2113 4589 enim
2147 4569 2194 4629 Β

528 4627 731 4682 claram
761 4625 1057 4696 sapientiae
1086 4624 1257 4689 lucem
1289 4636 1512 4680 cernere
1541 4623 1837 4679 nolentium
1866 4622 1989 4678 talia
2019 4638 2115 4677 au-

529 4718 681 4773 diens
716 4730 821 4771 non
855 4719 1113 4772 continuo
1141 4725 1391 4787 erumpat
1420 4732 1433 4770 :
1470 4734 1487 4767 ι
1523 4716 1835 4779 lnsaniunt,
1860 4716 1951 4786 qui
1982 4716 2116 4771 haec

529 4805 750 4863 dicunt?
774 4802 1054 4873 Quomodo
1075 4806 1217 4862 enim
1245 4807 1381 4861 Deus
1408 4805 1717 4871 invisibilis,
1737 4806 2112 4877 incorporalis,

528 4895 955 4966 incorruptibilis
989 4903 1166 4966 potest
1209 4909 1239 4949 a
1287 4910 1346 4951 se
1394 4896 1510 4966 ipso
1558 4895 1907 4960 descendere,
1955 4904 2009 4953 et
2056 4911 2116 4952 se

526 4988 703 5062 ipsum
735 4989 788 5043 in
818 4988 1071 5044 omnibus
1102 5001 1314 5054 creare,
1345 4995 1408 5042 ut
1445 4987 1518 5043 sit
1550 4987 1732 5042 omnia
1758 4987 1813 5041 in
1841 4988 2112 5053 omnibus,

525 5092 583 5139 et
611 5094 783 5151 usque
809 5080 877 5134 ad
908 5087 1182 5134 extremas
1215 5078 1373 5148 lntjns
1408 5076 1592 5132 mundi
1623 5077 1850 5133 visibilis
1878 5077 2113 5151 turpitué

525 5175 681 5230 dines
718 5185 772 5224 et
809 5172 1188 5224 corrnntimms
1221 5170 1537 5224 vilicuimas_
1574 5170 1772 5220 fnrmae
1812 5177 1865 5212 at
1906 5148 2115 5222 ςυρῖξίρε

2229 3326 2431 3383 turam,
2460 3317 2598 3372 ultra
2628 3332 2844 3373 omnem
2874 3310 3205 3373 intellemum
3238 3319 3503 3381 conditas,
3536 3319 3825 3374 intellecti-

2225 3408 2324 3462 bus
2347 3408 2459 3462 sive
2483 3407 2730 3462 humanis
2764 3408 2878 3462 sive
2917 3408 3197 3479 angelicis,
3222 3408 3340 3462 luce
3365 3409 3601 3477 quadam
3628 3406 3825 3462 intelli-

2225 3499 2438 3571 gentiae
2483 3498 2797 3569 superfusus
2849 3499 3186 3555 manifestari
3233 3517 3282 3553 ι.
3336 3517 3356 3548 ο
3410 3499 3825 3570 Appellavitquc

2224 3590 2397 3645 lucem
2425 3591 2588 3657 diem,
2616 3599 2669 3644 et
2699 3590 2948 3644 tenebras
2968 3599 3180 3645 noctem
3216 3609 3234 3642 ι
3252 3629 3267 3653 ,
3292 3590 3395 3644 hoc
3413 3598 3497 3644 est
3529 3609 3548 3640 σ
3580 3600 3824 3644 content-

2222 3682 2498 3752 plantibus
2525 3681 2721 3735 animis
2760 3681 3056 3751 praestitit,
3101 3680 3599 3737 manifestationem
3638 3681 3825 3737 visibi-

2222 3770 2352 3826 lium
2379 3779 2434 3827 et
2461 3769 2813 3827 invisibilium
2855 3787 2954 3842 per
2996 3772 3201 3827 formas
3236 3780 3292 3826 et
3315 3772 3526 3842 species
3550 3772 3700 3826 diem
3731 3786 3822 3843 ιρι

2223 3864 2461 3935 pellare,
2507 3879 2696 3920 eorum
2730 3874 2911 3919 autem
2946 3864 2998 3917 in
3044 3864 3326 3934 principiis
3359 3864 3473 3919 suis
3519 3865 3825 3935 incompre-

2224 3955 2542 4011 hensibilem
2560 3955 2898 4009 altitudinem
2921 3969 3117 4010 vocare
3133 3966 3346 4010 noctem
3370 3975 3415 4009 ι.
3436 3974 3455 4006 ι
3483 3954 3825 4026 Factumque

2225 4056 2308 4103 est
2341 4062 2570 4117 vespere
2609 4055 2665 4101 et
2717 4061 2874 4101 mane
2903 4046 3020 4101 dies
3061 4062 3199 4102 unus
3226 4066 3283 4111 ι,
3335 4065 3353 4099 ι
3397 4048 3651 4118 quamvis
3679 4051 3821 4103 enim

2226 4138 2367 4192 inter
2396 4138 2780 4193 obscuritatem
2812 4151 3097 4191 causarum
3121 4146 3175 4192 et
3197 4136 3497 4192 claritatem
3527 4135 3821 4191 ctfectuum

2224 4229 2421 4284 divisio
2444 4229 2777 4300 intelligatur
2813 4237 2868 4285 et
2893 4228 3221 4295 diﬂerentia,
3266 4245 3405 4284 unus
3436 4238 3620 4283 tamen
3652 4230 3823 4286 idem-

2224 4342 2328 4396 que
2357 4327 2472 4382 dies
2500 4336 2604 4393 est,
2639 4327 2742 4382 hoc
2768 4335 2875 4392 est,
2906 4342 3046 4381 unus
3090 4341 3278 4382 eorum
3326 4325 3659 4391 intellectus;
3715 4341 3818 4380 non

2224 4415 2369 4470 enim
2394 4416 2498 4471 alia
2520 4427 2767 4472 creatura
2800 4417 3119 4489 intelligitur
3148 4433 3201 4471 tn
3227 4418 3406 4472 causis
3432 4416 3603 4481 facta,
3633 4417 3736 4471 alia
3767 4418 3818 4470 in

2224 4501 2506 4560 etl‘ectibus
2552 4520 2836 4561 causarum
2875 4508 3111 4572 condita,
3144 4507 3238 4562 sed
3284 4521 3391 4561 una
3429 4506 3735 4576 eademque
3766 4505 3818 4559 in

2221 4595 2522 4651 rationibus
2571 4598 2839 4663 aeternis,
2888 4598 3052 4653 veluti
3103 4600 3156 4653 in
3202 4597 3523 4668 quibusdam
3580 4598 3818 4652 tenebris

2221 4689 2620 4745 secretissimae
2655 4690 2977 4761 sapientiae,
2999 4691 3145 4745 omni
3169 4690 3441 4745 intellectu
3465 4698 3733 4754 remotae,
3759 4696 3813 4742 et

2221 4781 2277 4837 in
2317 4782 2755 4852 processionibus
2801 4783 3030 4839 rationis
3076 4784 3130 4839 in
3181 4784 3404 4838 effectus
3449 4781 3813 4837 intellectibns

2220 4875 2600 4941 succumbens,
2632 4875 2796 4929 veluti
2832 4876 2885 4929 in
2918 4876 3151 4943 quadam
3176 4876 3262 4930 die
3286 4872 3562 4945 perfectae
3589 4874 3814 4929 notitiae

2220 4966 2565 5027 manifestata
2597 4966 2675 5037 (τι)
2709 4984 2755 5019 ι.
2783 4966 2892 5037 (Ill,
2925 4965 3044 5037 25.)

2941 5078 2969 5150 ς
2998 5076 3087 5134 59.

2295 5167 2475 5214 Νβηηβ
2504 5168 2737 5220 alienum
2768 5168 2982 5216 videtur
3029 5170 3071 5212 ei
3103 5170 3207 5212 iam
3240 5184 3413 5216 mmo-
3444 5186 3552 5222 nun
3576 5169 3808 5235 facilius,
