4056 6276
258 388 329 445 ω
1107 383 1200 442 DE
1239 383 1397 440 VITA
1438 380 1528 438 ET
1563 379 1843 439 PRAECEP

1942 379 1969 436 5
2002 376 2053 435 εἰ.
2097 378 2314 437 SCO’I‘I.
2354 411 2423 421 —
2456 379 2640 438 PARS
2670 379 2736 437 II.
3403 412 3413 421 ~
3460 385 3532 440 70

986 498 1015 572 ς
1050 498 1137 555 ιο.

333 616 521 687 [utque
547 621 736 670 nostro
758 612 975 668 tandem
997 610 1121 682 jure
1147 610 1250 666 hoc
1275 607 1431 665 nobis
1455 620 1672 664 sumere
1697 605 1865 665 vides

254 725 407 773 mur,
438 708 690 764 docuisse
719 706 1005 775 Erigenam
1034 719 1097 759 re
1122 711 1179 759 et
1207 702 1355 758 facto
1386 700 1505 768 illa,
1536 699 1732 769 quibus
1760 713 1847 753 su-

256 813 361 869 pra
394 798 450 871 (ᾗ
480 798 573 870 22)
602 807 771 851 totam
800 795 917 864 ejus
957 794 1352 865 philosophiam
1397 791 1665 848 contineri
1708 789 1845 845 dixi-

259 905 403 953 mus,
444 888 872 946 substantialiter
912 902 979 942 ex
1021 884 1325 942 substantia
1371 883 1553 939 divina
1600 879 1842 946 ﬂuxisse,

259 995 516 1036 manasse
539 994 735 1035 causas
766 976 1142 1047 primordiales
1173 974 1414 1031 omnium
1443 987 1647 1037 rerum,
1680 984 1846 1042 quae-

253 1087 476 1143 cunque
502 1073 608 1127 hoc
636 1070 1004 1126 universitatis
1036 1083 1267 1139 corpore
1291 1064 1843 1136 comprehendantur,

254 1163 508 1234 exempla
549 1163 864 1235 principalia
908 1163 1115 1232 hasque
1155 1161 1350 1216 deinde
1386 1172 1584 1214 causas
1615 1158 1846 1228 primor-

257 1256 431 1313 diales
458 1258 515 1312 in
535 1273 726 1313 earum
750 1255 994 1319 ell'ectus,
1026 1256 1168 1310 hanc
1204 1253 1377 1323 ipsam
1420 1267 1600 1307 rerum
1628 1250 1847 1306 univer-

254 1351 509 1415 sitatem,
540 1349 895 1420 proﬂuxisse,
936 1360 1321 1418 promanasse,
1351 1345 1427 1400 ita
1459 1352 1520 1399 ut
1566 1358 1741 1412 neque
1776 1342 1845 1398 de

254 1442 477 1511 propria
502 1456 601 1496 sua
629 1440 774 1502 sede,
797 1454 963 1509 quam
984 1452 1156 1507 usque
1178 1436 1252 1491 ab
1275 1434 1422 1491 omni
1448 1434 1768 1489 aeternitate
1789 1432 1844 1486 in

253 1535 379 1605 ipso
406 1536 519 1591 Deo
545 1533 770 1603 ejusque
794 1533 1080 1604 splendore
1100 1530 1322 1587 coelesti
1351 1529 1707 1594 obtinuerint,
1737 1528 1848 1584 sint

256 1627 521 1691 deiectae,
546 1635 603 1681 et
628 1625 744 1682 sola
772 1626 1013 1694 ipsarum
1041 1622 1458 1694 participatione
1501 1618 1844 1675 substantiali

255 1716 332 1771 sit
348 1718 409 1771 id
432 1718 630 1785 ipsum,
658 1715 802 1786 quod
828 1716 881 1769 in
910 1715 1011 1770 hac
1034 1727 1215 1769 rerum
1248 1709 1601 1767 universitate
1628 1696 1846 1781 proprie

252 1820 382 1862 esse
405 1806 640 1871 dicatur,
669 1805 908 1861 omnium
933 1818 1114 1859 rerum
1138 1801 1464 1858 substantia.

967 1912 996 1985 ς
1036 1912 1129 1967 ιι.

323 2029 515 2085 Potuit
565 2029 748 2099 igitur,
800 2029 907 2083 imo
951 2044 1082 2082 vero
1123 2028 1289 2084 etiam
1319 2027 1503 2083 debuit
1542 2023 1759 2091 Scottis,
1797 2024 1843 2081 si

250 2121 420 2187 haec,
448 2137 611 2192 quam
638 2122 825 2190 paucis
848 2120 1259 2190 explicavimus,
1290 2134 1418 2174 vera
1448 2116 1564 2187 ejus
1592 2117 1694 2171 fuit
1721 2132 1842 2171 scn-

247 2213 462 2277 tentia,
509 2222 568 2267 et
618 2227 743 2266 cum
796 2211 883 2276 iis,
937 2211 1029 2281 qui
1075 2209 1476 2280 pantheismum
1523 2216 1841 2278 sequuntur,

251 2319 419 2359 unam
444 2312 651 2360 tantum
673 2303 726 2356 in
744 2301 998 2357 omnibus
1021 2301 1183 2356 rebus
1202 2298 1558 2355 substantiam
1580 2306 1839 2361 statuere,

244 2411 485 2466 eamque
532 2380 793 2459 divinam,
839 2402 894 2450 et
940 2409 1050 2450 uno
1092 2378 1390 2464 eodemque
1433 2400 1675 2462 tempore
1717 2404 1842 2445 cum

245 2487 529 2542 communi
578 2486 885 2551 hominum,
942 2486 1034 2555 qui
1086 2492 1232 2539 recte
1282 2483 1557 2548 sentiunt,
1590 2481 1843 2551 loquendi

248 2594 356 2633 usu
385 2579 555 2634 Deum
590 2590 906 2648 agnoscere,
935 2575 1090 2644 cujus
1115 2575 1271 2631 sedes
1309 2575 1466 2646 quasi
1510 2589 1575 2629 ac
1615 2572 1843 2628 domici-

248 2670 386 2727 lium
434 2671 508 2726 sit
555 2685 718 2741 supra
770 2683 987 2725 omnem
1037 2681 1219 2723 rerum
1264 2675 1548 2729 naturam,
1581 2665 1670 2733 qui
1702 2664 1845 2720 hanc

247 2769 423 2815 totam
455 2776 636 2815 rerum
667 2767 918 2813 naturam
944 2756 1231 2821 creaverit,
1255 2770 1459 2824 suaque
1484 2755 1716 2810 essentia
1738 2794 1753 2820 ,
1783 2762 1846 2810 ut

248 2850 331 2905 ita
361 2850 631 2914 dicamus,
666 2848 1083 2917 superemineat.
1113 2846 1270 2901 Modo
1318 2862 1387 2900 ne
1430 2844 1534 2899 hoc
1571 2845 1844 2915 expressis

251 2942 441 2999 verbis
478 2942 804 3007 contendat,
849 2940 1208 2996 substantiam
1256 2937 1493 2993 divinam
1542 2937 1610 2991 ab
1651 2951 1843 2991 earum

248 3053 460 3102 rerum,
489 3052 632 3108 quae
655 3053 687 3092 a
720 3037 830 3093 Deo
854 3046 1073 3093 creatae
1099 3034 1373 3099 dicantur,
1413 3032 1715 3088 substantia
1743 3046 1840 3102 pe-

247 3128 396 3184 nitus
422 3144 548 3185 esse
572 3129 864 3185 diversam.

966 3222 995 3297 5
1042 3221 1133 3279 ιε.

324 3334 532 3395 Verum
572 3336 849 3391 enimvero
881 3343 1089 3391 tantum
1131 3335 1322 3400 abest,
1356 3343 1442 3398 ut,
1481 3334 1626 3405 quod
1655 3332 1843 3389 ultimo

253 3427 373 3484 loco
398 3426 708 3499 posuimus,
742 3427 889 3482 ullibi
934 3426 987 3481 in
1033 3426 1185 3483 libris
1210 3427 1277 3481 de
1317 3425 1583 3481 divisione
1608 3422 1844 3480 Naturae

245 3517 622 3583 contenderit,
649 3526 708 3571 ut
734 3517 932 3586 ubique
958 3515 1073 3571 fere
1102 3531 1199 3587 per
1224 3514 1344 3571 illos
1371 3515 1560 3579 libros,
1584 3513 1668 3568 vel
1696 3513 1843 3568 aliud

246 3608 462 3680 agendo
499 3606 602 3677 (α),
646 3605 728 3662 vel
763 3607 886 3661 data
934 3621 1099 3675 opera
1142 3621 1225 3666 ea,
1275 3620 1416 3676 quae
1456 3605 1618 3660 modo
1654 3604 1843 3674 paucis

245 3703 646 3773 comprehensa
696 3701 1094 3771 proposuimus,
1139 3700 1417 3763 docuerit,
1467 3714 1531 3754 ac
1562 3707 1845 3769 praeterea

243 3793 414 3850 etiam
445 3792 694 3862 pluribus
727 3791 860 3847 locis
891 3792 1035 3863 (sup.
1070 3791 1099 3864 ς
1137 3791 1236 3856 38,
1271 3791 1311 3845 l.
1356 3791 1445 3861 IV)
1480 3800 1672 3847 contra
1702 3789 1839 3855 illos,

242 3886 342 3957 qni
372 3885 587 3939 diversa
617 3883 871 3948 sentiant,
901 3884 1166 3938 acerrime
1195 3883 1516 3939 defenderit.

326 3975 423 4028 llla
448 3989 595 4033 vero.
628 3989 770 4045 quae
799 3973 932 4029 item
958 3973 1026 4029 ab
1049 3973 1282 4044 Erigena
1312 3972 1493 4028 doceri
1522 3979 1576 4026 et
1602 3987 1760 4043 posse
1787 3980 1845 4029 et

252 4064 463 4121 debere
495 4062 1055 4129 animadvertimus,'c
1088 4078 1209 4119 esse
1246 4062 1338 4119 Dei
1369 4063 1550 4118 sedem
1592 4061 1748 4133 quasi
1778 4078 1845 4119 ac

247 4152 590 4210 domicilium
616 4169 779 4223 supra
807 4169 1024 4210 omnem
1054 4169 1235 4209 rerum
1261 4163 1509 4209 naturam
1543 4173 1561 4205 ι
1583 4184 1654 4193 -
1672 4172 1691 4205 ι
1723 4169 1844 4211 esse

245 4242 425 4301 Deum
468 4243 634 4298 totius
683 4258 868 4299 rerum
910 4253 1138 4298 naturae
1172 4258 1392 4298 causam
1436 4262 1455 4295 ι
1500 4273 1571 4283 --
1603 4262 1621 4294 ι
1655 4258 1843 4312 supcr-

240 4335 479 4392 emineri
512 4337 651 4392 hanc
681 4352 863 4392 rerum
899 4335 1305 4391 universitatem
1332 4336 1600 4392 essentiae
1630 4335 1844 4392 divinae

246 4427 583 4497 praestantia
616 4446 635 4478 ι
672 4439 688 4479 :
718 4426 854 4482 haec
879 4426 1066 4497 igitur,
1093 4434 1149 4481 et
1177 4426 1261 4481 his
1286 4425 1482 4481 similia
1518 4426 1571 4481 in
1601 4426 1754 4482 libris
1778 4427 1844 4482 de

243 4517 518 4575 divisione
549 4517 785 4573 Naturae
829 4519 1075 4589 pluribus
1106 4518 1237 4573 locis
1269 4518 1588 4589 reperimus.
1620 4518 1844 4590 Legitur

1872 497 1923 559 Α
1950 493 2201 550 accidens
2231 502 2315 549 est
2356 512 2369 547 :
2423 514 2442 546 ι
2485 503 2542 550 ει
2569 509 2759 550 rursus
2797 493 2881 565 (ll,
2917 495 2970 569 I)
3005 513 3018 550 :
3055 514 3076 549 ι
3109 493 3226 552 Νοιι
3264 505 3351 554 εει
3386 497 3532 557 Deus

1948 600 2119 654 genus
2164 593 2468 653 creaturae,
2517 600 2619 641 nec
2664 594 2913 641 creatura
2953 586 3160 656 species
3206 585 3335 655 Dei,
3389 588 3534 645 sicut

1947 686 2197 732 creatura
2244 694 2350 734 non
2404 687 2490 733 est
2528 694 2698 751 genus
2744 679 2870 746 Dei,
2916 693 3088 749 neque
3134 680 3278 736 Deus
3322 681 3533 751 species

1946 776 2229 824 creaturae
2256 776 2358 825 est.
2376 768 2600 826 —-Deus
2629 784 2733 825 non
2755 779 2838 825 est
2861 778 3030 826 totum
3048 779 3327 828 creaturae
3354 786 3532 844 neque

1946 869 2196 915 creatura
2222 875 2349 931 pars
2389 860 2519 928 Dei;
2558 877 2657 917 nec
2680 870 2934 918 creatura
2968 872 3053 918 est
3079 871 3251 919 totum
3286 864 3531 930 Dei,‘ne-

1946 966 2051 1022 que
2078 951 2220 1009 Deus
2245 968 2372 1024 pars
2387 963 2686 1010 creaturae.
2706 986 2777 995 —-
2790 955 3153 1027 Metaphorice
3173 957 3314 1013 Deus
3336 958 3532 1014 dicitur

1944 1054 2001 1100 et
2025 1060 2216 1115 genus,
2258 1054 2315 1103 et
2354 1056 2545 1112 totum,
2570 1056 2626 1102 et
2650 1047 2858 1115 species
2890 1056 2945 1104 et
2980 1063 3146 1119 pars;
3175 1063 3335 1105 omne
3361 1042 3541 1113 enim,

1944 1138 2088 1208 quod
2134 1138 2189 1192 in
2233 1139 2350 1209 ipso
2390 1147 2446 1195 et
2488 1155 2554 1195 ex
2607 1140 2724 1209 ipso
2774 1148 2888 1205 est,
2920 1140 3315 1197 rationabiliter
3357 1140 3423 1197 de
3463 1155 3532 1196 eo

1942 1229 2242 1299 praedicari
2263 1238 2459 1299 potest,
2475 1231 2568 1286 sed
2584 1230 2900 1300 intelligibili
2915 1232 3147 1302 quadam
3163 1233 3534 1290 universitatis

1943 1319 2398 1390 contemplatione
2430 1339 2443 1375 :
2472 1321 2880 1377 universitatem
2910 1322 3030 1378 dico
3076 1323 3247 1379 Deum
3283 1332 3341 1379 et
3366 1321 3534 1380 Crea-

1946 1418 2121 1464 turam
2157 1429 2176 1462 ι
2216 1426 2230 1463 :
2269 1420 2542 1481 postremo
2580 1413 2744 1467 etiam
2789 1414 2891 1468 hoc
2920 1412 3029 1482 (Ill,
3058 1414 3110 1485 Ι)
3138 1430 3153 1469 :
3186 1432 3208 1466 ι
3237 1413 3411 1470 Causa
3446 1424 3532 1471 to-

1945 1500 2052 1557 tius
2074 1502 2442 1557 unlversitatis
2467 1504 2721 1558 conditae
2745 1506 2981 1559 creatrix
3002 1513 3089 1560 est
3104 1505 3534 1578 supernaturalis

1943 1600 2000 1646 et
2028 1592 2495 1662 superessentialis
2524 1602 2581 1648 et
2604 1608 2766 1664 supra
2790 1589 3007 1649 omnem
3048 1596 3213 1649 vitam
3239 1603 3295 1650 et
3319 1595 3533 1666 sapien-

1948 1683 2077 1739 tiam
2100 1693 2155 1739 et
2180 1685 2455 1751 virtutem,
2474 1694 2532 1740 et
2552 1700 2714 1757 supra
2738 1688 2918 1741 omnia
2938 1701 3078 1756 quae
3095 1687 3350 1743 dicuntur
3369 1695 3428 1742 et
3451 1687 3534 1742 in-

1945 1776 2258 1847 telliguntur
2285 1785 2340 1832 et
2371 1777 2517 1832 omni
2548 1793 2710 1833 sensu
2743 1778 3134 1849 percipiuntur,
3166 1779 3294 1834 dum
3322 1787 3409 1835 est
3436 1779 3534 1834 ho-

1871 1857 1918 1916 Β
1949 1884 2066 1922 rum
2091 1870 2331 1923 omnium
2360 1870 2684 1941 principium
2714 1885 2910 1927 causae
2945 1881 3001 1926 et
3041 1872 3275 1927 medium
3305 1872 3535 1943 impleas

1944 1960 2253 2026 essentiale,
2282 1970 2337 2014 et
2361 1959 2484 2016 linis
2514 1975 2975 2017 consummans—
2994 1969 3049 2016 et
3068 1961 3304 2018 ambitus
3326 1961 3532 2027 omnia,

1947 2065 2087 2122 quae
2114 2060 2261 2110 sunt.
2286 2059 2343 2106 et
2368 2066 2505 2121 quae
2528 2065 2635 2106 non
2660 2058 2804 2117 sunt,
2833 2050 3287 2107 circumscribens
3318 2070 3363 2104 ι.

2663 2183 2824 2256 545.

2018 2295 2162 2353 Haec
2187 2297 2351 2368 igitur
2377 2305 2434 2352 et
2462 2296 2547 2352 his
2568 2296 2789 2360 similia,
2816 2304 2887 2352 ut
2916 2309 3140 2352 necesse
3161 2303 3266 2361 εει,
3298 2296 3354 2350 in
3380 2295 3535 2353 libris

1945 2386 2015 2443 de
2060 2387 2323 2444 divisione
2366 2386 2603 2443 Naturae
2643 2387 2914 2458 leguntur.
2957 2388 3029 2443 At
3071 2401 3203 2445 sane
3230 2387 3536 2442 mirandum

1944 2488 2048 2545 est,
2077 2482 2168 2549 qui
2192 2482 2392 2535 factum
2418 2481 2512 2549 sit,
2537 2488 2598 2535 ut
2624 2479 2853 2546 Scotus,
2877 2494 3044 2552 quum
3073 2480 3210 2536 haec
3243 2479 3357 2535 sola
3384 2495 3537 2536 com-

1946 2586 2165 2627 munem
2195 2572 2472 2627 hominum
2499 2572 2750 2642 loquendi
2779 2587 2936 2627 usum
2982 2569 3188 2626 referre
3220 2572 3530 2637 videantur,

1946 2664 2082 2719 haec
2111 2673 2287 2719 tamen
2319 2664 2432 2733 ipsa
2457 2664 2616 2735 longo
2654 2663 3003 2735 paucioribus
3028 2661 3184 2729 locis,
3215 2677 3379 2733 quam
3406 2678 3535 2719 ere--

1945 2754 2125 2820 deres,
2155 2755 2438 2825 scripsisse
2465 2755 2915 2826 deprehendatur.

2016 2849 2149 2915 Quis
2173 2857 2355 2904 autem
2398 2858 2501 2914 est,
2529 2850 2658 2919 quin
2691 2849 2896 2912 videat,
2951 2865 3057 2905 non
3105 2864 3227 2906 esse
3257 2850 3399 2904 inter
3434 2849 3535 2904 hos

1944 2936 2115 3001 locos,
2144 2937 2340 3005 quibus
2386 2937 2761 3008 pantlteismus
2805 2937 3179 3008 Erigenianus,
3214 2953 3374 3007 quem
3414 2938 3535 3008 qui-

1945 3028 2066 3084 dem
2095 3045 2255 3099 supra
2283 3028 2707 3099 explieavintus,
2736 3029 2844 3085 ullo
2868 3039 3028 3100 pacto
3058 3029 3436 3105 labefactetur,
3466 3042 3537 3084 ιιε

1945 3124 2190 3179 dicamus
2221 3121 2552 3192 disjiciatur?
2579 3120 2716 3177 Sunt
2759 3131 2946 3177 contra
2978 3122 3030 3176 in
3060 3137 3248 3177 eorum
3282 3134 3531 3189 numero,

1870 3236 1916 3299 ρ
1946 3219 2038 3289 qui
2070 3218 2229 3289 plane
2250 3232 2317 3272 ac
2343 3217 2543 3272 diserte
2573 3215 2972 3286 pantheismum
2996 3214 3260 3270 doceant!

2016 3310 2165 3378 Quae
2187 3324 2352 3380 quum
2375 3309 2447 3363 ita
2472 3308 2602 3374 sint,
2625 3307 2726 3364 ltoc
2749 3305 2992 3378 profecto
3013 3316 3161 3362 stare
3181 3307 3530 3371 arbitramur,

1944 3400 2076 3454 nihil
2110 3400 2326 3453 omnino
2353 3415 2419 3453 ex
2442 3397 2587 3453 libris
2615 3398 2679 3452 de
2706 3397 2959 3453 divisione
2989 3395 3231 3452 Naturae
3261 3414 3410 3469 posse
3432 3413 3536 3452 an-

1942 3489 2118 3561 quiri,
2152 3488 2291 3559 quod
2323 3487 2387 3541 ab
2422 3486 2517 3543 illo
2559 3488 2914 3558 pauthcismo,
2967 3501 3119 3556 quem
3161 3487 3537 3554 emanativuut,

1940 3580 2081 3649 quod
2131 3587 2337 3643 vocant,
2380 3587 2605 3648 systema
2647 3576 2914 3648 eaprmtit,
2962 3593 3100 3647 ipsos
3134 3576 3345 3632 liberari
3385 3592 3538 3649 posse

1942 3668 2191 3724 declaret.
3192 3669 3195 3673 ’

2678 3761 2705 3835 §
2733 3762 2822 3817 ιι.

2013 3873 2375 3930 Nihilominus
2404 3872 2758 3929 Schlucterns
2783 3875 2859 3943 (p.
2893 3871 3008 3927 XIV
3053 3890 3184 3946 seqq
3214 3875 3233 3945 )
3266 3872 3544 3933 invenisse

1941 3966 2047 4021 sibi
2078 3967 2314 4031 videtur,
2364 3980 2505 4035 quae
2535 3963 2744 4019 illorum
2782 3963 3043 4019 librorum
3076 3966 3375 4021 doctrinam
3402 3981 3536 4037 pan-

1944 4059 2172 4115 theismo
2194 4058 2352 4128 plane
2378 4055 2678 4112 absolvant.
2709 4054 2920 4127 Pttgnat
2947 4064 3125 4112 autem
3165 4058 3254 4111 illo
3293 4064 3410 4114 loco
3433 4060 3533 4115 ad-

1944 4165 2135 4206 versus
2180 4148 2551 4211 Goerresium,
2603 4146 2690 4203 cui
2740 4147 2879 4201 hane
2927 4147 3116 4202 tribuit
3162 4149 3531 4206 sententiam:

1947 4260 1966 4291 ι
1996 4241 2215 4296 Scotum
2253 4238 2613 4311 Areopagitae
2656 4237 2807 4295 ideas
2834 4253 2899 4293 ac
2926 4238 3172 4295 notiones
3201 4242 3532 4299 evolventem

1943 4332 2263 4388 necessitate
2291 4332 2524 4403 quadam
2566 4340 2722 4387 vetus
2752 4330 3076 4401 pantlieismi
3128 4333 3425 4404 periculum
3454 4336 3535 4390 in-

1942 4424 2195 4488 currisse,
2227 4423 2320 4494 qui
2351 4421 2405 4477 in
2431 4422 2652 4493 scriptis
2697 4422 3057 4495 Areopagitae
3080 4462 3095 4476 .
3124 4463 3138 4478 .
3164 4463 3179 4478 .
3220 4422 3530 4482 latuerit....

1942 4514 2202 4572 Naturam
2226 4525 2468 4572 creatam
2495 4525 2773 4571 creantem
2801 4530 2923 4571 esse
2957 4514 3120 4591 λόγον,
3149 4515 3387 4572 medium
3429 4519 3535 4573 sci-

244 4613 396 4666 enim
436 4611 656 4680 saepius
681 4610 745 4682 (l,
778 4610 832 4665 5.
865 4610 898 4664 7
938 4609 1071 4682 cet.)
1102 4627 1118 4666 :
1152 4628 1171 4661 ι
1218 4609 1337 4681 Ipse
1372 4608 1515 4666 Deus
1543 4610 1595 4664 in
1626 4626 1685 4664 se
1724 4609 1841 4679 ipso
1871 4597 1921 4656 Ι)
1947 4607 2075 4663 licet
2098 4609 2236 4663 inter
2273 4622 2382 4662 non
2404 4616 2646 4663 creatam
2670 4615 2944 4661 creantem
2968 4606 3182 4678 (Deum)
3213 4616 3267 4662 et
3294 4618 3533 4665 creatam

246 4701 391 4756 ultra
419 4716 638 4757 onmem
667 4710 973 4756 creaturam
996 4700 1143 4756 nullo
1177 4700 1451 4755 intellectu
1482 4702 1838 4770 comprehen-

246 4792 399 4847 ditur
447 4812 468 4844 ι
503 4808 518 4845 :
564 4791 691 4846 item
724 4790 859 4859 (IV,
889 4789 952 4861 l)
984 4808 997 4844 :
1025 4809 1048 4843 ι
1084 4792 1227 4846 Deus
1271 4799 1357 4846 εει
1398 4806 1560 4846 causa
1607 4790 1842 4846 creatrix

245 4881 601 4937 existentium
648 4890 705 4937 et
746 4897 855 4937 non
900 4882 1244 4937 existentium
1285 4883 1527 4936 omnium
1556 4902 1573 4934 ι
1611 4901 1623 4936 :
1660 4894 1717 4938 et
1744 4883 1845 4937 hoc

245 4973 315 5041 (l,
348 4973 438 5043 l7)
466 4987 527 5025 ει
561 4972 967 5045 Categoriarum
999 4972 1443 5045 signiﬁcationes,
1466 4989 1605 5043 quae
1631 4974 1847 5044 proprie

249 5061 305 5118 in
351 5063 521 5118 rebus
563 5062 798 5118 conditis
832 5062 1245 5135 dignoscuntur,
1284 5062 1349 5118 de
1392 5077 1557 5118 eausa
1602 5064 1843 5118 omnium

252 5172 360 5212 non
389 5156 626 5212 absurde
668 5165 895 5226 possunt
940 5155 1204 5227 proferri;
1255 5171 1354 5211 nec
1399 5164 1577 5210 tamen
1604 5155 1842 5226 proprie,

249 5249 346 5305 sed
396 5248 757 5305 translative:
799 5263 925 5304 nam
969 5248 1017 5303 si
1066 5248 1246 5317 aliqua
1295 5247 1568 5318 categoria
1615 5250 1682 5302 de
1730 5246 1843 5304 Deo

249 5341 471 5410 proprie
508 5341 932 5411 praedicaretur,
971 5341 1281 5397 necessario
1310 5339 1478 5395 Deum
1509 5355 1678 5411 genus
1722 5354 1842 5397 esse

249 5441 605 5503 sequeretur;
640 5433 782 5489 Deus
827 5441 1008 5489 autem
1051 5447 1152 5489 nec
1176 5447 1349 5504 genus
1376 5447 1478 5487 nec
1505 5432 1713 5503 species
1743 5448 1841 5490 nec

322 5548 403 5616 (α)
434 5546 787 5616 Saepissime,
823 5553 881 5600 ut
920 5546 1027 5600 alia
1066 5554 1374 5607 taceamus,
1404 5543 1598 5612 legitur
1632 5563 1648 5594 ι
1688 5560 1844 5616 mun-

250 5617 354 5671 dus
386 5614 474 5671 es:
505 5614 571 5671 ei:
624 5615 729 5671 Deo
771 5638 789 5668 ι
824 5624 877 5671 ει
905 5631 1043 5685 quae
1071 5627 1197 5669 sunt
1222 5615 1436 5684 generis
1461 5616 1726 5683 ejusdem.
1755 5614 1839 5670 Cf.

251 5703 374 5750 sup.
406 5687 434 5750 ᾗ
472 5687 570 5750 lt);
601 5688 666 5740 de
693 5687 799 5740 div.
832 5684 952 5740 Nat.
984 5686 1046 5749 ll,
1074 5686 1234 5741 lii-20
1260 5696 1315 5741 et
1342 5695 1453 5739 toto
1476 5686 1589 5740 fere
1609 5684 1767 5745 libro.

319 5703 374 5755 p.
472 5703 570 5750 tu;
601 5703 666 5740 ue
693 5703 799 5740 mv.
832 5703 952 5740 nat.
986 5703 1046 5749 ιι,
1074 5703 1234 5741 w-zo
1260 5703 1315 5741 et
1342 5703 1453 5739 ιοιο
1476 5703 1589 5740 tere
1610 5703 1767 5745 noro.

325 5703 499 5824 (MsEx
521 5757 794 5813 Goerresii
817 5758 1087 5813 sententia
1109 5755 1458 5811 Sclilueterus
1482 5756 1581 5810 hoc
1602 5756 1843 5810 scribere

251 5826 440 5883 debuit
480 5847 493 5882 :
531 5845 551 5880 ι
593 5827 856 5884 Naturam
905 5836 1145 5884 creatam
1198 5836 1475 5901 creantem
1522 5825 1665 5899 λόγον
1721 5841 1843 5882 esse

1944 4716 2051 4755 non
2100 4707 2372 4755 creantem
2426 4696 2787 4772 (Creaturam)
2836 4698 3092 4768 positum.
3141 4698 3326 4769 Itaque
3362 4699 3535 4756 Deum

1946 4791 2147 4845 trinum
2177 4804 2297 4845 sese
2327 4788 2498 4844 Scoto
2517 4802 2639 4843 cum
2658 4796 2914 4842 creatura
2937 4788 3312 4845 miscuisse....
3338 4788 3536 4863 Creati-

1950 4893 2057 4939 tem
2096 4892 2276 4938 autem
2312 4882 2492 4937 creari
2524 4892 2774 4936 naturam
2822 4880 2943 4936 ideo
2967 4882 3036 4936 ab
3063 4882 3295 4953 Erigena
3324 4883 3531 4951 doceri,

1949 4975 2078 5047 quia
2099 4974 2243 5030 Deus
2270 4972 2744 5043 superessentialis
2771 4982 2827 5027 et
2865 4973 3381 5044 superqualitativus
3401 4970 3533 5032 dum
3592 5026 3605 5039 ,

1948 5083 2016 5124 ex
2063 5065 2380 5121 aonomasia
2424 5064 2479 5120 in
2518 5065 2988 5135 pantonomasiam
3028 5080 3127 5135 per
3175 5067 3531 5136 theophanias

1945 5160 2098 5231 quasi
2145 5160 2423 5230 procedat,
2463 5173 2559 5229 per
2602 5158 2742 5214 hanc
2787 5159 3192 5229 processionem
3241 5160 3530 5231 (quatenus

1943 5267 2042 5323 per
2072 5250 2251 5307 ideas.
2273 5290 2286 5304 .
2309 5289 2324 5304 .
2353 5264 2474 5305 sese
2513 5248 2769 5322 explicet)
2809 5249 3209 5322 quodammodo
3249 5248 3429 5304 omnia
3472 5244 3527 5303 in

1942 5346 2194 5402 omnibus
2228 5344 2324 5399 iiat
2348 5344 2422 5417 (b)
2453 5363 2498 5399 ι.

2012 5438 2354 5511 Adjiciuntur
2379 5438 2465 5494 bis
2498 5438 2631 5510 ipsis
2656 5437 2914 5494 nonnulla
2940 5452 3008 5493 ex
3033 5435 3320 5493 Goerresio
3348 5436 3415 5491 de
3440 5450 3526 5491 re»

1941 5550 2066 5606 ideo
2118 5550 2186 5605 ab
2241 5549 2491 5617 Erigena
2525 5549 2730 5613 doceri,
2787 5550 2930 5619 quod
2982 5549 3209 5618 Erigena
3257 5548 3522 5614 docuerit,

1944 5621 2112 5676 Deum
2144 5636 2209 5675 ex
2264 5621 2576 5676 aonomasia
2614 5621 2668 5674 in
2717 5621 3186 5690 pantonomasiam
3237 5634 3336 5690 per
3371 5620 3528 5674 theo-

1940 5694 2171 5818 phanias
2215 5693 2530 5773 procedere,
2581 5705 2683 5745 nec
2713 5704 2843 5771 _non
2889 5690 2994 5744 diei
3024 5704 3202 5757 posse,
3234 5690 3404 5747 Deam
3430 5703 3529 5760 per

1984 5778 2081 5817 anc
2109 5776 2507 5818 nrocessnonem
2538 5769 2886 5818 semetipsum
2912 5773 3099 5816 creare
3122 5780 3167 5815 ι.

1984 5778 2081 5817 anc
2108 5769 2507 5834 processionem
2538 5769 2886 5831 semetipsum
2912 5773 3099 5816 creare
3122 5780 3167 5815 ι.
