4056 6276
501 321 567 379 τί
1640 311 1728 366 DE
1764 310 1814 367 ι.
1859 307 2078 369 SCOTO

2193 308 2636 369 instauratio.
3278 272 3293 277 h
3690 316 3769 370 γε

500 438 616 493 ditu
646 436 886 493 omnium
907 448 1096 489 rerum
1137 434 1191 488 in
1227 432 1395 488 Deum
1422 449 1436 499 ;
1470 446 1612 503 quae
1640 429 1882 500 quidem,
1917 443 2084 499 quum
2118 435 2160 493 Α
2191 441 2305 482 rem
2329 436 2388 482 ut
2410 428 2619 499 probet,
2647 426 2830 483 laudat
2869 426 3217 485 Scblueterus
3235 428 3303 485 de
3331 429 3439 485 div.
3464 428 3586 485 Nat.
3616 427 3703 494 IV,
3730 431 3770 485 5

502 526 603 581 hoc
630 525 748 581 loco
773 524 968 580 nullius
989 522 1100 579 sint
1127 523 1407 588 momenti,
1449 519 1934 594 praetermittenda
1964 533 2087 574 esse

499 615 950 672 existimavimus.

570 706 774 762 Deinde
804 705 1160 762 Scblueterus
1193 714 1361 760 totam
1396 705 1537 760 hanc
1564 702 1837 760 Goerresii
1866 717 2088 757 accusa—

498 798 700 855 tionem
760 798 847 853 his
886 797 1070 853 verbis
1103 797 1516 868 comprebendit
1546 797 1622 869 (p.
1658 795 1801 866 XVl)
1830 814 1842 850 :
1896 814 1914 847 ι
1948 795 2089 866 (Eri-

498 889 659 962 gena)
690 889 1092 961 pantlteismum
1126 889 1437 961 proﬁtetur,
1487 904 1651 959 quum
1699 889 1865 962 λόγον,
1917 886 2087 941 Deum

493 978 720 1043 Filium,
748 986 1091 1034 emanantem
1131 992 1161 1033 a
1198 978 1384 1045 Patre,
1417 988 1726 1035 creaturam
1754 976 1935 1032 Patris
1970 991 2090 1032 esse

500 1067 729 1125 allirmet
752 1088 799 1124 ι.

1231 1139 1258 1211 §
1287 1140 1376 1195 45.

570 1251 684 1308 lioc
741 1259 925 1307 autem
980 1262 1140 1324 pacto
1194 1254 1522 1322 depravatus
1578 1262 1742 1324 atque
1812 1251 2091 1308 mutilatus

499 1341 821 1398 Gocrresius
834 1341 980 1398 facili
996 1343 1111 1413 jam
1132 1342 1317 1397 labore
1338 1341 1666 1398 devincitur.
1688 1343 1885 1397 Verum
1905 1343 1948 1398 si
1970 1344 2091 1411 quis

497 1431 643 1488 scire
669 1432 873 1503 cupiat,
904 1432 1100 1503 quibus
1134 1433 1475 1502 potissimum
1506 1432 1841 1502 argumentis
1887 1433 2092 1504 petitus

500 1520 589 1589 sit,
618 1523 735 1580 fere
762 1525 898 1579 haec
917 1531 1041 1579 sunt
1069 1539 1082 1576 :

568 1616 657 1671 1.(
683 1615 1022 1687 Quamquam
1055 1636 1101 1682 ι,
1151 1626 1209 1672 ιιι
1255 1616 1610 1672 Scblueterus
1659 1617 1736 1688 (p.
1780 1615 1966 1689 XVIII)
1992 1617 2088 1685 ait,

505 1725 524 1759 ι
559 1707 835 1764 nonnullis
879 1707 1014 1763 locis
1062 1706 1264 1763 Natura
1307 1717 1492 1764 creata
1542 1724 1740 1765 creans
1789 1724 1912 1764 cum
1942 1709 2089 1782 Logo

2189 519 2289 574 sub
2319 517 2434 583 ﬁn.,
2461 518 2551 573 ubi
2582 519 2717 574 haec
2758 519 3009 589 leguntur
3036 537 3048 573 :
3077 540 3094 571 ι
3134 521 3275 575 Deus
3301 528 3357 574 et
3384 534 3546 591 supra
3584 523 3766 575 omnia

2188 618 2242 664 et
2271 610 2325 664 in
2352 611 2604 666 omnibus
2630 619 2733 678 est,
2790 612 2904 682 ipse
2955 613 3227 683 siquidem
3252 614 3492 669 essentia
3521 614 3768 669 omnium

2188 706 2293 763 est,
2329 698 2423 768 qui
2459 713 2587 754 vere
2615 699 2764 755 solus
2798 719 2818 751 υ
2854 699 3022 770 (solus
3052 701 3200 771 vere)
3230 709 3333 757 est.

2259 789 2345 845 Ill.
2378 789 2582 846 Monito
2625 799 2805 846 autem
2834 793 2912 863 (p.
2940 792 3084 864 XX),
3113 808 3181 849 ne
3219 794 3346 864 quis
3381 794 3772 866 Erigeniannm

2191 880 2336 935 illum
2359 880 2593 937 Naturae
2628 883 3035 952 quateruarium
3084 899 3209 940 cum
3262 883 3322 940 S.
3375 885 3651 942 Ternario
3675 889 3773 942 do-

2189 973 2387 1042 gmatis
2407 972 2516 1029 ullo
2560 975 2722 1029 modo
2750 990 2914 1029 unum
2932 990 3060 1032 esse
3087 984 3260 1046 putet,
3285 976 3481 1034 Scelus
3502 978 3576 1050 (p.
3604 978 3774 1053 XXII)

2189 1065 2337 1120 omni
2389 1065 2549 1135 culpa
2603 1065 2925 1133 absolvitur,
2980 1078 3267 1139 propterea
3311 1069 3453 1140 quod
3480 1088 3498 1121 ι
3536 1070 3583 1125 si
3639 1085 3779 1140 pan-

2191 1156 2479 1210 theismum
2529 1155 2696 1211 fuerit
2750 1165 2989 1213 sectatus
3014 1198 3033 1225 ,
3086 1158 3282 1214 docere
3333 1174 3439 1215 non
3484 1160 3773 1232 potuisset,

2189 1260 2329 1315 quae
2349 1246 2593 1301 docuerit
2620 1264 2634 1301 :
2658 1246 2710 1314 a)
2755 1245 2921 1303 Deum
2955 1262 3081 1304 esse
3103 1250 3572 1320 supernaturalem
3600 1259 3659 1307 et
3679 1265 3776 1306 su-

2190 1336 2633 1406 peresseutialem
2670 1345 2727 1392 et
2777 1352 2939 1408 supra
2980 1337 3184 1405 omnia,
3235 1353 3375 1409 quae
3404 1338 3557 1395 omni
3608 1355 3780 1394 sensu

2190 1429 2585 1499 percipiantur,
2630 1429 2758 1484 dum
2809 1430 2883 1484 sit
2928 1430 3120 1485 borum
3164 1432 3407 1486 omnium
3448 1432 3779 1502 principium

2190 1520 2424 1583 causale,
2458 1528 2514 1575 et
2535 1521 2770 1576 medium
2799 1520 3031 1591 impleas
3075 1522 3389 1588 essentiale,
3415 1530 3472 1579 et
3496 1523 3620 1579 ﬁnis
3647 1539 3783 1580 con-

2188 1626 2467 1667 summans
2496 1640 2566 1653 --
2585 1620 2641 1665 et
2669 1611 2904 1668 ambitus
2946 1612 3426 1681 circumscribens,
3446 1643 3517 1654 -—
3543 1630 3723 1685 neque
3751 1635 3776 1667 ο

2194 1700 2636 1775 (Aristotelicam)
2665 1720 2685 1754 ι
2715 1703 3044 1774 categoriam
3074 1704 3345 1760 essentiae
3369 1745 3386 1771 ,
3414 1719 3590 1776 neque
3633 1716 3783 1762 cete-

499 1798 750 1866 confusa,
781 1798 864 1855 vel
886 1814 991 1854 non
1021 1800 1155 1856 satis
1179 1801 1249 1855 ab
1266 1815 1333 1855 eo
1358 1801 1615 1857 distincta
1643 1800 1877 1868 videtur,
1906 1800 2089 1856 multis
2121 1791 2164 1850 Β
2194 1807 2284 1847 ras
2333 1807 2526 1848 novem
2575 1793 2881 1862 categorias
2909 1812 2928 1846 ι
2964 1794 3130 1864 (quae
3181 1809 3375 1851 omnes
3428 1796 3668 1866 proprie,
3719 1805 3784 1850 ut

498 1897 682 1948 tamen
714 1890 848 1947 locis
869 1890 1229 1948 determinate
1247 1908 1276 1946 a
1302 1891 1452 1963 Logo
1480 1900 1702 1947 aeterne
1728 1892 1911 1964 genito
1933 1909 2091 1947 mun-

500 1983 602 2039 dus
632 1981 687 2037 in
718 1981 868 2052 Logo
899 1982 1153 2038 conditus
1173 1991 1229 2038 et
1256 1997 1351 2054 per
1376 1981 1564 2054 Logon
1593 1981 1768 2038 factus
1795 1991 1854 2037 ut
1884 1982 2090 2037 Natura

498 2082 722 2130 aeterne
747 2082 928 2131 creata
960 2073 1306 2137 discernitur,
1342 2072 1474 2129 licet
1499 2089 1623 2131 cum
1679 2073 1827 2146 Logo
1866 2073 2090 2144 conjun-

498 2176 639 2231 ctus,
671 2167 891 2237 quando
915 2164 1152 2222 Naturae
1175 2174 1393 2223 creatae
1418 2180 1524 2222 non
1548 2167 1754 2222 creanti
1777 2166 2086 2236 opponitur,

501 2257 645 2313 idem
671 2265 727 2312 et
746 2263 940 2312 creata
960 2264 1016 2311 et
1039 2271 1233 2312 errans
1258 2255 1557 2327 appelletur
1578 2255 1806 2310 Natura.
1833 2254 2088 2310 Praeter-

498 2361 565 2402 ea
606 2344 806 2403 Scotus
850 2346 905 2401 in
959 2346 1406 2416 expositionibus,
1451 2360 1589 2418 quas
1614 2345 1682 2401 de
1726 2345 1785 2401 S.
1827 2344 2090 2401 Tel-nario

497 2437 732 2508 profert,
762 2437 1006 2511 singulas
1034 2453 1295 2509 personas
1325 2439 1623 2496 secundum
1654 2438 1848 2510 dogma
1900 2438 2091 2494 distin-

503 2531 643 2602 guit,
665 2542 828 2603 atque
848 2532 920 2587 ita
943 2532 1128 2604 Logon
1153 2533 1287 2587 dicit
1307 2540 1530 2587 aeterne
1552 2530 1819 2604 genitum,
1843 2545 1941 2586 nec
1966 2544 2090 2600 pro—

508 2624 820 2690 cedentem,
847 2639 949 2680 nec
974 2631 1217 2681 creatum
1239 2644 1286 2678 ι.

572 2712 727 2779 Loci,
756 2713 956 2784 quibus
996 2712 1084 2766 illa
1110 2712 1252 2768 inter
1272 2711 1456 2785 Logon
1483 2720 1539 2768 et
1562 2710 1822 2767 Naturam
1851 2719 2087 2768 creatam

503 2812 782 2859 creantem
809 2809 865 2859 et
890 2801 1151 2857 Naturam
1182 2810 1423 2859 creatam
1449 2788 1556 2858 non
1586 2810 1863 2857 crcantem
1893 2800 2086 2855 distin-

509 2893 624 2950 ctio
677 2891 981 2949 clarissime
1028 2891 1280 2946 videatur
1321 2890 1635 2945 illucescere
1684 2888 1920 2961 (praeter
1946 2889 2086 2954 illos,

501 2983 698 3056 quibus
730 2982 872 3040 Deus
895 2984 1110 3055 genitus
1138 2998 1168 3036 a
1194 2981 1305 3037 Deo
1343 2993 1637 3052 generante
1666 2988 1722 3036 et
1766 2980 2089 3051 procedente

502 3091 610 3132 non
638 3075 838 3141 minus,
889 3089 1053 3147 quam
1085 3090 1115 3130 a
1146 3081 1395 3129 creatura
1422 3070 1808 3144 distinguatur)
1835 3086 1904 3127 ex
1946 3069 2084 3126 mul-

503 3165 573 3221 tis
597 3164 900 3222 ail‘eruntur
926 3165 980 3221 hi
1004 3183 1017 3218 :

571 3255 695 3311 Lib.
718 3254 784 3322 ll,
814 3255 879 3309 2|
912 3273 926 3309 :
958 3272 977 3306 ι
1015 3253 1206 3310 Omnis
1245 3262 1494 3309 creatura
1538 3250 1733 3322 incipit
1776 3265 1918 3317 esse,
1963 3249 2090 3323 quia

503 3353 645 3411 erat,
677 3360 846 3417 quum
877 3360 988 3400 non
1018 3354 1179 3409 erat;
1219 3353 1339 3400 erat
1390 3343 1447 3398 in
1488 3344 1669 3399 causis
1696 3343 1935 3413 quidem,
1982 3357 2092 3397 non

504 3436 705 3494 eratin
733 3434 1050 3492 ell'ectibus:
1101 3449 1209 3491 non
1234 3434 1458 3490 omnino
1509 3433 1677 3507 igitur
1702 3447 1832 3489 vere
1860 3432 2093 3488 aeterni-

504 3527 603 3584 tati
632 3534 924 3584 coaeterna
955 3533 1037 3582 est
1056 3545 1101 3580 ι.
1132 3554 1203 3566 -
1231 3523 1434 3581 Deinde
1462 3524 1731 3580 babentur
1761 3523 1853 3578 lib.
1882 3521 1969 3589 lll,
2002 3521 2088 3577 l6.

505 3621 593 3676 l7.
642 3620 733 3676 l8.
778 3619 846 3685 Il,
876 3617 968 3684 22,
1002 3616 1200 3688 quibus
1227 3615 1383 3683 locis,
1424 3623 1486 3671 ut
1521 3631 1621 3671 nos
1665 3627 1881 3685 quoque
1929 3628 2091 3683 supra

503 3711 557 3788 (δ
578 3712 668 3770 28.
702 3711 733 3786 δ
774 3711 869 3784 30)
906 3711 1233 3775 audivimus,
1278 3729 1298 3761 σ
1344 3708 1511 3764 totius
1556 3716 1840 3764 creaturae
1868 3704 2087 3759 univer-

504 3804 639 3861 sitas
661 3805 718 3859 in
747 3801 892 3858 Filio
918 3801 1017 3858 Dei
1044 3801 1320 3874 unigenito
1353 3799 1528 3866 facta,
1564 3798 1780 3855 condita
1818 3816 1837 3850 ι
1869 3797 2087 3854 dicitur.

576 3895 639 3952 Il.
687 3894 829 3952 Tum
879 3894 1234 3950 Seblueterus
1286 3892 1362 3964 (p.
1414 3889 1559 3963 XIX)
1595 3891 1673 3946 ita
1726 3889 1839 3947 fere
1870 3890 2089 3961 pergit:

506 4007 529 4044 ι
566 3989 624 4046 Si
656 4003 786 4045 vero
812 3987 1044 4060 Erigena
1072 3986 1193 4042 aliis
1229 3985 1364 4042 locis
1396 3983 1503 4058 (Ill,
1527 3983 1599 4040 20
1647 3981 1826 4054 seqq.)
1869 3992 2093 4038 conten-

503 4082 618 4139 dit:
650 4101 670 4136 ι
707 4080 879 4138 Deum
902 4078 1079 4136 creari
1104 4078 1157 4133 in
1177 4077 1452 4143 omnibus,
1480 4092 1500 4127 ι
1538 4074 1693 4131 sive:
1724 4094 1742 4128 ι
1782 4073 1951 4128 Deum
1973 4087 2094 4127 esse

500 4175 558 4233 in
585 4188 665 4242 se,
699 4173 823 4230 fieri
851 4173 906 4228 in
928 4169 1218 4237 creaturis,
1260 4185 1279 4221 ι
1314 4167 1482 4236 idem,
1528 4173 1590 4223 ut
1615 4164 1772 4222 multi
1818 4164 1907 4219 alii
1954 4161 2094 4219 fece-

503 4276 654 4336 runt,
711 4266 1003 4322 lectionem
1061 4272 1272 4319 tantum
1328 4261 1472 4316 illam
1523 4259 1666 4331 apud
1720 4257 1780 4315 S.
1828 4257 2092 4313 Joannem

501 4357 757 4430 Evangel.
798 4356 843 4424 ι,
890 4354 1006 4411 3-4
1045 4372 1059 4408 :
1106 4372 1125 4404 ι
1163 4354 1536 4423 Quodcunque
1562 4351 1769 4406 factum
1798 4350 1946 4405 enim
1991 4357 2094 4411 est,

504 4451 558 4507 in
587 4452 706 4523 ipso
745 4448 857 4505 vita
884 4455 1025 4504 erat.
1082 4444 1154 4502 Et
1197 4445 1307 4500 vita
1336 4453 1594 4501 erat......
1634 4459 1667 4496 ι’
1712 4441 1974 4513 sequitur.
2026 4441 2097 4496 At

2127 4493 2176 4553 D

2198 1882 2394 1939 SCOlIIS
2420 1881 2487 1954 [‘I,
2523 1881 2611 1950 i7]
2639 1884 2734 1947 ait,
2779 1883 2834 1937 in
2883 1884 3048 1940 rebus
3093 1885 3327 1940 conditis
3365 1885 3784 1956 dignoscantur)

2199 1990 2219 2024 ι
2248 1974 2304 2027 in
2332 1973 2500 2029 Deum
2520 1988 2681 2044 posse
2700 1973 2897 2028 cadere
2922 1993 2941 2027 ι
2965 1973 3062 2044 (a).
3092 1972 3128 2028 b
3151 1991 3172 2027 ι
3203 1972 3504 2030 Humanam
3534 1966 3785 2030 volunta-

2194 2074 2301 2120 tem
2329 2080 2450 2122 esse
2474 2065 2700 2121 liberam
2726 2064 2791 2120 ad
2838 2064 3143 2137 eligendqu
3173 2065 3259 2119 vel
3301 2066 3500 2125 bonum
3550 2067 3634 2122 vel
3662 2082 3786 2120 ma-

2193 2157 2326 2222 lum,
2366 2168 2422 2212 et
2450 2172 2624 2229 genus
2662 2158 2956 2213 humanum
2986 2158 3041 2211 in
3089 2157 3298 2211 Adamo
3342 2159 3785 2226 praevaricatum

2191 2250 2464 2320 mortique
2486 2251 2780 2306 obnoxium
2830 2248 3057 2312 factum,
3084 2247 3137 2302 in
3167 2248 3386 2304 Christo
3414 2257 3469 2304 et
3500 2263 3598 2319 per
3621 2248 3789 2304 Chri-

2192 2353 2332 2401 stum
2363 2344 2627 2400 salvatum
2658 2359 2779 2400 esse
2812 2352 2868 2399 et
2893 2343 3037 2398 vitae
3063 2351 3319 2398 aeternae
3347 2341 3613 2397 redditum
3650 2361 3694 2398 ι.
3724 2342 3785 2413 c)

2197 2455 2215 2486 ι
2254 2435 2574 2507 Superbiam
2597 2434 2856 2502 Luciferi,
2886 2435 2977 2505 qui
3021 2449 3119 2490 sua
3146 2434 3344 2490 virtute
3370 2434 3510 2491 Deus
3537 2450 3660 2492 esse
3682 2452 3787 2491 cu-

2190 2529 2736 2598 piisset,detestabile
2754 2530 2963 2586 crimen
2987 2528 3152 2585 fuisse
3172 2547 3217 2583 ι.
3233 2528 3288 2600 d)
3318 2547 3336 2580 ι
3360 2529 3527 2584 Deum
3542 2527 3785 2597 efﬁcere,

2186 2629 2252 2676 ut
2272 2619 2439 2675 multa
2458 2628 2613 2676 extra
2633 2634 2975 2675 communem
2994 2628 3221 2675 naturae
3238 2619 3483 2675 ordinem
3505 2620 3789 2688 eveniant,

2192 2727 2300 2783 quo
2353 2712 2623 2778 ostendat,
2684 2724 2744 2767 se
2797 2710 2972 2766 solum
3006 2716 3146 2765 ’esse
3201 2709 3486 2765 Dominum
3519 2728 3565 2763 ι.
3618 2709 3789 2766 Hisce

2191 2804 2437 2874 quintum
2462 2803 2678 2857 additur
2702 2793 2806 2857 hec
2832 2820 2887 2856 τι
2908 2800 3157 2868 Scotum,
3185 2802 3229 2856 si
3244 2801 3644 2871 pantlieismum
3664 2801 3791 2856 fue-

2193 2893 2263 2948 rit
2288 2902 2547 2958 sectatus,
2578 2893 2852 2948 notionem
2897 2891 3126 2947 classice
3154 2890 3515 2963 dogmaticam
3546 2888 3607 2943 S.
3640 2889 3788 2945 Ter-

2191 2987 2328 3041 narii
2363 3000 2469 3041 non
2510 2986 2754 3056 potuisse
2795 2983 3047 3041 omnibus
3074 2983 3211 3040 locis
3241 2982 3479 3040 retinere
3524 2992 3790 3052 recteque

2189 3075 2461 3148 explicare
2489 3097 2533 3131 ι.

2112 3144 2158 3207 C
2258 3144 2538 3223 Iiabemus
2586 3165 2751 3237 igitur
2776 3176 2983 3251 cuncta
3007 3164 3093 3220 illa
3147 3172 3488 3235 argumenta,
3544 3179 3786 3234 quorum

2193 3259 2432 3329 pondere
2487 3256 2842 3314 Seblueterus
2884 3273 2991 3313 non
3039 3256 3212 3313 solum
3258 3256 3624 3321 Goerresium,
3684 3258 3790 3311 sed

2194 3364 2300 3403 una
2345 3364 2466 3403 cum
2505 3348 2801 3405 ‘Goerresio
2855 3348 2950 3420 (cf.
2974 3364 3029 3420 p.
3053 3348 3196 3420 XIV)
3241 3348 3427 3415 etiam,
3471 3348 3791 3419 quicunque

2195 3453 2434 3511 unquam
2486 3438 2712 3495 Scotum
2761 3439 3089 3511 pantheismi
3137 3447 3482 3506 accusarunt,
3528 3440 3664 3497 satis
3688 3454 3789 3495 sn-

2195 3547 2397 3603 perque
2423 3531 2527 3588 sibi
2558 3532 2879 3601 repressisse
2896 3531 3044 3588 visus
3063 3539 3168 3586 est.
3212 3518 3231 3540 τ

2930 3663 3083 3736 μθ.

2267 3793 2378 3862 Nos
2404 3815 2584 3862 autem
2608 3807 2743 3861 haec
2771 3809 3088 3875 argumenta
3126 3809 3240 3857 tam
3269 3801 3554 3872 diligenter
3571 3797 3790 3855 descri-

2198 3899 2406 3972 psimus
2442 3937 2457 3963 ,
2512 3911 2619 3952 non
2671 3910 2777 3965 quo
2833 3893 3062 3950 multum
3100 3891 3166 3949 iis
3222 3893 3450 3948 velimus
3495 3891 3739 3947 tribuere
3767 3929 3785 3953 .

2199 3990 2252 4044 id
2301 3987 2445 4060 quod
2498 3983 2761 4056 profecto,
2808 3998 2973 4053 quum
3026 3990 3134 4038 tota
3184 3980 3450 4052 Erigenae
3494 3978 3788 4048 disciplina

2191 4081 2306 4151 jam
2363 4079 2674 4136 accuratius
2722 4093 2754 4133 a
2806 4075 2965 4132 nobis
3011 4074 3277 4146 explicata
3324 4073 3508 4139 fuerit,
3558 4086 3792 4127 necesse

2200 4189 2306 4229 non
2359 4180 2443 4228 est
2476 4210 2492 4236 ,
2543 4169 2639 4226 sed
2701 4180 2773 4224 ne
2836 4167 2961 4239 quis
3002 4166 3347 4238 arrogantiae
3392 4180 3492 4220 nos
3540 4172 3787 4228 accuset,

2199 4281 2286 4331 ea,
2313 4264 2511 4335 quibus
2544 4258 2749 4332 aliquid
2776 4259 3067 4326 tribuatur,
3102 4258 3192 4313 vix
3216 4257 3379 4329 digna
3413 4270 3535 4313 esse
3559 4262 3790 4310 conten-

2200 4356 2706 4517 derezuanwpere
2738 4442 2902 4516 igitur
2947 4441 3002 4514 (§
3052 4441 3146 4511 Η)
3185 4437 3456 4498 (ἶθθττθδίί
3504 4436 3790 4493 accusatio

504 4554 637 4598 sane
685 4539 945 4611 iniustum
993 4535 1154 4603 foret,
1189 4546 1411 4607 propter
1442 4535 1578 4591 haec
1614 4533 1777 4589 verba
1807 4532 2090 4603 Erigenam

2201 4538 2493 4609 depravata
2518 4546 2603 4593 est
2624 4545 2786 4607 atque
2815 4535 3064 4591 mutilata
3091 4535 3106 4589 ε
3150 4531 3202 4589 Is
3225 4532 3368 4588 enim
3398 4529 3533 4585 satis
3569 4535 3786 4597 aperte,

503 4631 835 4705 pantbeismi
863 4630 1165 4687 accusare!
1194 4627 1383 4685 Nonne
1412 4628 1575 4684 etiam
1603 4626 1803 4697 pictor,
1825 4625 1920 4695 qui
1952 4625 2096 4696 regis

507 4722 802 4793 imaginem
839 4721 1034 4793 pingit,
1088 4719 1370 4791 quaerenti
1401 4715 1530 4789 quid
1560 4715 1747 4781 faciat,
1782 4714 2095 4785 respondet,

507 4813 570 4870 fit
598 4792 778 4870 rex»?
844 4792 849 4793 ί
922 4792 941 4809 ’

579 4903 707 4960 Post
738 4904 990 4961 nonnulla
1010 4919 1077 4962 ex
1101 4902 1160 4960 S.
1193 4902 1498 4974 Augustino
1517 4908 1573 4955 et
1592 4914 1659 4955 ex
1680 4898 1747 4953 A.
1781 4898 2098 4955 Guentbero

2202 4628 2292 4700 qui
2321 4628 2391 4683 sit
2415 4627 2507 4683 ille
2535 4627 2933 4698 pantheismus,
2958 4626 3012 4680 in
3040 4637 3202 4696 quem
3222 4620 3502 4679 incidisset
3524 4618 3787 4688 Erigena,

2200 4716 2601 4783 declaraverat,
2629 4731 2796 4788 quum
2839 4716 2913 4770 ita
2958 4714 3185 4779 diceret,
3215 4731 3234 4764 ι
3268 4710 3614 4781 Areopagitae
3633 4708 3789 4762 ideas

2200 4811 2539 4868 evolventem
2592 4823 2715 4863 eum
2777 4809 2829 4863 in
2881 4804 3208 4877 pantheismi
3257 4801 3554 4875 periculum
3597 4799 3789 4855 incur-

2204 4902 2341 4957 risse
2362 4922 2406 4957 ι.
2438 4901 2615 4972 Atque
2642 4900 2746 4956 hoc
2770 4903 2967 4970 ipsum,
2996 4897 3123 4952 licet
3150 4896 3203 4951 in
3245 4896 3349 4951 hac
3377 4907 3541 4950 causa
3585 4889 3790 4961 dijudi-

444 5008 461 5021 ‘
510 4997 568 5055 in
592 4995 987 5052 alienissimum
1033 4995 1137 5051 sibi
1190 4994 1366 5049 locum
1407 4990 1708 5060 compulsa,
1741 4988 2101 5046 Sclilueterus
2205 4994 2400 5060 cauda,
2430 5002 2491 5048 ut
2513 4990 2567 5065 (ᾗ
2611 4991 2704 5046 29..
2745 4988 2773 5063 ᾗ
2804 4990 2955 5045 40-
2979 4987 3007 5061 §
3031 4986 3124 5057 43)
3169 4984 3302 5042 satis
3325 4984 3546 5055 copiose
3565 4981 3789 5036 demon-

510 5087 586 5160 (P-
614 5086 734 5162 XX)
772 5088 911 5144 haec
963 5086 1164 5142 habe“
1198 5102 1218 5137 ί
1253 5084 1368 5155 A86
1413 5098 1564 5154 61⁸8ον
1628 5081 1793 5135 οιῖειηι
1838 5080 2101 5153 Erigenae
2204 5086 2517 5149 stravimus,
2544 5084 2698 5155 longe
2731 5079 2954 5138 maximi
2996 5078 3067 5135 sit
3113 5076 3396 5142 momenti,
3429 5072 3786 5143 Schlpeterus

512 5176 885 5251 indulgeamus
913 5176 1115 5234 ἀίοθηῑί
1141 5193 1155 5230 ε
1185 5194 1205 5228 ί
1236 5174 1381 5230 Πυυε
1411 5184 1495 5229 εει
1520 5173 1571 5226 in
1622 5186 1702 5237 se,
1746 5170 1805 5225 ίὶῑ
1850 5170 1902 5225 i“
1946 5185 2101 5227 0763-
2205 5179 2461 5253 neglexit.
2486 5176 2670 5248 Neque
2697 5174 2843 5230 illam
2871 5171 3149 5243 injuriam,
3177 5168 3289 5225 sive
3314 5180 3419 5237 quo
3442 5164 3548 5221 alio
3561 5169 3787 5253 nomine

513 5271 651 5328 turis
674 5289 720 5338 ι,
747 5285 917 5341 quum
941 5276 1163 5340 propter
1191 5265 1477 5323 Paulinum
1503 5261 1633 5318 illud
1661 5280 1675 5317 :
1709 5280 1729 5314 ‹
1766 5261 1857 5333 qui
1890 5269 1978 5317 est
2003 5276 2090 5333 per

2203 5252 2319 5327 rem
2361 5267 2620 5341 appelles,
2672 5265 2890 5335 impune
2923 5259 3127 5325 tulerit,
3169 5266 3459 5330 propterea
3507 5252 3649 5325 quod
3678 5252 3787 5307 hac

512 5362 696 5418 omnia
726 5372 781 5418 et
811 5361 865 5418 in
908 5360 1162 5418 omnibus
1190 5377 1243 5423 ι,
1280 5356 1508 5411 alterum
1549 5353 1790 5426 ejusdem
1820 5353 2090 5424 Apostoli:

2205 5379 2283 5427 re,
2310 5362 2614 5432 opinamur,
2660 5355 2861 5411 factum
2912 5360 3013 5417 est,
3067 5358 3126 5407 ut
3156 5348 3458 5405 doctrinam
3504 5342 3787 5432 Erigeuiaf

521 5473 541 5505 ι
578 5453 670 5526 qui
699 5462 785 5511 est
811 5468 976 5524 supra
1001 5450 1206 5517 omnia,
1233 5461 1502 5518 nusquam
1533 5446 1831 5543 neglexerit
1855 5465 1901 5499 ι.
1929 5447 2090 5514 Quam

2202 5467 2328 5509 nam
2345 5428 2369 5513 ξ
2425 5446 2770 5521 paulheismo
2821 5442 3037 5515 penitus
3094 5438 3349 5496 infectam
3381 5477 3396 5503 ,
3456 5428 3785 5505 pantbeismi

586 5589 666 5662 (a)
691 5590 805 5647 Hoc
839 5590 958 5662 loco
983 5604 1090 5645 non
1136 5584 1632 5662 ipsa‘Schlueteri
1654 5585 1816 5641 verba
1840 5583 2103 5662 allegavi-
2203 5586 2313 5662 div.
2339 5582 2461 5638 Nat.
2479 5581 2547 5662 _ll,
2575 5581 2599 5636 l
2626 5577 3090 5651 praetermisimus
3116 5586 3277 5631 zeum
3311 5570 3456 5628 enim
3479 5581 3639 5640 supra
3663 5563 3692 5637 ξ
3717 5562 3787 5618 42

519 5654 665 5726 mus,
691 5662 785 5716 sed
814 5662 902 5716 illa
935 5660 1048 5714 fere
1089 5654 1425 5728 scripsimus,
1450 5657 1734 5730 quaejpse
1770 5655 1895 5730 suis
1923 5654 2106 5730 verbis
2199 5658 2311 5730 jam
2340 5654 2632 5727 posuimus.

518 5746 585 5790 ex
626 5724 888 5803 Erigenae
932 5724 1246 5801 argumento
1291 5724 1532 5799 protulit.
1595 5724 1797 5784 Locum
1843 5725 1990 5780 illum
2041 5724 2106 5781 de
