4056 6276
268 385 344 443 13
1088 383 1177 439 ne
1216 382 1373 439 vna
1413 372 1503 439 Er
1537 380 1942 437 remouens
1979 381 2028 436 ι.
2069 380 2284 437 SCOTI.
2322 409 2396 419 —
2427 380 2608 438 rans
2645 383 2704 437 η.
2830 402 2837 405 τ
3461 370 3534 440 7't

276 498 435 569 culpa
472 496 745 568 putaverit
793 497 1196 553 altsolvendam.
1249 496 1501 564 Namque
1537 495 1660 549 illae
1709 494 1865 564 ipsae
1887 500 1932 556 Α
1962 490 2284 565 (ιιιῑήοειτει
2332 501 2513 550 aetate
2550 498 2948 565 pantheismum
2980 496 3206 563 docent,
3237 511 3289 552 et
3304 498 3534 554 rundem

276 604 392 653 res,
417 604 553 659 quas
588 603 617 641 a
663 588 1008 658 pantheismo
1036 586 1363 656 Erigeniano
1395 600 1500 639 una
1550 599 1673 639 cum
1705 600 1855 639 com-
1959 584 2298 640 Christianae
2345 585 2625 658 religionis
2673 588 2912 658 capitmn
2954 590 3173 646 nomina
3220 590 3417 647 saltem
3443 602 3534 647 re-

276 681 430 739 muni
477 682 779 745 hominum,
826 683 919 753 qui
966 692 1112 737 recte
1145 682 1412 754 jndicaut,
1460 680 1709 750 loquendi
1759 694 1859 735 usu
1958 676 2186 734 tineant.

278 773 464 830 doceri
504 781 669 842 atque
691 773 829 828 sumi
880 789 986 828 non
1036 774 1211 828 solum
1252 788 1432 842 posse,
1464 788 1648 828 verum
1696 770 1859 825 etiam
2029 766 2095 825 Ἴ.
2124 768 2574 841 Scblueterus(p.
2600 769 2690 843 Vl)
2718 789 2731 825 :
2766 789 2792 823 ι
2814 762 3158 840 Erigenami,
3181 771 3290 835 ait,
3329 789 3347 823 ι
3381 768 3534 828 multi

280 864 485 920 debere
521 864 579 935 (§
613 863 684 918 ιθ
706 863 827 936 —§
883 862 975 935 45)
1011 864 1369 929 ostendimus,
1411 879 1552 935 quae
1591 864 1863 921 neminem
1960 858 2333 916 multismodis
2353 875 2636 932 perperam
2652 860 2983 918 intellexere.
3005 860 3159 917 Haud
3172 860 3326 918 facile
3342 875 3536 917 unum-

278 956 603 1027 profectoin
631 956 897 1029 Erigenae
925 958 1169 1013 doctrina
1217 956 1489 1014 emendem
1540 957 1863 1021 debuerant,
1962 948 2211 1019 quodque
2240 948 2357 1019 ejus
2390 950 2615 1014 dictum,
2665 949 2709 1007 si
2741 965 2808 1006 ex
2845 951 3112 1009 orationis
3151 959 3406 1008 mntextu
3436 951 3536 1007 ab-

278 1047 627 1113 Schluetero,
660 1055 720 1102 ut
746 1048 799 1103 iu
835 1046 1147 1103 defensioue
1175 1064 1270 1104 sua
1323 1048 1660 1119 apertissime
1689 1047 1865 1102 decla-
1964 1049 2262 1108 mmpaltll’.
2312 1040 2601 1099 defendere
2623 1058 2810 1113 queas.
2841 1044 2913 1099 Al
2948 1042 3218 1099 aﬂirmare
3250 1043 3532 1105 audemus.

279 1141 446 1205 favit,
476 1141 641 1195 verba
672 1140 957 1196 dederunt.
983 1140 1139 1207 Quod
1165 1140 1310 1195 haud
1340 1140 1542 1195 scimus
1564 1154 1630 1192 an
1664 1138 1863 1193 factum
1964 1142 2111 1191 eum,
2130 1131 2174 1184 Si
2200 1139 2373 1186 totum
2399 1132 2680 1203 respicias,
2712 1134 2973 1191 amussim
2990 1135 3238 1192 veritatis
3266 1148 3535 1205 nusquam

278 1236 585 1294 non-esset,
615 1231 740 1285 dum
781 1230 908 1284 iliud
941 1230 1212 1286 Goerresii
1242 1230 1526 1296 monitum,
1554 1238 1614 1284 ut
1634 1243 1869 1299 aequum
1966 1229 2359 1293 transgressum
2396 1239 2515 1280 esse
2550 1245 2593 1279 ι.

274 1320 409 1385 fuit,
430 1320 748 1391 diligentius
767 1330 1034 1376 curasset.
2038 1312 2182 1368 Haec
2205 1315 2368 1370 verba
2394 1316 2702 1387 signiﬁcare
2725 1319 2995 1383 videntur,
3030 1317 3402 1375 Schlueterum
3432 1331 3538 1371 non

350 1411 415 1466 ll.
445 1412 588 1480 Quid
640 1421 818 1466 autem
870 1412 959 1467 illa
1004 1412 1098 1483 (cf.
1124 1412 1152 1485 ᾗ
1205 1412 1299 1485 44)
1325 1431 1338 1467 :
1366 1431 1384 1464 ε
1435 1411 1710 1484 (Erigena)
1738 1425 1868 1481 ρεη-
1965 1404 2173 1473 singula
2193 1405 2457 1477 Erigenae
2479 1407 2641 1476 dicta,
2659 1423 2800 1479 quae
2828 1411 2917 1466 hic
2947 1411 3060 1466 illic
3078 1421 3386 1470 occurrant,
3411 1406 3537 1478 qui-

274 1503 574 1559 theismum
603 1502 906 1572 proﬁtetur,
932 1518 1095 1573 quum
1142 1501 1304 1576 λόγον,
1343 1501 1448 1559 Dei
1478 1502 1694 1565 Filium,
1721 1516 1871 1556 cma-
1967 1497 2069 1552 bus
2091 1497 2319 1569 Erigena
2363 1499 2727 1572 impugnetur,
2768 1502 2823 1557 in
2854 1504 3087 1558 medium
3124 1501 3309 1566 allata,
3344 1500 3439 1556 sed
3470 1497 3539 1551 ad

279 1604 502 1648 siautem
531 1610 561 1647 a
592 1594 772 1659 Patre,
797 1606 1104 1649 creaturam
1131 1595 1310 1650 Patris
1335 1610 1454 1650 esse
1479 1592 1708 1648 atiirmet
1737 1614 1869 1659 t,--
1968 1591 2189 1647 intimos
2218 1592 2605 1665 philosophiae
2635 1595 2996 1667 Erigenianae
3047 1610 3315 1660 recessus,
3355 1602 3414 1649 ut
3459 1591 3547 1647 his

272 1685 416 1755 quid
446 1685 610 1755 igitur
651 1684 737 1747 illa
785 1686 887 1741 sibi
933 1684 1124 1751 velint,
1179 1686 1269 1740 vix
1317 1684 1685 1757 intelligimus.
1738 1685 1870 1740 Pan-
1970 1680 2125 1747 locis,
2152 1683 2280 1752 quid
2320 1684 2435 1754 ipsa
2482 1700 2664 1741 rerum
2694 1695 2842 1759 agat,
2879 1688 3551 1758 perspiciatur,penetra-j

285 1762 576 1830 theismuui
601 1791 701 1831 uos
740 1775 1009 1842 docuisse,
1052 1793 1220 1847 quum
1267 1778 1633 1843 docuerimus,
1672 1777 1866 1832 Filium
1899 1842 1931 1847 Α,
1970 1778 2083 1826 illm
2119 1772 2274 1829 νειιθο
2303 1774 2452 1840 Ουηο
2483 1776 2642 1841 ratio.
2686 1777 2730 1832 Si
2767 1792 2956 1832 verum
2989 1776 3277 1842 fateamur.
3308 1785 3547 1831 Summo‘

285 1868 382 1923 Dei
411 1884 518 1923 non
549 1869 815 1940 genitum,
856 1868 949 1925 sed
977 1842 1257 1925 creatum?
1294 1871 1365 1926 At
1401 1842 1771 1936 Schlueterus,
1813 1869 1870 1925 id
1897 1842 1947 1905 Β
1975 1877 2105 1934 pere
2128 1864 2283 1921 nobis
2311 1866 2571 1934 placeret.
2602 1867 2701 1923 Hic
2727 1877 2909 1924 autem
2936 1882 3132 1925 sensus
3155 1868 3207 1923 in
3234 1865 3341 1923 illis
3365 1862 3549 1927 verbis

276 1959 433 2029 quod
457 1975 525 2014 ex
558 1960 646 2025 iis,
669 1975 807 2029 quae
829 1960 977 2032 (cf.§
1016 1961 1117 2033 ,45)
1154 1961 1221 2017 ad
1269 1962 1404 2018 haec
1448 1963 1759 2033 respondet,
1785 1975 1876 2032 pa-
1973 1955 2153 2013 iuesse
2203 1972 2311 2012 non
2373 1966 2600 2029 potest,
2655 1968 2939 2031 propterea
2996 1959 3140 2030 quod
3185 1965 3551 2028 sequeretur,-

282 2062 404 2107 tere
449 2051 802 2118 arbitramur,
854 2052 929 2107 ita
974 2053 1213 2108 scribere
1247 2053 1479 2109 debuit:
1535 2073 1554 2105 ε
1598 2053 1874 2125 (Erigeua)
1975 2044 2351 2103 Schlueterum
2390 2048 2479 2103 illa
2524 2050 2637 2119 ipsa
2693 2052 2904 2107 ratione
2955 2049 3261 2121 impugnari
3287 2048 3547 2112 vetuisse.

277 2143 687 2213 pantbeismum
715 2142 1012 2215 proﬁtetur,
1039 2160 1204 2214 quum
1233 2160 1408 2216 neque
1448 2145 1704 2201 Naturam
1726 2160 1877 2201 crea-
1974 2152 2080 2208 qua
2121 2138 2235 2208 ipse
2274 2139 2326 2193 in
2357 2139 2693 2196 defendendo
2719 2150 2803 2196 est
2826 2156 2975 2196 usus.

283 2244 400 2285 tam
439 2243 734 2294 crcantem,
766 2246 942 2301 neque
971 2231 1229 2287 Naturam
1273 2245 1509 2288 creatam
1556 2251 1661 2290 non
1686 2249 1876 2289 crean-

278 2334 403 2382 tem
420 2327 493 2381 ab
540 2326 815 2398 unigenito
849 2326 944 2381 Dei
995 2326 1154 2392 Filio,
1199 2327 1299 2396 ipsi
1332 2325 1439 2381 Deo
1471 2324 1619 2382 Patri
1649 2326 1873 2382 consub-

272 2414 544 2477 stantiali,
569 2414 769 2470 habeat
792 2416 1096 2470 distinctam
1126 2413 1209 2486 (α)
1226 2435 1271 2468 ι.

359 2507 713 2563 Schlueterus
739 2508 839 2563 bas
874 2523 960 2562 res
992 2523 1023 2560 a
1053 2508 1349 2563 Scotouon
1376 2507 1664 2562 distinctas
1689 2515 1868 2579 negat.

277 2599 398 2656 Sed
418 2599 749 2670 jampridem
782 2616 811 2654 τι
853 2600 1010 2656 nobis
1035 2601 1462 2658 demonstratum
1502 2611 1605 2667 est,
1638 2603 1780 2671 quod
1806 2603 1875 2657 ad

278 2693 650 2748 substantiam
673 2692 930 2758 attineat,
965 2707 1066 2762 qua
1096 2708 1202 2748 una
1231 2693 1283 2747 in
1312 2709 1370 2756 re
1398 2694 1501 2748 hoc
1538 2692 1657 2748 loco
1681 2703 1874 2749 cuncta

280 2785 469 2856 posita
493 2800 615 2841 esse
633 2793 868 2849 constat,
913 2794 969 2839 et
1004 2783 1275 2839 Naturam
1301 2797 1555 2840 creatam.
1576 2795 1880 2852 creautem;

282 2885 348 2929 et
380 2874 635 2929 Naturam
659 2883 900 2951 creatam
945 2890 1050 2929 non
1082 2882 1365 2930 creantem
1390 2875 1443 2930 in
1471 2875 1710 2931 librisde
1731 2876 1874 2930 divi-

282 2967 446 3021 sione
466 2965 701 3023 Naturae
719 2981 847 3022 cum
873 2967 1149 3038 unigenito
1175 2967 1269 3023 Dei
1294 2966 1433 3023 Filio
1454 2966 1597 3023 Patri
1623 2983 1723 3024 suo
1747 2983 1876 3023 con-
1956 2940 1974 2976 ‘

285 3056 633 3112 substantiali
648 3074 769 3113 esse
794 3057 1051 3113 confusas
1076 3057 1127 3129 (δ
1149 3057 1220 3113 29
1245 3088 1317 3099 —-
1344 3057 1511 3129 §58).
1544 3057 1658 3115 Hoc
1692 3068 1875 3114 autem

282 3149 507 3218 proprie
548 3148 649 3203 sibi
688 3148 1164 3204 demonstrandum
1208 3147 1408 3214 fuisse,
1450 3149 1875 3204 substantiarum

284 3260 413 3300 esse
443 3260 602 3314 posse
623 3245 1010 3313 diversitatem,
1042 3243 1411 3313 Schluetcrus,
1436 3249 1740 3318 opinamur,
1765 3264 1873 3306 non

284 3335 692 3390 animadvertit.

365 3427 447 3481 Ill.
489 3427 644 3495 Quod
671 3428 717 3483 si
763 3426 856 3497 (cf.
887 3427 1027 3501 §45,
1069 3427 1134 3499 ll)
1169 3430 1308 3499 apud
1331 3445 1455 3484 cum
1489 3430 1589 3485 hoc
1624 3430 1873 3502 legimus,

288 3520 576 3589 Erigonae,
603 3522 772 3575 sicubi
804 3521 1002 3576 dixerit
1027 3538 1040 3575 ε
1076 3542 1092 3571 ε
1124 3521 1263 3576 Deus
1279 3531 1362 3577 est
1389 3523 1441 3577 in
1466 3537 1544 3586 se,
1571 3524 1629 3577 ﬁt
1650 3524 1702 3577 iu
1725 3538 1876 3579 crea-

290 3611 433 3666 turis
462 3631 509 3675 »,
536 3611 650 3666 sive
683 3629 696 3665 :
733 3630 754 3662 ‹
791 3611 935 3668 Deus
967 3623 1185 3668 creatur
1231 3614 1285 3668 in
1328 3614 1579 3669 omnibus
1619 3635 1664 3677 ι,
1696 3614 1874 3670 hacin

293 3720 366 3760 re
390 3720 514 3760 esse
557 3705 939 3777 indulgendum
967 3745 983 3771 ,
1029 3707 1183 3776 quasi
1234 3707 1335 3761 hae
1381 3706 1528 3761 solae
1580 3706 1877 3762 locutiones

292 3796 425 3861 sint,
479 3804 703 3867 propter
737 3811 876 3867 quas
922 3797 1249 3866 pautheismi
1290 3798 1567 3852 accusatio
1610 3798 1875 3867 Erigenae

292 3888 468 3955 possit
508 3889 734 3953 intendi,
781 3903 877 3943 nos
898 3889 1116 3960 quidem
1160 3903 1293 3943 sane
1320 3905 1426 3944 non
1460 3890 1723 3955 videmus,
1747 3889 1877 3960 quid

300 3975 426 4044 ipsi,
466 3978 561 4048 qui
601 3988 777 4033 tamen
820 3979 1130 4053 Erigenam,
1162 3992 1329 4049 quum
1368 3979 1573 4043 ederet,
1597 3979 1877 4050 perlegere

303 4072 514 4136 debuit,
546 4073 643 4128 hac
671 4073 724 4127 in
756 4088 815 4129 re
847 4072 1136 4128 acciderit!

370 4162 462 4218 IV.
490 4162 598 4220 Nec
624 4163 885 4234 ampiiore
916 4162 1135 4219 fortuna
1161 4179 1293 4219 usus
1314 4170 1397 4218 est
1427 4163 1480 4217 in
1512 4162 1597 4228 iis,
1623 4176 1765 4233 quae
1780 4161 1872 4234 (cf.

298 4256 328 4329 ς
363 4255 573 4325 45,1")
613 4255 773 4325 quasi
811 4270 878 4310 ex
923 4255 1240 4319 abundanti,
1288 4261 1346 4308 ut
1378 4255 1548 4318 aiunt,
1582 4255 1876 4325 congessit.

294 4347 396 4402 His
414 4348 568 4403 enim
590 4347 658 4401 de
687 4346 869 4412 rebus,
909 4346 953 4400 si
993 4361 1097 4400 una
1143 4355 1198 4401 et
1240 4346 1368 4400 item
1400 4346 1590 4409 altera,
1617 4346 1761 4416 quod
1792 4353 1876 4402 ta-

294 4454 419 4494 men
442 4437 534 4491 vix
554 4436 962 4501 crediderimus,
999 4451 1118 4506 qua:
1161 4451 1284 4491 cum
1321 4436 1671 4506 pantheismo
1688 4437 1879 4510 Erige-

292 4531 460 4585 uiano
498 4535 721 4598 pugnet,
758 4528 1093 4598 reperiatur,
1131 4527 1223 4596 qui
1269 4527 1491 4582 tandem
1528 4526 1733 4583 factum
1763 4538 1873 4596 est,

292 4635 352 4679 ut
382 4624 740 4680 Sehlueterus
759 4638 829 4678 ne
850 4624 954 4679 hoc
986 4623 1202 4692 quidem
1232 4621 1552 4693 respexerit,
1579 4637 1706 4676 num
1735 4620 1875 4678 forte

293 4717 549 4787 Erigena,
571 4729 738 4786 quum
758 4714 906 4770 illam
922 4715 1161 4777 doceret,
1194 4728 1256 4783 pa
1266 4728 1384 4767 rum
1404 4712 1506 4767 sibi
1530 4711 1872 4769 constiterit?

292 4805 541 4875 Namque
589 4813 691 4866 est.
722 4805 812 4861 ubi
859 4805 1077 4860 sibimet
1104 4803 1204 4873 ipsi
1248 4802 1584 4858 contradicat
1629 4803 1746 4875 (ll);
1779 4817 1872 4859 ne-

290 4912 397 4967 que
427 4895 715 4952 levissimis
738 4904 947 4951 tantum
978 4897 1030 4950 in
1060 4896 1242 4950 rebus.

361 4986 520 5054 Quod
544 4995 726 5041 autem
750 4986 1004 5040 nonnulla
1026 4987 1306 5041 doctrinae
1326 4985 1668 5041 Christianae
1692 4987 1867 5055 capita

293 5077 435 5135 libro
456 5092 563 5133 suo
592 5077 842 5142 inseruit,
869 5084 1074 5131 tantum
1100 5077 1275 5143 abest,
1299 5086 1359 5130 ut
1387 5077 1520 5131 haec
1549 5076 1708 5132 istam
1735 5076 1874 5131 libro

293 5171 615 5240 pravitatem
642 5168 914 5234 exuerint,
949 5178 1010 5223 ut
1038 5168 1152 5237 ipsa
1179 5182 1401 5237 quoque
1416 5176 1582 5222 totam
1605 5168 1727 5224 libri
1752 5182 1873 5238 pra-

293 5262 515 5317 vitatem
544 5275 668 5315 cum
709 5275 918 5315 summa
960 5275 1058 5315 sua
1087 5259 1327 5329 pernicie
1373 5260 1871 5330 induerint..Atque

294 5353 397 5408 hoc
443 5352 512 5407 de
553 5351 738 5407 multis
782 5351 1022 5421 ipsorum
1053 5348 1169 5419 jam
1214 5350 1490 5406 vidimus:
1533 5353 1601 5408 de
1624 5352 1874 5422 pluribus

290 5444 459 5499 etiam
482 5456 609 5498 esse
641 5441 965 5507 videbimus.

362 5536 622 5594 Ceterum
663 5535 1016 5592 Schlueterus
1058 5534 1163 5591 hac
1200 5534 1261 5591 in
1303 5549 1364 5592 re
1418 5549 1488 5591 ne
1516 5536 1728 5593 somnio
1754 5538 1876 5608 qui-

296 5629 419 5684 dem
465 5627 736 5699 cogitasse
777 5626 1016 5695 videtur,
1055 5640 1220 5699 quam
1251 5627 1539 5700 diligenter
1574 5629 1741 5707 etiam
1773 5630 1871 5698 illi,

300 5745 455 5869 tltot).
503 5742 615 5803 Hoc
671 5751 850 5801 autem
902 5741 1253 5809 Goerresius,
1299 5741 1383 5799 cui
1438 5741 1709 5811 tribuitur,
1764 5758 1869 5800 non

338 5831 409 5869 un

338 5831 409 5870 ιιι

2050 2229 2161 2306 Hoc
2183 2230 2326 2284 enim
2351 2245 2418 2285 ex
2445 2231 2533 2295 iis,
2564 2245 2707 2301 quae
2736 2232 2912 2287 adhuc
2952 2230 3022 2286 ab
3043 2229 3362 2302 cjnslibclio
3394 2228 3552 2285 nobis

1975 2321 2317 2390 suppeditata
2342 2330 2485 2388 sunt,
2506 2320 2625 2379 luce
2654 2333 2737 2379 est
2764 2322 2985 2389 clarius,
3018 2324 3195 2393 ipsum
3227 2321 3280 2377 in
3307 2319 3552 2377 occultos

1976 2413 2135 2470 istius
2173 2414 2543 2484 philosophiae
2594 2416 2746 2472 sinus
2791 2433 2895 2473 non
2948 2425 3283 2488 penetrasse,
3334 2431 3458 2481 nec,
3495 2422 3556 2469 ut

1976 2502 2220 2564 videtur.
2268 2510 2553 2574 penetrare
2598 2507 2852 2563 voluisse.
2906 2507 3265 2578 Quapropter,
3307 2508 3451 2578 quod
3481 2507 3550 2563 de

1979 2601 2091 2648 tota
2128 2592 2245 2663 ejus
2275 2594 2593 2651 defensioue
2632 2597 2890 2662 diximus,
2936 2614 3044 2654 non
3079 2597 3273 2668 injuria
3320 2614 3351 2653 a
3390 2597 3547 2655 nobis

1978 2686 2180 2741 dictum
2210 2686 2560 2741 arbitramur.
2589 2687 2726 2755 Quid
2750 2688 2893 2744 enim
2923 2688 2977 2745 in
3007 2688 3174 2745 Scoto
3207 2688 3547 2745 defendendo

1978 2779 2252 2851 antiquius
2291 2779 2488 2836 habere
2510 2781 2710 2843 debuit,
2741 2797 2901 2850 quam
2930 2792 2987 2838 ut
3028 2782 3081 2838 id
3116 2782 3294 2855 ipsum
3327 2781 3552 2854 diligen-

1980 2870 2187 2926 tissime
2216 2880 2518 2943 perageret,
2548 2872 2689 2943 quod
2719 2873 2878 2942 plane
2902 2872 3182 2945 neglexit?

2052 2962 2291 3031 Denique
2313 2962 2479 3017 etiam
2499 2963 2597 3017 hoc
2614 2963 2898 3018 dicendum
2913 2971 3016 3028 est,
3038 2979 3135 3019 nos
3150 2961 3392 3034 profecto
3406 2962 3559 3032 igno-

1981 3069 2125 3119 rare,
2181 3054 2394 3124 qualem
2452 3055 2677 3110 omnino
2724 3056 2825 3110 sibi
2884 3055 3097 3110 ﬁniterit
3150 3055 3554 3126 pantheismum

1980 3148 2267 3218 animoque
2294 3147 2622 3217 conceperit.
2648 3146 2851 3202 Scribit
2869 3146 3011 3202 enim
3045 3148 3120 3218 (ρ.
3151 3144 3291 3217 XIV)
3319 3144 3548 3211 :t(Non-

1982 3240 2134 3311 nulli)
2175 3242 2317 3295 inter
2356 3255 2493 3310 quos
2522 3240 2838 3295 numerandi
2884 3240 3133 3294 videntur
3164 3237 3358 3294 Thom.
3408 3237 3546 3294 Moo-

1981 3347 2125 3396 reus,
2153 3331 2245 3387 Dr.
2285 3330 2345 3387 C.
2380 3330 2442 3385 F.
2477 3331 2728 3393 llocltius,
2770 3330 3131 3386 recentiorum
3175 3336 3555 3401 systematum’,

1986 3439 2151 3481 verae
2195 3424 2431 3480 libertati
2454 3425 2795 3481 Christianae
2825 3424 3215 3494 speculationis
3255 3412 3435 3479 minus
3479 3421 3556 3475 fa-

1979 3523 2243 3589 ventium,
2291 3522 2637 3594 pracjudiciis
2676 3520 2962 3592 impliciti,
3001 3519 3290 3574 admodum
3334 3515 3553 3586 quidem

1979 3621 2193 3680 cavent,
2214 3629 2281 3670 ne
2317 3615 2459 3669 Deus
2496 3629 2618 3668 cum
2650 3623 2901 3668 creatura
2929 3610 3083 3666 more
3111 3608 3394 3682 gentilium
3421 3621 3557 3677 pan-

1981 3704 2233 3761 theistice
2252 3703 2631 3768 confundatur,
2663 3715 3000 3772 nequaquam
3036 3714 3165 3755 vero
3193 3700 3447 3770 abyssum
3478 3694 3548 3749 ti—

1979 3806 2153 3864 ment,
2187 3796 2328 3851 inter
2352 3776 2643 3865 utrumque
2696 3794 2894 3849 iterum
2936 3792 3196 3854 hiantem,
3224 3803 3391 3859 quem
3418 3797 3555 3844 testt=

1983 3887 2042 3944 S.
2066 3889 2234 3945 Paulo
2250 3887 2464 3959 (Ερὴες.
2491 3887 2557 3952 ll,
2587 3886 2654 3942 15
2674 3900 2792 3955 seq.
2818 3894 2873 3940 et
2895 3882 3097 3938 Colon.
3125 3881 3164 3946 Ι,
3192 3880 3279 3947 i9)
3298 3878 3545 3935 Salvator

1981 3988 2167 4036 noster
2192 3980 2268 4035 ita
2292 3978 2483 4034 clausit
2511 4017 2527 4044 ,
2558 3985 2616 4032 ut
2651 3994 2673 4028 ι
2708 3986 2944 4045 utraque
2964 3972 3166 4030 faceret
3202 3986 3368 4027 unttm
3397 3990 3443 4024 ι.
3530 4002 3538 4013 ο

2694 4108 2723 4183 5
2760 4108 2854 4163 tr.

2054 4243 2204 4311 Quae
2226 4251 2512 4314 postquam
2542 4240 2610 4297 de
2635 4240 2838 4297 Natura
2859 4246 3044 4297 creata
3061 4252 3169 4294 non
3190 4243 3432 4302 creante,
3456 4234 3560 4289 hac

1983 4343 2095 4391 tota
2129 4348 2315 4389 rerum
2344 4332 2695 4389 universitate
2722 4330 2789 4387 ad
2821 4330 2988 4387 libros
3016 4332 3137 4405 πιρὶ
3164 4330 3360 4402 φύσεων
3385 4325 3558 4397 expli-

1981 4433 2102 4480 cata
2132 4431 2292 4490 sunt,
2334 4432 2545 4479 ceteras
2573 4436 2685 4490 res,
2726 4435 2867 4493 quae
2903 4435 3068 4491 super
3108 4419 3297 4475 eadem
3352 4415 3556 4471 Natura

1981 4517 2263 4581 docentur,
2296 4514 2396 4582 sol,
2420 4514 2579 4580 luna,
2596 4528 2758 4584 quem
2781 4514 3017 4569 habeant
3040 4526 3283 4577 cursum,
3313 4524 3454 4581 quae
3478 4509 3559 4565 in-

1985 4608 2228 4674 tervalla,
2268 4621 2377 4677 qua
2429 4607 2660 4661 ratione
2685 4621 2753 4661 ex
2794 4614 3027 4675 quatuor
3054 4602 3339 4658 elementis
3376 4600 3557 4657 omnia

1982 4715 2209 4770 corpora
2264 4700 2373 4754 sint
2410 4697 2730 4768 composita,
2763 4710 2904 4766 quae
2945 4695 3017 4751 sit
3060 4692 3295 4750 hominis
3336 4690 3561 4761 ejusque

1979 4804 2236 4848 sensuum
2288 4797 2506 4853 natura,
2552 4796 2620 4841 ct.
2659 4799 2802 4857 quae
2851 4794 2979 4841 sunt
3028 4784 3245 4855 generis
3288 4779 3555 4849 ejusdem,

1978 4880 2215 4937 maxime
2243 4886 2528 4949 propterea
2559 4878 2701 4947 quod
2728 4876 2797 4931 ad
2825 4876 2935 4941 illa,
2963 4890 3106 4947 quae
3135 4874 3291 4930 nobis
3318 4881 3427 4929 tota
3450 4873 3553 4927 hac

1978 4971 2272 5041 scriptione
2302 4969 2522 5040 proprie
2568 4968 2718 5023 cordi
2765 4980 2892 5022 esse
2947 4966 3168 5031 debent,
3214 4976 3407 5034 parum
3436 4963 3560 5017 atti-

1983 5073 2167 5126 neant,
2197 5059 2403 5132 optimo
2444 5059 2565 5132 jure
2594 5057 3102 5129 praetermittendas
3127 5071 3246 5111 esse
3279 5054 3556 5109 existima-

1983 5155 2182 5210 vimus.
2208 5151 2348 5209 Sunt
2376 5166 2508 5207 vero
2530 5151 2633 5206 alia
2661 5151 2921 5221 longeque
2950 5149 3175 5204 consilio
3201 5156 3388 5202 nostro
3426 5159 3555 5213 gra-

1983 5249 2202 5303 vissima
2244 5245 2296 5298 in
2339 5243 2422 5298 his
2470 5242 2644 5305 libris,
2690 5254 3037 5311 quae,quum
3082 5246 3304 5310 propter
3335 5244 3556 5292 senten-

1985 5343 2193 5396 tiarum-
2236 5349 2431 5392 nexum
2463 5332 2717 5389 facillime
2746 5331 2814 5388 ad
2849 5332 3020 5401 ipsam
3048 5331 3115 5387 de
3144 5328 3344 5384 Natura
3372 5334 3557 5384 creata

1982 5450 2089 5490 non
2135 5438 2357 5487 creante
2394 5426 2811 5497 disputationem
2857 5420 3207 5494 adjiciantur,
3235 5422 3343 5476 huc
3376 5428 3556 5475 trans-

1984 5525 2127 5582 ferre
2147 5521 2505 5580 decrevimus.
2540 5517 2777 5573 Dicimus
2804 5526 2981 5571 autem
3017 5513 3300 5585 praecipue
3323 5527 3420 5583 per
3441 5525 3559 5568 ma-

1983 5633 2117 5690 gnas
2160 5614 2420 5687 quasdam
2444 5610 2789 5669 Christianae
2840 5606 3120 5664 doctrinae
3163 5614 3376 5675 partes,
3419 5620 3559 5676 quas

1981 5732 2125 5863 1ιὸ(1))
2157 5728 2238 5787 Cf.
2285 5726 2450 5784 ﬂock.
2495 5724 2551 5781 iu
2580 5724 2853 5796 cphcmm.
2889 5720 3191 5778 Bonnenss.
3219 5718 3359 5784 XVI,
3385 5736 3436 5791 p.
3463 5717 3553 5774 42.
