4056 6276
516 332 605 391 75·
1658 335 1749 391 DE
1786 336 1838 393 Ι.
1880 336 2104 395 SCOTO
2139 335 2655 398 COMMENTATlO.
2970 374 2973 379 ι
3713 346 3794 402 ³16

515 450 893 522 philosophiae
944 450 1307 522 Erigeniauae
1350 450 1603 508 sordibus
1660 452 1863 508 misere
1902 453 2096 524 depre-
2123 455 2174 515 Α
2202 452 2399 521 fuerat,
2427 465 2488 510 ut
2524 455 2691 511 nullis
2727 457 2915 512 usibus
2951 456 3311 527 corporalium
3356 473 3615 515 sensuum
3655 460 3795 516 indi-

515 532 816 601 hendemus
836 543 1188 614 inquinatas.’
1408 577 1415 586 -

1219 635 1248 709 ς
1281 636 1375 693 48.

584 745 757 819 Ipsius
785 744 952 818 igitur
964 745 1058 802 Dei
1086 761 1251 817 opera
1272 746 1477 803 factum
1500 761 1619 804 esse
1652 749 1709 822 (ς
1730 749 1824 818 35)
1843 749 2100 816 diximus,

508 844 572 892 ιιι
596 851 796 892 causae
825 836 1206 908 primordiales
1248 838 1304 893 in
1332 836 1558 894 effectus
1586 854 1715 896 suos
1747 840 2097 911 prolluerent,

509 929 847 1000 proindeque
873 929 1071 994 omnia,
1115 943 1256 1000 quae
1297 930 1403 986 hoc
1428 931 1689 986 universo
1727 932 2097 1000 continentur,

510 1022 581 1077 de
602 1036 815 1077 summa
852 1021 1114 1093 dignitate
1138 1036 1235 1078 sua
1264 1022 1319 1078 in
1345 1023 1710 1081 conditionem
1736 1023 2103 1093 dejicerentur

508 1110 687 1167 multo
720 1111 1043 1167 deteriorem
1079 1111 1167 1184 (ll,
1202 1112 1314 1184 ll).
1362 1112 1510 1170 Haec
1551 1122 1733 1169 autem
1766 1129 1855 1170 res
1884 1114 2101 1172 divinae

507 1203 742 1258 bonitati
766 1218 873 1260 non
901 1212 1183 1275 repugnat,
1214 1204 1335 1260 ideo
1354 1205 1518 1275 quod,
1548 1225 1567 1257 ι
1600 1213 1662 1260 ιιι
1687 1218 1815 1260 vera
1840 1207 1979 1261 ratio
2001 1207 2102 1262 do-

510 1302 623 1361 cet,
645 1294 881 1351 mundus
908 1292 1083 1351 istein
1100 1295 1282 1351 varias
1303 1293 1694 1365 scnsibilesque
1711 1296 1922 1365 species
1938 1324 2005 1336 -—
2028 1327 2101 1336 —

509 1401 621 1442 non
646 1385 816 1444 fuisse
839 1397 1132 1459 erepturus
1150 1388 1256 1445 dici
1276 1396 1479 1458 potest,
1507 1388 1551 1443 si
1572 1389 1715 1443 Deus
1733 1386 1918 1443 casum
1939 1397 1994 1443 et
2016 1388 2100 1443 in-

508 1477 730 1533 teritum
754 1480 915 1550 primi
949 1479 1203 1544 hominis,
1236 1479 1502 1535 unitatem
1530 1494 1664 1536 suae
1689 1489 1919 1535 naturae
1946 1480 2101 1536 dese-

507 1570 704 1636 rentis,
732 1586 840 1628 non
886 1572 1243 1641 praevidisset
1268 1589 1282 1638 ;
1324 1572 1489 1628 homo
1518 1580 1699 1628 autem
1727 1580 1853 1643 post
1886 1572 2103 1628 ruinam

503 1674 664 1716 suam
693 1661 763 1716 de
789 1662 1021 1718 summis
1045 1663 1112 1716 ad
1136 1662 1267 1729 ima,
1294 1662 1363 1718 de
1390 1663 1629 1719 aeternis
1650 1664 1719 1718 ad
1753 1662 2097 1735 temporalia,

2201 556 2372 617 geret,
2404 547 2626 618 soloque
2665 548 3053 622 intelligentiae
3079 548 3255 606 oll‘tcio
3282 550 3557 619 frueretur
3592 571 3643 607 ι.
3681 554 3791 629 (ιιι,

2203 638 2292 706 l6,
2325 640 2438 711 ιθ.)

2917 732 3067 805 553.

2272 842 2381 899 Sed
2424 860 2566 915 quae
2607 846 2824 902 tandem
2875 854 3002 902 sunt
3050 845 3151 900 ista
3201 862 3464 917 nugarum
3515 851 3794 904 monstra!

2198 933 2330 992 Ideo
2351 935 2493 993 hanc
2520 953 2704 993 rerum
2728 939 3138 995 universitatem
3167 955 3196 994 a
3219 939 3330 996 Deo
3355 941 3653 1007 conditam,
3680 944 3797 998 sive

2199 1024 2255 1079 in
2304 1034 2507 1082 statum
2552 1027 2883 1084 deteriorem
2928 1030 3222 1093 detrusum,
3262 1039 3319 1083 ut
3365 1032 3592 1097 homini,
3629 1048 3795 1102 quem

2198 1116 2343 1174 Deus
2377 1132 2475 1173 sua
2511 1127 2703 1189 sponte
2730 1121 3040 1191 propediem
3074 1121 3214 1175 istuc
3241 1119 3607 1191 profecturum
3636 1138 3797 1193 prae-

2198 1208 2468 1273 scivisset,
2482 1216 2539 1265 et
2556 1210 2866 1280 paenitendi
2885 1222 2941 1266 et
2965 1211 3339 1282 secnrrigendi
3366 1215 3588 1267 daretur
3609 1213 3799 1269 locus!

2198 1295 2351 1353 Hanc
2391 1299 2562 1369 ipsam
2612 1315 2733 1355 esse
2764 1301 2923 1370 primi
2965 1301 3208 1357 hominis
3241 1303 3796 1372 praevaricationem,

2199 1401 2360 1457 quam
2382 1389 2764 1458 vocant,quod
2791 1390 2858 1445 de
2878 1405 3163 1445 causarum
3189 1391 3616 1461 primordialium
3641 1395 3796 1462 sede,

2196 1475 2301 1531 hoc
2315 1484 2417 1542 est,
2432 1492 2500 1532 ex
2516 1477 2634 1549 ipso
2646 1478 2759 1534 Deo
2777 1477 2999 1550 ejusque
3013 1479 3154 1535 Filio
3169 1482 3446 1551 unigenito
3460 1484 3513 1537 in
3532 1483 3674 1539 hanc
3691 1494 3799 1540 ter»

2197 1582 2339 1635 ram,
2366 1570 2545 1625 brutis
2572 1570 2898 1627 animalibus
2928 1572 3448 1637 incolendam,.sese
3477 1575 3797 1632 demiserit!

2197 1658 2312 1715 Non
2340 1661 2499 1717 modo
2521 1669 2645 1732 post
2676 1672 2959 1732 peccatum
2988 1665 3228 1731 demum,
3257 1667 3359 1727 sed
3378 1666 3541 1721 etiam
3570 1674 3802 1737 propter

509 1753 580 1808 de
602 1754 978 1824 spiritualibus
1003 1756 1070 1810 ad
1097 1754 1405 1827 corporalia
1424 1787 1496 1799 —
1518 1788 1589 1798 —
1615 1770 1772 1812 suum
1804 1757 2095 1813 miserabi-
2127 1804 2168 1827 η
2197 1751 2369 1808 solum
2384 1761 2663 1823 peccatum
2691 1754 2795 1809 ista
2812 1754 2973 1809 unius
3002 1755 3238 1811 hominis
3260 1756 3794 1812 divisioneduosho-

2121 1804 2169 1866 Β

506 1846 615 1901 lem
646 1847 923 1904 interitum
944 1890 959 1916 ,
998 1850 1091 1905 tali
1125 1864 1298 1919 poena
1324 1850 1657 1917 admonitus,
1688 1850 1865 1920 potuit
1892 1865 2094 1921 cogno.
2121 1844 2169 1866 ν
2199 1844 2375 1900 mines
2400 1859 2523 1901 esse
2563 1844 2767 1901 factos!
2796 1845 3068 1901 diabolum
3095 1847 3345 1903 homines
3390 1848 3541 1902 intra
3584 1847 3676 1902 teli
3704 1845 3799 1903 sui

506 1952 686 2006 scere,
716 1947 779 1994 ut
814 1941 882 1996 ad
910 1956 1042 1996 suae
1067 1942 1344 2014 dignitatis
1364 1942 1653 2013 pristinum
1684 1951 1882 1998 statum
1910 1943 2099 2014 poenio

505 2033 678 2088 tendo
702 2032 1023 2104 divinasque
1050 2036 1219 2105 leges.
1246 2051 1385 2107 quas
1424 2044 1805 2108 transgressus
1825 2044 1971 2103 erat,
1995 2036 2097 2092 im-

502 2121 706 2192 plendo
733 2124 911 2180 redire
940 2125 1241 2195 postularet
1266 2144 1312 2180 ι.
1344 2125 1428 2197 (ll,
1454 2127 1567 2195 12.)
2062 2146 2071 2149 -

1223 2237 1252 2310 5
1290 2238 1379 2294 49.

578 2347 758 2418 Atque
773 2350 907 2406 haec
936 2350 1050 2421 ipsa
1076 2350 1225 2408 Seoti
1250 2351 1410 2408 verba
1438 2352 1603 2408 etiam
1626 2352 1756 2407 illud
1778 2352 2099 2419 ostendunt,

507 2439 636 2510 quid
667 2439 737 2496 sit
762 2442 811 2496 ei
847 2442 1007 2512 primi
1048 2442 1308 2508 hominis,
1347 2452 1406 2498 ut
1447 2460 1571 2499 cum
1610 2444 1877 2515 theologis
1905 2443 2093 2514 loqua-

504 2546 652 2597 mur,
677 2533 1093 2602 praevaricatio.
1129 2532 1179 2590 ls
1227 2535 1371 2590 enim
1411 2554 1430 2586 ι
1463 2535 1624 2606 primi
1669 2536 1909 2591 hominis
1937 2551 2098 2592 casus

504 2632 562 2678 et
596 2622 849 2680 interitus
884 2646 902 2677 ι
944 2625 1159 2691 dicitur,
1204 2627 1349 2697 quod
1395 2646 1413 2678 ι
1442 2627 1706 2683 unitatem
1741 2627 1959 2693 divinae
1992 2642 2095 2682 na-

505 2720 665 2768 turae
698 2732 719 2765 ι
753 2712 831 2784 (in
863 2729 967 2785 qua
993 2730 1118 2770 cum
1158 2715 1493 2786 reliquarum
1542 2731 1727 2771 rerum
1767 2717 1953 2773 causis
1983 2717 2098 2788 pri—

503 2805 863 2863 mordialibus
890 2806 1164 2877 propriam
1194 2822 1324 2862 suae
1346 2806 1623 2879 dignitatis
1644 2817 1807 2878 atque
1827 2808 2097 2865 essentiae

503 2893 693 2949 sedem
717 2896 997 2952 ootinebat
1018 2895 1082 2970 [l,
1115 2897 1182 2963 7;
1221 2896 1313 2963 lV,
1342 2897 1410 2952 l0
1432 2915 1451 2964 ;
1477 2897 1540 2962 ll,
1564 2897 1599 2953 6
1620 2898 1863 2972 seqq.]),
1892 2919 1911 2953 ι
1943 2899 2100 2955 dese-

504 2988 701 3054 ruerit,
722 2997 887 3060 atque
931 2992 1006 3046 ita
1043 2991 1111 3047 de
1143 2990 1372 3047 summis
1413 2993 1479 3047 ad
1506 2993 1613 3047 ima
1636 3033 1651 3057 ,
1687 2994 1753 3048 de
1782 2994 2003 3049 internis
2027 2994 2097 3049 ad

506 3082 830 3153 temporalia
865 3102 883 3135 ι
915 3113 987 3124 --
1006 3113 1076 3124 —
1103 3084 1175 3139 sit
1198 3083 1553 3140 deturbatus!
1576 3085 1589 3138 !
1616 3083 1731 3140 Hoc
1753 3093 1932 3140 autem
1963 3083 2095 3139 Sco-

507 3181 621 3240 tus,
648 3182 710 3229 ut
730 3173 1105 3245 philosophiae
1130 3175 1300 3245 ipsius
1337 3176 1472 3230 satis
1515 3177 1794 3243 convenit,
1824 3176 1899 3230 ita
1927 3176 2093 3231 etiam
2122 3166 2171 3229 C

516 3272 836 3319 constanter
859 3264 1035 3321 docet.
1072 3263 1178 3336 (Cf.
1211 3264 1262 3338 §,
1288 3265 1359 3320 50
1387 3265 1569 3336 seqq.)

1226 3376 1254 3447 ε
1296 3375 1386 3431 50.

588 3503 607 3538 ι
637 3484 856 3543 Primus
888 3487 1052 3542 homo
1094 3486 1526 3557 praevaricando
1576 3486 1723 3542 illam
1748 3485 2094 3557 dignitatem,
2137 3480 2148 3492 ’

512 3593 619 3649 qua
640 3578 694 3633 in
725 3578 1170 3650 primordialibus
1196 3578 1380 3634 causis
1403 3588 1631 3635 ornatus
1651 3586 1794 3643 erat,
1830 3577 2094 3634 deseruit.

510 3668 655 3726 llinc
681 3671 752 3727 ab
773 3670 1017 3743 angelica
1047 3672 1114 3726 ad
1136 3670 1446 3742 pecorinam
1470 3679 1582 3727 non‘
1613 3669 1789 3726 solum
1806 3670 2097 3735 essentiae,

511 3761 612 3818 sed
666 3762 837 3817 etiam
885 3762 1353 3834 multiplicationis
1399 3763 1667 3818 rationem
1714 3762 1943 3817 corruit.
1983 3760 2100 3815 Hac

511 3854 659 3911 enim
681 3855 749 3911 de
773 3869 936 3911 causa
973 3856 1137 3910 etiam
1168 3855 1223 3910 in
1263 3854 1563 3910 masculum
1595 3863 1651 3911 et
1673 3851 1930 3909 feminam
1957 3852 2099 3907 divi-

513 3961 610 4004 sus
645 3954 754 4013 est,
804 3962 972 4019 quum
1012 3955 1203 4015 antea,
1250 3947 1307 4002 in
1351 3947 1591 4003 aeternis
1627 3946 1741 4003 suis
1775 3945 2098 4012 rationibus,

512 4050 623 4091 non
668 4037 895 4095 haberet
942 4037 1259 4094 divisionem
1309 4053 1576 4104 sexuum,
1619 4038 1712 4094 sed
1773 4036 2103 4107 simpliciter

513 4126 680 4183 homo
723 4138 887 4184 esset.
932 4128 1242 4200 lterumque
1270 4139 1393 4200 post
1455 4129 1815 4185 univcrsalem
1857 4128 2101 4184 omnium

519 4233 811 4289 corporum
833 4220 1311 4287 resurrectionem,
1332 4235 1473 4291 quae
1501 4221 1555 4275 in
1580 4220 1685 4275 line
1712 4220 1896 4274 mundi
1921 4218 2101 4274 futura

516 4311 736 4378 dicitur,
778 4311 916 4367 haec
944 4326 1172 4368 sexuum
1198 4312 1394 4369 divisio
1419 4328 1526 4368 non
1555 4312 1790 4382 amplius
1832 4312 1958 4366 erit.
1989 4310 2100 4365 Ta-

514 4400 584 4457 lis
610 4402 836 4457 masculi
857 4412 914 4458 et
935 4402 1171 4459 feminae
1208 4405 1467 4459 adunatio
1509 4403 1563 4458 in
1599 4403 1884 4459 Salvatore
1915 4411 2102 4458 nostro

2192 1931 2400 2004 jactum
2421 1936 2724 2005 accepisse!
2746 1949 2998 2006 corpora,
3018 1951 3158 2008 quae
3185 1947 3488 2008 gestamus,
3508 1938 3795 1995 hominum

2196 2027 2383 2098 generi
2416 2028 2580 2084 data!

2266 2120 2417 2189 Quae
2469 2131 2555 2177 est
2610 2122 2715 2178 ista
2763 2120 3046 2179 doctrinae
3091 2121 3437 2178 Christianae
3487 2129 3547 2177 et
3594 2136 3799 2179 sacrae

2199 2214 2551 2286 Scripturae,
2594 2224 2657 2271 ut
2700 2215 2774 2270 ita
2821 2215 3101 2282 dicamus,
3139 2216 3321 2272 irrisio
3357 2225 3415 2271 et
3452 2214 3795 2270 ludificatio!

2194 2305 2372 2375 Quam
2405 2315 2585 2361 autem
2617 2306 2753 2361 haec
2784 2305 2898 2375 ipsa
2939 2321 3050 2371 res,
3095 2305 3147 2359 id
3181 2304 3323 2375 quod
3358 2304 3525 2360 nobis
3543 2304 3799 2375 profecto

2198 2396 2582 2468 gravissimum
2626 2405 2729 2460 est,
2763 2395 2876 2450 sola
2920 2395 3037 2451 fere
3081 2393 3241 2464 hujus
3278 2394 3405 2450 libri
3446 2394 3797 2466 philosophia

2198 2499 2363 2559 atque
2390 2489 2569 2543 indole
2600 2498 2656 2542 et
2691 2489 2918 2558 prodiit,
2953 2498 3009 2544 ct
3037 2488 3261 2559 prodire
3287 2488 3513 2544 debuit!
3540 2487 3797 2559 Namque

2199 2578 2395 2635 Scotns
2432 2579 2745 2649 ceteroquin
2784 2594 2886 2635 nec
2927 2580 3232 2635 doctrinam
3262 2579 3653 2645 Christianam,
3686 2593 3797 2634 nec

2198 2687 2410 2728 sacram
2428 2671 2773 2741 Scripturam
2796 2672 2903 2728 ullo
2922 2682 3088 2743 pacto
3107 2673 3311 2744 sprevit
3329 2681 3424 2728 aut
3448 2672 3795 2742 repudiavit;

2196 2764 2304 2820 hoc
2340 2765 2514 2821 solum
2560 2765 2708 2832 fecit,
2739 2773 2799 2819 ut
2833 2780 2965 2820 suae
2994 2764 3368 2836 philosophiae
3401 2765 3615 2837 placitis
3641 2765 3797 2835 ipsas

2200 2857 2655 2911 accommodaret.
2695 2856 2848 2922 Quod
2878 2871 2981 2926 qua
3020 2865 3139 2910 arte
3180 2854 3441 2921 ellecerit,
3478 2855 3591 2926 jam
3621 2871 3795 2926 supra

2201 2947 2255 3019 (§
2287 2946 2373 3008 38.
2408 2947 2449 3001 ι.
2484 2945 2548 3018 ν)
2596 2947 3097 3012 animadvertimus,
3131 2961 3231 3002 nec
3273 2962 3384 3003 non
3432 2946 3579 3004 ilh'co
3624 2946 3795 3003 claris
3898 2990 3905 2993 -

2203 3037 2412 3109 aliquot
2442 3038 2782 3094 documentis
2808 3039 3176 3094 ostendemus.

2912 3168 3073 3245 gas.

2279 3325 2299 3357 ι
2333 3305 2726 3361 Plantationem
2752 3305 2869 3371 Dei,
2896 3305 3207 3376 paradisum
3232 3306 3284 3360 in
3311 3304 3481 3368 Eden,
3506 3319 3615 3360 non
3640 3301 3797 3365 aliud

2204 3396 2372 3453 fuisse
2400 3397 2649 3463 dicimus,
2681 3397 2786 3452 nisi
2822 3396 2993 3467 ipsam
3030 3397 3323 3452 humanam
3354 3405 3633 3461 naturam,
3654 3409 3793 3464 qna-

2203 3500 2360 3548 teuus
2386 3492 2453 3547 ab
2477 3492 2633 3546 initio
2647 3489 2714 3544 ad
2735 3490 3024 3559 imaginem
3041 3487 3138 3545 Dei
3162 3488 3289 3560 (hoc
3316 3498 3399 3544 est
3422 3489 3474 3544 in
3498 3486 3793 3559 principali

2204 3596 2300 3636 sua
2334 3579 2613 3650 dignitate)
2647 3578 2786 3635 facta
2825 3588 2972 3635 esset
3001 3597 3014 3632 :
3045 3579 3098 3633 iu
3127 3594 3191 3635 ea
3220 3579 3425 3649 lignum
3455 3579 3601 3635 vitae
3632 3576 3797 3647 (Ver-

2200 3674 2330 3730 bum
2382 3671 2636 3728 videlicet
2678 3669 2877 3738 Patris)
2910 3684 3129 3725 omnem
3177 3669 3546 3725 fructificabat
3584 3669 3796 3733 vitam;

2202 3768 2258 3821 in
2285 3764 2407 3832 ejus
2430 3764 2607 3820 medio
2644 3762 2768 3818 fons
2802 3763 3044 3817 omnium
3074 3761 3340 3818 bonorum
3382 3760 3593 3833 (eadem
3636 3760 3796 3815 vidc-

2202 3855 2329 3911 licet
2352 3854 2533 3909 divina
2560 3852 2847 3923 sapientia)
2871 3852 3157 3919 manabat;
3185 3861 3442 3921 quattuor
3467 3849 3584 3919 ejus
3613 3850 3796 3906 ﬂumi-

2203 3963 2300 4013 na,
2320 3962 2387 4001 ex
2409 3961 2519 4001 uno
2539 3944 2687 3999 fonte
2712 3944 3009 4009 manantia,
3033 3954 3160 3999 sunt
3182 3952 3439 4013 quattuor
3467 3942 3799 4012 principales

2204 4040 2419 4093 animae
2460 4037 2708 4100 virtutes,
2752 4051 2820 4089 ex
2866 4050 2974 4089 una
3024 4035 3287 4104 sapientia
3329 4032 3686 4104 proﬂuentes,
3725 4049 3799 4088 ex

2205 4128 2401 4200 quibus
2423 4127 2602 4182 omnis
2630 4125 2803 4181 virtus
2837 4134 2893 4180 et
2922 4123 3061 4180 bona
3088 4125 3331 4195 operatio
3359 4133 3531 4179 scatet
3562 4144 3608 4177 ι.

2283 4237 2303 4270 ι
2340 4217 2491 4274 Unus
2510 4217 2670 4270 homo
2691 4215 2745 4271 in
2764 4214 3014 4285 paradiso
3035 4215 3160 4287 (hoc
3187 4224 3295 4282 est,
3321 4215 3374 4270 in
3407 4215 3495 4269 illa
3518 4213 3800 4277 fclicitatis

2205 4311 2535 4381 conditione)
2566 4310 2768 4366 dicitur
2796 4318 3032 4372 creatus,
3056 4325 3166 4379 quo
3202 4309 3257 4363 in
3290 4309 3508 4364 homine
3531 4317 3587 4365 et
3616 4309 3700 4362 vir
3741 4317 3798 4362 et

2207 4404 2403 4460 mulier
2446 4400 2765 4476 {secundum
2807 4404 3141 4478 Patres(?)}
3186 4406 3520 4476 intelligitur.
3565 4403 3662 4459 Vir
3712 4411 3800 4458 est

516 4509 685 4565 quum
712 4504 1045 4564 resurgeret,
1074 4497 1311 4568 primum
1338 4506 1422 4553 est
1450 4495 1593 4552 facta
1631 4510 1647 4550 :
1690 4496 1742 4550 in
1768 4509 1832 4550 eo
1853 4496 2022 4561 enim,
2045 4504 2103 4549 ut
2134 4516 2181 4576 ο
2209 4498 2454 4561 animus,
2492 4504 2639 4564 νοῦς,
2681 4499 2967 4555 universae
3007 4508 3235 4554 naturae
3277 4498 3549 4554 humanae
3586 4496 3799 4568 praesi-

518 4590 596 4645 ait
635 4589 963 4660 Apostolus,
993 4606 1100 4646 non
1138 4600 1223 4647 est
1263 4591 1541 4648 masculus
1583 4605 1760 4663 neque
1799 4590 1998 4647 femina
2053 4609 2101 4646 ι.

518 4680 608 4754 (ιι,
637 4682 671 4736 6
702 4696 856 4753 seqq.
879 4698 894 4749 ;
920 4679 1011 4737 1v.
1041 4682 1098 4739 9.
1129 4683 1218 4739 ιε.
1250 4684 1365 4755 l5.)

1231 4798 1260 4871 ξ
1300 4798 1390 4854 δι.

594 4927 614 4963 ι
645 4908 819 4966 Homo
850 4910 1006 4982 prius
1048 4911 1101 4966 in
1146 4910 1327 4980 seipso
1368 4910 1552 4981 lapsus
1580 4920 1686 4978 est,
1722 4927 1890 4983 quum
1934 4927 1965 4967 a
1993 4911 2107 4968 dia.

518 5000 644 5063 bolo
691 5010 1012 5059 tentaretur.
1055 5000 1115 5057 Si
1152 5002 1205 5057 in
1237 5001 1329 5058 illo
1368 5009 1536 5067 statu,
1588 5018 1695 5073 quo
1742 5002 1891 5059 Deus
1926 5004 2103 5073 ipsum

518 5093 773 5163 primitus
799 5093 1133 5157 condiderat,
1166 5093 1482 5159 mansisset,
1510 5093 1563 5148 in
1592 5094 1867 5150 diabolum
1890 5110 1995 5151 non
2025 5095 2108 5149 in-

520 5185 803 5241 currisset.
830 5184 989 5240 Prius
1007 5198 1138 5254 ergo
1158 5183 1454 5259 descendit,
1487 5198 1780 5255 perversae
1806 5185 2108 5240 voluntatis

521 5285 672 5331 motu
713 5275 998 5346 impulsus,
1044 5285 1101 5330 et
1126 5275 1181 5330 in
1220 5291 1309 5331 res
1339 5278 1667 5348 temporales
1692 5294 1751 5333 se
1780 5278 2109 5348 praecipita-

522 5371 601 5426 vit
631 5371 915 5427 :cadendo
959 5379 1140 5426 autem
1180 5385 1210 5424 a
1261 5370 1475 5427 diabolo
1517 5372 1795 5428 sauciatus
1824 5379 1879 5427 et
1905 5370 2107 5443 spolia-

526 5470 615 5523 tus
637 5470 721 5518 est
752 5482 803 5516 ι.
834 5461 949 5533 (IV,
980 5462 1082 5529 15;
1106 5462 1179 5519 cf.
1209 5461 1299 5527 IV,
1331 5461 1450 5535 25.)

1238 5576 1267 5649 ς
1303 5577 1395 5632 52.

603 5705 623 5738 ι
664 5686 878 5744 Peccati
909 5689 1104 5746 merito
1140 5689 1332 5760 primis
1371 5689 1681 5746 hominibus
1719 5705 1942 5759 corpora
1987 5698 2116 5745 sunt

530 5778 652 5834 data
693 5794 707 5834 :
748 5792 875 5837 ante
923 5789 1207 5852 peccatum
1258 5782 1421 5839 homo
1472 5791 1655 5838 tantae
1716 5782 2114 5854 spiritualitatis

2207 4592 2341 4647 deus
2380 4608 2394 4645 :
2436 4591 2632 4646 mulier
2669 4600 2756 4647 cst
2797 4606 2989 4648 sensus
3040 4606 3358 4662 corporeus.
3399 4590 3662 4653 αἴσθησις,
3707 4588 3803 4649 cui

2209 4684 2425 4738 incaute
2465 4685 2813 4740 consentiens
2858 4684 3076 4740 animus
3124 4684 3390 4754 perditur.
3423 4683 3526 4751 Qui
3593 4680 3696 4737 fuit
3740 4681 3797 4736 in

2209 4775 2303 4830 illo
2329 4776 2582 4846 paradiso
2623 4775 2882 4847 Serpens,
2911 4784 2995 4832 est
3024 4776 3207 4831 illicita
3237 4775 3543 4835 delectatio,
3574 4789 3683 4844 qua
3708 4789 3799 4838 ea,

2208 4881 2348 4937 quae
2376 4866 2653 4921 carnalem
2684 4876 2901 4921 sensum
2935 4866 3225 4928 delectant,
3252 4866 3633 4921 damnabiliter
3659 4880 3801 4920 con-

2210 4960 2582 5029 cupiscuntur.
2618 4959 2909 5029 Postquam
2942 4960 3106 5014 homo
3140 4959 3194 5013 in
3234 4972 3484 5028 soporem
3527 4956 3718 5012 incidit
3746 4965 3802 5010 et

2206 5050 2554 5116 obdormivit,
2596 5052 2735 5107 Dens
2781 5067 2847 5106 ex
2895 5051 3064 5119 ipsius
3110 5061 3261 5106 costa
3309 5050 3439 5106 fecit
3480 5048 3804 5113 mulierem,

2210 5142 2314 5197 hoc
2354 5149 2460 5207 est,
2489 5156 2654 5210 quum
2687 5141 2848 5196 homo
2889 5140 3034 5194 illam
3071 5140 3242 5195 animi
3283 5139 3658 5200 intentionem,
3692 5153 3802 5205 qua

2214 5249 2432 5304 semper
2456 5244 2514 5289 et
2540 5231 2908 5288 inflexibilitcr
2933 5242 3241 5289 creatorem
3262 5246 3419 5286 suum
3441 5227 3805 5298 contemplari

2213 5325 2510 5391 debuerat,
2554 5325 2622 5379 ad
2669 5322 3061 5378 delectationes
3092 5337 3272 5378 rerum
3317 5319 3680 5375 materialiuin
3714 5332 3805 5372 re-

2212 5413 2452 5471 ﬂexissct
2487 5424 2548 5470 et
2594 5414 2832 5469 carnalis
2869 5414 3095 5483 copulae
3142 5412 3383 5483 appetitu
3433 5410 3699 5472 dedisset,
3745 5423 3809 5464 se

2215 5506 2389 5574 ipsum
2429 5505 2652 5560 omnino
2688 5515 3052 5562 aeternaeac
3094 5498 3288 5560 beatae
3329 5500 3807 5570 contemplationis

2214 5596 2401 5666 vigore
2457 5596 2790 5667 segregavit,
2844 5596 2898 5651 in
2954 5594 3367 5652 delectationem
3431 5590 3806 5656 sensibilium,

2216 5689 2361 5755 omni
2392 5689 2590 5742 virtute
2615 5695 2928 5751 evacuatus,
2964 5686 3181 5751 cecidit,
3218 5685 3469 5740 sensibus
3506 5682 3802 5754 spirituali-

2220 5784 2322 5838 bus
2365 5783 2581 5854 penitus
2630 5781 2873 5838 recessit.
2907 5779 3136 5847 Quando
3181 5790 3362 5835 autem
3410 5779 3571 5832 homo
3616 5776 3690 5831 ita
3738 5790 3813 5873 ue‘
