4036 5808
284 344 366 421 ⁷⁷

1093 365 1180 422 DE
1224 365 1380 421 VITA
1419 364 1506 420 ET
1546 358 1957 420 PRIECEPTIS
1994 358 2042 415 J.
2080 355 2302 414 SCOTI.
2342 360 2415 403 -ἐ
2446 361 2628 418 PARS
2662 363 2725 418 ll.
3498 371 3567 430 ἰε

288 488 527 535 naturae
571 494 702 535 suae
746 478 1008 551 dignitate
1047 479 1232 550 lapsus
1263 487 1401 546 erat,
1431 479 1595 535 etiam
1625 478 1707 534 sui
1737 476 1873 532 divi-
1903 476 1952 536 Α
1978 487 2039 528 se
2074 471 2190 541 ipso
2228 472 2540 543 specialiter
2574 468 2821 545 perfecit,
2859 476 3186 547 gena-aliter
3224 480 3278 535 in
3317 481 3569 539 omnibus

286 573 504 628 sionem
543 572 597 626 in
646 572 899 626 maritum
929 580 986 627 et
1017 570 1297 635 feminam,
1329 586 1591 640 suamque
1624 569 1692 623 ad
1732 566 1883 622 simi-

288 661 580 719 litudinem
663 676 923 732 pecorum
994 661 1438 734 propagationem
1468 701 1482 727 ,
1558 667 1881 716 consecutus

286 760 379 808 est
422 771 470 808 ι.

370 864 390 895 ι
438 844 591 901 Licet
626 845 809 917 plures
855 846 1050 902 harum
1099 859 1282 901 rerum
1314 860 1343 900 a
1385 861 1540 902 sacra
1569 844 1875 914 Scriptura.

280 937 449 1007 quasi
508 946 635 993 ante
684 937 920 993 hominis
954 953 1140 994 casum
1187 937 1384 1002 factae,
1416 946 1729 1002 narrentur,
1776 938 1878 991 hoc

282 1034 514 1084 nostrae
540 1029 845 1084 sententiae
878 1043 984 1084 non
1027 1037 1321 1099 repugnat;
1355 1043 1530 1097 neque
1553 1028 1699 1082 enim
1726 1027 1877 1099 igno-

283 1132 500 1186 ramus,
542 1120 953 1175 usitatissimum
995 1134 1115 1174 esse
1161 1119 1377 1175 divinae
1406 1120 1720 1189 Scripturae
1760 1126 1875 1173 troo

282 1222 441 1279 pum,
471 1209 561 1278 qui
595 1225 624 1262 ξι
651 1208 875 1266 Graecis
913 1210 1132 1285 εστιρον
1167 1209 1413 1285 πρότερον
1450 1211 1567 1265 sive
1598 1209 1873 1285 πρόληψις,

282 1316 313 1352 a
357 1299 568 1355 Latinis
606 1308 1014 1371 praeposterum
1052 1301 1169 1356 sive
1208 1300 1524 1370 anticipatio
1561 1309 1790 1356 vocatur
1825 1320 1872 1354 ι.

278 1392 400 1463 (IV,
434 1391 643 1465 lli-23.)

1001 1462 1030 1536 ς
1071 1462 1160 1518 55.

366 1578 474 1633 fall
511 1577 676 1649 igitur
703 1576 938 1633 artiﬁcio
966 1576 1181 1641 SCOlIlS,
1210 1577 1469 1647 quidquid
1508 1592 1700 1632 sacrae
1723 1575 1871 1634 Scri-

274 1682 461 1735 turae,
493 1671 757 1742 quidquid
786 1670 1068 1727 doctrinae
1094 1670 1434 1728 Christianae
1471 1673 1525 1727 in
1549 1673 1717 1742 ipsius
1743 1673 1865 1743 phi-

276 1760 583 1832 losophiam
608 1761 818 1824 incidit,
847 1760 960 1816 fere
985 1762 1336 1832 depravatum
1366 1763 1545 1818 habet.
1580 1762 1694 1818 liae
1721 1764 1865 1819 enim

1982 562 2248 634 perﬁciet.
2290 562 2407 619 Non
2456 565 2581 620 dico
2617 566 2671 620 in
2713 565 2965 622 omnibus
3008 567 3317 627 hominibus
3364 571 3568 629 solum-

1981 656 2167 720 modo,
2193 655 2288 710 sed
2330 656 2384 710 in
2425 656 2573 711 onmi
2615 655 2857 713 sensibili
2892 668 3159 715 creatura.
3190 658 3368 731 [psum
3397 661 3566 733 siqui-

1979 746 2104 801 dem
2148 745 2241 801 Dei
2284 745 2544 809 Verbum,
2586 747 3043 819 quandoaecepit
3079 749 3371 807 humanam
3407 762 3553 810 natu-

1980 852 2128 902 ram,
2190 839 2393 894 nullam
2445 849 2684 895 creatam
2749 842 3111 898 substantiam
3164 847 3561 916 praetermisit,

1978 943 2140 1000 quam
2198 947 2307 987 non
2353 933 2585 1003 accepit.
2617 932 2694 988 Ac
2722 948 2819 1004 per
2848 933 2969 1000 hoc,
2996 935 3042 990 si
3074 935 3367 992 humanam
3408 949 3565 996 natu—

1979 1038 2118 1085 ram.
2146 1040 2310 1095 quam
2336 1025 2566 1096 accepit,
2596 1026 2827 1081 salvavit
2870 1034 2929 1083 et
2972 1029 3320 1097 restauravit,
3346 1044 3565 1087 omnem

1975 1113 2221 1186 profecto
2247 1125 2580 1183 creaturam,
2606 1117 2874 1173 visibilem
2900 1128 2957 1175 et
2982 1119 3329 1185 invisibilem,
3356 1132 3565 1180 restituo

1974 1208 2117 1262 ravit
2153 1227 2197 1262 ι.
2235 1208 2323 1279 (V,
2369 1208 2470 1275 25;
2516 1210 2589 1264 el'.
2619 1210 2686 1274 V,
2714 1209 2900 1265 27.36
2942 1211 3020 1283 [ρ.
3049 1212 3156 1268 289
3184 1214 3317 1269 edit.
3349 1212 3560 1289 Oxon];

1972 1297 2062 1364 ΙΙΙ,
2092 1300 2195 1365 20;
2229 1300 2321 1366 IV,
2351 1300 2386 1355 5
2412 1300 2489 1373 [ρ.
2526 1301 2627 1356 170
2644 1302 2778 1357 edit.
2808 1303 3021 1375 Oxon];
3055 1303 3143 1368 IV,
3166 1305 3233 1371 4;
3267 1305 3331 1371 ll,
3358 1307 3438 1377 9.)

1970 1408 1973 1413 ’
2044 1394 2225 1464 Atque
2252 1395 2355 1450 hoc
2382 1395 2647 1466 profecto,
2683 1396 2730 1450 si
2758 1396 3074 1466 quidquam,
3102 1398 3238 1454 artis
3263 1400 3421 1456 istius
3442 1400 3564 1456 Eri-

1972 1484 2237 1556 genianae
2261 1487 2534 1556 specimen
2557 1494 2641 1543 est
2665 1487 2973 1543 dicendum.
3005 1489 3177 1557 Quam
3205 1490 3402 1547 misere
3424 1492 3563 1548 hanc

1970 1576 2253 1632 doctrinae
2274 1574 2618 1632 Christianae
2646 1585 2854 1648 partem
2882 1578 2936 1633 in
2968 1578 3249 1650 uliginosis
3278 1581 3397 1637 istis
3425 1596 3560 1635 cau-

1964 1681 2157 1722 sarum
2207 1682 2431 1722 suarum
2479 1668 2910 1738 primordialium
2953 1667 3352 1742 ell‘ectuumque
3386 1688 3455 1728 ex
3495 1673 3561 1728 iis

1970 1757 2351 1828 profluentitnn
2377 1759 2663 1830 paludibus
2682 1759 2875 1831 polluit
2896 1770 3058 1832 atque
3080 1766 3344 1833 turpavit!

274 1854 334 1906 in
372 1868 432 1907 re
468 1853 756 1907 admodum
801 1852 904 1908 sibi
951 1864 1349 1909 consentaneus
1376 1852 1495 1908 fuit.
1521 1853 1675 1923 Quod
1714 1854 1863 1911 Iucu-
1894 1838 1940 1898 Β
2038 1849 2222 1921 Neque
2248 1851 2467 1917 Scotus,
2489 1853 2617 1907 dum
2642 1853 2778 1909 satis
2802 1853 2906 1909 sibi
2931 1863 3184 1911 constare
3204 1856 3354 1923 velit,
3374 1855 3561 1914 Eccle-

275 1943 476 1999 lcutius
518 1944 683 1998 etiam
733 1941 1009 2014 probaturi
1043 1959 1207 2015 quam
1248 1944 1489 2000 maxime
1514 1960 1714 2015 operae
1741 1960 1865 2014 pre—

276 2036 410 2089 tium
462 2033 660 2089 fecisse
711 2034 973 2099 videmur,
1019 2035 1065 2089 si
1115 2034 1238 2090 illa.
1267 2048 1408 2106 quae
1451 2035 1519 2090 de
1560 2035 1859 2100 hominum,

273 2125 466 2180 Adami
495 2125 653 2194 culpa
683 2126 1040 2196 perditorum,
1082 2126 1469 2195 redemptione.
1503 2126 1570 2180 de
1613 2135 1860 2197 peccato,

271 2218 342 2271 de
371 2217 581 2287 peccati
624 2232 798 2288 poena
843 2218 1124 2283 docentur,
1155 2218 1341 2289 paucis
1374 2218 1633 2273 adstricta
1668 2219 1859 2275 retule-

271 2309 464 2365 rimus.

989 2377 1018 2451 ς
1058 2379 1145 2436 ss.

348 2513 368 2547 ι
404 2493 630 2559 Omnia,
679 2508 823 2565 quae
861 2508 927 2550 ex
972 2510 1136 2550 causa
1181 2495 1423 2551 omnium
1460 2516 1478 2550 ι
1513 2495 1639 2568 (hoc
1666 2505 1750 2552 est
1774 2497 1861 2552 vel

265 2586 434 2653 Deus,
471 2585 559 2642 vel
582 2587 893 2659 unigenitus
939 2587 1035 2642 Dei
1072 2585 1242 2643 Filius
1272 2586 1365 2661 (cf.
1400 2587 1428 2660 §
1457 2586 1693 2661 28-30])
1755 2607 1774 2641 ι
1806 2596 1862 2645 et

266 2691 337 2732 ex
374 2676 558 2731 causis
603 2676 1062 2746 primordialihus,
1096 2677 1153 2732 in
1197 2691 1262 2733 ea
1304 2678 1634 2744 constitutis,
1669 2694 1861 2750 proce-

267 2769 427 2835 dunt,
458 2768 804 2833 viieseerent,
840 2768 949 2824 imo
986 2768 1153 2823 etiam
1180 2768 1398 2839 penitus
1426 2770 1692 2839 perirent,
1718 2770 1765 2826 si
1791 2771 1860 2828 ad

266 2857 471 2914 fontem
498 2873 657 2914 suum
685 2857 865 2914 redire
885 2874 1063 2930 neque
1080 2865 1320 2931 possent,
1344 2873 1522 2932 neque
1546 2860 1790 2918 redirent
1809 2881 1856 2917 ι.

264 2950 360 3023 (v,
388 2951 505 3023 36.)

341 3063 360 3094 ι
399 3042 542 3098 Deus
581 3042 788 3113 itaque,
832 3040 930 3097 Dei
954 3040 1229 3109 Verbum,
1259 3042 1314 3098 in
1359 3056 1468 3113 quo
1492 3041 1675 3099 omnia
1715 3042 1856 3099 facta

262 3147 396 3192 sunt
430 3135 730 3192 causaliter
747 3144 807 3191 et
833 3135 1155 3202 subsistunt,
1184 3136 1481 3192 secundum
1525 3151 1681 3192 suam
1719 3136 1858 3192 divi-

1968 1940 2083 1996 siae
2118 1942 2300 1997 verbis
2346 1943 2529 1998 dicere
2568 1953 2731 2013 queat
2763 1963 2775 1999 :
2810 1964 2829 1996 ι
2860 1944 2963 2014 Qui
3002 1953 3224 2017 propter
3250 1963 3352 2005 nos
3379 1949 3558 2005 homi-

1966 2046 2064 2085 nes
2091 2038 2145 2086 et
2165 2041 2352 2102 proter
2382 2042 2625 2089 nostram
2656 2035 2890 2090 salutem
2915 2037 3199 2092 descendit
3223 2037 3290 2094 de
3317 2038 3470 2113 coelo
3500 2041 3555 2094 il

1964 2126 2059 2178 sed
2094 2125 2161 2179 ad
2190 2140 2322 2181 suae
2366 2126 2743 2196 philosophiae
2787 2126 2980 2197 placita
3025 2128 3126 2184 hoc
3164 2130 3355 2200 potius
3376 2130 3577 2187 dicerer

1964 2214 2197 2273 debeat;
2231 2234 2250 2268 ι
2280 2217 2381 2285 Qui
2420 2228 2641 2287 propter
2684 2220 3033 2290 semetipsum
3075 2229 3133 2275 et
3163 2230 3384 2293 propter
3413 2222 3557 2279 hanc

1964 2324 2147 2366 rerum
2172 2313 2603 2379 universitatem,
2630 2324 2852 2386 propter
2878 2331 3033 2370 suam
3061 2318 3232 2388 ipsius
3255 2328 3312 2375 et
3337 2329 3560 2391 propter

1964 2398 2124 2468 hujus
2179 2416 2361 2457 rerum
2419 2403 2787 2460 uniVersitalis
2844 2405 3076 2462 salutem
3121 2409 3426 2466 descendit
3485 2411 3557 2468 de

1965 2490 2116 2545 coelo
2154 2493 2209 2545 ti

2674 2566 2703 2638 ς
2746 2567 2835 2623 57.

2033 2672 2298 2741 Quoniam
2332 2676 2566 2747 denique
2588 2678 2772 2749 cperis
2801 2680 2973 2738 nostri
3002 2680 3313 2753 Erigeniani
3338 2697 3556 2742 senten-

1962 2763 2092 2818 tiam
2120 2765 2189 2819 de
2217 2774 2445 2835 peccato
2480 2774 2534 2821 et
2568 2768 2778 2836 peccati
2806 2784 2978 2838 poena
3013 2786 3202 2827 sumus
3230 2776 3549 2845 exposituri.

1959 2854 2053 2924 qui
2096 2856 2279 2924 operis
2307 2855 2374 2911 de
2404 2855 2899 2926 praedestinatione
2932 2860 3238 2917 doctrinam
3269 2862 3362 2933 (cf.
3388 2879 3550 2934 supra

1958 2943 2093 3014 Cap.
2125 2944 2216 3017 iV)
2270 2947 2512 3011 noverit,
2554 2948 2721 3003 etiam
2766 2949 2909 3004 hanc
2954 2948 3070 3005 fere
3108 2952 3381 3023 cegnitam
3448 2954 3548 3009 ha.-

1957 3034 2132 3091 bebit.

2028 3130 2095 3185 A.
2129 3130 2171 3187 1.
2210 3130 2482 3202 Quidquid
2530 3145 2652 3188 esse
2697 3133 2899 3188 dicitur
2936 3133 3085 3199 mali.
3124 3134 3554 3192 substantialiter

263 3227 496 3282 nitatem
544 3226 826 3281 descendit
871 3226 924 3279 in
968 3241 1277 3292 causarum,
1311 3242 1452 3298 quae
1488 3227 1543 3282 in
1576 3228 1693 3300 ipso
1723 3229 1851 3285 sub-
1881 3199 1929 3262 ε
1960 3222 2013 3277 in
2048 3206 2245 3277 rerum
2300 3231 2495 3279 natura
2538 3239 2643 3279 non
2695 3224 2989 3279 invenitur.
3038 3225 3224 3295 Neque
3270 3226 3415 3282 enim
3463 3236 3550 3282 est

261 3319 485 3384 sistunt,
514 3317 757 3385 effectus,
790 3319 846 3373 in
878 3319 1042 3375 istum
1070 3319 1321 3376 videlicet
1349 3320 1659 3377 sensibilent
1693 3338 1852 3377 mun-

261 3413 392 3469 dum
426 3431 480 3466 ι.

337 3522 358 3556 ι
395 3503 551 3572 Quod
602 3504 898 3559 humanam
947 3511 1153 3561 tantum
1180 3506 1478 3577 assumpsit
1512 3514 1763 3563 naturam
1803 3530 1851 3576 ι,

256 3594 352 3666 (id
390 3603 476 3651 est
526 3594 580 3649 in
613 3595 903 3650 humanam
953 3606 1162 3651 tantum
1214 3605 1462 3653 naturam
1510 3594 1847 3671 descendit),

261 3707 285 3741 ι
318 3686 443 3743 ideo
475 3686 676 3742 factum
704 3695 808 3754 est,
837 3687 977 3757 quod
1007 3688 1059 3742 iu
1090 3688 1308 3744 homine
1333 3690 1511 3745 omnis
1536 3700 1591 3746 et
1621 3692 1850 3749 visibilis

256 3788 314 3833 ct
338 3777 629 3833 invisibilis
657 3787 908 3833 creatura
949 3799 968 3832 ι
1002 3777 1188 3849 (homo
1217 3779 1468 3835 videlicet
1492 3796 1557 3836 ex
1587 3783 1771 3838 animo
1791 3794 1850 3841 et

255 3881 487 3937 corpore
514 3876 730 3923 constat
752 3867 849 3940 (cf.
886 3888 904 3919 ι
937 3868 1005 3924 de
1031 3868 1140 3925 div.
1170 3867 1293 3925 Nat.
1322 3869 1384 3935 ll,
1415 3871 1450 3926 5
1478 3871 1691 3945 seqq.])
1719 3874 1850 3930 con-

258 3957 463 4012 tinetur
491 3977 557 4012 ιν

333 4066 353 4099 ι
392 4048 682 4104 Descendit
706 4059 887 4105 autem
920 4051 1157 4108 Verbum
1182 4052 1278 4109 Dei
1305 4069 1411 4111 non
1439 4055 1599 4111 aliam
1624 4057 1694 4114 ob
1723 4074 1846 4114 can-

253 4149 394 4199 sam,
425 4133 529 4188 nisi
572 4144 633 4189 ut
680 4151 987 4203 causarum,
1018 4152 1156 4208 quas
1193 4140 1489 4196 secundum
1525 4158 1678 4199 suam
1708 4145 1845 4201 divi-

254 4224 480 4278 nitatem
515 4225 866 4282 aeternalitcr
893 4238 943 4283 et
980 4230 1497 4287 incommutabiliter
1531 4233 1716 4301 habet,
1758 4248 1844 4292 se-
1912 4246 1917 4249 ‘

251 4314 488 4370 cundum
523 4332 677 4373 suam
710 4317 1103 4376 humanitatem
1139 4321 1363 4379 ell‘ectus
1394 4323 1648 4393 salvaret,
1676 4327 1842 4398 inque

252 4422 381 4462 suas
424 4421 617 4464 causas
659 4419 974 4476 revocaret,
1022 4421 1081 4466 ut
1117 4431 1136 4464 ι
1178 4412 1446 4488 (effectus)
1488 4436 1506 4468 ι
1552 4417 1605 4470 in
1647 4418 1777 4489 ipsis
1813 4439 1833 4473 ι

1955 3313 2174 3384 propria
2217 3328 2284 3368 ac
2330 3322 2480 3370 certa
2527 3315 2860 3380 substantia,
2904 3317 2997 3371 sed
3044 3315 3181 3371 nihil
3222 3317 3324 3372 nisi
3368 3327 3547 3374 motus

1955 3405 2198 3476 quidam.
2234 3406 2332 3461 Est
2356 3415 2536 3462 autem
2569 3416 2747 3463 motus
2773 3408 2863 3463 ille
2889 3423 2996 3464 non
3022 3418 3253 3467 naturae
3273 3411 3371 3483 (ita
3397 3412 3543 3467 enim
3579 3390 3599 3407 ’

1953 3499 2023 3554 ad
2060 3500 2233 3569 ipsum
2265 3499 2454 3565 Deum,
2488 3501 2579 3571 qui
2621 3514 2756 3555 eam
2786 3500 2939 3569 fecit,
2967 3500 3303 3575 referretur),
3342 3503 3437 3560 sed
3481 3504 3546 3559 li-

1952 3592 2115 3647 berae
2140 3591 2454 3648 voluntatis.
2489 3610 2510 3645 ¢
2544 3592 2743 3648 Malum
2774 3602 2979 3661 autem,
3004 3609 3105 3665 per
3134 3609 3193 3651 se
3219 3595 3546 3652 considera-

1953 3692 2088 3748 tum,
2124 3685 2346 3738 omnino
2376 3684 2509 3739 nihil
2546 3693 2633 3741 est
2676 3694 2894 3755 praeter
2935 3686 3387 3753 irrationabilem,
3417 3700 3543 3758 per-

1950 3789 2167 3829 versum
2220 3773 2424 3830 liberae
2460 3775 2759 3832 voluntatis
2784 3786 2990 3833 motum
3030 3798 3077 3832 ι.
3111 3810 3183 3823 --—
3224 3799 3245 3830 ι
3281 3778 3542 3853 Voluntas

1950 3865 2142 3936 (enim)
2178 3886 2224 3932 ι,
2260 3876 2319 3922 ιιι
2348 3867 2456 3923 alio
2488 3868 2606 3924 loco
2645 3869 2905 3940 scriptum
2932 3879 3036 3936 est,
3072 3890 3093 3922 ‹
3127 3871 3295 3927 libera
3337 3872 3404 3926 ad
3444 3872 3540 3927 eli-

1949 3958 2181 4028 gendum
2213 3958 2439 4019 bonum.
2470 3974 2530 4015 se
2557 3961 2729 4029 ipsam
2774 3962 3026 4018 servilem
3062 3963 3186 4019 fecit
3213 3964 3281 4018 ad
3310 3979 3540 4033 sequen-

1946 4047 2073 4102 dum
2100 4047 2356 4102 malumi.
2384 4047 2498 4120 (IV,
2525 4050 2591 4103 lli
2613 4049 2720 4121 [ed.
2744 4050 2846 4108 Ox.
2872 4068 2926 4123 p.
2951 4052 3077 4108 205.
3102 4053 3333 4127 p.206];
3365 4051 3429 4120 V,
3445 4054 3535 4110 26.

1945 4138 2017 4193 56
2042 4138 2131 4210 [ed
2154 4137 2254 4194 Ox.
2283 4155 2335 4210 p.
2365 4138 2491 4195 282.
2519 4140 2647 4196 285.
2672 4140 2834 4214 288];
2868 4142 2959 4208 ιν,
2984 4144 3071 4199 14.
3098 4144 3190 4198 22.
3219 4144 3337 4216 25.)

2015 4230 2076 4287 ll.
2125 4231 2301 4298 Quum
2335 4240 2511 4286 tamen
2556 4232 2722 4287 etiam
2772 4232 2945 4290 libera
2989 4235 3237 4290 voluntas
3262 4249 3293 4290 ιι
3326 4234 3440 4291 Deo
3466 4236 3538 4292 sit

1943 4321 2091 4387 data,
2108 4320 2233 4391 jure
2261 4321 2344 4377 vel
2376 4322 2479 4378 hac
2504 4321 2617 4378 sola
2642 4323 2708 4380 de
2727 4338 2888 4380 causa
2911 4334 3114 4381 motum
3139 4326 3285 4383 illum
3308 4340 3533 4398 perver-

1942 4429 2062 4470 sum
2102 4430 2208 4469 non
2259 4414 2475 4485 proprie
2504 4415 2704 4472 malum
2731 4457 2747 4484 ,
2785 4417 2880 4473 sed
2914 4436 2931 4469 ι
2964 4417 3213 4475 illicitum
3240 4438 3259 4472 ι
3298 4426 3529 4476 tantum-

251 4498 492 4608 (causis)’
526 4517 546 4550 ι
589 4498 851 4603 inell'ahili
904 4503 1137 4570 quadam
1186 4504 1544 4568 adunatione,
1598 4508 1740 4564 sicut
1780 4519 1839 4565 et
1864 4548 1915 4608 Β
1942 4507 2102 4562 modo
2137 4523 2421 4578 possumus
2467 4509 2761 4581 appellate.
2797 4509 2888 4584 (V,
2937 4511 3008 4567 36
3044 4513 3152 4584 [ed.
3198 4512 3299 4568 Ox.
3323 4530 3378 4585 p.
3401 4513 3531 4572 282.

252 4589 365 4659 ipsa
404 4609 422 4641 ι
473 4588 822 4659 (communis
867 4593 1143 4661 omnium)
1173 4611 1193 4644 ι
1227 4609 1389 4651 causa
1427 4616 1446 4649 ι
1493 4596 1689 4668 (ipsum
1740 4598 1834 4655 Dei
1864 4588 1913 4608 υ
1936 4603 2064 4659 285.
2095 4604 2284 4678 288}.)

250 4680 508 4753 Verbum)
539 4701 558 4736 ι
594 4683 941 4740 salvarentur
972 4705 1015 4740 ι.
1067 4687 1249 4761 (Nam)
1284 4707 1304 4741 ι
1337 4689 1383 4747 si
1431 4691 1525 4747 Dei
1566 4692 1835 4764 sapientia

248 4774 304 4829 in
327 4771 549 4832 elIcctus
575 4790 892 4842 causarum,
918 4792 1057 4850 quae
1086 4779 1140 4836 in
1161 4795 1223 4836 ea
1254 4784 1605 4841 aeternaliter
1625 4786 1831 4854 vivunt,

246 4884 353 4924 non
395 4869 777 4936 descenderet,
813 4886 1104 4928 causarum
1152 4876 1290 4931 ratio
1330 4877 1563 4947 periret;
1599 4893 1833 4951 pereun-

245 4959 388 5016 tibus
417 4961 565 5018 enim
601 4977 897 5019 causarum
942 4961 1219 5023 elfectibus
1263 4967 1409 5022 nulla
1450 4986 1611 5028 causa
1656 4986 1831 5027 rema-

244 5060 429 5117 neret,
473 5052 618 5108 sicut
670 5053 1031 5124 pereuntibus
1074 5058 1253 5114 causis
1302 5058 1433 5113 nulli
1489 5071 1837 5118 remanerent

244 5138 462 5197 ell'ectus
485 5159 499 5195 :
522 5142 656 5199 haec
674 5141 831 5197 enim
862 5141 1201 5203 relativorum
1226 5147 1434 5203 ratione
1461 5153 1621 5207 simul
1646 5153 1833 5209 oriun-

245 5239 325 5287 tur
347 5245 404 5291 et
432 5236 594 5292 simul
635 5235 923 5300 occidunt,
953 5247 1046 5293 aut
1081 5241 1238 5298 simul
1275 5250 1332 5299 et
1374 5257 1592 5318 semper
1618 5262 1835 5321 perma-

239 5333 365 5378 nent
394 5343 441 5378 ι.

306 5435 326 5467 ι
361 5415 743 5487 Totusitaquc
785 5416 1019 5473 mundus
1044 5410 1096 5476 in
1128 5425 1307 5482 Verbo
1329 5423 1496 5482 Dei...
1524 5428 1828 5497 incarnato,

234 5508 580 5566 inhumanalo
604 5509 799 5565 adhuc
823 5510 1126 5577 specialiter
1153 5520 1443 5576 restitutus
1474 5533 1559 5579 est
1592 5544 1610 5576 ι
1642 5524 1718 5596 (id
1746 5531 1831 5579 est

231 5602 507 5671 hucusque
554 5601 607 5659 in
652 5599 838 5657 solius
878 5606 1081 5662 lanium
1120 5610 1282 5667 Verbi
1328 5609 1522 5681 divini,
1554 5622 1614 5670 ut
1650 5615 1827 5683 aiunt,

228 5691 613 5762 humanitate);
669 5712 691 5743 ι
736 5690 797 5744 in
850 5687 953 5745 ﬁne
992 5710 1119 5755 vero
1164 5699 1354 5758 mundi
1401 5707 1735 5772 generaliter
1770 5714 1827 5761 et

226 5782 597 5808 nn—:mA—nn.:lns-
627 5784 679 5808 :n‘
719 5779 916 5808 ..Λίδη-αι
947 5798 972 5808 -

2010 4694 2096 4749 lll.
2137 4697 2206 4750 At
2233 4696 2556 4764 quibusdam
2594 4699 2715 4755 aliis
2753 4699 2887 4757 locis
2909 4700 3106 4758 Noster
3128 4704 3298 4760 multo
3322 4707 3537 4764 acutius

1939 4799 2121 4840 veram
2142 4786 2217 4841 rei
2247 4789 2512 4843 rationem
2534 4776 2748 4846 videtur
2767 4794 3129 4861 perspexisse.
3161 4793 3368 4852 Saltem
3388 4800 3534 4855 enim

1936 4876 2073 4931 satis
2103 4876 2440 4934 conﬁdenter
2465 4894 2589 4935 cum
2622 4881 2755 4947 alia,
2783 4891 2894 4938 tum
2924 4883 3059 4941 haec
3086 4884 3347 4942 allirmat:
3373 4906 3394 4940 ι
3422 4904 3539 4947 mo-

1938 4974 2024 5019 tus
2045 4967 2134 5024 ille
2157 4983 2448 5038 perversos
2476 4981 2629 5029 extra
2659 4981 2908 5030 naturam
2937 4982 2993 5029 et
3016 4991 3082 5031 ex
3105 4977 3315 5033 bestiali
3342 4979 3542 5039 intem-

1940 5061 2183 5125 perantia
2231 5071 2483 5132 sumptus
2520 5064 2851 5138 perspicitur
2884 5086 2904 5117 ι
2932 5083 3038 5119 :-
3065 5087 3084 5120 ι
3112 5068 3309 5121 ntalem
3332 5070 3544 5129 nullam

1940 5148 2100 5205 aliam
2132 5152 2182 5206 in
2220 5165 2401 5208 rerum
2433 5163 2629 5214 natura
2659 5156 2845 5213 sedem
2880 5159 3098 5227 reperit,
3126 5158 3228 5212 nisi
3260 5159 3349 5214 ubi
3386 5160 3547 5219 falsi-

1941 5249 2023 5296 tas
2047 5245 2309 5315 possidet,
2340 5249 2440 5301 hoc
2458 5260 2541 5305 est
2564 5253 2618 5307 in
2634 5263 2796 5306 sensu
2815 5263 3076 5318 corporeo
3099 5269 3118 5302 ι
3140 5263 3253 5303 ε-ι
3276 5265 3398 5305 cum
3421 5267 3549 5311 ma-

1937 5331 2048 5388 lum
2072 5351 2140 5392 ex
2163 5338 2404 5392 naturali
2431 5354 2598 5399 causa
2611 5345 2765 5415 i(hoc
2778 5350 2943 5396 estex
2962 5350 3173 5403 natura,
3188 5353 3217 5390 a
3243 5338 3351 5393 Deo
3368 5338 3548 5415 facta)

1942 5443 1961 5475 c
1996 5441 2108 5482 non
2146 5439 2432 5496 nascatur,
2460 5437 2668 5491 rectius
2712 5432 2927 5487 videtur
2967 5444 3089 5487 esse
3133 5448 3152 5479 ι
3189 5429 3551 5495 libidinosum

1886 5512 1891 5517 ’
1935 5518 2238 5585 appetitum
2270 5536 2289 5568 ι
2325 5520 2443 5591 ejus
2467 5537 2691 5581 causam
2719 5520 2921 5580 dicere,
2947 5534 3106 5588 quam
3136 5516 3330 5572 maL'tm
3351 5521 3553 5583 volun-

1935 5614 2099 5666 tatem
2120 5620 2147 5679 ς’
2164 5612 2255 5667 hic
2301 5613 2447 5669 enim
2495 5613 2843 5675 naturalibus
2868 5611 3024 5668 bonis
3052 5608 3355 5664 excluditur
3385 5632 3431 5666 ι.
3465 5649 3547 5660 ....

1929 5700 2041 5772 (ιν,
2076 5706 2141 5761 16
2172 5703 2284 5779 [ed.
2317 5706 2419 5762 Ox.
2469 5723 2522 5777 p.
2575 5710 2701 5767 206.
2735 5704 2901 5776 205];
2930 5700 3020 5806 IV,
3060 5702 3133 5758 22
3177 5699 3287 5773 [ed.
3331 5704 3433 5761 Ott.
3481 5725 3548 5770 υ,

2696 5797 2799 5808 ΑΑιι
2846 5796 2950 5808 Α..-
