4036 5394
533 355 607 414 79
1683 361 1775 418 DE
1811 363 1859 419 J.
1902 361 2125 420 SCOTO
2160 363 2675 422 COMMENTATK}.
3745 375 3828 434 80

606 464 696 526 IV.
741 468 938 525 Maium
973 479 1178 538 autem,
1223 486 1389 542 quum
1435 488 1612 544 neque
1664 485 1811 530 certa
1857 479 2121 546 quaedam
2154 489 2199 549 Α
2227 478 2386 534 tinem
2420 479 2700 534 insitarum
2731 489 2954 536 naturae
2983 480 3243 536 virtutum
3287 483 3616 552 operationis
3659 488 3819 544 defe-

536 561 843 618 suhstantia
865 560 956 627 sit,
987 576 1164 632 neque
1208 583 1227 614 ι
1275 565 1530 620 accidens
1571 567 1816 622 naturale
1843 589 1892 634 ι,
1923 568 2118 625 Scotus

536 655 700 712 etiam
730 655 834 709 hoc
863 655 1141 712 contendit
1181 669 1199 710 :
1246 656 1476 712 Animus
1505 658 1718 714 divinus
1751 660 1954 715 nullum
1999 675 2119 716 ma-

535 745 681 812 lum,
711 745 916 802 nullam
960 747 1226 803 malitiam
1269 748 1438 804 novit.
1478 748 1668 804 Divina
1707 751 1851 806 enim
1893 753 2119 809 scientia

534 853 700 896 causa
727 848 812 896 est
843 841 1197 898 existentium
1229 843 1309 917 (α)
1337 862 1351 898 :
1381 844 1629 916 ideoque,
1661 846 1919 917 quidquid
1951 847 2116 913 novit,

533 949 761 991 necesse
798 943 904 1002 est,
943 936 998 991 in
1047 945 1240 992 natura
1270 951 1453 994 rerum
1486 938 1633 1004 ﬁeri;
1664 941 1808 1010 quod
1853 950 2032 996 autem
2063 940 2119 996 in

533 1035 728 1092 natura
751 1041 935 1084 rerum
960 1043 1064 1084 non
1089 1028 1381 1097 invenitur,
1410 1044 1583 1100 neque
1606 1031 1660 1086 in
1686 1031 1865 1086 divina
1891 1031 2119 1086 scientia

533 1117 768 1174 inveniri
808 1126 1004 1190 potest.
1046 1119 1189 1176 Deus
1234 1121 1418 1192 itaque
1462 1123 1636 1178 nescit
1681 1137 1868 1178 omnes
1906 1122 2121 1178 divinae

534 1209 670 1282 legis
693 1213 1190 1282 praevaricatores:
1215 1213 1426 1269 illorum
1449 1215 1802 1280 substantias,
1830 1230 2120 1284 omneque,

534 1303 760 1372 quodin
789 1303 856 1360 iis
889 1303 1038 1368 fecit,
1078 1305 1330 1378 quodque
1361 1305 1414 1360 in
1459 1306 1576 1378 ipso
1607 1307 1881 1375 subsistit,
1926 1307 2120 1374 novit;

535 1395 680 1465 quod
720 1405 900 1451 autem
941 1396 1155 1452 illorum
1190 1397 1464 1468 perversis
1494 1398 1732 1454 motibus
1754 1405 1980 1454 naturae
2007 1413 2036 1453 a
2061 1412 2124 1455 se

535 1487 862 1543 substitutae
889 1488 1106 1554 accidit,
1138 1489 1360 1544 omnino
1397 1488 1631 1560 ignorat.
1664 1489 1754 1564 (V,
1792 1490 1860 1543 27
1895 1489 1953 1562 [ι.
1990 1490 2027 1543 l.
2065 1504 2120 1560 p.

529 1579 687 1652 259].
715 1579 735 1651 )
769 1581 946 1650 Atque
969 1580 1110 1636 hanc
1137 1581 1304 1650 ipsam
1335 1595 1447 1634 rem
1481 1581 1675 1636 Scotus
1707 1580 1894 1636 iisdem
1923 1596 2122 1652 prope-

534 1671 756 1726 modum
800 1671 982 1728 verbis
1027 1672 1242 1741 saepius
1285 1672 1444 1728 docet
1487 1672 1581 1740 (cf.
1624 1673 1686 1738 ll,
1714 1672 1818 1738 ‘28;
1855 1674 2028 1744 ejusd.
2057 1673 2125 1731 de

538 1763 810 1832 praedest.
836 1779 955 1835 sup.
983 1763 1114 1834 Cap.
1139 1763 1346 1831 lV,col.
1370 1765 1440 1819 27
1475 1775 1587 1820 not.
1613 1783 1640 1820 c
1658 1766 1861 1838 seqq.).
1887 1766 2004 1833 Quo
2029 1782 2124 1821 au-

540 1855 2124 1966 ἷῗἾῖνὲῗίῗῖῗθὲῗνῖξπῗΒἾῪῗῗΕΡῘῗῗξῗῗὲθηὲἿῗῗΞΕἮΨῨ
2155 1876 2200 1935 Β
2229 1912 2334 1952 non
2361 1911 2572 1966 semper
2593 1895 2794 1950 mamia
2817 1895 3160 1960 detinebuur.

537 1954 668 1999 nata
695 1943 916 2014 sit,jam
945 1961 1108 2017 supra
1139 1946 1191 2019 (ᾗ
1213 1945 1300 2019 15)
1327 1947 1705 2002 indicavimus.
1728 1947 1906 2015 Quare
1929 1947 2125 2003 Scottis

536 2044 722 2093 noster
745 2051 963 2108 parum,
993 2047 1054 2092 ut
1077 2038 1426 2102 arbitramur,
1458 2038 1559 2093 sibi
1602 2046 2000 2093 consentaneus
2022 2038 2125 2092 fuit

532 2129 590 2182 in
625 2127 752 2194 hoc,
779 2129 921 2198 quod
962 2127 1236 2184 nonnullis
1271 2128 1425 2192 locis,
1450 2143 1591 2198 quae
1619 2143 1647 2182 a
1678 2129 1787 2183 Deo
1810 2129 1862 2182 in
1892 2128 2126 2183 homini-

534 2216 641 2273 bus
683 2217 826 2274 facta
875 2219 1190 2284 creduntur,
1236 2219 1530 2274 secundum
1577 2219 1842 2290 Erigenae
1888 2221 2125 2289 philoso—

531 2309 721 2379 phiam
763 2319 941 2365 autem
994 2321 1215 2381 propter
1264 2319 1547 2380 peceatum
1586 2312 1744 2382 primi
1785 2311 2020 2368 hominis
2059 2312 2126 2368 iis

539 2401 808 2457 accidisse
834 2410 961 2456 sunt
979 2401 1229 2466 dicenda,
1257 2402 1378 2456 ideo
1404 2417 1432 2455 a
1457 2417 1668 2458 summo
1696 2404 1914 2458 numine
1945 2403 2126 2458 divino

534 2493 592 2546 in
638 2492 770 2562 ipsis
795 2490 936 2546 facta
966 2507 1089 2548 esse
1128 2490 1437 2555 affirmavit,
1467 2491 1608 2560 quod
1630 2533 1644 2556 ,
1675 2493 1792 2548 fore
1833 2502 1891 2547 ut
1918 2493 2127 2564 primus

535 2585 700 2638 homo
725 2593 994 2654 peccaret,
1010 2584 1394 2654 praescivisset
1420 2583 1532 2655 (IV,
1561 2585 1626 2638 Η
1649 2583 1756 2657 [ed.
1781 2584 1880 2640 0x.
1903 2583 2125 2656 p.195].

532 2678 608 2733 25
631 2676 790 2749 [ibid.
813 2693 867 2749 p.
898 2677 1159 2752 216];ε1’.
1183 2677 1246 2744 Il,
1287 2678 1398 2747 12).
1427 2677 1640 2748 Neque,
1673 2677 1881 2744 hercle,
1913 2677 2130 2748 ignora-

533 2783 680 2833 mus,
710 2784 872 2839 quam
900 2768 1095 2826 Noster
1120 2769 1367 2825 manibus
1387 2769 1742 2842 pedibusque,
1772 2779 1834 2824 ut
1859 2770 2036 2836 aiunt,
2061 2783 2128 2824 ne

535 2859 710 2928 ipsius
751 2860 1093 2931 philosophia
1136 2861 1416 2916 doctrinae
1452 2861 1794 2916 Christianae
1848 2860 2127 2916 adversari

541 2947 814 3016 videatur,
848 2948 1048 3006 obnixe
1076 2949 1254 3006 facere
1292 2951 1677 3014 consueverit;
1719 2966 1822 3021 qua
1856 2951 1908 3006 in
1951 2965 2037 3015 re,
2069 2959 2128 3007 ut

536 3039 731 3095 alicubi
762 3041 986 3097 alteram
1020 3041 1242 3097 alterius
1265 3043 1550 3098 commodo
1578 3042 1738 3098 nimis
1761 3042 2125 3100 circumcide-

537 3138 643 3193 ret,
678 3128 947 3196 facillime,
978 3132 1284 3201 opinamur,
1312 3131 1427 3187 fleri
1456 3131 1649 3201 potuit.

2226 581 2368 637 ctus,
2394 573 2826 643 naturaliumque
2847 575 3208 644 potentiarum
3237 590 3333 646 per
3365 574 3638 632 fallentem
3667 579 3824 648 judi-

2225 665 2492 720 catiouem
2523 664 2576 718 in
2607 663 2750 718 aliud
2771 675 2988 734 praeter
3012 664 3173 720 tinem
3202 667 3584 722 irrationabilis
3608 681 3818 726 motus.

2224 753 2411 810 Finem
2435 770 2564 810 vero
2585 756 2705 810 dico
2729 771 2938 821 eorum,
2963 771 3102 827 quae
3125 767 3272 822 sunt,
3295 773 3512 814 causam
3536 780 3554 812 ι
3575 762 3702 831 (hoc
3728 772 3824 817 est

2225 844 2394 910 Deus,
2417 856 2476 900 ut
2505 864 2522 897 ι
2559 845 2678 900 lous
2702 849 2879 902 omnis
2909 863 3071 903 verae
3106 850 3375 905 essentiae
3406 870 3427 904 ι
3475 850 3586 922 [ιν.
3633 854 3656 907 1
3683 871 3699 917 ;
3729 855 3822 918 Ill,

2222 934 2336 1008 η),
2367 956 2383 986 ι
2419 951 2583 1006 quam
2608 939 2925 992 naturaliter
2948 948 3208 1008 appetunt
3231 941 3413 995 omnia
3445 961 3462 993 ι
3492 973 3564 981 -
3593 961 3611 992 ι
3643 959 3820 1014 quium

2223 1025 2368 1080 nulla
2395 1037 2641 1083 creatura
2678 1029 2769 1093 sit,
2796 1043 2935 1098 quae
2972 1029 3100 1084 velit
3139 1030 3223 1084 vel
3250 1039 3470 1100 appetat
3509 1032 3820 1099 ttiltilcsse,

2225 1135 2326 1175 nec
2364 1119 2554 1191 fugiat,
2598 1135 2664 1176 ne
2699 1122 2750 1176 ei
2773 1122 3052 1191 contingat
3095 1137 3202 1178 non
3247 1137 3369 1179 esse
3405 1123 3480 1196 (ὁ)
3536 1145 3580 1179 ι.
3621 1127 3714 1198 (γ,
3745 1126 3822 1181 26

2225 1210 2333 1284 [ed.
2369 1211 2471 1268 Ox.
2513 1229 2566 1284 p.
2609 1212 2776 1286 256];
2810 1213 2874 1280 V,
2905 1213 2984 1285 5.)

2298 1322 2404 1379 Sed
2433 1324 2568 1380 haec
2590 1325 2883 1381 hactenus:
2909 1342 3031 1381 nam
3061 1327 3192 1383 satis
3215 1324 3334 1383 fuse
3359 1327 3689 1398 explicatum
3709 1338 3818 1394 est,

2227 1429 2390 1484 quam
2445 1414 2639 1470 Scotus
2693 1415 2911 1486 proprie
2966 1416 3163 1471 habeat
3212 1416 3485 1472 notionem
3535 1417 3818 1483 malitiae;

2227 1509 2487 1578 itemque,
2518 1519 2785 1578 quatenus
2832 1518 2916 1564 est
2961 1508 3197 1564 malitiae
3241 1509 3524 1579 opposita,
3574 1509 3816 1566 virtutis.

2228 1599 2593 1656 Transeamus
2622 1601 2690 1655 ad
2721 1601 2950 1671 reliqua.

2299 1709 2359 1765 Β.
2399 1710 2442 1765 l.
2490 1727 2509 1758 ι
2548 1710 2750 1765 Malitia
2793 1710 3308 1766 consummationem
3355 1709 3610 1780 accipiet,
3659 1718 3717 1764 et
3763 1711 3818 1764 in

2229 1803 2371 1858 nulla
2403 1817 2594 1858 natura
2636 1804 2954 1858 remanebit.
2999 1803 3077 1858 Ac
3116 1817 3213 1873 per
3247 1804 3351 1858 hoc
3395 1813 3589 1856 natura
3632 1812 3830 1857 nostra

3177 1895 3271 1950 sed
3291 1895 3442 1948 linito
3460 1894 3610 1949 omni
3635 1893 3775 1948 malo
3791 1913 3814 1944 ι

2225 1990 2242 2062 (
2250 1990 2351 2045 hoc
2376 1997 2459 2044 est
2482 1999 2628 2044 motu
2656 1989 2748 2043 illo
2773 2003 3050 2058 perverso,
3073 1988 3164 2057 qui
3195 1987 3264 2042 ad
3291 2004 3309 2038 ι
3353 2001 3609 2044 non—esse
3638 2005 3660 2038 ι
3700 1996 3813 2041 ten—

2225 2083 2325 2150 dit)
2355 2103 2370 2134 ι
2411 2084 2478 2138 ad
2505 2082 2704 2137 bonum
2733 2098 3017 2138 reversura
3045 2091 3128 2138 est
3155 2101 3199 2138 ι.

2303 2214 2320 2245 ι
2356 2194 2507 2249 Sicut
2531 2193 2674 2248 enim
2704 2195 2894 2248 umbra
2924 2202 3126 2259 terrae,
3153 2192 3555 2248 coarctantibus
3581 2206 3704 2247 eam
3729 2206 3818 2246 so-

2225 2286 2432 2341 laribus
2467 2285 2670 2349 radiis,
2702 2284 2917 2340 tandem
2956 2285 3174 2354 penitus
3220 2284 3405 2340 delicit
3433 2301 3448 2340 2
3481 2283 3560 2339 sic
3591 2282 3821 2348 malitia,

2228 2393 2370 2448 quae
2393 2376 2555 2431 veluti
2585 2379 2852 2447 quaedam
2897 2376 3089 2431 umbra
3138 2376 3456 2432 delictorum
3500 2383 3818 2431 nostrorum

2229 2479 2472 2524 nostram
2495 2477 2724 2538 occupat
2744 2477 3016 2533 naturam,
3040 2467 3369 2522 abundantia
3393 2476 3652 2521 aeternae
3673 2466 3826 2520 boni-

2230 2562 2358 2617 tatis
2403 2562 2768 2616 coarctabitur
2812 2569 2868 2616 et
2911 2559 3132 2615 omnino
3161 2559 3494 2624 abolebitur,
3528 2561 3655 2614 dum
3685 2559 3824 2613 irrao

2231 2653 2517 2708 tionabilcs
2559 2653 2769 2708 animae
2817 2653 3091 2707 humanae
3130 2660 3310 2708 motus
3361 2651 3427 2706 ad
3468 2648 3819 2706 rationabiles

2229 2745 2474 2801 veritatis
2497 2743 2722 2800 aﬂ‘ectus
2753 2753 3138 2800 convertentur
3167 2763 3215 2798 ι.

2305 2878 2323 2910 ι
2355 2858 2476 2929 lpso
2522 2857 2876 2912 irrationabili
2921 2866 3069 2912 motu
3094 2888 3166 2898 —-
3189 2889 3259 2897 —
3278 2857 3535 2913 bonitatis
3564 2856 3822 2928 amplitu-

2231 2949 2355 3004 dine
2383 2949 2792 3018 circumscripto
2823 2957 2877 3003 et
2905 2949 3121 3018 penitus
3166 2948 3456 3002 terminato
3476 2988 3491 3012 ,
3522 2947 3824 3002 rationabi-

2228 3041 2354 3096 liter
2379 3041 2676 3097 secundum
2696 3040 2889 3095 insitas
2911 3039 3010 3110 ipsi
3033 3038 3307 3094 naturales
3332 3039 3562 3092 virtutes
3583 3038 3821 3092 humana

2230 3141 2424 3187 natura
2475 3131 2776 3186 movebitur
2825 3145 3040 3185 sursum
3084 3145 3273 3184 versus
3325 3138 3542 3192 erecta,
3597 3141 3830 3182 causam

613 3219 766 3286 Quod
791 3220 838 3274 si
860 3220 1004 3275 Deus
1035 3235 1221 3276 revera
1245 3220 1432 3275 omnia
1463 3227 1683 3289 peccata
1725 3227 1944 3289 putatur
1971 3220 2125 3291 ignu-
2155 3237 2200 3299 ρ
2233 3240 2385 3278 suam
2415 3237 2630 3292 semper
2655 3232 2913 3292 appetens
2947 3242 2990 3275 ι.
3021 3221 3110 3293 (V,
3152 3221 3223 3275 26
3267 3219 3376 3296 Led.
3407 3220 3506 3276 ΟΧ.
3549 3235 3605 3290 p.
3643 3219 3824 3274 259-

535 3325 686 3374 rare,
711 3327 892 3366 nonne
917 3313 1080 3367 etiam
1113 3313 1320 3382 ipsane
1351 3328 1544 3368 curare
1573 3313 1788 3384 quidem
1819 3321 1903 3368 est
1933 3322 2130 3382 putan-

537 3401 675 3456 dus?
703 3401 840 3458 Hinc
869 3403 1156 3458 coniicitur
1190 3418 1296 3458 non
1326 3404 1498 3458 solum
1518 3444 1534 3468 ,
1575 3414 1656 3469 ut,
1686 3403 1776 3474 qui
1803 3404 2071 3473 peccavit,
2096 3420 2128 3459 a

537 3491 652 3548 Deo
677 3507 783 3547 non
815 3493 1090 3563 puniatur,
1122 3494 1172 3548 id
1195 3495 1336 3563 quod
1377 3495 1573 3550 Scelus
1602 3495 1716 3566 ipse
1742 3505 1796 3551 et
1825 3497 1878 3550 in
1905 3496 2042 3551 libro
2063 3495 2131 3552 de

539 3584 816 3654 praedest.
849 3583 941 3656 (cf.
974 3601 1094 3655 sup.
1119 3585 1250 3656 Cap.
1281 3585 1370 3657 IV)
1402 3597 1456 3642 et
1495 3589 1553 3642 in
1592 3587 1746 3643 libris
1771 3589 1836 3644 de
1864 3588 2131 3644 divisione

536 3673 776 3730 Naturae
801 3674 893 3745 (cf.
921 3675 1014 3730 inf.
1039 3675 1066 3748 ς
1090 3676 1181 3742 59,
1210 3677 1270 3731 Β.
1300 3676 1390 3748 ιν)
1411 3678 1682 3747 expressis
1714 3678 1895 3734 verbis
1925 3678 2128 3744 docuit,

539 3781 730 3820 verum
761 3767 923 3822 etiam
954 3766 1183 3822 alterum
1213 3767 1355 3824 istud
1385 3769 1555 3823 multo
1582 3767 1774 3838 majus,
1821 3777 1911 3836 ut,
1947 3770 1992 3824 si
2023 3785 2131 3840 qua

539 3855 598 3911 in
644 3870 706 3911 re
747 3871 960 3913 morum
1007 3867 1297 3928 praecepta
1343 3867 1440 3914 aut
1483 3859 1655 3916 simus
1703 3860 2006 3932 migraturl,
2039 3869 2131 3915 aut

538 3945 976 4017 migraverimus,
999 3961 1066 4002 ne
1089 3949 1142 4003 in
1171 3949 1331 4003 ullam
1364 3951 1578 4019 quidem
1606 3952 1802 4006 summi
1837 3952 1998 4014 illius.
2019 3968 2129 4022 quo

535 4053 640 4095 nos
665 4040 809 4096 Deus
833 4039 1244 4112 complectatur,
1277 4042 1480 4098 amoris
1501 4042 1883 4113 cogitationem
1911 4044 2127 4110 deduci,

538 4140 709 4204 atque
757 4133 860 4190 hac
904 4149 986 4198 re,
1041 4147 1179 4203 quae
1231 4133 1474 4204 profecto
1521 4134 1766 4206 ingenuis
1820 4136 2130 4191 hominibus

537 4224 866 4280 acerrimum
913 4224 1190 4280 stimulum
1243 4225 1442 4280 addere
1492 4225 1671 4291 debet,
1731 4226 1804 4280 ab
1851 4225 2130 4280 erroribus

537 4315 746 4370 nostris
770 4315 1042 4385 possimus
1067 4315 1280 4370 abduci.
1317 4315 1430 4370 Nec
1470 4315 1610 4370 male
1641 4331 1834 4370 sanum
1876 4316 2092 4384 quidem
2112 4355 2126 4381 ,

538 4415 834 4477 propterea
881 4407 1022 4476 quod
1060 4416 1285 4475 paterna
1333 4408 1426 4462 Dei
1479 4407 1708 4461 caritate
1758 4408 2037 4478 indignum
2071 4423 2130 4463 se

538 4497 910 4567 praestiterit,
937 4511 1190 4566 peccasse
1213 4498 1489 4566 poenitere
1509 4505 1696 4566 queat.
1728 4496 1834 4552 Sed
1862 4513 2006 4562 mox,
2036 4513 2131 4552 ex-

2231 3312 2398 3385 260];
2433 3313 2498 3377 v,
2523 3312 2592 3367 28
2620 3312 2771 3384 [ibit].
2803 3329 2852 3382 p.
2886 3310 3083 3383 ειη.)

2306 3404 2452 3459 Haec
2482 3420 2611 3458 vero
2639 3403 2787 3458 Scoti
2816 3405 3006 3468 verba,
3035 3412 3413 3472 praeterquam
3436 3403 3579 3473 quod
3601 3417 3820 3458 omnem

2232 3495 2456 3560 omnino
2503 3495 2762 3549 malitiam
2819 3494 3107 3563 aliquando
3159 3493 3525 3559 defecturam,
3580 3494 3688 3548 hoc
3717 3501 3826 3556 est,

2233 3601 2586 3655 quaecunque
2613 3600 2865 3655 perverse
2912 3595 3214 3651 moventur,
3250 3585 3462 3640 tandem
3495 3594 3644 3639 recte
3675 3596 3820 3639 mola

2231 3680 2299 3732 ad
2332 3679 2494 3732 Deum
2518 3690 2843 3747 perventura
2869 3694 2987 3734 esse
3017 3681 3373 3742 contendunt,
3395 3693 3460 3733 eo
3484 3679 3621 3747 ipso,
3655 3677 3826 3748 quod,

2231 3783 2586 3838 quaecunque
2614 3783 2868 3838 perverso
2896 3778 3044 3824 motu
3075 3769 3384 3838 indulgent,
3428 3769 3557 3822 solis
3585 3767 3822 3822 fortasse

2239 3880 2257 3911 ι
2293 3860 2643 3914 daemonibus
2673 3879 2718 3925 ι,
2750 3869 2810 3913 ιιι
2834 3859 2940 3914 alio
2964 3860 3196 3929 quodam
3225 3859 3342 3914 loco
3379 3859 3465 3929 (V,
3497 3858 3588 3929 5i)
3616 3858 3820 3928 reperi-

2231 3961 2341 4016 tur,
2375 3953 2637 4022 exceptis,
2680 3953 2747 4006 ad
2795 3963 2997 4007 rectum
3029 3955 3189 4008 linem
3238 3953 3474 4007 reditura
3522 3951 3820 4015 allirmant,

2232 4041 2573 4111 apertissime
2598 4041 2779 4096 ethoc
2807 4041 3036 4106 docent,
3085 4042 3331 4096 homines
3373 4029 3536 4095 etiam
3588 4041 3824 4104 invitos,

2231 4135 2427 4188 nedum
2453 4149 2556 4188 non
2583 4131 2847 4198 volentes,
2872 4133 2937 4186 de
2957 4133 3329 4202 perversitatis
3360 4131 3575 4185 tramite
3600 4131 3821 4186 abactos

2231 4227 2298 4281 ad
2326 4241 2514 4280 verum
2541 4241 2696 4278 suum
2727 4229 2889 4278 linem
2924 4233 3170 4280 coactum
3201 4224 3288 4277 iri.
3321 4222 3433 4278 lloc
3472 4233 3655 4277 autem
3697 4239 3823 4278 eon-

2232 4330 2404 4378 cesso,
2439 4315 2560 4384 quis
2601 4314 2654 4367 in
2702 4315 2936 4378 virtute,
2963 4329 3125 4382 quam
3176 4328 3467 4378 vocamus,
3516 4311 3820 4366 exercenda

2231 4406 2384 4461 locus
2412 4406 2733 4476 relinquitur
2753 4407 3023 4461 libertati?
3051 4406 3162 4462 Nec
3194 4416 3372 4461 tamen
3408 4406 3667 4477 Erigena,
3700 4406 3821 4476 qui-

2233 4496 2334 4550 bus
2371 4495 2459 4550 ille
2497 4497 2580 4551 bis
2623 4497 2674 4550 in
2724 4498 2886 4551 rebus
2915 4497 3162 4551 artiﬁciis
3199 4496 3448 4561 excellit,
3477 4495 3738 4560 onmiuo,
3768 4503 3826 4548 ut

537 4589 752 4658 posito,
795 4604 936 4659 quae
964 4588 1158 4644 Scotus
1188 4589 1254 4643 de
1301 4599 1649 4658 peccatorum
1691 4589 1882 4660 poenis
1907 4591 2126 4656 sentiat,
2163 4585 2212 4646 Ι)
2239 4591 2484 4658 videtur,
2513 4591 2578 4645 ad
2611 4591 2802 4647 incitas
2849 4603 2996 4646 esset
3045 4591 3312 4646 redactus.
3355 4589 3473 4656 Quo
3503 4605 3562 4644 se
3593 4587 3830 4643 fortasse

534 4681 693 4752 plura
719 4681 823 4736 hac
842 4681 909 4737 de
939 4696 1004 4736 re
1019 4681 1280 4736 dicemus.

2229 4692 2389 4754 pacto
2431 4683 2762 4752 expedierit,
2812 4681 2938 4737 licet
2981 4697 3156 4752 neque
3205 4684 3305 4737 hac
3358 4695 3417 4734 rc
3465 4679 3828 4751 gravissimos

612 4774 679 4830 V.
705 4774 1169 4842 Quemadmodum
1205 4773 1369 4846 igitur
1395 4773 1590 4831 Scotus
1617 4773 1674 4829 in
1700 4774 1840 4831 libro
1868 4775 1935 4832 de
1972 4791 2133 4845 prae-
2230 4790 2448 4830 errores
2477 4772 2711 4844 etl'ugere
2739 4784 2926 4844 queat,
2952 4775 3139 4844 paucis
3171 4773 3467 4844 interiectis
3498 4772 3820 4828 videbimus.

539 4866 680 4922 dest.
713 4865 895 4922 docuit
927 4883 946 4918 ι
968 4881 1282 4937 perversum
1312 4865 1476 4920 istum
1507 4873 1732 4930 motum,
1757 4865 1900 4935 quod
1930 4881 2127 4936 pecca-

540 4971 662 5014 tum
713 4957 979 5029 appellet,
1030 4973 1098 5014 eo
1147 4957 1510 5024 contendere,
1559 4966 1649 5024 ut,
1679 4958 1878 5016 divinis
1906 4970 1962 5016 et
2004 4976 2132 5016 vere

539 5052 890 5108 manentibus
919 5051 1122 5108 relictis
1145 5092 1159 5115 ,
1195 5051 1331 5106 adeo
1357 5050 1426 5106 ad
1455 5052 1630 5121 ipsum
1666 5053 1892 5108 nihilum
1934 5068 2128 5124 perve-

549 5144 667 5197 niat
693 5162 741 5208 i,
773 5144 854 5198 sic
891 5143 1056 5199 etiam
1085 5144 1140 5198 in
1169 5142 1321 5200 libris
1348 5143 1416 5199 de
1437 5143 1546 5198 div.
1577 5142 1812 5198 Naturae
1855 5145 2083 5199 habetur
2116 5162 2128 5197 :

2233 4865 2339 4935 (cr.
2369 4865 2396 4937 §
2429 4866 2517 4930 57,
2549 4865 2610 4919 Β.
2650 4865 2734 4928 ιιι,
2767 4865 2846 4937 ιι.)

2304 4957 2366 5010 ιι.
2397 4957 2571 5011 Finita
2597 4968 2773 5012 autem
2797 4958 2944 5012 omni
2969 4956 3170 5011 malitia
3194 4966 3356 5027 atque
3381 4956 3681 5027 impietate,
3705 4957 3829 5027 quis

2236 5048 2539 5102 remanebit
2561 5048 2732 5103 malus
2754 5059 2846 5102 aut
2871 5048 3238 5118 impius?Sola
3261 5049 3404 5103 enim
3431 5047 3635 5103 malitia
3665 5059 3830 5118 atque

2238 5138 2519 5206 impietate
2565 5146 2690 5193 sunt
2733 5147 2788 5192 et
2825 5139 2950 5192 mali
2995 5147 3050 5193 et
3081 5138 3250 5208 impii.
3299 5138 3450 5206 Quod
3477 5139 3524 5194 si
3549 5140 3734 5194 omnia
3773 5139 3824 5193 in
3910 5132 3917 5140 ’

2237 5232 2267 5240 “
2601 5247 2625 5252 ’λ
2909 5233 2919 5242 ”
3031 5231 3067 5248 ’·
3121 5245 3126 5247 λ
3438 5240 3514 5262 αι’
3561 5231 3826 5290 reditura.
