4036 5788
240 312 312 388 ξι
1078 315 1168 372 DE
1204 314 1364 371 VITA
1398 317 1491 375 ET
1526 317 1930 387 PMCEPTIS
1962 323 2020 380 ι.
2055 325 2271 387 SCO'I’I.
2310 350 2382 377 -ι-
2421 325 2598 386 PARS
2633 330 2696 387 ll.
3440 338 3516 398 8!

243 426 453 520 nullam
507 435 785 485 aeternam
837 427 1090 520 miseriae
1135 440 1366 487 mortem
1420 435 1831 490 remansuram?
1857 448 1905 509 Α
1928 437 2253 512 iungendae,
2296 451 2356 499 ut
2386 458 2549 514 quam
2580 442 2879 513 pastoriam
2910 444 3035 503 loco
3062 448 3359 518 posuimus,
3385 467 3514 520 pro-

246 517 389 573 llinc
421 531 552 573 vero
578 532 820 574 summae
859 519 1109 577 oriuntur
1152 519 1511 579 diﬂicultates.
1547 523 1645 578 Ubi
1686 525 1831 581 enim

244 609 359 665 erit
390 608 713 680 supplicium
738 618 1044 676 aeternum,
1073 612 1133 668 in
1167 614 1310 684 quod
1336 613 1461 669 ituri
1493 623 1617 670 sunt
1644 615 1834 688 impii?

248 697 359 756 Ubi
403 700 511 754 erit
552 708 735 756 aestus
788 700 877 757 ille
920 701 1261 761 flatu-arum
1307 705 1446 776 ignis
1492 707 1731 773 aeterni,
1778 708 1834 763 in

240 805 412 862 quem
436 793 700 848 severitas
728 792 1017 864 iustissimi
1049 793 1250 863 judicis
1295 796 1467 853 malos
1493 805 1577 853 est
1603 798 1836 855 missura

244 883 442 941 dicens
466 901 482 938 :
511 903 531 938 ι
551 882 655 952 Ιιε,
686 882 979 952 maledicti,
1014 886 1068 942 in
1109 886 1290 959 ignem
1338 897 1619 944 aeternum
1646 890 1710 943 »ἲ
1739 887 1833 962 (γ,

244 974 365 1045 27.)

321 1067 523 1123 Scotus
553 1068 695 1127 hanc
726 1085 840 1126 rem
871 1071 946 1127 ita
988 1070 1237 1138 coniicit,
1266 1080 1329 1126 ut
1354 1071 1424 1128 ad
1457 1070 1593 1127 duas
1626 1072 1839 1142 potissi-

246 1174 399 1212 mum
449 1162 799 1232 quaestiones
848 1163 1171 1234 respondeat
1210 1180 1227 1218 :
1259 1182 1276 1214 ι
1307 1163 1460 1231 Quae
1505 1174 1671 1225 erunt
1708 1180 1838 1235 poe-

247 1267 354 1306 nae
384 1251 447 1306 i?
474 1272 493 1305 ι
523 1252 625 1321 Qui
644 1256 936 1324 punientur
963 1275 983 1308 ι
1003 1256 1029 1309 ‘l

322 1342 407 1397 ΙΙΙ.
436 1346 512 1416 a.)
542 1344 692 1413 Quae
720 1356 881 1403 erunt
900 1347 1145 1418 poenae?
1716 1410 1719 1419 _

318 1454 339 1485 ι
369 1432 627 1489 Diversas
648 1435 1037 1507 suppliciorum
1067 1433 1270 1492 formas
1300 1450 1474 1506 neque
1507 1437 1561 1492 in
1590 1435 1709 1493 loco
1745 1452 1840 1492 ue-

247 1538 358 1594 que
379 1525 433 1578 in
461 1535 704 1596 tempore
743 1526 851 1584 ullo
880 1541 1002 1584 esse
1030 1527 1322 1584 credimus.
1351 1528 1523 1585 Erunt
1549 1537 1755 1584 tantum
1784 1529 1837 1584 in

248 1616 518 1673 malarum
544 1617 880 1675 voluntatum
901 1629 958 1676 et
978 1628 1359 1692 corruptarum
1377 1622 1839 1678 conscientiarum

248 1708 491 1765 motibus
514 1709 812 1779 perversis,
841 1711 1006 1782 inque
1030 1726 1319 1783 perversae
1344 1713 1622 1783 potentiae
1664 1712 1838 1769 omni-

1932 533 2050 604 prie
2088 534 2436 601 retineamus,
2460 535 2689 591 alteram
2721 536 2791 593 ad
2830 537 2975 593 hanc
3014 540 3334 599 referamus.
3366 542 3517 601 Hace

1932 625 2077 680 enim
2106 633 2161 687 et
2182 626 2236 680 in
2262 626 2417 683 libris
2441 627 2510 683 de
2537 627 2699 683 divis.
2745 626 2988 686 Naturae
3034 631 3255 700 saepius
3275 634 3519 691 occurrit

1934 714 2030 785 (cf.
2059 713 2125 781 V,
2155 715 2273 787 29),
2298 724 2354 771 et
2373 716 2427 771 in
2451 717 2589 772 libro
2616 718 2684 773 de
2713 718 2983 788 praedest.
3009 720 3254 786 docetur,
3280 739 3378 778 nec
3407 739 3516 779 non

1935 807 2088 865 Scoti
2113 810 2415 867 sententiae
2452 811 2525 867 de
2556 820 2778 879 peccato
2808 811 2968 882 longe
3004 812 3201 869 melius
3243 824 3519 885 eottgrutt,

1933 902 2220 972 quamilla.
2249 904 2354 971 Qui
2380 905 2450 959 ab
2475 905 2562 977 iis,
2588 921 2729 975 quae
2756 920 2881 961 vere
2902 916 3049 969 sunt,
3075 909 3341 964 recedens
3364 909 3430 964 ad
3450 926 3517 966 ea

1937 993 2124 1055 tendit,
2148 1008 2288 1064 quae
2310 1009 2413 1048 non
2427 1003 2574 1059 sunt,
2592 1006 2799 1065 peccat.
2816 996 2987 1062 Quem
3004 998 3303 1068 igiturltuic
3314 1001 3524 1056 homini

1937 1080 2199 1141 dolorem,
2225 1082 2317 1151 qui
2363 1083 2584 1153 quidem
2616 1085 2714 1154 ipsi
2745 1084 2928 1141 utilior
2973 1086 3067 1153 sit,
3091 1087 3310 1163 inurere
3329 1104 3520 1157 queas,

1935 1187 2097 1242 quam
2123 1172 2168 1228 si
2192 1188 2223 1227 a
2245 1174 2651 1243 νει-νενείεεὶωο
2675 1176 2783 1232 isto
2802 1185 2957 1232 motu
2976 1186 3123 1235 recns
3148 1194 3274 1235 eum
3301 1193 3368 1233 ac
3385 1178 3521 1235 sim:-

1937 1263 2150 1332 plicitcr
2172 1264 2497 1336 prohibeas?

2006 1355 2133 1427 Nec.
2169 1365 2351 1413 tamen
2395 1358 2547 1427 prior
2598 1358 2687 1415 illa
2735 1361 3005 1417 sententia
3033 1370 3120 1418 est
3152 1362 3473 1434 negligenda
3502 1377 3525 1416 :

1938 1462 2174 1519 namque
2218 1447 2335 1507 solo
2376 1448 2520 1505 illius
2573 1451 2774 1507 auxilio
2818 1450 3021 1515 Scottis
3042 1453 3113 1509 ad
3165 1453 3523 1522 posteriorem

1938 1538 2199 1599 tuendam
2234 1538 2398 1601 valet.
2424 1538 2597 1607 Quam
2633 1555 2747 1596 rem
2763 1544 2952 1612 paucis
2973 1542 3529 1613 aperiemusalmpios

1938 1632 2104 1705 igitur
2131 1632 2374 1691 aeternis
2399 1633 2591 1702 poenis
2618 1632 2873 1691 allectum
2905 1635 2972 1689 iri
3008 1636 3189 1693 docui.
3221 1633 3359 1691 Hinc
3388 1649 3529 1705 pos-

1939 1722 2138 1779 teriore
2160 1721 2247 1777 illa
2272 1722 2541 1779 sententia
2571 1723 2891 1787 constituta,
2918 1733 3110 1793 sponte
3126 1722 3382 1788 efﬁcitur,
3411 1721 3530 1780 fore

248 1802 413 1856 modo
436 1801 807 1870 subrersione,
826 1805 928 1860 hoc
946 1813 1051 1871 εει,
1075 1804 1132 1861 in
1150 1805 1420 1862 exstincta
1445 1806 1594 1863 omni
1617 1806 1837 1862 omnino
1868 1807 1912 1867 Β
1942 1814 1998 1867 in
2036 1822 2336 1878 aeternum,
2370 1814 2462 1885 qui
2506 1814 2576 1869 ad
2599 1830 2709 1879 res,
2733 1830 2872 1886 quae
2918 1831 3026 1871 non
3070 1831 3195 1873 esse
3247 1817 3529 1880 dicuntur,

249 1889 506 1947 facultate
552 1895 835 1964 peccandi,
887 1893 1285 1961 malefaciendi,
1315 1894 1478 1966 impie
1514 1896 1726 1968 agendi.
1774 1925 1844 1935 --

248 1980 544 2040 Uhiludas
567 1986 814 2055 proditor
861 1987 1176 2057 torquetur?
1200 2018 1269 2028 —
1309 1986 1615 2059 Nusquam,
1639 1989 1742 2043 nisi
1786 1988 1842 2043 in

248 2074 453 2145 polluta
479 2092 581 2133 sua
610 2079 978 2137 conscientia!
1007 2111 1079 2122 —
1112 2080 1334 2150 Qualem
1360 2097 1589 2153 poenam
1611 2081 1845 2153 patitur?

247 2166 441 2221 Seram
468 2169 856 2238 poenitentiam
887 2180 942 2225 et
965 2170 1233 2239 inutilem,
1262 2188 1369 2242 qua
1405 2185 1623 2242 semper
1646 2172 1840 2226 uritur.

244 2288 323 2299 —
343 2256 724 2332 Unusquisque
750 2262 913 2333 impie
937 2262 1233 2318 viventium
1279 2263 1394 2333 ipsa
1424 2263 1677 2318 vitiorum
1719 2262 1843 2317 libi-

245 2348 398 2417 dine,
426 2365 533 2420 qua
580 2349 634 2406 in
682 2367 848 2408 carne
890 2354 1115 2420 exarsit,
1159 2354 1307 2409 velut
1348 2354 1581 2424 quadam
1625 2352 1845 2409 flamma

246 2439 680 2513 htexstinguibili
713 2443 1049 2513 torquebitur
1081 2462 1126 2497 ι.
1155 2440 1246 2511 (ν,
1273 2442 1391 2515 '29.)

321 2531 440 2588 Non
477 2544 604 2589 sunt
637 2534 803 2607 igitur
830 2534 1238 2593 malefactorum
1282 2550 1487 2608 poenae
1513 2535 1614 2592 nisi
1639 2536 1694 2591 in
1724 2551 1849 2608 per-

245 2640 411 2682 versa
460 2628 742 2683 voluntate
796 2639 959 2699 atque
1013 2628 1067 2684 in
1120 2630 1360 2699 ipsorum
1403 2630 1543 2685 male
1572 2629 1844 2684 factorum

247 2720 608 2777 conscientia.
641 2721 794 2790 Quod
830 2721 1047 2788 Scelus,
1077 2732 1136 2777 ut
1175 2723 1229 2778 in
1269 2721 1409 2778 libro
1436 2722 1506 2778 de
1541 2723 1845 2793 praedesti-

248 2816 497 2883 natione,
520 2816 597 2871 ita
647 2824 705 2873 et
753 2816 810 2872 in
855 2815 1104 2887 libris‘de
1139 2816 1250 2871 div.
1288 2814 1527 2872 Naturae
1561 2814 1849 2888 diligenter

252 2909 446 2964 tenuit.
479 2907 621 2964 Hinc
664 2905 870 2963 factum
907 2916 1014 2972 est,
1043 2916 1121 2973 ut,
1154 2908 1249 2978 qui
1287 2914 1509 2964 aeterna
1556 2907 1844 2976 impiorum

249 3001 532 3057 hominum
562 2999 829 3073 supplicia
854 3015 883 3054 a
911 2998 1077 3056 Scuto
1117 3007 1302 3056 nostro
1357 2999 1575 3070 penitus
1627 2997 1842 3067 explodi

248 3090 615 3158 affirmarent,
643 3093 952 3148 exstiterint
999 3091 1339 3163 perplurimi.
1371 3091 1443 3146 At
1472 3090 1670 3146 Scotus
1704 3088 1840 3144 nihil

1942 1903 2222 1970 festinent,
2254 1914 2419 1976 atque
2436 1908 2510 1965 ab
2535 1906 2638 1963 hoc
2658 1922 2921 1977 perverso
2941 1916 3089 1975 motu
3114 1909 3270 1979 quasi
3292 1908 3528 1965 violenta

1943 2012 2107 2053 manu
2139 1997 2499 2055 retineantur.
2529 1997 2706 2055 llasce
2734 2008 2914 2057 autem
2947 2015 3051 2065 res,
3083 2009 3142 2055 ut
3164 1999 3305 2056 infra
3326 1999 3535 2057 videbi-

1941 2104 2085 2154 mus,
2112 2088 2342 2160 Erigena
2398 2101 2659 2159 perpetuo
2710 2107 2997 2149 mansuras
3043 2107 3165 2149 esse
3198 2100 3376 2164 negat.
3405 2107 3533 2147 nam

1942 2187 2067 2249 post
2099 2197 2118 2231 ι
2152 2178 2317 2250 hujus
2356 2180 2523 2236 seculi
2561 2200 2609 2243 ι,
2652 2188 2713 2237 ιιι
2755 2182 2861 2246 ait,
2891 2200 2909 2230 ι
2942 2182 3469 2239 consummationem
3506 2200 3529 2232 ι

1945 2286 2050 2325 non
2079 2272 2314 2340 amplius
2341 2281 2521 2327 erum.
2552 2272 2691 2339 Quid
2721 2273 2886 2329 inde?
2912 2272 3255 2343 Simulatque
3286 2273 3409 2328 illae
3439 2288 3534 2328 res

1943 2376 2261 2429 evanuere,
2298 2380 2459 2419 nemo
2517 2374 2667 2421 certe
2731 2365 2980 2435 impius,
3028 2366 3121 2435 qui
3180 2365 3411 2435 amplius
3465 2366 3535 2420 ad

1944 2470 2040 2511 eas
2065 2464 2320 2526 praperet
2357 2464 2451 2509 aut
2476 2456 2547 2510 ab
2591 2456 2660 2511 iis
2687 2456 2963 2525 prohiberi
2991 2455 3184 2526 possit,
3211 2455 3537 2526 reperietur.

1944 2543 2158 2601 Poenae
2188 2546 2353 2617 igitur
2379 2546 2713 2602 cessabunt?
2754 2545 2909 2603 llanc
2952 2545 3333 2601 difficultatem
3385 2545 3535 2617 prior

1946 2638 2223 2694 sententia
2247 2636 2421 2692 tollit!

2016 2728 2196 2797 Atque
2237 2736 2321 2783 est
2366 2736 2671 2799 praeterea,
2701 2728 2793 2784 ubi
2853 2727 3057 2785 Scottis
3106 2728 3181 2783 ita
3230 2729 3535 2799 scripserit,

1946 2818 2100 2890 quasi
2130 2818 2244 2873 sola
2272 2835 2453 2874 rerum
2476 2820 2781 2875 divinarum
2813 2820 3114 2890 ignorantia
3135 2828 3299 2890 atque
3321 2819 3537 2878 inscitia

1946 2913 2141 2983 impios
2173 2912 2246 2966 sit
2275 2914 2587 2967 cruciatura
2614 2911 2711 2983 (V,
2734 2913 2797 2968 51
2828 2910 2940 2984 fed.
2974 2910 3077 2966 0x.
3106 2929 3162 2983 p.
3199 2911 3385 2984 270]).
3424 2911 3540 2966 Hoc

1947 3013 2098 3059 certe
2118 3002 2370 3056 otnnibns
2395 3003 2778 3072 propemodum
2801 3001 2933 3056 locis
2952 3001 3167 3069 legitur,
3198 3016 3338 3072 quae
3364 3015 3452 3055 res
3477 3008 3537 3055 ct

1950 3093 2275 3166 Hcgrlianae
2302 3094 2496 3149 rationi
2521 3094 2917 3163 quodammodo
2954 3094 3209 3149 convenit
3242 3095 3341 3163 (α),
3366 3093 3537 3148 hono-

250 3183 401 3237 aliud
442 3183 694 3255 negavit,
733 3183 838 3238 nisi
873 3183 926 3238 id
964 3157 1116 3253 quod
1138 3183 1231 3254 qui
1267 3190 1413 3237 recte
1451 3182 1696 3237 sentiunt
1726 3196 1843 3235 om-
1871 3157 1917 3220 (ἶ
1953 3157 2073 3241 nu}.
2101 3188 2379 3241 hominum
2403 3157 2645 3258 praemia
2673 3188 2727 3242 in
2742 3203 2809 3242 eo
2832 3202 2955 3243 esse
2983 3187 3182 3257 posita,
3388 3205 3407 3238 ι
3447 3200 3539 3242 ve-

249 3289 354 3330 lles
388 3283 623 3345 negant,
646 3283 856 3330 certum
884 3275 1172 3344 quemdam
1202 3283 1296 3328 aut
1317 3287 1445 3327 vero
1483 3274 1603 3344 igne
1633 3271 1846 3342 plenum

252 3369 481 3423 istorum
505 3367 894 3439 suppliciorum
919 3367 1097 3423 locum
1116 3381 1258 3423 esse.
1283 3364 1387 3439 (Cf.
1413 3366 1476 3431 ν,
1498 3365 1612 3435 57.)
1638 3367 1670 3402 δ

326 3460 444 3517 Jam
472 3477 605 3517 vero
633 3462 703 3517 de
731 3461 849 3532 ipsa
873 3476 1169 3531 poenarum
1196 3469 1387 3516 natura
1403 3474 1469 3514 ac
1494 3459 1705 3513 ratione
1728 3457 1849 3513 aliis

251 3553 579 3623 quibusdam
606 3552 743 3609 locis
771 3553 940 3609 multo
959 3553 1264 3608 accuratius
1291 3551 1552 3622 scriptum
1578 3560 1680 3606 est.
1701 3551 1850 3605 Duae

254 3655 435 3701 autem
457 3646 685 3717 proponi
715 3645 1278 3702 videntursententiae
1310 3664 1325 3700 :
1356 3661 1494 3717 quae
1523 3654 1702 3701 tamen
1727 3659 1849 3716 pcr-

254 3736 415 3795 facile
439 3740 584 3793 inter
610 3754 670 3794 se
697 3737 1077 3795 conciliantur.

330 3830 583 3887 Pluribus
620 3831 756 3886 locis
787 3829 1094 3901 huiusmodi
1124 3830 1289 3886 verba
1320 3828 1592 3892 habentur
1625 3846 1638 3882 :
1682 3847 1700 3879 ι
1740 3827 1847 3882 lm-

255 3925 335 3995 pii
372 3925 566 3981 inanes
592 3939 772 3979 rerum
801 3923 1136 3979 sensibilium
1166 3922 1430 3993 imagines
1449 3921 1719 3992 patientes
1754 3918 1848 3973 lle-

261 4016 400 4069 bunt
436 4034 479 4070 ι.
531 4034 551 4067 ι
598 4014 783 4086 [inpiis
838 4014 1143 4070 mortalium
1196 4028 1378 4068 rerum
1433 4025 1649 4083 semper
1690 4017 1853 4067 erunt

256 4110 579 4181 pbantasiae
603 4126 667 4165 ac
690 4110 941 4165 diversae
977 4107 1251 4178 falsaeque
1291 4105 1503 4175 species
1555 4104 1849 4159 secundum

258 4202 505 4259 diversos
563 4202 831 4258 malarum
890 4215 1110 4256 suarum
1152 4198 1542 4271 cogitationum
1585 4203 1767 4250 motus
1800 4212 1847 4246 ι.

259 4294 353 4368 (v,
373 4295 491 4366 ει.)

332 4388 471 4443 Alibi
498 4399 679 4445 autem
709 4386 937 4458 legimus
958 4387 1094 4443 haec
1122 4406 1137 4442 :
1178 4405 1197 4437 ι
1234 4385 1349 4441 Hoc
1370 4392 1455 4441 est
1490 4392 1680 4445 totum,
1708 4382 1851 4452 quod

261 4479 480 4545 dicitur,
507 4479 713 4536 liberae
753 4494 819 4534 ac
861 4493 1147 4548 perversae
1172 4477 1466 4532 voluntatis
1503 4475 1846 4546 supplicium,

261 4571 404 4640 quod
436 4571 668 4642 impetus
714 4567 832 4640 ejus
873 4568 1191 4624 libidinosus
1213 4567 1552 4629 retinebitur,
1586 4581 1675 4629 ne,
1704 4564 1848 4634 quod

262 4662 447 4718 illicite
471 4662 692 4734 appetit,
720 4660 1107 4731 apprehendat,
1141 4660 1243 4716 hoc
1270 4667 1375 4725 est,
1406 4660 1476 4713 ab
1502 4657 1704 4713 illicitis
1734 4655 1849 4711 suis

261 4752 497 4808 motibus
543 4750 947 4823 prohibebitur,
990 4765 1059 4805 ne
1087 4750 1154 4804 ad
1180 4748 1340 4805 [intem
1374 4762 1506 4805 suae
1538 4744 1852 4816 cupiditatis

259 4845 430 4915 possit
451 4844 737 4915 pervenire
770 4862 818 4898 ι.
851 4841 941 4913 (v,
972 4842 1043 4899 εδ
1064 4841 1174 4915 [θα.
1206 4840 1308 4898 οι.
1340 4855 1395 4910 μ.
1420 4839 1598 4911 282].)

331 4937 443 4993 llas
464 4938 626 5010 igitur
652 4935 956 4994 sententias
986 4936 1060 4991 ita
1098 4935 1429 4991 arbitramur
1459 4933 1602 4989 inter
1629 4946 1689 4988 se
1713 4944 1850 4989 can-

1955 3294 2047 3334 rae
2078 3278 2210 3349 ipsis
2236 3277 2448 3334 futurae
2468 3278 2580 3332 sint
2602 3278 3089 3349 contemplationes
3118 3297 3166 3343 ι,
3189 3278 3331 3347 quod
3360 3294 3381 3329 ι
3409 3291 3539 3333 vera

1953 3370 2049 3424 Dei
2077 3368 2528 3439 contemplatione
2553 3368 2663 3425 sint
2696 3369 2950 3440 gavisuri,
2985 3384 3151 3440 quum
3197 3369 3343 3438 impii
3370 3382 3537 3423 mor-

1951 3460 2137 3515 talium
2170 3475 2347 3516 rerum
2373 3460 2673 3529 phantasiis
2698 3468 3052 3531 torqueantur
3083 3481 3129 3517 ι.
3160 3460 3249 3531 (V,
3285 3461 3346 3515 5i
3381 3458 3539 3534 [ibid.

1944 3568 2003 3622 ηρ.
2039 3551 2199 3624 270];
2238 3550 2303 3614 V,
2331 3551 2446 3622 59.)
2475 3552 2639 3608 Libro
2663 3553 2839 3622 primo
2861 3554 2998 3625 (cap.
3034 3552 3090 3625 8)
3126 3552 3352 3625 legimus
3377 3554 3542 3609 etiam

1953 3644 2089 3700 haec
2116 3662 2129 3698 :
2165 3662 2183 3696 ι
2215 3644 2550 3700 Felicitatem
2573 3654 2885 3701 sanctorum
2912 3644 3044 3699 nihil
3064 3645 3213 3699 aliud
3239 3660 3360 3701 esse
3390 3651 3545 3714 puta—

1956 3755 2096 3800 mus,
2136 3747 2352 3808 praeter
2404 3738 2575 3809 ipsius
2615 3739 2830 3794 divinae
2858 3738 3129 3817 essentiae
3174 3752 3364 3808 puram
3411 3752 3542 3793 con-

1955 3831 2356 3900 templationem
2388 3841 2550 3900 atque
2580 3831 2946 3887 immediatam
2983 3852 3029 3886 ι.

2025 3921 2151 3976 illos
2174 3930 2356 3977 autem
2391 3922 2485 3991 qui
2516 3922 2570 3977 in
2614 3920 2818 3994 Hcgelii
2875 3922 3035 3977 verba
3080 3921 3354 3989 iurarunt,
3386 3920 3547 3991 longe

1954 4011 2059 4068 alia
2088 4013 2316 4075 ratione,
2356 4028 2421 4068 ac
2443 4012 2724 4079 Nostrum,
2753 4014 2805 4068 in
2830 4013 2963 4069 istas
2987 4013 3272 4084 opiniones
3296 4011 3548 4082 delapsos

1954 4109 2192 4157 constat.

2026 4194 2319 4265 Postquam
2366 4194 2532 4265 igitur
2574 4194 3088 4260 demonstravimus,
3118 4192 3307 4264 quales
3338 4205 3547 4263 poenae

1955 4284 2066 4341 sint
2093 4284 2330 4350 futurae,
2358 4285 2426 4340 ad
2449 4284 2674 4341 alteram
2697 4285 3069 4357 quaestionem
3092 4282 3547 4357 progrediendum

1955 4385 2060 4430 est.
2787 4396 2792 4404 '

2027 4468 2106 4539 b.)
2137 4467 2237 4536 Qui
2260 4467 2371 4525 sint
2396 4468 2689 4540 puniendi?

2026 4558 2171 4615 llaec
2199 4559 2447 4631 quaestio
2469 4576 2609 4615 vana
2640 4559 2871 4618 fortasse
2913 4562 3181 4618 videatur.
3215 4559 3272 4615 Si
3314 4559 3405 4629 qui
3432 4558 3543 4613 sint

1953 4651 2238 4721 puniendi,
2273 4662 2423 4708 certe
2464 4653 2767 4721 puniendos
2803 4668 2927 4709 esse
2955 4653 3204 4709 homines
3232 4652 3446 4721 impios.
3474 4652 3548 4704 At

1954 4744 2095 4814 apud
2123 4742 2345 4800 Scotum
2376 4760 2465 4801 res
2483 4756 2570 4800 est
2584 4746 2875 4800 admodum
2888 4760 3103 4817 magna.
3133 4743 3336 4800 Scribit
3362 4741 3549 4795 enim:

1958 4856 1977 4889 ι
1994 4838 2139 4908 ipsos
2150 4838 2397 4895 horuines
2411 4839 2733 4909 impios,hoc
2744 4847 2849 4903 est,
2865 4837 3150 4907 impiorum
3165 4834 3444 4891 hominum
3456 4848 3551 4886 ua-

1959 4937 2159 4995 turam,
2176 4930 2562 4995 substantiam,
2584 4940 2771 5001 utpote
2793 4945 2932 4999 quae
2960 4931 3031 4985 ab
3054 4930 3170 4999 ipso
3182 4928 3295 4981 Deo
3308 4922 3558 4993 profecta

336 5076 415 5146 (a)
445 5074 529 5131 Cf.
559 5074 796 5146 Baltzer,
829 5070 1072 5145 Beim‘lge
1101 5086 1198 5127 χιιι·
1228 5069 1573 5143 l'ermitllung
1602 5070 1747 5125 ciues
1777 5061 2030 5134 richtigeu
2060 5060 2286 5127 Urllteils
2314 5065 2441 5120 iiber
2475 5062 2891 5123 Katltalicismus
2926 5066 3036 5121 und
3065 5060 3568 5119 Protestautirntus.

260 5145 475 5205 FaScic.
501 5146 547 5214 Ι,
573 5163 627 5218 p.
651 5145 810 5203 9—H.

342 5285 374 5321 “
424 5283 631 5341 Poenas
653 5294 902 5352 aeternos
933 5279 1132 5352 SCOlllS
1162 5292 1346 5352 aperte
1367 5278 1727 5352 profiteturin
1755 5291 1853 5352 cr-

269 5355 626 5429 positionihus
651 5350 910 5429 caelestis
923 5347 1255 5429 _|_crarcltiae,
1280 5347 1559 5429 Ca_p.-Vlll_,
1716 5347 1805 5429 ubi
1835 5364 1847 5399 :

273 5421 293 5477 ἱ
334 5427 452 5480 Non
481 5426 642 5489 enim,
673 5422 881 5492 isiquit,
903 5422 1117 5480 divinae
1135 5423 1394 5479 bonitatis
1422 5421 1707 5477 ineli’abilis
1744 5421 1858 5487 pie-

268 5505 359 5550 tas
390 5495 520 5549 sinit
543 5506 820 5555 naturam,
851 5506 1013 5560 quam
1043 5494 1124 5548 sui
1165 5494 1396 5549 similem
1424 5492 1574 5557 fecit,
1604 5501 1856 5546 aeterna-

268 5566 401 5620 liter
428 5562 833 5642 deformitatem
860 5564 1009 5642 _pati.
1039 5564 1311 5642 Permittit
1335 5572 1515 5642 autem
1553 5562 1618 5617 ad
1644 5571 1857 5642 tempus

268 5652 397 5690 eam
421 5635 637 5707 corrigi,
662 5645 725 5691 ut
745 5629 961 5707 avidius
989 5642 1044 5707 et
1067 5633 1342 5707 ardentius
1361 5633 1428 5707 ad
1448 5647 1599 5707 suam
1626 5629 1857 5707 dignita-

274 5716 388 5786 tem
406 5701 613 5788 redeat,
641 5702 925 5788 aerumnis
962 5706 1072 5788 suis
1092 5702 1668 5788 jllSliSSiEti'Sﬁl'lttlila.
1695 5701 1856 5755 [latio

1965 5281 2206 5368 rimati"?
2225 5274 3063 5368 detineri-aliaue?"sese":
3080 5267 3415 5368 simul???
3434 5266 3583 5368 ἓξὲξ·

1969 5334 2207 5422 ἷξίνιῖιῖὶιιί,
2231 5334 2433 5405 malitia
2464 5334 2733 5422 bonitati,
2761 5342 3206 5422 regnuupdiaboli
3236 5352 3401 5422 regno
3424 5334 3582 5422 Dei.

1974 5415 2100 5492 Ivou
2120 5433 2292 5478 autem
2321 5422 2419 5475 hoc
2440 5417 2693 5485 dicimus,
2714 5415 2865 5492 quasi
2887 5416 3221 5492 nullapoepa
3236 5415 3587 5492 8f}ﬁ€'f["m

2124 5474 2480 5561 ἆῖιιᾶἧιιίεᾳιιε
2646 5474 2968 5561 conscientia
3001 5474 3107 5561 sine
3153 5474 3587 5561 beatiﬁcabitur;

1972 5546 2442 5631 ζίῖἶιίάῆιὶιῖιωιιὶν
2463 5558 2519 5612 in
2544 5572 2837 5632 aeternum,
2861 5555 2949 5632 sed
2972 5546 3301 5632 solnm‘mod‘o
3334 5546 3590 5632 omnia...

2143 5634 2287 5690 nullo
2314 5640 2509 5716 "litura
2548 5631 2605 5714 iu
2632 5630 2741 5716 ullo
2760 5628 3004 5716 punimur
3038 5644 3080 5674 ι.
3102 5622 3509 5716 ἓιῖίιὲιλνιιιῗιὲι
3526 5622 3596 5716 in

2141 5683 2474 5766 ibid.
2511 5683 3021 5758 atiimadv'ertimus.
3091 5693 3362 5783 Asinam.
3400 5683 3594 5746 Eon.
