4056 6276
488 320 565 378 ss
1567 300 1573 308 ’
1636 312 1725 369 ne
1760 312 1809 367 ι.
1853 310 2077 368 scoro
2111 307 2653 367 COMMENTATIO.‘
2910 282 2919 309 ⁵
3688 301 3758 360 st

493 439 590 503 sit,
623 434 771 492 nullo
817 439 977 503 pacto
1030 444 1191 501 posse
1239 428 1418 501 puniri
1456 448 1500 484 ι.
1535 428 1622 500 (ι’.
1661 429 1847 484 ﬁll-3|.
1878 427 1979 492 '55;
2013 427 2078 481 de
2109 434 2152 490 Α
2183 438 2465 491 recensere
2500 437 2757 477 nauseam
2798 421 3171 476 tantummodo
3214 419 3577 475 excitaturum
3609 417 3757 472 arbi-

490 529 681 599 praed.
705 540 824 596 sup.
848 524 981 592 Cap.
1014 524 1128 587 IV.)
1159 542 1177 573 ‹
1207 521 1394 592 Neque
1419 522 1550 576 haec
1580 522 1769 590 poenis
1797 530 1881 573 est
1896 520 2075 588 digna,

494 635 659 688 quum
684 618 798 686 ipsa
819 614 952 670 nihil
971 622 1159 685 peccet
1175 622 1269 667 aut
1291 626 1518 683 peccare
1532 620 1695 681 queat
1726 631 1770 664 ι.
1805 609 1908 682 (Cf.
1934 610 1965 682 ᾗ
1990 609 2077 674 57,

501 711 567 775 Α,
598 709 664 777 I.)

567 799 927 854 Nihilominus
957 816 975 848 ι
1015 803 1283 852 tormenta
1326 795 1415 850 illa
1470 798 1633 867 {quae
1664 810 1871 865 poenae
1893 795 2083 850 dicun-

497 894 608 962 tur)
637 889 873 945 naturali
918 888 1180 958 subjecto,
1210 889 1353 959 quod
1384 897 1693 958 torqueant,
1726 902 1917 943 carere
1973 902 2081 941 non

494 991 725 1053 possunt
764 1002 811 1035 ι.
851 980 939 1052 (ν,
972 981 1040 1035 30
1066 980 1245 1050 seqq.)

574 1073 722 1141 Quae
748 1093 767 1125 ς
796 1073 1001 1127 nodosa
1017 1072 1295 1144 perplexio
1319 1081 1378 1127 ut
1399 1071 1541 1141 juste
1554 1071 1812 1137 solvatur,
1844 1081 2085 1127 statuen-

496 1166 626 1220 dum
678 1174 785 1230 est,
819 1165 996 1235 puniri
1049 1165 1275 1235 aliquid,
1304 1164 1448 1233 quod
1504 1179 1609 1218 non
1649 1165 1719 1219 sit
1757 1165 2079 1228 substantia,

497 1255 592 1309 sed
618 1262 827 1310 tantum
851 1255 1180 1310 substantiae
1210 1256 1516 1320 inhaerens,
1545 1256 1614 1309 ita
1640 1262 1841 1319 tamen,
1871 1264 1927 1308 nt
1953 1257 2085 1311 haec

492 1345 615 1415 ipsa
640 1343 941 1401 substantia
971 1348 1115 1399 onmi
1150 1361 1318 1415 poena
1353 1355 1567 1399 maneat
1592 1345 1760 1400 libera
1797 1366 1839 1401 ι.
1874 1346 1969 1400 Est
1996 1362 2087 1402 au-

500 1449 615 1492 tem
660 1439 998 1493 substantiae
1033 1440 1301 1494 humanae
1342 1441 1633 1494 inhaerens
1673 1455 1927 1510 perversa
1981 1440 2085 1493 ista

500 1528 791 1583 voluntas:
819 1538 875 1584 et
914 1531 1049 1585 haec
1104 1531 1240 1599 ipsa,
1268 1532 1719 1600 quemadmodum
1775 1546 1873 1585 suo
1915 1530 2089 1587 Marte

496 1629 708 1690 peccat,
734 1621 807 1675 ita
834 1622 996 1676 etiam
1021 1620 1131 1676 sola
1155 1635 1251 1691 per
1270 1637 1328 1675 se
1346 1621 1597 1689 punitur;
1629 1622 2085 1689 quemadmodum

488 1711 742 1779 peccatis
776 1712 889 1765 suis
926 1711 1169 1765 naturale
1218 1709 1440 1773 bonum,
1476 1719 1724 1765 naturam
1768 1712 2085 1775 humanam,

2186 522 2410 569 tramur.
2449 514 2539 568 Illa
2567 523 2765 576 autem,
2801 529 2939 581 quae
2962 528 3168 566 summa
3201 513 3268 564 ab
3296 510 3413 565 istis
3436 509 3592 580 nugis
3620 508 3762 562 vitae

2182 607 2301 661 usui
2331 605 2526 660 damna
2552 612 2753 673 queant
2801 605 3012 664 inferri,
3043 602 3213 672 magis
3268 601 3420 671 quasi
3475 601 3525 654 in
3576 609 3761 670 aperta

2184 699 2302 754 luce
2329 697 2638 753 collocanda
2665 711 2785 750 esse
2811 697 3107 751 videantur.
3140 694 3282 749 Ilaec
3309 695 3473 765 igitur
3498 692 3768 762 imprimis

2185 790 2237 846 in
2284 791 2388 843 isto
2440 804 2546 843 uno
2590 789 2761 858 posita
2811 797 2933 843 sunt
2967 788 3170 851 omnia,
3197 788 3338 857 quod
3368 786 3509 841 Deus
3534 798 3634 839 nec
3673 780 3767 854 qui

2180 890 2428 951 peccant,
2462 896 2562 934 nec
2582 897 2722 949 quae
2745 888 3066 950 peccantur,
3093 878 3197 932 ulla
3224 877 3432 931 ratione
3454 877 3651 932 dicitur
3676 882 3772 930 aut

2184 990 2380 1028 curare
2425 983 2516 1027 aut
2556 975 2787 1027 novisse.
2820 972 2946 1026 Sola
2990 971 3396 1026 malefactornm
3434 970 3775 1025 conscientia

2184 1082 2328 1129 eum,
2351 1066 2440 1135 qni
2469 1064 2745 1136 peccando
2771 1064 3028 1134 indulget,
3056 1078 3227 1134 poena
3258 1063 3448 1127 allicit,
3471 1063 3581 1117 sola
3612 1060 3776 1116 male-

2187 1156 2450 1212 factorum
2506 1158 2842 1213 conscientia
2870 1173 2899 1211 a
2927 1159 3204 1228 peccando
3246 1166 3426 1228 potest
3471 1159 3777 1212 deterrere.

2186 1249 2377 1304 Nonne
2398 1250 2530 1303 haec
2554 1265 2657 1313 res,
2682 1250 2943 1319 quidquid
2970 1252 3037 1304 ad
3065 1250 3330 1304 scelerum
3353 1250 3604 1305 libidines
3620 1264 3778 1306 coer-

2186 1342 2385 1396 cendas
2406 1349 2489 1396 est
2510 1334 2891 1407 constitutum,
2922 1341 3164 1396 funditus
3196 1343 3581 1412 propemodum
3622 1357 3784 1397 ever.

2189 1432 2271 1496 tit,
2304 1432 2618 1502 disjicit,ab
2673 1435 2952 1490 hominum
2995 1447 3290 1507 conspectu
3342 1438 3621 1492 removet?
3666 1437 3788 1492 Nec

2188 1524 2499 1593 punientem
2531 1524 2700 1580 Deum
2728 1528 2884 1596 quasi
2922 1529 3285 1584 exacerbandi
3322 1529 3482 1583 timor
3527 1529 3783 1584 homines

2179 1610 2362 1685 magis
2387 1615 2608 1679 ferreos,
2639 1633 2738 1672 nec
2759 1628 3029 1674 amantem
3053 1618 3222 1674 Deum
3239 1620 3391 1691 quasi
3411 1619 3783 1675 contristandi

2191 1721 2368 1766 metus
2390 1710 2636 1767 homines
2652 1714 2822 1783 magis
2853 1713 3137 1785 ingenuos,
3165 1726 3492 1769 neurentem
3519 1712 3788 1783 peccandi

502 1803 589 1856 cui
621 1803 890 1868 inhaeret,
914 1804 1138 1859 omnino
1169 1819 1276 1857 non
1299 1804 1649 1865 contaminat,
1679 1805 1749 1858 ita
1775 1819 1948 1873 neque
1969 1815 2077 1858 tor-
2113 1796 2153 1853 Β
2183 1801 2529 1871 cupiditatem
2546 1804 2815 1871 peccando
2829 1800 3790 1873 expleantattpteexstinguant,dum

502 1896 699 1949 utentis
743 1895 875 1962 suis,
902 1894 1098 1965 quibus
1158 1896 1401 1965 punitur,
1456 1893 1702 1950 naturale
1757 1895 2083 1965 subjectum,

483 1982 657 2053 cujus
702 1985 814 2056 ipsa
872 1996 956 2041 est
984 1986 1255 2049 accidens,
1281 1997 1334 2041 et
1376 1987 1428 2040 in
1476 2004 1583 2058 quo
1612 1989 1939 2052 continetur,
1977 1988 2086 2041 ulla

501 2075 712 2130 ratione
734 2084 970 2144 torquet.
997 2076 1178 2145 Itaque
1206 2076 1602 2130 irrationabiles
1617 2087 1794 2131 ntotus
1820 2078 2086 2131 malarum

501 2165 844 2221 voluntatum
877 2168 1171 2236 puniuntur
1206 2168 1257 2221 in
1289 2167 1392 2231 his,
1417 2168 1509 2236 qui
1542 2176 1791 2222 naturam
1823 2168 2015 2222 bonam
2034 2178 2089 2222 et

502 2256 881 2313 rationabilem
929 2266 985 2311 et
1031 2256 1416 2325 impassibilem
1448 2257 1776 2328 participant
1807 2278 1849 2313 ι.
1879 2259 1966 2329 (V,
1998 2259 2091 2313 30-

504 2345 568 2401 51
617 2346 729 2420 [ed.
761 2346 864 2403 Ox.
895 2362 947 2418 p.
994 2347 1303 2420 267—270))
1351 2367 1370 2399 ε
1423 2348 1537 2403 Non
1594 2350 1773 2405 minus
1826 2350 1992 2421 igitur
2035 2352 2089 2404 in

505 2439 665 2495 malis
709 2440 1045 2506 hominibus,
1091 2455 1252 2510 quam
1297 2440 1351 2494 in
1393 2441 1815 2504 bonis—salva,
1856 2440 2085 2511 integra,

501 2529 952 2597 incontaminata,
979 2534 1125 2588 omni
1150 2534 1398 2604 passione
1421 2533 1964 2588 contrariaimmunis
1986 2532 2092 2586 erit

502 2632 557 2676 et
587 2638 802 2693 semper
829 2623 1146 2679 eritnatura
1176 2623 1421 2677 humana
1457 2641 1469 2677 :
1505 2631 1745 2678 attamen
1788 2623 2090 2677 contrarias

504 2727 625 2766 rum
651 2714 994 2784 qualitatum,
1019 2715 1279 2767 bonarum
1305 2714 1427 2768 dico
1449 2713 1820 2784 malarumque
1845 2712 2090 2769 volunta-

502 2811 642 2869 tum,
679 2803 895 2859 virtutis
943 2804 1376 2874 ignominiaeque
1410 2824 1456 2867 ι,
1487 2813 1541 2857 et
1573 2804 1675 2859 hac
1728 2804 1960 2873 denique
2007 2819 2094 2857 ra-

504 2897 652 2952 tione
684 2896 702 2947 t
741 2898 907 2951 etiam
938 2897 1335 2952 contrariarum
1376 2898 1686 2968 passionum
1720 2907 1805 2953 est
1838 2912 2009 2969 capax
2043 2917 2089 2952 ι.

507 2985 595 3056 (L.
624 2986 664 3041 I.
694 3001 746 3056 p.
784 2986 1071 3058 εγω-επ.)

577 3076 664 3131 IV.
701 3076 847 3133 Haec
869 3078 1102 3148 denique
1136 3088 1420 3149 postquam
1453 3089 1580 3134 sunt
1609 3080 1902 3149 disputata,
1937 3077 2092 3134 facile

2189 1890 2336 1946 Scoti
2367 1893 2665 1967 doctrinam
2686 1893 2839 1963 sequi
2866 1893 3157 1957 voluerint,
3181 1894 3537 1962 permovehit.
3570 1894 3792 1958 Quotus

2190 1993 2372 2039 autem
2426 1984 2657 2054 quisque
2710 1984 3079 2040 censcientiae
3130 2000 3260 2039 suae
3311 1986 3410 2039 hoc
3470 1984 3692 2044 tribuet.
3725 1992 3785 2037 ut

2188 2087 2309 2128 eam
2345 2073 2514 2129 solam
2549 2075 2651 2129 sibi
2685 2075 2875 2130 ducem
2906 2075 3098 2146 eligat,
3129 2091 3322 2145 neque.
3357 2076 3692 2145 voluptatum
3732 2074 3788 2128 vi

2189 2166 2495 2232 allectante,
2519 2185 2755 2238 unquam
2787 2170 3032 2225 deserat‘
3060 2171 3211 2238 Quod
3240 2172 3280 2226 si
3309 2172 3407 2225 ista
3437 2171 3684 2224 doctrina
3717 2170 3788 2224 ad

2188 2260 2333 2314 vitae
2364 2262 2671 2315 communis
2703 2253 2869 2316 usum
2924 2261 3241 2327 referretur,
3268 2263 3491 2318 remotis
3518 2262 3798 2333 profecto,

2190 2368 2544 2423 quaecunque
2590 2350 2894 2411 furentibus
2945 2357 3202 2426 peccandi
3245 2356 3557 2411 Iibidinilms
3604 2375 3623 2407 ‹
3672 2372 3791 2409 mo—

2191 2442 2269 2496 les
2306 2462 2351 2507 ι,
2387 2452 2443 2497 ιιι
2498 2443 2705 2514 Virgilii
2746 2446 2927 2501 verbis
2975 2456 3212 2513 utamur,
3245 2466 3262 2497 ι
3302 2456 3356 2501 et
3383 2457 3594 2515 montes
3637 2447 3730 2500 alti
3765 2464 3788 2497 ι

2191 2545 2316 2589 sunt
2378 2536 2650 2607 imposita,
2684 2538 2863 2591 omnia
2908 2538 3163 2594 misceret
3217 2538 3540 2608 penitusque
3590 2539 3799 2592 distur-

2191 2624 2257 2680 ba
2267 2635 2369 2682 ret.

2263 2806 2523 2864 Venimus
2554 2810 2771 2864 tandem
2798 2810 2864 2864 ad
2895 2820 3146 2881 quartam
3193 2811 3336 2866 illam
3384 2809 3625 2866 Naturae
3672 2826 3800 2882 spe-

2193 2898 2356 2965 ciem,
2380 2915 2520 2970 quae
2548 2916 2646 2954 nec
2672 2910 2889 2956 creatur
2912 2916 3011 2956 nec
3051 2910 3223 2957 creat.
3250 2901 3356 2958 Sed
3383 2917 3522 2971 quae
3545 2903 3651 2956 huc
3674 2916 3796 2970 per~

2195 2990 2389 3055 tinent,
2412 3007 2517 3045 non
2561 3000 2667 3045 tam
2721 3008 2851 3061 prae
2873 2993 3068 3047 ceteris
3092 2993 3404 3063 perniciosa
3448 3002 3595 3057 sunt,
3628 3007 3805 3061 quam

2200 3082 2446 3137 ridicula.
2483 3082 2661 3150 Quare
2689 3097 2856 3152 quum
2887 3083 2940 3137 in
2970 3083 3056 3149 iis,
3078 3098 3217 3153 quae
3245 3084 3467 3154 prOprie
3488 3082 3799 3174 perniciosa

506 3176 593 3222 est
642 3168 708 3223 ad
755 3169 1370 3240 intelligendum,quatn
1405 3170 1599 3227 Scottis
1615 3170 1739 3242 jure
1761 3185 1857 3226 suo
1878 3179 1932 3225 et
1961 3171 2093 3225 haec
2120 3150 2165 3211 (ἶ
2197 3182 2399 3237 essent,
2450 3173 2722 3244 longiores
2763 3172 3044 3239 fuerimus,
3087 3175 3139 3228 in
3186 3174 3292 3240 his,
3346 3189 3486 3243 quas
3552 3158 3805 3228 \fortasse

507 3260 831 3330 scripserit:
865 3279 885 3312 ‹
921 3262 1063 3317 Deus
1106 3273 1326 3333 peccata
1374 3264 1551 3334 punit,
1578 3272 1656 3329 et,
1682 3274 1737 3316 ut
1792 3264 1960 3316 verius
2013 3262 2096 3315 di-

507 3367 646 3418 cam,
698 3355 874 3424 puniri
913 3355 1038 3409 sinit
1089 3375 1132 3410 ι.
1178 3375 1195 3407 ι
1233 3356 1367 3409 Mala
1420 3344 1672 3410 voluntas
1714 3357 2097 3425 praevarican-

510 3443 646 3498 tium
702 3445 867 3500 totius
914 3447 1122 3516 peccati
1173 3456 1230 3501 et
1250 3449 1409 3501 totius
1440 3464 1638 3517 poenae
1681 3451 1879 3517 peccati
1932 3465 2095 3506 causa

507 3532 706 3589 efﬁcax
736 3544 818 3590 est
849 3554 893 3590 ι.
919 3537 1002 3607 (L.
1032 3537 1068 3592 l.
1102 3554 1152 3607 p.
1175 3538 1502 3609 269—270.)
1530 3538 1584 3592 In
1610 3539 1747 3594 libro
1777 3540 1843 3594 de
1872 3543 2096 3609 praede-

509 3625 805 3683 stinatione
832 3626 925 3700 (cf.
959 3644 1077 3698 sup.
1103 3630 1235 3699 Cap.
1268 3628 1389 3700 IV),
1418 3645 1526 3699 quo
1558 3630 1671 3698 ipse
1701 3633 2095 3686 sententiarum

510 3731 704 3782 nexus,
737 3726 798 3770 ut
846 3718 1134 3789 diligenter
1175 3724 1241 3773 de
1271 3735 1399 3775 vero
1424 3736 1722 3790 poenarum
1757 3730 1981 3776 auctore
2010 3723 2095 3775 in-

512 3809 843 3877 quireretur,
872 3811 1041 3867 multo
1061 3812 1241 3866 acrius
1255 3811 1583 3881 postulabat,
1617 3811 1745 3865 illud
1766 3812 1959 3882 ipsum,
1980 3811 2097 3866 nul-

514 3898 592 3954 las
621 3916 655 3954 a
676 3900 788 3955 Deo
814 3895 1319 3971 poenas’coustitui,
1348 3904 1493 3958 omni
1523 3904 1719 3958 virium
1755 3906 2099 3960 contentione

514 3991 654 4045 tueri
695 3993 922 4048 studuit.
975 3993 1129 4061 Quod
1184 4004 1364 4050 autem
1402 3994 1575 4066 majus
1632 3995 1798 4050 etiam
1832 4004 1941 4062 est,
1981 3996 2095 4066 ipsa

514 4080 631 4152 ejus
664 4083 1024 4157 philosophia,
1064 4094 1125 4141 ut
1165 4086 1268 4141 hoc
1291 4087 1529 4151 doceret,
1553 4101 1677 4140 eum
1704 4087 1907 4156 coegit.
1936 4085 2099 4141 Nant-

515 4186 619 4241 que
641 4187 707 4227 ex
741 4172 898 4243 hujus
948 4176 1163 4245 placitis
1215 4176 1358 4232 Deus
1404 4177 1535 4231 nihil
1584 4177 1728 4232 aliud
1779 4177 1962 4242 novit,
1992 4177 2097 4231 nisi

515 4276 653 4333 quae
673 4276 798 4318 sunt
838 4285 857 4317 ι
894 4267 1197 4329 substantia
1229 4287 1247 4318 ι
1273 4277 1368 4322 aut
1393 4269 1825 4323 substantialium
1853 4270 2099 4323 acciden-

513 4356 591 4439 tia
637 4358 942 4423 naturalia,
989 4361 1326 4430 proindeque
1377 4380 1397 4411 ί
1446 4370 1656 4425 totum,
1699 4363 1843 4432 quod
1899 4362 2101 4416 dicitur

519 4446 717 4501 malum
753 4465 988 4518 “quum
1034 4452 1085 4504 in
1110 4452 1260 4507 hisce
1304 4466 1409 4505 non
1462 4454 1782 4522 reperiatur,
1814 4471 1832 4503 ‹
1875 4454 2098 4528 omnino

515 4539 729 4611 ignorat
772 4507 974 4613 ἕλοι.
1007 4544 1147 4616 §57.
1195 4545 1263 4609 A,
1314 4544 1426 4616 IV.)
1452 4507 1570 4612 Qth
1618 4507 1863 4616 profecto
1900 4546 1980 4609 Iit,
2013 4522 2091 4612 ut,
2131 4507 2178 4565 θ

519 4630 729 4685 etiamsi
759 4631 899 4687 Deus
925 4633 1037 4704 ipse
1075 4636 1381 4691 hominibus
1404 4637 1604 4708 impiis,
1631 4637 1828 4706 quibus
1859 4638 2097 4708 puniun-

494 4730 624 4785 .tur,
649 4724 966 4790 constituat,
1008 4726 1111 4782 hoc
1154 4736 1333 4783 tamen
1378 4728 1707 4800 imprudens,
1740 4729 1937 4784 nedum
1991 4744 2096 4783 non

521 4810 705 4869 volens
726 4813 904 4871 faciat.
934 4817 1116 4888 Itaque
1142 4820 1282 4875 Deus
1310 4831 1530 4890 peccata
1555 4838 1660 4877 non
1688 4823 1861 4891 punit,
1894 4820 2004 4886 sed,
2031 4822 2099 4876 ad

522 4922 813 4978 summum,
847 4932 866 4964 ι
894 4916 1074 4985 puniri
1105 4916 1232 4971 sinit
1255 4915 1331 4989 (η)
1364 4936 1409 4970 ι.

1223 5047 1251 5120 ς
1289 5044 1379 5105 53.

600 5188 794 5243 Totum
820 5184 987 5257 igitur
1005 5186 1108 5241 hoc
1136 5188 1311 5242 nostri
1336 5189 1614 5255 decretum
1630 5188 1697 5242 de
1721 5186 1957 5258 peccatis
1979 5200 2103 5256 pec-

523 5290 878 5349 catorumque
906 5279 1116 5348 poenis,
1140 5278 1193 5333 id
1232 5280 1376 5348 quod
1403 5280 1536 5335 satis
1567 5278 1889 5349 patefecisse
1928 5276 2104 5331 arbri-

492 5440 495 5445 ι
523 5383 754 5437 tramur,
783 5371 1021 5427 maxima
1045 5384 1177 5426 sane
1198 5371 1642 5440 gravissimorum
1671 5385 1917 5425 errorum
1969 5367 2106 5422 mul-

524 5463 752 5519 titudine
792 5473 876 5520 est
903 5462 1185 5519 refertum.
1236 5462 1384 5531 Quos
1437 5464 1503 5518 de
1555 5463 1769 5533 integro
1830 5460 2106 5529 sigillatim

597 5595 672 5664 (η)
705 5595 1078 5659 Schluelerus,
1105 5595 1231 5652 licet
1257 5597 1335 5667 (p.
1365 5613 1462 5651 xm
1502 5597 1681 5667 seqq.)
1706 5597 1852 5652 Scoti
1886 5605 2108 5650 sentcn-

525 5666 655 5723 liam
686 5668 749 5720 de
782 5686 800 5717 ‹
839 5669 983 5723 malo
1012 5678 1069 5722 et
1094 5670 1162 5722 de
1185 5666 1533 5738 peccatorum
1551 5666 1739 5737 poenis
1769 5689 1787 5720 ι
1821 5667 2111 5738 defenden-

527 5739 651 5792 dam
676 5740 998 5808 susceperit,
1033 5736 1259 5813 ideoque
1290 5738 1358 5795 de
1385 5736 1652 5796 industria
1673 5738 1969 5801 examinet,
1995 5736 2112 5792 illo-

2197 3264 2369 3320 aniles
2428 3273 2635 3320 tantum
2685 3265 2892 3320 fabulas
2923 3266 3296 3337 appellaveris,
3346 3268 3549 3322 erimus
3579 3266 3801 3322 brevio-

2199 3373 2311 3413 res.
2772 3372 2773 3375 “

2907 3449 2935 3521 §
2977 3448 3064 3504 60.

2269 3560 2336 3617 D.
2365 3582 2400 3612 ιι
2430 3560 2631 3628 Quarta
2657 3559 2893 3614 Naturae
2916 3561 3144 3631 species,
3167 3576 3308 3631 quae
3331 3575 3431 3615 nec
3457 3565 3676 3614 creatur
3698 3573 3803 3614 nec

2199 3666 2367 3718 creat,
2397 3655 2639 3724 profecto
2684 3654 2796 3723 ipse
2827 3654 2966 3707 Deus
3021 3661 3124 3706 est.
3156 3652 3344 3706 Divina
3372 3650 3560 3724 (enim)
3600 3659 3801 3704 natura

2200 3748 2441 3801 creditur
2487 3762 2595 3802 non
2650 3745 2846 3813 creari,
2894 3746 3149 3815 quoniam
3218 3745 3490 3817 primitiva
3548 3744 3803 3799 omnium

2200 3854 2363 3894 causa
2388 3848 2493 3904 est,
2526 3838 2666 3893 ultra
2693 3854 2855 3908 quam
2887 3837 3021 3891 nihil
3048 3845 3152 3903 est,
3182 3853 3211 3891 a
3238 3852 3347 3907 quo
3400 3836 3571 3907 possit
3597 3835 3796 3890 creari.

2200 3929 2376 3998 Quum
2410 3944 2535 3983 vero
2584 3937 2706 3998 post
2750 3928 2980 3982 reditum
3038 3926 3408 3982 universitatis
3460 3926 3713 3981 conditae
3741 3925 3802 3980 in

2201 4036 2326 4076 suas
2357 4020 2731 4090 prhnordiales
2756 4033 2972 4083 causas,
3002 4034 3140 4089 quae
3171 4018 3222 4072 in
3254 4018 3369 4088 ipsa
3385 4016 3566 4072 divina
3594 4027 3793 4072 natura

2200 4113 2568 4177 continentur,
2604 4112 2749 4165 nulla
2793 4110 3019 4164 ulterius
3072 4119 3265 4164 natura
3300 4124 3366 4163 ex
3392 4124 3454 4163 ea
3477 4107 3800 4178 procreabi-

2202 4211 2290 4257 tur
2318 4220 2414 4257 seu
2446 4204 2499 4256 in
2528 4205 2737 4272 species
2759 4201 3045 4257 sensibiles
3077 4199 3510 4269 intelligibilesve
3532 4196 3799 4270 multipli-

2201 4295 2571 4360 cabitur,n0n
2626 4294 2900 4348 immerito
2956 4294 3091 4348 nihil
3142 4307 3330 4349 creare
3355 4300 3412 4348 et
3458 4290 3702 4347 creditur
3742 4298 3806 4345 et

2202 4386 2516 4457 intelligitur
2545 4404 2589 4439 ι.
2626 4383 2737 4454 (IV,
2763 4384 2974 4455 *ἐϋ-27.)

2929 4521 2958 4593 §
3000 4523 3088 4578 (ιι.

2282 4656 2301 4689 ‹
2338 4636 2477 4693 Sunt
2523 4644 2838 4708 argumenta
2864 4637 3246 4707 probatissima
3274 4652 3342 4692 ex
3374 4637 3536 4691 rebus
3565 4634 3802 4690 sensibi-

2207 4729 2370 4795 libus,
2402 4744 2540 4799 quae
2568 4729 2797 4784 reditum
2827 4729 2976 4783 illum
2996 4729 3235 4783 futurum
3262 4742 3381 4782 esse
3399 4727 3801 4781 demonstrant.

2208 4854 2278 4864 ——
2307 4822 2549 4892 Sphaera
2582 4820 2831 4876 caelestis
2855 4822 3117 4890 astrigera
3144 4818 3313 4875 XXIV
3336 4821 3593 4873 horarum
3624 4815 3807 4887 spatio

2210 4914 2278 4971 ad
2299 4904 2547 4969 eumdem
2577 4913 2815 4968 locorum
2848 4914 3008 4968 situm
3039 4912 3180 4967 redit
3207 4931 3219 4965 :
3252 4911 3333 4967 sol
3378 4911 3445 4965 ad
3492 4910 3634 4964 idem
3666 4923 3808 4978 pun-

2209 5014 2354 5061 ctum
2380 5004 2790 5076 aequinoctialis
2808 5004 3060 5059 diametri
3088 5004 3323 5075 peractis
3346 5003 3414 5059 IV
3432 5002 3591 5057 annis
3610 5001 3807 5056 eodem

2207 5100 2465 5168 temporis
2524 5107 2799 5153 momento
2853 5097 3117 5166 pervenit.
3168 5096 3307 5162 Quid
3336 5097 3400 5150 de
3425 5094 3590 5156 aeris,
3623 5103 3807 5148 terrae

2208 5189 2592 5255 animantibus,
2635 5187 2893 5252 surculis,
2922 5185 3353 5242 herbis?Nonne
3400 5185 3653 5240 similiter
3704 5197 3804 5239 sua

2209 5289 2452 5352 tempora
2498 5280 2811 5342 observant,
2864 5279 3059 5349 quibus
3111 5277 3164 5331 in
3212 5276 3409 5340 foetus,
3434 5274 3617 5339 ﬂores,
3652 5272 3803 5340 folia,

2211 5374 2421 5429 fructus
2473 5372 2807 5442 erumpunt?
2858 5401 2931 5411 —-
2983 5371 3053 5425 Et
3106 5370 3425 5440 simpliciter
3486 5367 3803 5432 dicendum,

2212 5470 2359 5525 nulla
2416 5481 2674 5538 corporea
2722 5475 2971 5521 creatura
3017 5473 3101 5521 est
3150 5464 3301 5519 vitali
3350 5473 3501 5518 motu
3528 5468 3803 5532 vegetata,

2214 5616 2335 5655 rum
2387 5611 2565 5654 tamen
2612 5611 2880 5660 errorum,
2915 5597 3005 5666 qui
3048 5612 3079 5650 a
3126 5596 3282 5653 nobis
3328 5605 3455 5652 sunt
3507 5594 3703 5660 notati,
3734 5604 3807 5646 ne

2217 5671 2382 5726 ullum
2414 5670 2626 5740 quidem
2658 5668 2927 5739 reperisse
2954 5667 3192 5723 videtur!
