4056 6276
1367 220 1392 233 κ

225 327 305 387 35
1052 319 1142 375 DE
1182 318 1340 375 VlTA
1380 318 1469 374 ET
1503 318 1909 376 ΡΒΑΕΟΕΡΤΙΞ
1946 321 1996 377 .ι.
2038 321 2256 379 SCOTl.
2294 350 2367 366 *-
2403 323 2584 381 PARS
2621 325 2687 382 ll.
3432 326 3508 386 86

225 449 371 522 quae
399 448 505 489 non
535 432 603 487 ad
638 431 962 502 principium
998 441 1177 486 motus
1222 431 1305 485 sui
1353 440 1677 486 revertatur.
1705 431 1818 487 [loc
1843 433 1894 490 A
1921 447 2019 503 per
2038 448 2098 488 se
2133 443 2189 489 et
2215 435 2490 492 mutabilia
2519 446 2645 492 sunt
2664 446 2721 492 et
2747 438 3229 505 transitoria,locis
3244 444 3505 511 tempori-

228 530 409 599 ipsum
434 528 502 582 de
538 535 908 595 totoquoque
957 524 1157 578 mundo
1212 523 1613 594 intelligendum
1653 541 1667 578 :
1697 524 1820 578 linis

225 618 377 675 enim
406 614 524 686 ejus
551 621 636 670 est
662 615 832 685 ipsius
863 613 1209 684 principium,
1235 614 1378 683 quod
1402 614 1605 683 appetit
1631 624 1685 669 et
1712 629 1819 684 quo

225 690 451 780 reperto
478 707 733 771 cessabit,
763 721 871 760 non
900 713 960 759 ut
982 705 1283 761 substantia
1310 705 1478 774 ipsius
1501 714 1708 775 pereat,
1724 707 1819 761 sed

225 808 287 859 ut
309 802 363 855 in
392 815 588 855 causas
618 814 745 853 suas
775 798 975 852 redeat.
1007 827 1076 836 —
1106 796 1368 877 Sjmiliter
1393 797 1606 852 animae
1652 798 1821 852 ratio-

225 894 429 959 nabilis
452 893 865 962 conceptiones,
899 890 1044 959 quod
1078 890 1277 944 artium
1310 889 1610 944 liberalium
1637 903 1820 944 exem-

223 984 313 1055 plo
337 968 622 1055 probat-ur,
652 981 914 1053 principia
945 996 1039 1036 sua
1070 987 1343 1051 repetunt,
1366 980 1422 1034 in
1441 980 1636 1050 quibus
1658 978 1819 1035 ﬁnem

224 1085 414 1132 motus
441 1077 525 1131 sui
580 1074 959 1130 constituunt:
992 1072 1316 1142 principium
1370 1072 1567 1142 quippe
1608 1080 1661 1127 et
1699 1070 1822 1126 linis

226 1169 284 1223 in
316 1170 384 1223 iis
410 1169 665 1224 omnibus
693 1167 744 1223 id
775 1168 950 1237 ipsum
973 1175 1076 1221 est.
1116 1166 1173 1221 ln
1214 1166 1466 1223 omnibus
1515 1167 1824 1222 hominibus

225 1274 370 1313 unus
395 1267 559 1328 atque
584 1257 723 1312 idem
756 1256 1027 1328 appetitus
1049 1264 1133 1310 est
1158 1256 1395 1319 essendi,
1424 1256 1561 1310 bene
1583 1256 1821 1321 essendi,

225 1348 621 1420 perpetuahter
643 1347 898 1402 essendi:
931 1346 1053 1402 etsi
1103 1347 1281 1402 omnis
1331 1355 1509 1402 motus
1564 1347 1825 1402 naturalis

227 1454 338 1493 non
370 1437 593 1502 desinit,
622 1437 793 1492 donec
816 1440 884 1492 ad
932 1436 1091 1490 tinem
1148 1452 1303 1491 suum
1342 1436 1639 1505 perveniat,
1694 1436 1822 1506 quid

228 1539 490 1593 naturam
544 1530 836 1584 humanam
867 1528 1059 1583 sistere
1085 1526 1247 1591 valet,
1275 1542 1341 1581 ne
1363 1528 1431 1582 ad
1462 1526 1533 1590 id,
1560 1528 1703 1598 quod
1734 1542 1824 1595 pe-

231 1622 317 1684 tit,
340 1620 661 1693 perveniat?
692 1619 1029 1690 Quapropter
1067 1618 1231 1673 etiam
1263 1618 1327 1673 de
1365 1602 1597 1672 humana
1630 1626 1825 1673 natura

228 1720 405 1782 patet,
427 1710 493 1766 ad
519 1711 686 1766 Deum
715 1711 885 1782 ipsam
915 1725 1035 1766 esse
1065 1709 1358 1765 redituram
1394 1729 1445 1763 ›.

959 1817 1252 1891 562...

307 1950 329 1984 ι
363 1930 640 1986 Redibunt
664 1938 846 1987 autem
868 1931 1073 1997 omnia,
1103 1946 1244 2001 quae
1292 1946 1356 1986 ex
1389 1931 1500 1985 Deo
1547 1945 1826 2001 processeo

226 2031 379 2088 runt,
419 2022 609 2078 eadem
636 2022 746 2088 via,
773 2036 879 2091 qua
911 2023 1185 2092 processio
1214 2022 1301 2076 illa
1331 2022 1598 2078 estfacta.
1625 2021 1825 2089 Quem-

226 2115 525 2170 admodum
553 2113 715 2184 igitur
738 2112 1014 2183 processio
1042 2126 1107 2167 ea
1163 2111 1285 2175 fuit,
1311 2122 1370 2167 ut
1401 2114 1582 2167 omnia
1611 2126 1642 2168 a
1664 2127 1826 2196 snpe-

227 2207 474 2263 rioribus
502 2207 571 2262 ad
596 2206 848 2261 inferiora
886 2204 1183 2262 deﬂuerent
1213 2205 1307 2277 (cf.
1341 2205 1369 2277 §
1400 2205 1515 2276 54),
1541 2206 1619 2261 sic
1657 2205 1823 2260 etiam

228 2297 285 2350 in
312 2297 493 2352 reditu
518 2296 774 2352 inferiora
798 2310 1011 2365 semper
1040 2296 1094 2350 in
1120 2296 1397 2367 superiora
1414 2304 1821 2352 convertentur.

230 2414 303 2429 -—
336 2386 457 2442 Non
496 2388 642 2443 enim
692 2400 820 2442 vera
862 2388 1001 2442 ratio
1038 2388 1168 2443 sinit
1222 2389 1502 2457 superiora
1555 2386 1824 2442 inferiori-

231 2480 337 2536 bus
364 2478 451 2534 vel
478 2479 766 2544 contineri,
798 2477 881 2533 vel
910 2479 1135 2544 attrahi,
1163 2477 1249 2533 vel
1296 2479 1527 2534 absumi.
1560 2478 1822 2535 Interiora

228 2584 365 2621 vero
390 2584 422 2621 a
455 2568 826 2641 superioribus
861 2568 1179 2622 naturaliter
1201 2569 1545 2622 attrahuntur
1565 2567 1826 2623 etabsor-

230 2657 455 2720 bentur,
487 2671 590 2710 non
621 2665 680 2711 ut
710 2672 813 2710 non
843 2657 972 2720 sint,
998 2656 1090 2710 sed
1122 2665 1180 2710 ut
1203 2658 1256 2711 in
1283 2657 1349 2711 iis
1394 2657 1514 2725 plus
1550 2656 1829 2713 salventur

229 2760 287 2803 et
311 2748 615 2804 subsistant
641 2757 697 2803 et
726 2764 891 2803 unum
923 2748 1034 2803 sint
1080 2768 1123 2801 ›.
1157 2748 1245 2819 (V,
1276 2748 1331 2804 8.
1358 2747 1429 2803 20
1453 2765 1469 2816 ;
1493 2747 1559 2816 ll,
1589 2748 1624 2804 5
1647 2747 1826 2820 seqq.)

959 2856 988 2929 ς
1021 2858 1110 2913 65.

314 2987 335 3020 ι
368 2968 556 3039 itaque
609 2968 862 3024 inferiora
917 2984 947 3023 a
993 2969 1360 3040 superioribus
1425 2968 1828 3037 absorbentur,

236 3076 348 3115 non
375 3069 435 3114 ut
465 3076 568 3114 non
602 3060 731 3124 sint,
762 3061 854 3114 sed
884 3069 941 3113 ut
968 3057 1020 3112 in
1052 3059 1118 3114 iis
1141 3059 1260 3129 plus
1284 3059 1562 3115 salventur
1596 3070 1651 3115 et
1701 3060 1827 3115 sub-

241 3153 459 3208 sistant.
492 3151 659 3222 Hujus
684 3153 756 3206 rei
785 3162 1100 3223 argumenta
1126 3151 1178 3206 in
1212 3165 1394 3206 rerum
1439 3161 1632 3206 natura
1682 3152 1829 3205 inve-
1855 3132 1900 3196 (εἶ

240 3245 492 3298 ninntur.
532 3242 664 3297 Nam
690 3258 863 3313 neque
894 3258 989 3296 aer
1023 3258 1175 3296 suam
1220 3243 1396 3313 perdit
1434 3242 1823 3309 substantiam,

236 3349 363 3388 cum
393 3341 539 3388 totus
561 3334 616 3387 in
642 3333 821 3387 lumen
850 3333 1025 3386 solare
1048 3334 1401 3399 convertitur,
1435 3333 1489 3388 in
1515 3343 1746 3400 tantum,
1772 3341 1830 3389 ut

238 3422 375 3477 niltil
407 3434 681 3494 appareat,
711 3421 813 3477 nisi
855 3422 964 3487 lux,
992 3438 1114 3477 cum
1146 3421 1288 3477 aliud
1311 3424 1383 3477 sit
1410 3422 1521 3489 lux,
1553 3423 1695 3479 aliud
1712 3438 1825 3478 aer.

240 3511 516 3566 Hetallum
567 3512 801 3582 aliquod,
847 3513 899 3567 in
953 3513 1074 3584 igne
1133 3512 1500 3584 liquefactum,
1547 3515 1599 3569 in
1643 3515 1826 3587 ignem

240 3604 486 3658 converti
512 3603 723 3661 videtur
751 3604 897 3658 salva
923 3604 1121 3659 metalli
1145 3605 1465 3659 substantia.
1506 3604 1707 3660 Eadem
1742 3619 1829 3660 ra-

240 3695 391 3749 tione
434 3693 687 3748 existimo
735 3693 1074 3765 corporalem
1125 3696 1481 3751 substantiam
1513 3694 1566 3749 in
1591 3696 1833 3750 animam

242 3801 365 3841 esse
401 3786 772 3851 transituram,
813 3804 916 3842 non
948 3796 1009 3841 ut
1037 3795 1223 3857 pereat
1250 3788 1392 3857 quod
1438 3788 1529 3852 sit,
1557 3787 1650 3843 sed
1681 3797 1739 3842 ut
1772 3788 1829 3843 in

240 3879 457 3932 meliori
501 3878 736 3933 essentia
790 3877 938 3933 salva
967 3879 1037 3933 sit
1068 3898 1115 3933 ι.
1152 3876 1241 3950 (V,
1267 3879 1323 3935 8.
1378 3877 1470 3933 20.
1503 3878 1573 3935 39
1606 3889 1663 3934 et
1708 3893 1833 3949 pas-

238 3969 402 4040 sint.)
960 4039 990 4114 ς
1029 4040 1097 4097 6‘

276 4172 283 4175 '
321 4158 438 4216 lloc
488 4171 664 4218 autem
708 4163 872 4220 etiam
921 4172 1085 4233 atque
1112 4163 1279 4220 etiam
1325 4163 1481 4220 nobis
1506 4163 1831 4231 inculcatur,

245 4271 271 4306 ι
306 4253 389 4308 sic
438 4253 695 4311 inferiora
762 4268 976 4325 semper
1036 4271 1066 4308 a
1113 4255 1484 4326 superioribus
1529 4256 1833 4321 absorberi,

242 4352 306 4396 It
331 4340 482 4396 salva
509 4353 724 4397 maneat
743 4341 1056 4397 inferiorum
1085 4344 1384 4399 substantia
1419 4363 1462 4397 ι.
1508 4343 1835 4417 (V,20.39.)

244 4431 385 4487 Hine
412 4446 627 4502 quoque
651 4431 891 4503 profecto
925 4434 1165 4505 colligas,
1222 4433 1405 4500 rebus,
1455 4450 1594 4505 quae
1642 4436 1835 4490 absor—

1918 522 2129 593 busque
2172 526 2439 596 subjecta,
2488 530 2926 598 generationibus
2970 542 3027 588 ct
3066 536 3509 604 corruptiouibus

1917 614 2150 670 obnoxia
2186 616 2593 688 ».(v,13—16.)

2639 751 2667 823 ε
2708 752 2797 807 65.

1987 886 2351 956 Quaecunque
2388 896 2665 954 praeterea
2702 901 2864 955 super
2915 886 3007 940 illo
3053 902 3234 942 rcrttm
3262 890 3504 947 omnium

1917 977 2117 1039 reditu,
2143 976 2187 1030 si
2215 991 2327 1030 rem
2352 977 2648 1046 generatim
2676 984 2841 1043 atque
2882 978 3137 1032 universe
3178 987 3512 1048 spectamus,

1919 1079 2220 1124 memoratu
2250 1069 2409 1139 digna
2433 1068 2735 1133 videantur,
2767 1067 2963 1124 Scotus
2987 1070 3104 1139 ipse
3135 1070 3188 1124 in
3215 1072 3503 1142 angustius

1922 1159 2136 1213 redacta
2162 1160 2247 1214 his
2273 1158 2451 1213 verbis
2489 1159 2730 1226 exponit.

1996 1270 2013 1301 ι
2052 1250 2235 1304 Visum
2260 1257 2339 1303 est
2372 1249 2546 1313 nobis,
2576 1251 2833 1318 quasdam
2860 1251 3097 1307 theorias
3123 1254 3190 1308 de
3219 1256 3394 1310 reditu
3433 1254 3510 1312 ef-

1922 1335 2157 1392 fcctuum
2212 1337 2264 1392 in
2311 1339 2669 1401 causas,.hoc
2716 1340 2879 1394 estin
2927 1343 3183 1406 rationes,
3217 1344 3268 1397 in
3316 1346 3515 1413 quibus

1924 1427 2246 1492 subsistunt,
2276 1426 2621 1498 subiungere.
2664 1427 2830 1497 Cujus
2858 1431 3053 1485 iterum
3084 1435 3288 1489 reditus
3312 1436 3509 1506 triplex

1922 1518 2243 1573 occurrebat
2276 1519 2487 1574 modus.
2536 1519 2775 1586 Quorum
2803 1523 3011 1591 prinms
3033 1525 3249 1593 quidem
3280 1542 3512 1597 genera-

1924 1608 2047 1664 liter
2072 1609 2122 1663 in
2154 1611 2604 1665 transmutatione
2632 1612 2822 1667 'totius
2874 1616 3144 1670 sensibilis
3195 1626 3506 1683 creaturae,

1924 1718 2064 1772 quae
2081 1702 2220 1758 intra
2244 1701 2401 1770 hujus
2427 1704 2612 1759 mundi
2637 1707 2895 1760 ambitum
2922 1707 3249 1774 continetur,
3278 1711 3378 1766 hoc
3399 1721 3510 1779 est,

1852 1780 1902 1841 Β
1928 1794 2170 1848 omnium
2195 1809 2485 1863 corporum
2516 1812 2609 1851 seu
2649 1797 2898 1852 sensibus
2936 1802 3214 1868 corporeis
3264 1818 3515 1857 succum~

1924 1884 2192 1948 bentium,
2218 1901 2314 1940 seu
2361 1901 2455 1941 eos
2502 1901 2632 1956 prae
2664 1887 2827 1942 nimia
2858 1888 2940 1942 sui
2976 1890 3273 1945 subtilitate
3306 1891 3514 1962 fugien-

1926 1976 2082 2042 tium,
2113 1977 2550 2041 considerantur,
2574 1978 2647 2031 ita
2689 1988 2748 2031 ut
2773 1978 2979 2033 nullum
3019 1995 3215 2050 corpus
3254 1981 3326 2036 sit
3370 1982 3515 2037 intra

1926 2076 2130 2122 textum
2154 2082 2446 2136 corporeae
2475 2076 2723 2133 naturae,
2762 2069 2875 2123 sive
2922 2069 3071 2123 vitali
3116 2079 3266 2124 motu
3313 2070 3516 2125 solum-

1924 2158 2108 2222 modo,
2135 2173 2232 2212 seu
2278 2157 2489 2212 occulte
2534 2172 2628 2212 seu
2673 2150 2860 2226 aperte
2890 2166 3217 2230 vegetatum,
3251 2174 3342 2215 seu
3373 2159 3515 2215 irra-

1925 2249 2170 2307 tionabili
2191 2250 2371 2305 anima
2399 2264 2768 2322 corporeoque
2798 2265 2958 2305 sensu
2988 2250 3213 2321 pollens,
3231 2252 3374 2320 quod
3400 2267 3508 2307 non

1926 2345 1981 2401 in
2007 2362 2134 2403 suas
2153 2361 2351 2401 t-ausas
2391 2346 2635 2401 occultas
2656 2353 2972 2399 revertatur.
2998 2346 3077 2399 Ad
3114 2344 3341 2400 nihilum
3367 2346 3512 2399 enim

1926 2437 2202 2508 redigetur
2225 2438 2279 2491 in
2313 2437 2418 2502 his,
2457 2452 2597 2506 quae
2647 2435 3079 2490 substantialiter
3125 2451 3156 2490 a
3207 2451 3368 2490 causa
3400 2450 3516 2489 om-

1926 2528 2076 2583 nium
2105 2528 2393 2583 substituta
2419 2535 2562 2582 sunt.
2600 2524 2881 2581 Secundus
2908 2542 3034 2580 vero
3058 2526 3247 2581 modus
3272 2526 3521 2598 specula-

1929 2620 2091 2675 tionis
2115 2634 2245 2675 suae
2270 2618 2451 2673 sedem
2492 2618 2700 2675 obtinet
2743 2618 2795 2670 in
2843 2617 3021 2672 reditu
3075 2618 3313 2689 generali
3359 2620 3522 2673 totius

1929 2709 2200 2763 humanae
2230 2716 2474 2771 naturae,
2502 2706 2555 2762 in
2594 2707 2816 2762 Christo
2860 2708 3116 2774 salvatae,
3150 2710 3202 2763 in
3230 2709 3522 2779 pristinum

1929 2813 2062 2855 suae
2105 2796 2430 2853 conditionis
2474 2805 2672 2853 statum
2711 2813 2775 2853 ac
2814 2799 2978 2853 veluti
3003 2800 3267 2868 quendam
3302 2801 3515 2871 paradi-

1929 2906 2068 2955 sum,
2094 2891 2147 2947 in
2169 2891 2382 2947 divinae
2411 2890 2659 2961 imaginis
2694 2891 3030 2959 dignitatem,
3088 2892 3283 2946 merito
3333 2893 3514 2951 unius.

1928 2981 2084 3053 cujus
2104 2983 2326 3055 sanguis
2344 2983 2704 3038 communiter
2729 2997 2829 3053 pro
2855 2982 3030 3037 salute
3061 2984 3226 3037 totius
3271 2984 3519 3037 Immani-

1931 3076 2059 3133 tatis
2084 3074 2234 3131 fusus
2261 3082 2363 3141 est,
2390 3076 2461 3129 ita
2486 3083 2546 3128 ut
2573 3089 2733 3129 nemo
2760 3074 3040 3129 hominum
3072 3074 3406 3130 naturalibus
3432 3075 3521 3128 bo-

1932 3168 2036 3233 nis,
2066 3167 2120 3222 in
2148 3166 2342 3236 quibus
2368 3166 2617 3221 conditus
2639 3175 2741 3230 est,
2780 3164 3039 3235 privetur,
3071 3165 3185 3220 sive
3221 3164 3515 3229 bene,sive

1931 3256 2072 3312 male
2098 3257 2151 3311 in
2183 3256 2282 3311 hac
2305 3256 2411 3309 vita
2456 3255 2669 3309 vixerit.
2698 3255 2777 3309 Ac
2803 3254 2883 3310 sic
2910 3254 3129 3309 divinae
3172 3254 3431 3309 bonitatis
3456 3262 3515 3308 et

1931 3347 2197 3420 largitatis
2227 3346 2513 3402 inell'ahilis
2539 3354 2595 3401 et
2621 3343 3185 3417 incomprehensibilis
3216 3344 3433 3400 dill'usio
3465 3344 3524 3400 in

1935 3454 2153 3495 omnem
2200 3438 2491 3494 humanam
2523 3447 2775 3491 naturam
2809 3436 3111 3506 apparebit,
3144 3437 3268 3492 dum
3302 3438 3354 3491 in
3379 3435 3529 3492 nullo

1934 3532 2174 3601 punitur,
2211 3531 2354 3601 quod
2382 3546 2413 3584 a
2441 3544 2656 3586 summo
2687 3529 2829 3585 bono
2867 3539 3069 3584 manat.
3101 3530 3318 3585 Tertius
3342 3530 3407 3585 de
3437 3544 3526 3584 re-

1931 3624 2046 3680 ditu
2074 3624 2315 3680 theoriae
2341 3623 2531 3679 modus
2555 3634 2802 3679 versatur
2832 3623 2885 3679 in
2921 3624 3026 3689 his,
3054 3624 3147 3693 qui
3198 3638 3304 3677 non
3349 3622 3524 3678 solum

1934 3716 1988 3771 in
2020 3716 2403 3771 sublimitatem
2436 3722 2661 3768 naturae
2688 3713 2741 3767 in
2774 3714 2841 3767 iis
2875 3713 3200 3768 substitutae
3225 3712 3526 3777 asceasuri,

1933 3821 2119 3861 verum
2149 3806 2310 3859 etiam
2337 3819 2433 3874 per
2455 3804 2838 3857 abundantiam
2876 3803 3090 3857 divinae
3121 3802 3349 3874 gratiae,
3381 3816 3522 3872 quae

1935 3911 2032 3966 per
2055 3894 2331 3950 Christum
2374 3902 2429 3948 et
2459 3894 2511 3947 in
2558 3892 2775 3948 Christo
2796 3894 2983 3947 electis
3006 3893 3125 3957 suis
3150 3892 3414 3957 tradetur,
3438 3908 3545 3948 su-.

1932 3999 2032 4055 pra
2061 3999 2250 4039 omnes
2272 3992 2495 4038 naturae
2529 3983 2674 4053 leges
2699 3998 2763 4037 ac
2792 3982 3058 4036 terminos
3083 3982 3512 4052 superessentia-

1934 4074 2061 4130 liter
2087 4074 2141 4128 in
2180 4074 2352 4144 ipsum
2399 4073 2567 4128 Deum
2628 4072 2906 4126 transituri
2962 4082 3112 4136 sunt,
3148 4084 3421 4141 utntmquc
3460 4069 3517 4125 in

1936 4166 2055 4237 ipso
2074 4173 2270 4223 etcum
2296 4165 2411 4234 ipso
2441 4164 2627 4218 futuri.
2652 4162 2896 4232 Quorum
2926 4164 3165 4218 recursio
3191 4162 3353 4216 veluti
3398 4168 3525 4231 post

1936 4258 2197 4329 quosdam
2238 4257 2436 4328 gradus
2459 4265 2664 4326 septem
2698 4255 3048 4310 discernitur.
3082 4252 3159 4307 Ac
3187 4254 3394 4323 primus
3422 4253 3531 4306 erit

1890 4408 1893 4413 ,
1938 4346 2167 4404 mutatio
2196 4345 2393 4402 terreni
2413 4345 2659 4415 corporis
2681 4344 2733 4398 in
2757 4351 2960 4399 motum
2983 4343 3221 4405 vitalem,
3255 4340 3525 4396 secundus

1938 4439 2125 4494 vitalis
2164 4446 2343 4493 motus
2380 4437 2434 4490 in
2466 4451 2701 4500 sensum,
2734 4434 2927 4489 tertius
2947 4447 3139 4488 sensus
3157 4432 3208 4487 in
3238 4432 3527 4496 rationem,

241 4524 499 4591 beantur,
534 4539 719 4579 veram
759 4541 822 4580 ac
852 4527 1123 4596 propriam
1144 4541 1211 4582 ex
1249 4525 1430 4582 causis
1470 4525 1832 4596 primordiali-
1860 4516 1909 4575 D
1934 4530 2131 4587 dehinc
2156 4529 2383 4585 rationis
2407 4529 2461 4583 in
2493 4528 2733 4583 animum
2761 4545 2775 4580 :
2808 4526 2861 4581 in
2889 4542 2998 4597 quo
3026 4526 3147 4581 linis
3168 4525 3337 4580 totius
3359 4524 3528 4579 ratio-

242 4614 349 4670 bus
395 4615 721 4684 impertitam
751 4614 917 4672 fuisse
957 4616 1337 4682 substantiam,
1394 4630 1533 4685 quae
1558 4617 1672 4685 ipsa
1700 4618 1828 4671 sub-

243 4707 465 4770 stantia,
500 4707 660 4763 rebus
686 4708 741 4762 in
766 4723 957 4764 causas
979 4724 1104 4764 suas
1142 4708 1557 4773 revertentibus,
1581 4708 1727 4763 salva
1752 4717 1831 4763 at-

245 4814 355 4868 que
381 4799 691 4869 incorrupta
723 4814 941 4855 manere
961 4800 1189 4855 dicatur.
1215 4798 1285 4854 At
1310 4799 1596 4870 praecipue
1622 4801 1675 4853 in
1691 4799 1830 4854 libro

245 4891 461 4961 quinto,
504 4905 612 4960 quo
648 4889 714 4945 de
749 4905 928 4945 rerum
977 4892 1220 4947 omnium
1279 4891 1452 4946 reditu
1503 4891 1831 4961 disputatur,

246 4980 418 5033 altera
446 4978 535 5033 illa
570 4980 857 5045 sententia,
883 4994 1045 5051 quam
1074 4996 1231 5051 supra
1276 4981 1390 5051 jam
1443 4980 1833 5050 explicavimus

246 5072 345 5144 (cl'.
380 5071 410 5143 ᾗ
442 5071 557 5142 56),
582 5072 804 5127 uberius
833 5082 915 5128 est
944 5074 1204 5143 exposita.
1232 5072 1418 5142 itaque
1467 5072 1600 5127 haec
1644 5073 1838 5127 docen-

247 5174 360 5219 tur.
389 5164 566 5233 Qnum
596 5181 701 5220 non
735 5165 881 5234 ipsae
911 5181 1089 5220 rerum
1117 5165 1452 5219 substantiae
1486 5180 1551 5218 ex
1582 5165 1759 5219 causis
1781 5163 1834 5219 in

250 5257 395 5311 hunc
428 5260 687 5311 mundum
718 5256 1023 5328 tingendum
1077 5256 1449 5328 proﬂuxerint,
1479 5256 1572 5312 sed
1604 5273 1670 5312 ex
1707 5258 1838 5311 sub-

250 5348 602 5413 stantiarum,
632 5363 772 5418 quae
792 5349 844 5403 in
868 5349 1046 5404 causis
1070 5361 1469 5414 remanserunt,
1507 5367 1525 5399 t
1560 5348 1838 5418 qualitati-

248 5439 358 5493 bus
393 5458 410 5489 ι
439 5440 527 5493 hic
576 5439 808 5493 mundus
838 5438 1133 5495 fabricatus
1176 5452 1337 5509 atque
1375 5449 1687 5509 compactus
1735 5440 1840 5505 sit,

257 5549 279 5582 ι
322 5531 440 5600 ipse
468 5531 671 5585 reditus
702 5544 808 5586 non
838 5540 920 5587 est
940 5532 1388 5597 substantiarum,
1414 5547 1554 5602 quae
1586 5533 1841 5587 immuta-

250 5622 440 5677 biliter
462 5629 517 5676 et
548 5612 904 5680 insolubiliter
931 5626 983 5679 in
1007 5641 1066 5681 se
1092 5635 1436 5695 permanent,
1476 5625 1569 5679 sed
1618 5625 1846 5697 qualita-

255 5722 370 5768 tum
403 5725 459 5770 et
496 5716 855 5785 quantitatum
905 5717 1242 5787 aliorumque
1286 5718 1669 5785 accidentium,
1708 5734 1846 5790 quae

1934 4625 2072 4681 nalis
2096 4631 2381 4680 creaturae
2410 4622 2779 4678 constituitur.
2818 4620 2945 4675 Post
2992 4622 3132 4675 hanc
3162 4618 3326 4674 veluti
3360 4618 3524 4687 quin-

1935 4732 2044 4787 que
2068 4716 2304 4787 partium
2333 4723 2554 4769 nostrae
2596 4724 2822 4767 naturae
2852 4712 3260 4775 adunationem,
3287 4708 3541 4780 corporis

1938 4809 2206 4874 videlicet,
2235 4817 2289 4864 et
2315 4807 2493 4863 vitalis
2529 4816 2732 4872 motus,
2785 4821 3104 4874 sensusque,
3164 4804 3544 4875 rationisque,.

1940 4898 2369 4969 intellectusque,
2431 4897 2507 4951 ita
2546 4905 2602 4952 ut
2632 4913 2735 4950 non
2765 4896 3024 4965 quinque,
3057 4894 3150 4949 sed
3196 4911 3361 4949 unum
3398 4896 3541 4960 sint,

1940 4990 2289 5046 inferioribus
2344 5004 2563 5058 semper
2610 5004 2640 5041 a
2684 4987 3057 5059 superioribus
3114 4985 3533 5049 eunsunnnatis,

1938 5099 2044 5138 non
2074 5090 2131 5136 ut
2153 5096 2257 5135 non
2284 5080 2414 5144 sint,
2442 5079 2534 5134 sed
2560 5088 2617 5132 nt
2640 5095 2805 5133 unum
2833 5078 2962 5143 sint,
2986 5086 3283 5147 sequentur
3309 5077 3400 5131 alii
3421 5087 3536 5129 tres

1940 5173 2273 5231 ascensionis
2295 5172 2514 5245 gradus,
2547 5186 2778 5241 quorum
2810 5178 3042 5223 unusest
3072 5167 3331 5222 transitus
3360 5165 3535 5219 animi

1938 5264 1993 5319 in
2025 5262 2304 5320 scientiam
2327 5262 2590 5325 omnium,
2618 5276 2758 5330 quae
2794 5267 2913 5330 post
2947 5260 3115 5313 Deum
3149 5246 3307 5319 sunt,
3339 5271 3534 5311 secun-

1944 5355 2045 5409 dus
2072 5354 2335 5409 scientiae
2362 5353 2415 5406 in
2444 5353 2785 5423 sapientiam,
2814 5352 2918 5405 hoc
2971 5361 3074 5412 est,
3120 5348 3539 5418 contemplatio-

1946 5462 2070 5503 nem
2105 5447 2350 5500 intimam
2373 5445 2642 5510 veritatis,
2674 5453 2936 5514 quantum
2972 5451 3254 5497 creaturae
3283 5440 3505 5494 concedi
3531 5470 3536 5481 ι

1948 5548 2071 5603 tur,
2109 5538 2320 5600 tertius,
2351 5537 2440 5607 qni
2464 5545 2518 5590 et
2547 5552 2807 5599 summus,
2865 5532 3367 5604 purgatissimorum
3419 5530 3513 5585 ani

1950 5640 2160 5683 morum
2191 5626 2242 5679 in
2275 5625 2451 5696 ipsum
2478 5623 2645 5679 Deum
2674 5619 3163 5692 supernaturaliter
3189 5634 3438 5684 occasus,
3473 5634 3540 5672 ac

1950 5716 2113 5772 veluti
2141 5714 2713 5785 incomprehensibilis
2728 5723 2782 5768 et
2810 5710 3198 5768 inacccssibilis
3225 5710 3362 5767 lucis
3388 5718 3511 5766 tene
3536 5740 3537 5743 η
