4056 6276
497 299 567 356 87
1673 291 1941 348 TllOM/E
1979 292 2186 348 CALEI‘
2218 292 2585 348 ΡΒᾹΞΡΛΤΙΟ
3700 291 3766 348 88

501 425 649 474 irae,
682 409 733 463 in
757 407 952 478 quibus
989 420 1186 462 causae
1213 407 1454 462 omnium
1494 425 1514 457 ι
1552 405 1678 472 (hoc
1693 416 1776 459 est
1798 406 2088 460 electorum
2120 411 2164 468 A
2196 411 2357 474 sit,ut
2382 411 2514 464 haec
2543 409 2879 478 pliiloSOphia
2907 424 2969 462 ac
2999 406 3264 478 theologia
3296 407 3407 462 fere
3432 405 3538 462 sint
3565 406 3768 465 insulsa

503 518 601 556 seu
641 521 659 552 ι
689 499 1137 570 (Ιείῐίρειιοι-ιιιιι»)
1177 517 1196 550 ι
1239 498 1664 553 abscondantur.
1717 498 1779 551 Et
1811 506 1938 552 tunc
1979 513 2085 552 nox

503 596 644 650 sicut
665 592 781 646 dies
809 591 1217 655 illuminabitur,
1250 592 1354 646 hoc
1379 601 1462 646 est
1491 591 1856 644 secretissima
1886 601 2088 661 myste-

506 688 583 740 ria
607 688 778 742 beatis
805 694 859 741 et
913 685 1228 747 illuminatis
1260 683 1619 738 intellectibus
1663 682 1916 737 ineli‘abili
1950 699 2087 754 quo-

503 780 628 834 dam
652 777 810 831 modo
832 777 1162 846 aperientur.
1195 774 1346 829 Tunc
1375 774 1685 844 perﬁcietur
1711 774 1972 828 octonarii
1991 789 2089 826 n11-

505 867 641 923 meri
673 866 836 920 veluti
882 863 1308 934 supernaturalis
1335 865 1456 918 cubi
1489 863 1882 934 perfectissima
1912 862 2091 917 solidi—

506 967 611 1021 tas,
636 957 686 1009 in
717 956 872 1026 cujus
903 962 1030 1026 typo
1051 963 1236 1008 sextus
1278 954 1522 1008 tilulatur
1552 953 1815 1018 Psalmus,
1853 972 1906 1005 ιι
1942 952 2092 1007 Psal-

508 1063 630 1101 mus
659 1047 824 1100 David
845 1061 942 1115 per
967 1054 1154 1099 octava
1178 1063 1196 1095 ι
1214 1064 1255 1098 ι.
1272 1044 1618 1099 Rcsurrcetio
1643 1059 1856 1114 quoque
1881 1043 2090 1098 Domini

508 1153 615 1193 non
641 1136 802 1191 aliam
853 1138 923 1192 ob
962 1152 1184 1190 causam
1230 1145 1421 1190 octava
1452 1136 1538 1190 die
1583 1135 1721 1190 facta
1751 1144 1855 1198 est,
1891 1134 1996 1188 nisi
2036 1142 2094 1188 ut

507 1232 664 1286 beata
695 1229 782 1284 illa
807 1230 938 1295 vita,
964 1245 1106 1299 quae
1130 1238 1253 1299 post
1276 1229 1635 1298 septenariam
1659 1228 1817 1297 hujus
1834 1229 1973 1282 vitae
1997 1241 2096 1296 per

505 1331 713 1389 septem
740 1321 856 1374 dies
887 1319 1274 1374 revolutionem
1306 1329 1387 1374 est
1411 1318 1588 1372 futura
1612 1329 1731 1388 post
1757 1318 1938 1372 mundi
1967 1333 2097 1373 con-

506 1411 948 1475 summationem,
988 1409 1213 1480 mystice
1257 1410 1673 1479 significaretur,
1731 1409 1945 1477 quando
1991 1410 2097 1462 hu-

508 1516 667 1553 mana
717 1509 932 1564 natura,
968 1507 1026 1553 ut
1076 1499 1465 1569 praediximus,
1495 1499 1546 1552 in
1579 1513 1733 1551 suum
1774 1498 2094 1567 principium

510 1609 607 1663 per
628 1594 960 1648 octonariam
984 1592 1358 1648 ascensionem
1386 1591 1624 1647 reditura
1653 1591 1722 1645 sit
1746 1607 1762 1656 ;
1793 1590 2098 1660 quinariam

511 1685 729 1755 quidem
766 1686 906 1739 intra
942 1694 1168 1739 naturae
1198 1685 1476 1748 terminos,
1515 1684 1806 1738 ternariam
1840 1698 1970 1737 vero
2001 1697 2094 1736 su-

2187 501 2473 570 quaedam,
2507 508 2761 569 perpetuo
2806 500 3076 568 opinionis
3105 513 3298 553 errore
3336 498 3589 563 conficta,
3639 499 3778 555 illud

2187 590 2428 660 profecto
2453 605 2670 645 necesse
2697 590 2815 654 fuit,
2845 590 3009 644 etiam
3040 591 3138 660 ipsi
3175 590 3440 660 Erigenae
3479 590 3774 662 aliquando

2189 682 2240 736 in
2288 691 2520 736 mentem
2575 683 2758 736 venire
2784 666 3014 751 {quam
3062 681 3162 736 sibi
3199 682 3621 738 adversarentur
3662 699 3774 739 non

2188 772 2380 837 solum,
2425 789 2562 842 quae
2593 773 2864 826 communi
2905 773 3150 826 onmium
3193 789 3460 830 consensu
3488 788 3614 829 vera
3647 790 3776 832 esse

2189 865 2572 927 crederentur,
2624 866 2717 920 sed
2769 865 2932 920 etiam
2987 880 3124 934 quae
3174 865 3418 921 doctrina
3463 865 3778 923 Christiana

2189 965 2532 1025 pro'poneret.
2580 955 2693 1009 Hoc
2741 965 2945 1020 autem,
2995 956 3322 1026 simulatque
3368 958 3781 1025 animadvertit,

2191 1045 2325 1099 nihil
2360 1045 2634 1119 antiquius
2676 1044 2870 1109 habet,
2899 1061 3060 1115 quam
3093 1055 3153 1101 ut
3178 1048 3245 1101 ad
3289 1061 3424 1102 suae
3460 1047 3782 1118 disciplinae

2191 1134 2406 1204 placita,
2431 1151 2785 1204 quaecunque
2809 1135 2909 1204 ipsi
2944 1137 3345 1202 contradicant,
3381 1136 3784 1192 accommodet.

2191 1224 2368 1294 Atque
2418 1225 2519 1280 hac
2550 1226 2602 1279 in
2653 1239 2711 1278 re
2739 1226 2877 1279 mira
2929 1226 3178 1295 profecto
3223 1237 3342 1282 arte
3389 1229 3625 1284 excellit.
3655 1227 3784 1284 Per-

2192 1316 2392 1371 nmltos
2422 1317 2568 1370 enim
2599 1332 2787 1371 sacrae
2815 1317 3128 1386 Scripturae
3165 1318 3342 1383 locos,
3387 1318 3651 1388 permulta
3690 1320 3786 1373 do-

2193 1407 2400 1460 ctrinae
2422 1405 2761 1462 Christianae
2805 1409 2981 1476 capita
3027 1417 3135 1462 tam
3167 1410 3364 1464 misere
3390 1409 3635 1474 vexavit,
3665 1409 3785 1465 dis-

2195 1498 2486 1564 cruciavit,
2541 1513 2605 1554 ea
2653 1499 3003 1569 turpitudinis
3039 1501 3221 1568 specie
3271 1501 3506 1570 polluit,
3541 1510 3638 1566 ut,
3690 1501 3784 1570 qui

2196 1604 2383 1644 eorum
2437 1589 2747 1659 adspeetum
2807 1589 2946 1644 ferre
3000 1591 3192 1660 possit,
3236 1593 3325 1646 vix
3365 1608 3484 1646 esse
3533 1601 3790 1663 putemus

2197 1695 2544 1750 quemquam.
2571 1677 2674 1734 Sed
2703 1681 2835 1735 haec
2859 1681 3142 1736 hactenus.
3175 1683 3348 1749 Quum
3379 1697 3468 1737 res
3498 1684 3644 1753 ipsas
3666 1681 3789 1752 plu-

509 1777 927 1852 pernaturaliter
950 1773 2084 1846 etsuperesseutialiterintraipsumDeum,
2120 1769 2344 1833 Brimis
2396 1775 2884 1846 explicavcrimus,
2937 1778 3003 1832 de
3065 1777 3228 1834 rebus
3288 1779 3406 1835 istis
3457 1779 3800 1850 paucissima

511 1868 727 1936 quando
765 1867 1046 1937 quinarius
1069 1875 1353 1921 creaturae
1383 1881 1640 1919 numerus
1665 1864 1904 1919 ternario
1933 1865 2098 1918 Crea-

511 1960 646 2016 toris
670 1960 1014 2025 adnnabitur,
1041 1959 1114 2013 ita
1141 1957 1274 2012 utin
1305 1957 1448 2012 nullo
1475 1964 1754 2027 appareat,
1796 1956 1902 2009 nisi
1951 1955 2098 2010 solus

509 2051 676 2115 Deus,
704 2050 1153 2119 quemadmodum
1179 2050 1230 2102 in
1259 2064 1384 2103 aere
1419 2049 1711 2119 purissimo
1742 2047 1972 2101 nilaliud
1996 2047 2096 2102 nisi

514 2142 625 2195 sola
659 2141 745 2193 lux
783 2161 828 2193 ι.
872 2140 960 2210 (ι’,
986 2140 1074 2193 '59.
1101 2169 1185 2210 ,-
1220 2139 1301 2194 Cf.
1336 2139 1400 2202 ν,
1434 2139 1486 2194 8.
1523 2140 1607 2192 Hi.
1663 2137 1854 2192 20-21.
1893 2137 1985 2191 22.
2029 2136 2101 2191 25

516 2235 534 2304 ιζ
559 2234 645 2286 ed.
685 2231 785 2287 Ox.
813 2248 866 2301 p.
899 2231 1004 2285 254
1033 2249 1047 2296 ;
1089 2231 1155 2284 ad
1185 2245 1344 2300 quem
1377 2231 1549 2285 locum
1580 2227 1985 2284 transferendus
2018 2233 2102 2283 est

519 2322 669 2375 locus
697 2321 914 2390 quidam
942 2320 1032 2374 lib.
1071 2319 1162 2384 1v,
1193 2319 1255 2372 ιι
1289 2318 1345 2388 (ι.
1379 2319 1411 2370 1.
1448 2336 1501 2388 p.
1542 2319 1663 2388 194)
1688 2318 1729 2390 ],
1764 2317 1832 2373 ’56
1860 2317 1931 2389 [1.
1975 2316 2009 2369 1.
2044 2333 2097 2387 p.

511 2412 751 2467 989-990
771 2411 814 2483 1,
858 2411 928 2465 s7
979 2410 1129 2484 [1.1.
1170 2425 1222 2482 p.
1255 2409 1552 2481 295-294],
1593 2409 1662 2466 58
1699 2409 1760 2482 [1.
1800 2409 1834 2462 1.
1878 2423 1932 2479 p.
1973 2407 2102 2475 501,

513 2504 822 2576 sos-509].)

589 2597 845 2666 Exposito
875 2597 1039 2668 igitur
1060 2598 1164 2652 hac
1193 2597 1401 2651 ratione
1419 2638 1433 2662 ,
1460 2594 1618 2666 quale
1642 2595 1713 2650 sit
1754 2594 2012 2649 librorum
2035 2593 2104 2648 de

517 2688 783 2743 divisione
812 2687 1045 2741 Naturae
1067 2695 1462 2758 argumentum,
1493 2702 1655 2756 super
1679 2685 1976 2740 disserendi
2013 2685 2104 2738 de-

520 2779 966 2849 nmnstramliqne
996 2780 1103 2841 via,
1135 2795 1297 2848 quam
1329 2779 1523 2832 Scottis
1569 2786 1754 2831 noster
1783 2777 1835 2830 in
1869 2776 1934 2828 iis
1984 2790 2104 2844 per-

517 2881 734 2926 secutus
755 2881 860 2934 est,
887 2886 1051 2938 quum
1067 2871 1282 2940 quidem
1303 2869 1560 2939 propositi
1577 2867 1913 2938 quaestionis
1940 2882 2104 2935 argu-

516 2964 681 3017 menti
722 2964 885 3017 verbo
924 2962 1340 3033 respexerimus,
1390 2962 1478 3014 vix
1532 2960 1826 3030 quidquam
1875 2957 2107 3027 amplius

516 3053 801 3107 dicendum
833 3053 1062 3108 videtur.
1102 3052 1253 3107 Hanc
1298 3052 1442 3106 enim
1477 3048 1591 3119 jam
1642 3051 1693 3104 in
1745 3051 1860 3119 ipso
1910 3049 2102 3104 horum

2197 1865 2488 1920 sufﬁciant.

2267 1956 2586 2027 Quicunque
2616 1959 2778 2029 igitur
2800 1958 2940 2014 hanc
2973 1959 3200 2015 alteram
3225 1960 3538 2030 scriptionis
3565 1967 3792 2015 nostrae

2198 2056 2405 2116 partem
2445 2050 2578 2102 satis
2601 2065 2791 2118 magna
2821 2065 2943 2103 cum
2986 2049 3265 2119 diligentia
3302 2049 3716 2112 examinaverit,
3741 2049 3796 2104 is

2199 2145 2346 2192 certe
2392 2137 2462 2192 ad
2509 2139 2766 2207 propositi
2819 2140 3155 2208 quaestionis
3205 2141 3510 2210 argumenti
3562 2140 3728 2195 verba
3771 2156 3788 2194 :

2205 2245 2225 2279 ι
2264 2227 2346 2281 An
2381 2235 2437 2282 et
2466 2237 2734 2298 quatenus
2771 2227 2819 2283 εἰ.
2877 2228 2968 2284 Sc.
3021 2229 3286 2299 Erigenae
3338 2229 3478 2284 liber
3522 2229 3590 2283 de
3645 2229 3792 2284 divi—

2201 2320 2353 2375 sione
2381 2319 2616 2375 Naturae
2642 2330 2842 2375 etcum
2886 2329 3036 2376 recta
3067 2321 3278 2375 ratione
3306 2328 3362 2374 et
3395 2336 3517 2375 cum
3541 2321 3793 2375 doctrina

2201 2407 2506 2464 Christiana
2569 2411 2873 2465 consentiat
2931 2430 2978 2474 ι,
3030 2412 3134 2465 hoc
3181 2410 3614 2480 respondendum
3667 2425 3794 2464 esse

2202 2499 2481 2562 concedet,
2526 2499 2696 2564 illum,
2733 2515 2894 2568 quem
2945 2502 3214 2565 diximus,
3255 2501 3477 2564 librum,
3516 2501 3562 2554 si
3610 2509 3784 2554 totum

2208 2589 2379 2658 ipsius
2407 2601 2812 2660 argumentum,
2839 2601 3004 2644 totam
3036 2592 3204 2660 ipsius
3233 2591 3574 2660 disciplinam
3623 2599 3794 2658 atque

2205 2681 2437 2737 indolem
2467 2683 2744 2752 respicias,
2791 2683 2934 2736 nulla
2974 2698 3043 2738 ex
3071 2693 3225 2752 parte
3249 2691 3344 2736 aut
3375 2698 3499 2738 cum
3523 2689 3671 2736 recta
3709 2698 3796 2734 rae-

2208 2773 2378 2836 tioue,
2409 2782 2648 2828 autcum
2672 2773 2918 2828 doctrina
2941 2773 3249 2828 Christiana
3265 2772 3596 2836 consentire,
3625 2781 3804 2840 atque

2204 2865 2408 2935 optimo
2431 2864 2555 2934 jure
2586 2866 2654 2919 ab
2682 2865 2919 2919 Honorio
2958 2865 3022 2918 ΙΙΙ
3045 2906 3059 2928 ,
3093 2865 3357 2919 Pontilice
3408 2863 3646 2918 Maximo
3672 2903 3689 2927 ,
3734 2870 3801 2915 ut

2213 2974 2234 3007 ι
2268 2965 2567 3011 scatentem
2613 2956 2888 3011 vermibus
2937 2957 3246 3012 haereticac
3283 2956 3570 3026 pravitatis
3601 2975 3619 3007 ι
3671 2970 3799 3008 esse

2208 3048 2545 3103 damnatum.
2591 3048 2726 3102 Nam
2757 3057 3118 3118 praaterquam
3146 3052 3291 3118 quod
3325 3057 3379 3101 et
3414 3047 3557 3101 aliud
3586 3044 3808 3115 agendo

513 3145 774 3212 librorum
828 3157 1144 3217 argumento
1192 3146 1531 3215 explicando,
1573 3153 1833 3214 quantum
1885 3157 2106 3197 necesse
2134 3131 2178 3193 C
2209 3148 2266 3193 et
2301 3141 2423 3194 data
2470 3155 2635 3210 opera
2690 3141 3087 3209 apertissimum
3135 3142 3294 3194 docet
3349 3137 3751 3209 pantheismum
3781 3174 3802 3201 ,

516 3248 620 3303 est,
646 3254 673 3291 a
706 3238 861 3292 nobis
890 3237 1215 3307 patefactam
1238 3254 1357 3292 esse
1391 3237 1743 3290 arbitramur.
1788 3234 1896 3289 Nec
1942 3235 2103 3289 dissi~

519 3330 661 3383 milis
688 3341 769 3383 est
808 3331 877 3392 ei,
921 3346 1080 3398 quam
1106 3331 1156 3384 in
1207 3330 1344 3384 libro
1375 3331 1440 3383 de
1472 3327 1968 3399 praedestinatione
2004 3329 2102 3381 ha-

517 3420 632 3475 beri
657 3421 907 3476 vidimus.
940 3421 1126 3486 Multa,
1151 3424 1304 3491 quasi
1343 3438 1438 3491 per
1467 3437 1523 3475 se
1553 3436 1678 3475 vera
1716 3421 1846 3482 sint,
1882 3435 2103 3473 sumun-

521 3519 643 3575 tur;
673 3512 839 3565 multa
863 3514 1292 3576 auctoritatibus,
1309 3513 1594 3581 praecipue
1616 3510 2102 3580 Pseudo-Diouysii

520 3601 1074 3668 etPseudo-Maximi,
1114 3605 1397 3658 lirmantur
1432 3622 1444 3656 :
1478 3618 1545 3656 ex
1579 3602 1663 3656 his
1711 3601 1938 3656 subinde
1965 3615 2103 3655 nova

521 3696 806 3763 quaedam,
855 3714 996 3752 nunc
1046 3702 1177 3754 satis
1227 3699 1517 3762 subtiliter,
1569 3699 1727 3751 modo
1779 3697 1942 3751 eliam
1989 3695 2104 3750 iue-

523 3788 686 3856 piius,
735 3791 1104 3846 ratiocinanth
1133 3791 1457 3847 ellieiuntur.
1509 3791 1625 3858 Qua
1658 3806 1716 3844 re
1747 3806 1868 3845 cum
1903 3789 2104 3843 factum

2208 3233 2359 3288 illum
2409 3231 2696 3296 videlicet,
2738 3246 2898 3300 quem
2949 3229 3315 3284 emanativum
3343 3267 3359 3292 ,
3403 3226 3546 3296 quod
3575 3232 3811 3288 vocant.

2210 3335 2447 3397 systema
2477 3323 2724 3393 sequitur
2750 3363 2764 3386 ,
2809 3322 2974 3376 etiam
3014 3322 3118 3376 hoc
3167 3318 3476 3384 commisit,
3511 3327 3568 3370 ut
3615 3316 3804 3386 plures

2208 3418 2537 3485 easdemque
2569 3415 2920 3484 gravissimas
2945 3413 3224 3466 doctrinae
3249 3410 3586 3465 Christianae
3618 3418 3809 3479 partes

2210 3511 2276 3565 ad
2320 3509 2644 3581 pantheismi
2692 3509 2849 3562 istius
2879 3507 3094 3561 decreta
3127 3505 3435 3559 miserrime
3466 3503 3806 3573 depravare-

2209 3603 2301 3668 rit,
2351 3611 2406 3657 et
2439 3618 2504 3657 eo
2552 3617 2724 3670 usque
2775 3599 3128 3661 mutilaverit,
3163 3608 3222 3652 Iit
3275 3613 3341 3651 ne
3395 3596 3537 3650 vitae
3577 3595 3811 3663 quidem

2211 3697 2330 3751 usui
2372 3711 2603 3751 maxima
2638 3694 2761 3748 inde
2787 3694 2981 3748 damna
3003 3732 3016 3755 ,
3049 3707 3152 3746 non
3203 3690 3506 3745 redundare
3535 3704 3639 3742 non
3673 3703 3806 3757 pos-

2213 3788 2342 3843 sint.

2336 3930 3799 3954 Μ

1239 4087 1782 4203 ΤΗΟΜᾎΕ
1867 4086 2286 4202 GALEI
2371 4083 3124 4200 PRfEFATIO

1742 4319 2079 4377 EDITIONIS,
2126 4320 2232 4365 CUI
2273 4319 2586 4364 TILULUS:

526 4465 884 4548 10.1.51le
910 4465 1158 4548 θεοῖ]
1180 4467 1622 4529 ERIGENAE
1662 4469 1781 4548 DE,
1812 4465 2221 4548 mVisIoNE
2257 4467 2639 4529 NATURAE
2667 4468 2817 4531 libri
2852 4468 3118 4548 quinque
3153 4471 3266 4531 diu
3297 4469 3649 4532 desiderati.
3693 4472 3805 4530 Ae-

605 4544 763 4606 cedil
801 4545 1135 4624 Appendix
1167 4564 1243 4604 ea:
1281 4550 1596 4608 Amemus
1629 4549 1695 4610 S.
1748 4546 2020 4607 Maximi
2049 4545 2278 4607 Graece
2313 4555 2364 4607 ει
2404 4548 2647 4622 Latine,
2685 4544 2948 4621 Ome-iiii,
2977 4544 3278 4610 e'tlieatro
3315 4549 3803 4617 Schcldouianu,

606 4643 768 4685 anno
806 4625 864 4685 Μ
878 4626 1268 4686 DCLXXXI.

506 4799 509 4804 '
602 4789 759 4860 (Pag.
788 4792 892 4858 111.)
921 4790 1002 4844 Ad
1052 4792 1339 4860 sopiendas
1375 4793 1795 4853 controversias.
1848 4811 1986 4863 quae
2038 4797 2105 4850 de
2136 4799 2180 4856 D
2211 4795 2561 4865 proferebant
2598 4795 2800 4865 judicia
2851 4774 3076 4850 istorum
3129 4804 3436 4864 temporum
3476 4795 3576 4848 viri
3625 4793 3811 4850 eccle-

529 4882 736 4938 Joanue
776 4883 1006 4953 Erigena
1055 4884 1277 4954 ejusque
1330 4885 1547 4954 scriptis
1575 4895 1799 4939 exortae
1845 4896 1970 4941 sunt
2029 4903 2114 4942 se-

533 4976 670 5029 eulis
698 4976 1010 5045 praeteritis
1029 5019 1042 5041 ,
1072 4977 1528 5032 consultissimum
1577 4978 1710 5032 viris
1737 4979 1908 5034 doctis
1937 4979 2109 5034 visum

534 5077 758 5134 est,eos
791 5069 935 5137 ipsos
980 5070 1165 5134 libros,
1211 5071 1277 5124 de
1318 5071 1511 5139 quibus
1539 5073 2004 5134 contendebatur,
2057 5073 2111 5127 in

536 5161 706 5217 lucem
749 5162 908 5217 edere
953 5162 1071 5215 :ita
1115 5162 1329 5215 demum
1356 5203 1369 5226 ,
1424 5164 1576 5232 quasi
1616 5164 1812 5218 tabulis
1862 5165 2108 5233 prolatis,

529 5254 838 5310 liberiorem
884 5256 1053 5311 cuivis
1105 5265 1161 5310 et
1209 5257 1604 5326 expeditiorem
1650 5256 1934 5327 judicandi
1995 5256 2113 5313 fore

534 5348 862 5403 facultatem.

611 5439 841 5509 Scripsit
869 5439 1121 5510 Erigena,
1139 5448 1326 5511 rogatu
1357 5439 1636 5495 Hincmari
1673 5451 1729 5496 et
1754 5442 2112 5515 Parduli'(qui

539 5543 665 5585 tunc
698 5531 750 5584 in
799 5531 988 5586 Galliis
1033 5531 1262 5587 multum
1311 5531 1726 5587 celebrabantur
1756 5533 1824 5588 ob
1857 5535 2114 5589 eruditio.

541 5640 661 5676 nrm
719 5634 772 5678 et
827 5625 1229 5696 sanctitatem),
1284 5625 1544 5682 adversus
1599 5629 2012 5684 Golesehaleum
2051 5629 2114 5682 de

542 5713 1024 5772 Pracdesiimuione
1046 5717 1263 5773 librum.
1282 5716 1442 5772 Varia
1473 5719 1760 5776 admodum
1795 5719 1860 5776 de
1889 5737 1952 5776 eo
1981 5720 2115 5775 libro

2218 4891 2438 4946 siastici.
2475 4891 2576 4957 Qui
2610 4892 2768 4960 paulo
2794 4891 3005 4946 acutius
3052 4890 3118 4944 de
3169 4891 3272 4944 hac
3316 4904 3374 4943 re
3405 4889 3651 4960 judicare
3699 4889 3804 4943 sibi

2217 4982 2488 5047 videntur,
2521 4982 2728 5046 dicunt,
2758 4981 2906 5036 Scoti
2935 4981 3277 5036 adversarios
3313 4995 3416 5035 non
3465 4995 3588 5035 eum
3633 4995 3808 5050 oppu-

2219 5088 2443 5143 gnasse,
2475 5074 2566 5128 sed
2613 5072 2959 5128 llincmarmn
3012 5089 3106 5142 per
3134 5071 3250 5141 ejus
3299 5072 3467 5126 latera
3523 5071 3802 5141 petivisse.

2218 5163 2409 5233 Coepit
2437 5179 2573 5234 opus
2615 5163 2742 5218 illud
2778 5164 2920 5233 apud
2949 5179 3150 5234 paucos
3184 5178 3535 5232 comparere;
3569 5163 3678 5216 imo
3707 5176 3810 5233 per

2216 5255 2588 5310 novemdecim
2651 5263 2858 5309 tantum
2911 5255 3146 5325 capitula
3193 5256 3471 5325 aliquanto
3522 5265 3804 5324 tempore,

2215 5360 2353 5414 quae
2390 5346 2592 5400 inimici
2641 5354 3065 5416 excerpseraut,
3102 5345 3613 5402 circumferebatur.
3663 5343 3807 5401 Fere

2215 5438 2308 5504 tit,
2357 5445 2416 5492 ut
2457 5437 2510 5491 in
2542 5437 2702 5492 rebus
2744 5437 2992 5492 obscuris
3032 5437 3182 5508 plura
3222 5436 3367 5490 veris
3420 5437 3802 5506 imaginentur.

2215 5528 2519 5598 Coeperunt
2541 5528 2705 5597 igitur
2736 5527 2887 5581 multi
2911 5527 3198 5598 suspicari,
3229 5527 3357 5583 dolo
3392 5525 3530 5580 malo
3562 5525 3645 5597 agi
3675 5541 3804 5580 cum

2215 5619 2481 5692 Erigena;
2532 5619 2669 5674 lictis
2712 5619 3064 5683 criminibus,
3112 5628 3165 5673 et
3197 5618 3330 5672 falsa
3378 5618 3578 5672 invidia
3628 5618 3804 5672 homi-

2220 5729 2340 5768 nem
2401 5727 2718 5783 oppressum
2775 5709 2942 5767 fuisse
3004 5711 3394 5782 querebantur.
3465 5709 3572 5765 Nec
3635 5707 3804 5763 tinem
