4056 6276
228 333 313 389 89
464 322 469 327 ’
1264 329 1329 383 ΙΝ
1370 327 1631 385 LIBRUM
1671 326 1760 383 DE
1800 325 2139 385 DIVISIONE
2172 329 2504 387 NATUH/E.
3435 340 3508 395 90

237 444 497 517 querebte
539 444 679 501 istae
709 443 859 515 prius
906 443 1191 499 habiturae
1241 441 1565 496 videbantur
1586 481 1603 505 ,
1655 453 1817 509 quam
1845 441 1895 501 Α
1925 442 2157 496 nomlum
2182 446 2317 501 satis
2340 446 2473 501 mihi
2499 447 2686 516 liquet.
2718 446 2881 502 Certe
2901 446 3173 505 afﬁrmant
3204 457 3373 506 testes
3400 451 3507 508 fide

230 540 512 608 integrum
557 552 693 607 opus
732 535 993 606 prodiret.
1027 536 1204 606 Atque
1257 535 1385 589 illud
1434 533 1652 589 tandem
1696 532 1825 588 emi-

233 637 431 685 serunt
469 627 541 692 ii,
566 628 659 698 qui
688 627 942 681 libentius
980 627 1220 682 tenebris
1248 627 1617 681 damnassent.

302 721 457 777 idem
474 716 714 776 Joannes
744 719 979 789 Erigena
1011 719 1315 789 composuit
1343 733 1478 788 opus
1519 718 1585 771 de
1616 716 1828 772 Eucha-

230 812 413 877 ristia,
432 809 587 879 jussu
629 808 808 865 Caroli
835 809 1003 864 Calvi.
1049 810 1326 865 Continuo
1355 810 1422 864 de
1462 810 1566 864 hoc
1613 823 1827 880 quoque

228 903 444 973 scripto
490 902 545 957 in
577 911 763 971 partes
792 901 929 956 itum
969 909 1073 956 est.
1121 901 1253 957 Post
1280 916 1453 956 annos
1482 900 1744 956 ducentos
1765 901 1828 954 li-

226 995 335 1049 ‘her
364 993 517 1048 Scoti
542 992 855 1048 infelicibus
881 992 1043 1063 lignis
1068 992 1358 1048 nstulatur.
1391 991 1620 1059 Quaeris
1662 1007 1824 1062 quam

226 1087 305 1141 ob
332 1085 486 1141 rem?
523 1083 841 1140 Vincentius
869 1083 1233 1139 Belluacensis
1280 1082 1332 1137 in
1366 1082 1585 1152 speculo
1628 1084 1826 1138 doctri-

231 1179 345 1233 nali
396 1178 709 1248 respondet,
754 1177 1013 1246 quoniam
1067 1176 1424 1246 Berengarius
1471 1174 1690 1230 Scotum
1739 1177 1825 1230 ni-

230 1270 407 1323 mium
436 1266 736 1322 admiratus
756 1272 919 1321 esset.
943 1264 1155 1319 Punitis
1179 1263 1410 1335 ingeniis
1433 1254 1613 1334 gliscit
1630 1272 1824 1318 aucto-

224 1362 371 1416 ritas
404 1378 419 1414 :
449 1359 721 1416 exstincto
765 1359 870 1414 isto
908 1357 1066 1424 libro,
1119 1358 1294 1429 magis
1334 1358 1613 1429 magisque
1648 1359 1715 1412 de
1760 1372 1826 1412 eo

226 1450 463 1506 dissidia
490 1457 814 1515 creverunt;
840 1464 937 1519 per
956 1448 1139 1504 secula
1165 1447 1280 1503 fere
1306 1462 1519 1509 novem,
1556 1447 1823 1519 suspicio-

223 1541 399 1596 nibus
426 1548 485 1595 et
526 1539 775 1596 obscuris
823 1539 1110 1609 dubiisque
1159 1536 1488 1613 coniecturis
1519 1550 1672 1593 serra
1723 1538 1826 1593 ista

222 1630 494 1707 trahitur.
522 1628 667 1683 Exiit
706 1629 923 1684 tandem
958 1627 1098 1683 iiber
1136 1628 1258 1692 ille,
1293 1628 1393 1682 sub
1422 1625 1703 1707 Ratramni
1729 1642 1826 1683 no-

222 1706 420 1785 anine,
446 1729 509 1775 ut
534 1718 702 1789 aliqui
735 1718 1090 1773 contendunt.
1124 1717 1262 1786 Quid
1304 1726 1417 1771 tum
1458 1699 1684 1786 postea?

388 1846 671 1961 mugienti
694 1859 926 1911 posuere,
948 1847 1203 1910 omnisque
1222 1848 1432 1909 repente
1449 1845 1640 1897 resedit

225 2012 421 2085 Neque
465 2015 611 2069 enim
644 2022 754 2068 tam
801 2028 983 2077 sacer,
1009 2021 1105 2066 aut
1152 2010 1430 2067 horribilis
1468 2011 1571 2066 iste
1615 2009 1827 2065 libellus

222 2122 359 2161 esse
406 2106 866 2181 deprehenditur,
929 2105 1089 2160 modo
1132 2105 1275 2160 absit
1329 2104 1598 2174 malignus
1652 2104 1825 2157 inter-

228 2214 380 2269 pres.
430 2197 509 2252 ita
557 2213 664 2253 non
700 2198 988 2261 maximas,
1018 2210 1159 2267 quae
1193 2196 1464 2252 maximae
1493 2203 1619 2251 sunt
1658 2193 1827 2250 inter-

220 2292 365 2349 dum
396 2294 534 2360 irae,
568 2292 794 2362 injurias
818 2292 1046 2348 faciunt.

310 2383 492 2457 (Pag.
543 2385 656 2455 tv.)
701 2383 800 2438 Diu
849 2382 1185 2454 multumque
1222 2381 1447 2438 litterati
1501 2380 1604 2435 viri
1657 2394 1823 2449 quae-

230 2479 496 2541 siverunt,
542 2476 633 2533 ubi
690 2477 934 2548 gentium
992 2476 1225 2531 laterent
1274 2476 1397 2532 libri
1452 2479 1575 2552 περὶ
1623 2478 1824 2550 φύσεων

228 2577 513 2642 μερισμοῦ,
564 2585 702 2641 quos
743 2569 981 2625 Joannes
1034 2570 1176 2625 idem
1213 2570 1588 2640 composuisse
1651 2569 1825 2639 perhi-

231 2661 414 2717 betur.
444 2660 606 2716 Certe
646 2662 918 2716 Historiae
966 2660 1302 2732 Anglicanae
1348 2663 1643 2732 scriptores
1694 2661 1825 2717 illud

230 2766 373 2821 opus
395 2751 594 2823 insigni
618 2751 776 2807 laude
808 2752 1153 2819 extulerant,
1181 2762 1237 2809 et
1276 2753 1660 2823 praedicarant
1702 2769 1828 2822 pro-

230 2853 349 2912 pter
390 2841 782 2914 perplexitatem
821 2844 1172 2915 quarumdam
1215 2844 1578 2915 quaeszionam
1626 2843 1826 2898 solven-

228 2932 360 2984 dam
400 2931 526 2986 bene
556 2931 759 2987 utilem.
794 2931 893 2987 Cui
937 2932 1077 2988 haec
1106 2932 1331 2988 salivam
1360 2949 1466 2989 non
1517 2932 1827 2988 moverint?

230 3020 369 3088 Quis
393 3036 500 3077 non
526 3022 841 3077 accenditur
870 3022 1143 3078 desiderio
1172 3024 1387 3078 videndi
1411 3023 1636 3079 Joannis
1658 3023 1822 3089 illius,

230 3112 366 3181 qui,
400 3120 463 3167 nt
496 3111 680 3168 Helias
722 3113 863 3183 apud
916 3102 1191 3179 Judaeos,
1248 3114 1334 3169 vel
1384 3114 1626 3185 Agapius
1681 3113 1823 3185 apud

1852 1799 1899 1858 Β

1928 536 2100 607 digni,
2130 536 2348 595 Florum
2374 539 2474 596 hos
2496 539 2665 594 libros
2689 540 3027 608 depravatae,
3059 550 3115 594 ut
3134 539 3359 597 facilius
3384 558 3508 612 pos-

1924 638 2011 686 set
2047 630 2345 685 confutare.
2375 630 2505 685 Illud
2530 646 2693 686 unum
2730 631 2865 694 scio,
2889 631 3021 685 nihil
3050 631 3338 701 quicquam
3367 650 3396 687 a
3420 648 3510 689 me

1928 721 2165 775 scienter
2189 730 2244 775 et
2266 721 2564 791 prudenter
2584 720 2753 775 fuisse
2778 727 3068 784 mutatum,
3091 722 3334 790 ineptias,
3377 721 3510 777 Sco-

1927 814 2059 867 ticas
2109 812 2309 881 pultes,
2357 812 2745 876 nubilationes,
2787 827 2989 866 errores
3015 851 3033 876 ,
3086 811 3268 881 lapsus
3317 829 3515 870 omnes

1923 905 2105 960 omnis
2147 905 2573 975 generis,rquos
2611 904 2793 959 inveni
2817 945 2834 969 ,
2880 903 3109 975 reliqui;
3146 920 3252 960 non
3298 906 3367 960 ad
3404 907 3507 961 ho-

1927 994 2090 1049 minis
2134 994 2453 1060 infamiam,
2503 995 2599 1050 sed
2645 993 2714 1049 ad
2761 1009 2938 1050 meam
2988 992 3152 1048 ﬁdem
3189 1003 3508 1049 contestan-

1927 1086 2071 1141 dam.

1998 1176 2076 1233 De
2101 1194 2265 1250 opere
2293 1178 2513 1233 interim
2554 1176 2658 1232 isto
2686 1191 2793 1233 non
2836 1176 3175 1247 interponam
3216 1174 3513 1230 auctorita-

1925 1282 2035 1327 tem
2062 1287 2258 1337 meam,
2284 1285 2425 1341 quae
2451 1270 2613 1340 plane
2637 1269 2783 1324 nulla
2824 1282 2946 1324 esse
2973 1268 3165 1332 debet;
3200 1265 3430 1322 liberum
3454 1273 3513 1319 et

1924 1361 2197 1431 integrum
2226 1360 2347 1415 volo
2386 1374 2512 1415 esse
2556 1359 2848 1430 legentium
2887 1358 3173 1429 judicium.
3204 1357 3338 1412 Cum
3375 1358 3510 1411 haec

1925 1452 2188 1509 scriberet
2215 1452 2479 1522 Erigena,
2523 1450 2590 1505 de
2630 1448 2854 1505 Graecis
2884 1464 2991 1503 non
3033 1447 3321 1502 admodum
3373 1448 3511 1501 ami-

1924 1543 2175 1600 cabilitcr
2202 1542 2507 1597 sentiebant
2534 1539 2733 1596 Latini.
2768 1538 2995 1595 Photius
3020 1538 3333 1594 cathedram
3371 1536 3510 1593 Con-

1922 1634 2462 1704 stantinopolitanam
2516 1634 2751 1689 tenebat.
2802 1631 3057 1686 Nicolaus
3116 1630 3157 1686 i.
3207 1632 3512 1701 encyclicas

1925 1728 1995 1781 ad
2052 1725 2239 1780 Gallos
2295 1724 2624 1793 scripserat,
2675 1724 2744 1776 ad
2800 1720 3128 1777 refellendos
3171 1719 3507 1777 Graecorum

1925 1833 2159 1874 errores.
2194 1816 2391 1871 Nocuit
2416 1815 2589 1870 aliena
2612 1815 2812 1869 invidia
2831 1812 3026 1869 JOanni
3050 1822 3260 1879 nostro,
3284 1807 3512 1882 ideoque

1926 1908 2099 1963 malas
2129 1920 2336 1961 merces
2362 1906 2654 1961 obtrudere
2673 1904 3031 1971 credebatur,
3058 1904 3312 1972 quoniam
3344 1904 3513 1959 Grae-

1925 2017 2021 2058 cos
2047 2016 2176 2056 suos
2192 1998 2422 2055 subinde
2443 1999 2723 2067 crepahat.
2752 1987 3042 2052 Enimvero
3069 1997 3116 2051 si
3149 1993 3373 2051 Patrum
3392 2012 3511 2050 seu:

1928 2094 2110 2149 tentiis
2141 2093 2215 2146 ita
2240 2099 2446 2156 utatur,
2462 2105 2527 2145 ac
2551 2089 2650 2159 ipsi
2668 2089 2721 2144 in
2739 2090 2851 2144 suis
2875 2089 3094 2158 scriptis
3113 2097 3439 2158 posuerunt;
3464 2089 3512 2143 si

1928 2184 2098 2248 fraus,
2121 2183 2166 2237 si
2210 2182 2438 2251 stropha
2458 2220 2475 2245 ,
2497 2181 2543 2235 si
2582 2178 2980 2250 paralogismus
3009 2178 3210 2242 omnis,
3234 2178 3279 2232 si
3300 2177 3514 2248 crypsis

1928 2274 2174 2346 improba
2214 2274 2341 2328 huic
2365 2273 2485 2327 viro
2540 2271 2819 2326 abfuerit:
2853 2270 3088 2325 viderint
3122 2269 3179 2335 ii,
3217 2268 3317 2337 qui
3349 2270 3402 2322 in
3446 2283 3513 2324 eo

1928 2365 2187 2420 damnant
2215 2363 2289 2428 id,
2319 2362 2464 2433 quod
2495 2362 2549 2416 in
2582 2361 2687 2418 illis
2718 2360 2975 2417 Patribns
3003 2370 3097 2415 aut
3145 2360 3378 2430 probant
3421 2369 3515 2415 aut

1930 2451 2356 2509 dissimulant".
2408 2450 2579 2507 Porro
2636 2451 2997 2522 patrocinium
3047 2449 3098 2505 ei
3164 2450 3514 2505 commodare

1927 2547 2144 2602 videtur
2186 2552 2587 2616 argumentum,
2621 2544 2767 2614 quod
2810 2549 3030 2607 tractat,
3062 2541 3331 2598 lubricum
3380 2540 3512 2597 illud

1927 2641 2144 2711 quidem
2182 2647 2238 2693 et
2281 2636 2499 2694 subtile.
2551 2636 2745 2693 Graeci
2792 2635 3149 2711 πιρΓΔρχῶν
3197 2635 3416 2698 dicunt;
3458 2633 3516 2687 in

1927 2746 2035 2800 quo
2061 2729 2357 2786 excolendo
2385 2728 2509 2799 quis
2543 2737 2626 2783 est
2672 2728 2785 2783 sive
2828 2727 3162 2783 Graecorum
3210 2726 3326 2781 sive
3370 2724 3516 2778 Lati-

1928 2837 2145 2886 norum,
2194 2821 2288 2891 qui
2319 2834 2426 2875 non
2475 2818 2679 2889 aliquid
2727 2818 3040 2873 humanitus
3082 2832 3278 2887 passus
3319 2824 3422 2871 est.
3449 2813 3519 2869 Et

1928 2911 2013 2967 fac
2044 2912 2314 2981 permulta
2344 2926 2485 2975 esse,
2509 2925 2650 2980 quae
2700 2910 2963 2965 delicatus
2991 2909 3258 2978 quispiam
3306 2908 3359 2962 in
3408 2908 3514 2961 hoc

1928 3002 2193 3072 scriptore
2220 3000 2530 3056 desiderare
2552 2999 2753 3069 possit;
2784 3010 2929 3053 certe
2953 2997 3172 3068 quidem
3201 3010 3302 3050 nec
3339 2995 3517 3049 Immi-

1928 3093 2035 3149 lem
2072 3101 2304 3148 mentem
2336 3106 2466 3160 erga
2500 3090 2689 3144 Patres
2726 3088 3034 3152 Ecclesiae,
3067 3101 3168 3142 nec
3193 3087 3339 3157 piam
3385 3099 3515 3153 erga

228 3202 473 3259 Graecos
494 3243 512 3269 ,
557 3203 917 3263 δυσεπηϐόλων
965 3207 1192 3281 ἀποριῶν
1225 3205 1397 3260 nodos
1447 3213 1555 3259 tam
1598 3203 1823 3260 feliciter

1935 3189 2104 3244 Deum
2150 3184 2503 3241 desiderabit.
2554 3183 2738 3238 Potuit
2788 3197 2918 3253 ergo
2966 3195 3174 3247 errare,
3208 3179 3520 3237 haereticus

228 3295 426 3352 solvit?
448 3295 585 3353 Hinc
604 3313 711 3352 non
737 3312 916 3362 nemo,
932 3299 1088 3368 quasi
1108 3298 1524 3369 ingemiscens,¢
1545 3299 1591 3352 si
1614 3297 1828 3353 revixe—

230 3384 309 3441 rit
337 3385 430 3441 ille
464 3385 601 3442 liber
623 3385 771 3443 Secti
811 3389 867 3442 »ε
899 3389 1053 3443 Alter
1080 3399 1261 3443 autem
1298 3388 1365 3441 de
1388 3388 1525 3443 libro
1551 3402 1825 3456 nunquam

228 3474 376 3543 viso,
408 3492 430 3527 ι
467 3476 645 3533 tristia
674 3487 729 3534 et
752 3477 890 3533 dura
915 3479 1098 3534 omnia
1122 3498 1164 3531 ι.
1198 3478 1337 3533 Ecce
1370 3477 1560 3549 igitur,
1593 3492 1628 3531 ο
1652 3477 1779 3533 boni
1805 3478 1820 3533 Σ

231 3566 392 3623 adest
439 3584 622 3624 coram
647 3610 664 3635 ,
715 3586 875 3641 quem
911 3573 1252 3643 quaeritatis.
1293 3569 1432 3629 'ttxu
1476 3580 1665 3648 νεκρῶν
1705 3592 1822 3627 κευ-

234 3660 412 3728 θμῶνα
453 3662 539 3716 καὶ
584 3662 766 3717 σκότου
811 3663 978 3721 πύλας·
1018 3663 1192 3718 λιπὼν.
1252 3660 1469 3727 Verum,
1512 3675 1543 3716 e
1574 3660 1825 3731 sepulcro

230 3749 597 3805 resuscitatus
621 3766 691 3806 an
711 3752 873 3807 etiam
901 3752 1188 3808 cicatrices
1242 3749 1456 3807 adferat
1491 3750 1633 3805 Flori
1682 3751 1819 3805 Pru-

226 3838 407 3897 dentii
450 3838 894 3915 Galindonis(uti
942 3841 1141 3899 Hector
1171 3841 1258 3897 ille
1301 3840 1525 3896 Achillis
1552 3838 1821 3911 vulnera),

1930 3294 2054 3335 esse
2082 3277 2273 3333 noluit.
2302 3275 2409 3331 Sed
2435 3290 2537 3331 nec
2566 3275 2834 3346 Erigenae
2867 3274 3034 3328 vitam
3073 3286 3175 3326 nec
3214 3269 3518 3341 apologiam

1930 3374 2170 3430 scribere
2222 3370 2571 3426 decreveram
2599 3408 2616 3434 ,
2664 3368 2840 3423 nullas
2891 3383 2993 3436 ego
3046 3363 3164 3435 ejus
3212 3363 3335 3425 lites
3371 3377 3520 3416 meas

1929 3466 2149 3521 faciam.
2175 3461 2462 3532 Nunquam
2495 3461 2626 3517 mihi
2646 3458 3008 3522 contendendi
3034 3457 3136 3513 fuit
3156 3457 3392 3517 animus,
3416 3468 3518 3509 nec

1928 3561 2100 3617 otium
2145 3574 2292 3613 nunc
2334 3554 2575 3626 quidem.
2621 3555 2724 3623 Qui
2782 3555 2947 3625 igitur
2992 3551 3147 3624 plura
3196 3550 3264 3605 de
3310 3547 3521 3603 Joanne

1931 3656 2162 3727 Erigena
2193 3654 2334 3709 scire
2361 3652 2565 3723 cupiat,
2595 3648 2903 3707 testimonia
2942 3646 3008 3701 de
3052 3659 3119 3699 eo
3146 3643 3329 3714 legat,
3379 3651 3522 3709 quae

1932 3747 2074 3803 infra
2101 3745 2300 3816 digessi
2324 3784 2341 3811 ,
2385 3743 2622 3800 maxima
2666 3757 2736 3798 ex
2766 3748 2919 3812 parte
2947 3739 3216 3794 hactenus
3240 3748 3272 3788 a
3302 3730 3521 3788 nemine

1890 3906 1900 3915 ’
1931 3838 2214 3909 producta.

941 4097 1588 4180 TESTIMONIA
1665 4092 2127 4188 ALIQUOT
2186 4087 2681 4172 VETERUM

1393 4272 1476 4315 DE
1517 4270 1764 4315 JOANNE
1808 4267 2006 4312 SCOTO
2052 4264 2353 4310 EHIGENA.

1626 4401 1849 4417 ψ

1927 4396 2114 4414 *ι’-

230 4497 399 4574 (Ραῃ.
430 4497 511 4571 v.)
551 4493 876 4574 Prudentius
900 4490 943 4547 Τ
947 4488 1244 4574 ricassinnr
1264 4485 1318 4541 in
1358 4483 1490 4539 libro
1518 4500 1613 4539 suo
1643 4486 1826 4538 adver—
1854 4485 1905 4546 Ι)
1966 4480 2264 4536 Chronicon
2305 4488 2622 4548 anonymum
2676 4470 2816 4542 apud
2856 4467 3161 4531 Chesnium,
3192 4476 3334 4520 tanto
3362 4462 3481 4520 IlI.

699 4583 789 4621 sus
827 4564 1085 4619 Joannem
1120 4560 1358 4612 .Scolum.

310 4683 330 4715 ι
363 4662 443 4717 'l‘e
473 4661 647 4717 solum
674 4658 914 4714 omnium
947 4652 1317 4711 acutissimum
1344 4648 1550 4706 Galliae
1577 4647 1827 4705 transmi-

228 4733 307 4791 sit
333 4732 593 4788 Hibernia
626 4749 674 4785 ι.
708 4729 936 4784 ironice.

265 4823 543 4879 Pardultts
568 4819 934 4875 Laudunettst's
962 4816 1230 4887 episcopus
1264 4812 1330 4868 de
1367 4811 1574 4866 Joanne
1602 4807 1786 4865 Scolo.

310 4938 332 4974 ι
362 4915 472 4974 Sed
499 4916 627 4986 quia
653 4914 790 4986 haec
819 4911 961 4986 inter
982 4924 1050 4986 se_
1067 4905 1219 4986 valde
1246 4900 1825 4986 dissenticha.nt,‘slco:

232 4966 705 5055 uuifiiihiifﬁuii'
745 4966 826 5037 est
863 4982 919 5055 in
965 4979 1167 5050 palatio
1194 4978 1352 5055 regis
1391 4971 1602 5047 [Caroli
1643 4966 1827 5041 Calvi]

228 5059 505 5120 Joannem
533 5048 754 5112 nomine
780 5048 1335 5119 scribere‘coegimus
1365 5065 1409 5099 ι.

342 5149 433 5218 Ep
480 5148 702 5204 historia
740 5145 1121 5216 Episcoporum
1161 5136 1717 5194 Antissiodoremium.

312 5259 336 5294 ι
379 5238 718 5300 Humbaldus
780 5232 1190 5291 Cameracensis
1261 5227 1561 5300 liberalium
1625 5225 1822 5300 artium

232 5296 436 5369 studiis
475 5296 717 5381 apprime
753 5307 1100 5381 inst_ructus,_
1128 5300 1362 5381 Joannis
1403 5297 1589 5381 sco‘ti.‘
1619 5296 1825 5381 (μιῆναι

232 5366 561 5453 tempeStale
603 5394 702 5451 per
743 5377 944 5453 Gallias
987 5372 1311 5453 sapientiae
1337 5367 1596 5453 fundebat
1626 5366 1823 5430 radios,

160 5493 167 5497 .
233 5438 418 5509 factus
443 5438 793 5523 pedisequus,
829 5448 990 5523 cuius
1010 5438 1378 5523 disciplinatui
1399 5438 1563 5523 longe
1584 5445 1827 5523 tempore

235 5508 556 5587 inhaerens,
583 5508 957 5576 divina—simul
989 5525 1043 5572 et
1073 5508 1328 5569 humana.
1361 5550 1377 5565 .
1412 5548 1427 5565 .
1456 5508 1645 5565 didicit
1673 5526 1718 5560 ι.

2007 4603 2023 4634 ι
2058 4583 2264 4653 Rogato
2294 4578 2520 4653 Aelfridi
2543 4575 2782 4653 Joannes
2807 4571 3004 4630 Scotus
3026 4569 3188 4649 rediit
3208 4584 3238 4622 a
3262 4567 3521 4634 Francia,

1926 4655 2021 4712 ubi
2046 4647 2167 4710 erat
2199 4668 2323 4708 cum
2347 4649 2542 4713 Carolo
2569 4647 2736 4703 Calvo
2777 4664 2825 4699 ι.

2034 4754 2270 4825 Ragerus
2284 4750 2585 4806 Wendover
2602 4748 2657 4802 in
2678 4744 2938 4802 Chronico
2960 4743 3029 4797 ad
3060 4756 3258 4795 annum
3286 4738 3412 4795 885.

2015 4874 2033 4907 ι
2068 4854 2225 4908 Anno
2271 4851 2377 4908 883
2404 4849 2554 4905 venit
2604 4847 2656 4903 in
2702 4845 2951 4916 Angliam
2984 4840 3241 4912 magister
3286 4834 3525 4893 Joannes

1939 4926 2156 4989 Scelus,
2184 4926 2267 4977 vir
2300 4920 2629 4993 perspicacis
2664 4916 2865 4989 ingenii
2898 4935 2945 4968 ι.

1936 5039 2022 5094 Ea:
2062 5036 2177 5091 Vita
2198 5031 2493 5091 Grimbaldi
2517 5029 2841 5171 abbating
2863 5023 3179 5090 Gotcelittnt,
3200 5032 3260 5078 at
3290 5022 3521 5087 videtur,

2605 5116 2708 5154 sm
2764 5115 2819 5152 α.

2605 5115 2819 5154 εεπυια.

2010 5234 2029 5268 ι
2072 5211 2345 5282 Aelfridns
2404 5223 2498 5264 rex
2563 5203 2792 5282 consilio
2849 5201 3068 5282 Eldredi
3098 5281 3101 5282 ν
3129 5193 3521 5282 archiepiscopi

1932 5264 2344 5342 Caittuarietisis
2369 5288 2617 5336 oratores
2640 5278 2781 5332 ntisit
2806 5274 2872 5329 ad
2901 5270 3286 5328 monasterium
3311 5264 3523 5342 S._Ber-

1936 5336 2163 5422 tibi];
2178 5336 2509 5408 accersendo
2536 5346 2885 5422 Grimbaldo,
2908 5344 3049 5422 inter
3071 5355 3212 5422 quos
3232 5336 3523 5422 presbyter

1932 5414 2171 5482 Joannes
2211 5433 2268 5480 et
2305 5422 2579 5485 Asserius,
2603 5419 2706 5475 viri
2736 5414 3086 5473 eruditissimi
3115 5419 3170 5467 et
3195 5414 3521 5465 vivacissimi

1934 5495 2158 5571 ingenii,
2187 5492 2626 5568 praecellebanto.

307 5680 341 5717 ⁸
378 5677 537 5734 Haud
570 5675 843 5733 immerito
886 5672 1133 5728 damnari
1185 5680 1279 5725 aut
1329 5665 1622 5738 improbari
1677 5659 2031 5738 Scotinostri
2068 5645 2237 5738 falsas
2285 5655 2563 5715 doctrinas
2590 5693 2607 5722 ,
2648 5650 2762 5722 jam
2814 5665 2880 5706 ex
2922 5648 3031 5716 iis,
3073 5660 3216 5717 quae
3260 5646 3315 5702 in
3368 5659 3489 5702 con.

239 5728 966 5819 meniinaﬁé'éiipiifposna
995 5744 1358 5813 disputantur,
1384 5728 1517 5796 satis
1552 5737 1739 5808 liquet.
1830 5734 2096 5789 ANIIADY.
2148 5728 2313 5785 Eutr.
