4056 6276
547 321 616 379 9|
1735 316 2000 374 TliOMIE
2038 317 2270 373 GALIEI
2306 318 2677 377 PRA‘IF'ATIO
3747 318 3815 375 9'2

1071 432 1303 487 Annales
1344 429 1622 485 Hidenses.

632 547 652 579 ι
673 530 829 583 Anno
849 524 1164 581 Dominieae
1184 523 1573 578 incarnationis
1592 522 1715 583 886,
1737 537 1880 576 anno
1898 523 2136 577 secundo

555 600 819 654 adventus
846 597 905 651 8.
926 595 1224 652 Grimbaldi
1257 596 1309 649 in
1335 593 1606 662 Angliam,
1637 594 1876 662 incoepta
1905 605 1986 646 est
2011 593 2137 662 Uni-

555 669 784 723 versitas
815 666 1071 724 Oxoniae.
1108 706 1123 719 .
1156 704 1171 718 .
1213 666 1267 719 in
1314 664 1371 720 8.
1405 661 1693 734 Theologia
1739 661 2037 734 legentibus
2076 661 2134 717 S.

554 737 743 793 Neoto.
774 778 787 791 .
818 777 831 789 .
867 745 921 791 ct
949 734 1283 791 Grimbaltlo.
1318 773 1332 788 .
1366 773 1379 787 .
1427 734 1479 787 iit
1521 735 1869 804 grammatica
1912 749 2043 786 vero
2084 743 2138 787 et

551 808 827 862 rhetorica
859 808 1080 862 Asserio
1110 806 1398 859 monacho.
1424 844 1436 857 .
1467 842 1481 855 .
1513 806 1566 857 in
1605 804 1885 858 dialectica
1911 819 2042 859 vero
2083 811 2140 858 et

553 880 760 933 musica
788 886 842 932 et
879 877 1221 932 arithmetica
1263 873 1469 929 Joanne
1500 875 1764 929 monacho
1802 873 2139 928 Menevensis

552 946 870 1013 Ecclesiae;
925 948 977 1002 in
1039 946 1335 1016 geometria
1402 953 1457 1016 et
1500 945 1849 1016 astronomia
1912 944 2139 1000 docente

552 1015 761 1071 Joanne
789 1012 1066 1072 menaclio—
1081 1024 1135 1070 et
1164 1012 1365 1084 collega
1398 1013 1459 1069 8.
1486 1013 1780 1069 Grimbaldi
1817 1033 1861 1068 ι.

554 1107 872 1163 Willielmus
930 1107 1203 1161 Malmesb.
1248 1104 1442 1228 ianlib.
1482 1120 1517 1158 v
1546 1105 1611 1158 de
1648 1101 1990 1173 Pontiﬁcibus
2029 1104 2140 1158 ine-

1327 1192 1421 1228 io.

1327 1192 1421 1229 "0.

628 1291 646 1321 ε
686 1267 1073 1350 Ilnjus_Elfredi
1105 1278 1349 1350 tempore
1368 1267 1518 1348 venit
1545 1266 1600 1350 in
1632 1264 1878 1350 Aitgliam
1903 1266 2140 1350 Joannes

550 1341 772 1399 Scottis.
821 1342 903 1394 vir
937 1338 1266 1409 perspicacis
1294 1338 1492 1409 ingen_ii
1522 1346 1577 1391 et
1607 1338 1806 1409 multae
1828 1338 2137 1409 facundiae,

549 1412 645 1496 qui
697 1411 919 1475 dudum,
939 1405 1139 1490 relicta
1182 1405 1377 1478 patria,
1436 1406 1716 1496 Franciam
1772 1408 1839 1489 ad
1888 1405 2138 1461 tlaroluiu

548 1477 776 1535 Calvum
824 1480 1133 1542 transierat,
1165 1477 1194 1531 a
1239 1493 1347 1547 quo
1376 1492 1567 1547 magna
1602 1477 1912 1546 dignatione
1955 1492 2139 1531 susce-

551 1561 677 1621 ptus
706 1550 1046 1617 familiarium
1066 1549 1305 1621 partium
1345 1548 1674 1621 habebatur,
1701 1548 2140 1621 transigebatque

548 1618 676 1675 cum
708 1636 773 1674 eo
817 1631 925 1674 tam
968 1620 1108 1673 seria
1151 1634 1313 1687 quam
1338 1618 1482 1687 joca,
1513 1618 1925 1687 individunsque
1958 1633 2140 1672 comes

549 1702 607 1744 et
627 1706 849 1745 mensae
865 1700 920 1744 et
937 1686 1329 1749 cubiculierat,
1344 1686 1542 1741 multae
1572 1686 1796 1741 facetiae
1819 1688 2140 1756 ingenuique

551 1760 789 1831 leporis,
846 1776 1074 1831 quorum
1123 1758 1369 1831 exempla
1427 1758 1692 1827 hodieque
1757 1766 2027 1831 constant,
2080 1768 2138 1831 ut

550 1817 677 1885 aliut
708 1817 826 1884 ista.
858 1817 1151 1885 Assedcrat
1190 1827 1255 1881 ad
1284 1817 1533 1898 fluensaut
1589 1817 1775 1898 contra
1826 1817 2025 1898 Regem
2068 1828 2135 1881 ad
2166 1817 2212 1877 Β

550 1901 709 1954 aliam
751 1902 945 1954 tabula:
991 1910 1254 1970 ρειιήιριιι.⁸
1279 1897 1702 1970 Procedentibus
1725 1898 1961 1970 poculis
1998 1914 2131 1953 coni

546 1971 887 2040 sumptisque
932 1966 1169 2032 ferculis,
1221 1967 1445 2040 Carolus
1494 1966 1672 2022 fronte
1723 1968 1965 2040 liilariot'i
2013 1976 2136 2037 post

549 2037 928 2110 qtuedam'alia
953 2057 1076 2094 cum
1101 2040 1329 2110 vidisset
1347 2037 1608 2110 Joannem
1634 2039 1888 2110 quiddam
1919 2038 2130 2102 fecisse,

548 2107 690 2177 quod
713 2111 1048 2165 Gallicanam
1077 2108 1235 2181 (l’ng,
1266 2108 1675 2181 “ieiunitatem
1705 2107 2020 2181 ollemleret,
2044 2125 2136 2162 ur-

548 2182 687 2235 bane
721 2182 1001 2250 increpuit,
1032 2178 1103 2250 eti
1132 2179 1266 2250 dixit
1294 2195 1305 2230 :
1341 2180 1479 2250 Quid
1536 2179 1703 2250 distat
1741 2180 1893 2250 inter
1919 2178 2133 2233 Sottum

549 2262 605 2304 ct
633 2248 917 2306 Scottuni?
953 2249 1157 2305 Retulit
1183 2249 1270 2303 ille
1300 2249 1522 2303 solenne
1549 2248 1844 2303 convitium
1874 2249 1926 2302 in
1953 2258 2136 2303 auclo-

548 2336 683 2384 rem,
720 2330 777 2375 et
822 2322 1136 2390 respondit:
1170 2319 1370 2373 'l'abnla
1416 2328 1623 2372 tantum
1656 2335 1670 2370 :
1704 2318 2134 2390 interrogaverat

549 2408 641 2446 rex
692 2392 758 2447 de
798 2388 1006 2445 morum
1038 2390 1308 2445 differenti
1354 2390 1552 2453 studio,
1585 2388 1934 2457 responderat
1973 2388 2137 2443 Joan-

548 2476 643 2516 nes
666 2463 731 2516 de
755 2462 854 2517 loci
887 2462 1120 2516 distante
1168 2460 1374 2528 spatio;
1408 2474 1510 2513 nec
1540 2474 1668 2513 vero
1705 2474 1801 2514 rex
1834 2469 2137 2515 commotus

546 2541 654 2595 est,
684 2533 827 2601 quod
868 2532 1129 2585 miraculo
1158 2531 1419 2585 scientiae
1448 2530 1617 2599 ipsius
1644 2538 1836 2601 captus
1878 2531 2136 2601 adversus

546 2600 867 2670 magistrum
899 2617 999 2658 nec
1039 2603 1182 2657 dicto
1221 2602 1502 2670 insurgere
1534 2601 1726 2663 vellet;
1754 2600 1832 2654 sic
1871 2615 1995 2655 eum
2026 2600 2137 2654 usi-

549 2682 659 2728 tate
698 2673 943 2729 vocabat.
998 2671 1129 2726 ltetn
1187 2687 1311 2726 cutn
1361 2671 1471 2741 regi
1523 2672 1831 2724 eonvivanti
1889 2671 2138 2723 minister

546 2743 789 2813 patinam
822 2742 1138 2807 obtulisset,
1176 2757 1330 2813 quae
1358 2740 1492 2796 duos
1525 2741 1701 2813 pisces
1725 2740 2134 2813 praegrandes,

548 2809 761 2883 adjecto
790 2826 897 2867 uno
925 2809 1243 2876 minusculo,
1276 2809 1597 2876 contineret,
1639 2809 1787 2866 dedit
1831 2809 1919 2865 ille
1967 2811 2137 2933 inagi—

548 2894 682 2933 stro.
713 2894 773 2933 ut
801 2883 1247 2933 accumbentibus
1271 2883 1480 2933 duobus
1518 2881 1663 2933 iuxta
1704 2896 1764 2933 se
1807 2881 2017 2933 clericis
2044 2900 2062 2933 ι
2081 2895 2137 2933 e-

547 2881 683 2948 stro,
713 2894 773 2938 ut
801 2883 1247 2939 accumbentibus
1271 2883 1480 2938 duobus
1512 2881 1663 2950 juxta
1704 2896 1764 2935 se
1807 2881 2017 2936 clericis
2044 2881 2139 2937 de-

546 2957 888 3027 partiretur;
893 2954 1057 3009 Erant
1088 2954 1159 3027 illi
1204 2954 1485 3027 giganteae
1508 2952 1695 3027 molis;
1729 2952 1856 3027 ipse
1884 2950 2137 3027 perexilis

547 3022 982 3095 corporis.Tum
1015 3024 1104 3093 qui
1154 3022 1367 3091 semper
1397 3022 1597 3092 aliquid
1647 3022 1858 3095 honesti
1892 3022 2134 3075 invenie-

547 3092 669 3159 bat,
703 3105 760 3149 ut
820 3092 1079 3150 laetitiam
1122 3094 1526 3150 convivantium
1567 3092 1859 3157 excitaret,
1910 3094 2135 3146 retentis

546 3168 651 3221 sibi
684 3165 892 3221 duobus
921 3163 1234 3231 majoribus,
1284 3180 1448 3218 unum
1494 3165 1755 3218 minorem
1777 3162 1986 3217 duobus
2021 3163 2135 3217 dis-

550 3236 755 3306 tribuit.
788 3235 1045 3306 Arguenti
1095 3235 1430 3303 iniquitatem
1478 3235 1784 3306 partitionis
1826 3232 1976 3303 regi:
2006 3232 2133 3298 imo,

548 3305 746 3376 inquit,
774 3304 908 3360 bene
935 3304 1037 3358 feci
1062 3314 1115 3359 et
1139 3321 1338 3374 aeque;
1371 3319 1495 3376 nam
1531 3305 1616 3376 hic
1641 3312 1723 3358 est
1749 3319 1887 3357 unus
1916 3318 2134 3376 parvus,

547 3370 707 3429 dc'se
729 3376 949 3440 dicens;
986 3384 1041 3429 et
1068 3375 1202 3429 duos
1223 3370 1475 3445 grandes,
1510 3375 1683 3444 pisces
1706 3370 1948 3445 tangens.
1978 3370 2136 3445 [tentf

547 3460 651 3514 que
683 3447 750 3500 ad
797 3462 892 3501 eos
938 3442 1268 3499 conversus":
1305 3444 1403 3499 llic
1440 3442 1566 3499 sunt
1592 3445 1698 3498 duo
1744 3442 1923 3514 magni
1954 3442 2134 3498 clerici

549 3513 823 3581 immensi,
847 3525 904 3570 et
941 3532 1082 3570 unus
1109 3517 1353 3586 exiguus.
1401 3514 1603 3586 piscem
1643 3513 1994 3586 nihilominus
2026 3522 2137 3567 tau-

547 3603 699 3657 geus.
729 3587 904 3657 Caroli
935 3602 1064 3655 ergo
1088 3584 1272 3657 rogatu
1300 3585 1663 3639 llierarcbiam
1702 3584 1939 3655 Dionysii
1968 3584 2137 3639 Areo-

548 3656 759 3727 pagitae
783 3658 835 3711 in
868 3656 1112 3711 Latinum
1136 3659 1200 3710 de
1225 3656 1451 3718 Graeco,
1478 3656 1944 3727 verbutnevcrbo,
1963 3662 2137 3708 trans-

551 3725 692 3782 tulit.
723 3728 841 3793 Quo
887 3728 966 3791 lit,
997 3738 1055 3781 ιιι
1088 3728 1172 3780 vix
1203 3728 1532 3796 intelligatur
1560 3726 1725 3779 latina
1752 3725 1953 3787 littera,
1996 3740 2136 3792 quae

546 3798 882 3853 volubilitate
914 3799 1095 3868 magis
1133 3813 1350 3868 graeca,
1392 3812 1552 3866 quam
1586 3797 1849 3867 positione
1870 3796 2137 3868 construi—

548 3878 634 3922 tur
661 3878 867 3923 uostra.
896 3866 1391 3938 Com-posuiteliam
1428 3866 1642 3931 librum,
1667 3882 1824 3936 quem
1858 3866 1969 3936 peri
2004 3867 2138 3938 phy-

545 3940 663 3995 sion
692 3939 968 4001 Merismu,
1002 3937 1053 3993 id
1099 3950 1204 4003 est,
1249 3940 1315 3993 de
1347 3938 1581 3992 Naturae
1609 3938 1870 3992 divisione
1900 3937 2134 4001 titulaut,

551 4020 771 4081 propter
817 4010 1225 4081 perplexitatem
1255 4008 1592 4081 quarundam
1619 4009 1996 4081 quaestionum
2031 4006 2137 4081 sol-

549 4078 776 4135 vendam
806 4078 946 4136 bene
976 4080 1186 4146 utilem,
1213 4081 1255 4134 si
1276 4078 1463 4135 tamen
1504 4078 1893 4150 ignoscaturei
1929 4078 1982 4133 in
2007 4079 2133 4148 qui-

546 4152 799 4215 busdam,
830 4150 1026 4220 quibus
1053 4169 1081 4204 a
1111 4150 1422 4205 Latinorum
1460 4149 1677 4205 tramite
1721 4149 1971 4210 deviavit,
2006 4151 2133 4220 dum

550 4223 603 4275 in
633 4219 869 4277 Graecos
893 4223 1092 4277 acriter
1118 4223 1302 4276 oculos
1330 4222 1575 4275 intendit.
1613 4220 1791 4287 Quare
1814 4230 1869 4275 et
1901 4219 2136 4274 haereti-

547 4308 644 4345 cus
698 4302 919 4360 putatus
967 4301 1076 4353 est,
1130 4292 1454 4361 scripsitque
1499 4299 1711 4361 contra
1739 4306 1864 4343 cum
1892 4289 2135 4361 quidam

548 4359 770 4427 Florus;
800 4371 926 4416 sunt
947 4362 1088 4415 enim
1134 4377 1318 4415 revera
1347 4359 1399 4416 iit
1432 4362 1568 4414 libro
1604 4359 1714 4429 peri
1752 4359 1976 4430 physion
2009 4374 2133 4426 per-

548 4433 801 4502 plurima,
831 4447 972 4501 quae
996 4432 1099 4486 nisi
1138 4431 1421 4501 diligenter
1442 4429 1880 4502 discutiantur,a
1912 4429 2015 4502 ftde
2045 4444 2135 4502 ca—

551 4499 876 4594 tholicorunt
911 4499 1616 4594 .abliorrcntinuvide'antn'r.
1666 4499 1836 4567 llujus
1864 4499 2131 4594 Opiniouis
2159 4535 2211 4594 Β

547 4571 1015 4656 particeps_fuiss_c
1029 4572 1381 4656 cognoscitur
1418 4571 1680 4656 _l‘\’i_co‘laus
1721 4585 1899 4656 papa,
1929 4571 2021 4656 qui
2054 4571 2131 4656 ait

547 4641 601 4699 in
655 4643 883 4712 epistola
926 4645 992 4698 ad
1026 4641 1275 4698 Carolnm
1306 4661 1316 4695 :
1363 4661 1383 4693 ι
1418 4642 1661 4696 Relatum
1691 4649 1775 4695 est
1811 4641 2132 4709 apostolatui

553 4732 572 4765 ι
613 4723 816 4777 nostro,
842 4716 984 4783 quod
1002 4730 1135 4783 opus
1156 4715 1216 4767 li.
1243 4714 1480 4837 Dionf'sii
1503 4713 1865 4783 Areopagitae,
1890 4712 2035 4782 quod
2066 4712 2132 4765 de

553 4804 572 4837 ι
612 4785 806 4837 divinis
833 4786 1139 4837 nominibus
1165 4784 1247 4837 vel
1279 4800 1372 4837 cae
1394 4784 1600 4837 estibus
1628 4784 1905 4837 ordinibus
1937 4797 2132 4837 craeco

553 4804 572 4837 ι
612 4785 806 4840 divinis
833 4786 1139 4840 nominibus
1165 4784 1247 4838 vel
1279 4784 1600 4839 caelestibus
1628 4784 1905 4837 ordinibus
1937 4797 2132 4851 graeco

552 4874 571 4906 ι
611 4857 899 4926 descripsit
948 4855 1180 4926 elutpiio,
1224 4855 1442 4924 quidam
1499 4853 1580 4908 vir
1630 4853 1885 4926 Joannes,
1933 4868 2132 4926 genere

554 4944 572 4976 ι
613 4923 832 4989 Scottis,
870 4923 1121 4995 nuper’in
1151 4923 1400 4979 Latinum
1427 4925 1781 4987 transtulerit,
1808 4925 1950 4993 quod
1969 4923 2125 4989 juxta

554 5014 573 5047 ο
614 5010 820 5051 morem
840 4998 998 5051 nobis
1029 4997 1166 5050 mitti
1191 5007 1247 5051 et
1273 5008 1459 5051 nostro
1488 4996 1694 5060 judicio
1723 4996 1906 5050 debuit
1936 5010 2132 5063 tlppl‘O-

554 5085 573 5120 ι
611 5068 753 5132 bari,
796 5068 1112 5137 praesertim
1142 5082 1264 5121 cum
1297 5067 1439 5122 idem
1470 5064 1726 5124 Joannes.
1756 5065 1881 5119 licet
1936 5065 2137 5119 multae

554 5157 575 5190 ι
613 5136 872 5193 scientiae
895 5153 1015 5191 esse
1034 5138 1397 5207 praedicetur,
1422 5136 1547 5190 olim
1577 5153 1681 5190 non
1708 5152 1837 5190 sane
1864 5150 2052 5207 sapere
2083 5137 2135 5189 in

553 5228 573 5279 ι
610 5209 939 5279 quibusdam
984 5206 1251 5278 frequenti
1315 5224 1529 5262 rumore
1578 5207 1787 5279 dicata:
1825 5226 1873 5260 ι.
1908 5206 2136 5279 Propter

547 5276 690 5337 hanc
713 5294 842 5351 ergo
866 5276 1160 5351 infamiam,
1179 5279 1361 5351 credo,
1382 5279 1582 5351 taeduit
1604 5293 1725 5331 eum
1742 5276 2021 5351 Franciae,
2051 5292 2138 5351 ve-

549 5352 737 5420 nitque
766 5347 834 5405 ad
877 5350 1077 5420 Regem
1117 5349 1449 5420 Aelfrcdum,
1481 5347 2027 5420 cujus,muniﬁcentia
2072 5348 2133 5420 il-

546 5419 740 5486 lectus,
768 5430 823 5476 et
857 5419 1168 5492 magisterio
1190 5419 1328 5492 ejus,
1363 5430 1417 5474 ιιι
1450 5435 1519 5492 ex
1550 5419 1764 5492 scriptis
1790 5419 1930 5489 regis
1964 5419 2129 5492 intel-

550 5492 691 5555 lexi,
744 5489 1009 5556 sublimis,
1062 5489 1295 5545 Melduni
1351 5490 1570 5553 resedit,
1618 5491 1705 5544 ubi
1755 5500 1876 5559 post
1925 5490 2131 5558 aliquot

548 5578 721 5618 annos
756 5576 787 5615 a
815 5563 1015 5631 pueris,
1067 5576 1204 5631 quos
1235 5561 1481 5623 docebat,
1523 5561 1763 5631 graphiis
1796 5561 2123 5629 perforatas,

546 5635 783 5686 animam
824 5635 973 5688 exuit
1006 5642 1275 5688 tormento
1319 5633 1467 5701 gravi
1517 5642 1572 5685 et
1619 5631 1836 5701 acerbo,
1891 5643 1952 5685 ut
1998 5632 2125 5686 dum

547 5703 806 5773 iniquitas
835 5704 1013 5757 valida
1042 5711 1096 5758 et
1119 5717 1309 5765 manus
1336 5702 1550 5757 infirma
1580 5718 1743 5771 saepe
1769 5702 2126 5773 frustraretur

543 5782 600 5830 et
626 5772 787 5847 saepe
819 5774 1121 5844 impeteret,
1167 5789 1411 5831 amaram
1456 5781 1683 5830 mortem
1729 5775 1922 5831 obiret.
1947 5772 2126 5827 Jacuit

2164 435 2211 493 Α
2240 430 2550 500 aliquandiu
2576 430 2628 485 in
2658 432 2956 487 honorabili
2983 434 3255 502 sepultura
3282 434 3336 488 in
3363 434 3508 491 beati
3540 436 3821 492 Laurentii

2243 503 2644 571 ecclesia,quae
2672 502 3111 558 fueratinfandae
3135 506 3317 560 caedis
3338 509 3582 572 conscia;
3610 508 3707 562 sed
3732 508 3824 564 ubi

2242 573 2456 645 divinus
2494 572 2643 626 favor
2688 573 2870 645 multis
2916 576 3161 629 noctibus
3188 591 3348 645 super
3376 592 3497 631 eum
3527 578 3702 633 lucem
3739 579 3825 630 in-

2242 642 2660 715 dulsitigneam,
2691 643 2945 715 admoniti
2980 642 3409 709 monaclii,'eum
3460 647 3512 701 in
3560 646 3825 715 majorem

2243 713 2538 787 ecclesiam
2565 714 2972 787 transtulerunt,
2995 724 3049 769 et
3072 717 3141 787 ad
3176 717 3455 771 sinistram
3497 713 3687 772 altaris
3730 733 3829 787 po-

2243 793 2465 907 nentes,
2524 783 2609 839 bis
2671 788 2991 855 martyrium
3039 784 3154 855 ejus
3201 788 3445 845 versibus
3487 783 3827 858 praedicave—

2243 867 2341 907 run
2410 872 2426 907 :

2242 867 2373 907 l'lllll
2410 872 2426 907 ζ

2300 964 2532 1031 (.onditur
2551 966 2645 1019 hoc
2660 965 2848 1017 tumulo
2869 975 3063 1018 sanctus
3083 968 3298 1029 ecphista
3319 967 3554 1031 Joannes,

2303 1028 2394 1091 Qui
2416 1029 2593 1077 ditatus
2619 1038 2724 1077 erat
2742 1031 2837 1091 jam
2866 1032 3032 1078 vivens
3071 1028 3299 1091 dogmate
3332 1034 3479 1091 miro;

2305 1086 2534 1155 Martyrio
2557 1086 2754 1155 tandem
2775 1090 2952 1140 Christi
2978 1086 3318 1155 conscéndere
3340 1086 3571 1155 regnum,

2305 1152 2410 1210 Quo
2426 1153 2627 1213 meruit,
2661 1159 2872 1214 regnant
2891 1156 3046 1203 cuncti
3074 1166 3164 1215 per
3187 1154 3354 1203 secula
3376 1152 3548 1204 sancti.

2362 1268 2521 1342 (Pag.
2550 1272 2672 1340 vti.)
2712 1270 2861 1325 Idem
2891 1272 3209 1327 Willielmus
3247 1274 3301 1328 in
3330 1274 3506 1328 eodem
3540 1275 3693 1331 libro.

2317 1379 2336 1411 ι
2368 1360 2602 1416 Turaldo
2642 1362 2965 1417 substitutus
2989 1374 3072 1418 est
3095 1365 3353 1419 Wariuus
3382 1366 3447 1419 de
3482 1366 3603 1421 Lira
3635 1386 3829 1424 mona-

2239 1432 2396 1511 clttts.
2427 1470 2443 1484 .
2478 1470 2492 1484 .
2525 1432 2574 1487 ls
2599 1449 2721 1487 cum
2748 1435 2978 1511 primum
3002 1436 3069 1489 ad
3104 1436 3375 1511 abbatiam
3405 1435 3701 1511 [Malmsb.]
3734 1457 3830 1495 ve-

2240 1503 2342 1579 nit,
2371 1511 2769 1579 antecessorum
2814 1503 2951 1579 facta
2992 1506 3140 1574 parvi
3185 1503 3445 1573 pendens,
3495 1509 3658 1579 typho
3682 1503 3830 1579 quo-

2242 1524 2342 1563 im,
2371 1524 2769 1558 antecesserunt
2814 1524 2951 1559 laeta
2992 1524 3140 1574 par“
3185 1524 3445 1573 pendens,
3495 1524 3511 1560 ι
3552 1524 3658 1577 ptio
3689 1526 3824 1579 quo-

2242 1573 2364 1625 dam
2397 1580 2449 1648 et
2481 1589 2677 1648 nausea
2709 1573 2883 1647 [erga]
2921 1585 3228 1648 sanctorqu
3252 1591 3484 1648 corpora
3511 1524 3824 1648 gerebatur;

2241 1657 2365 1696 ossa
2395 1641 2890 1716 denique__saiictaé
2927 1646 3221 1699 memoriae
3250 1641 3555 1716 Meililulphi
3589 1658 3644 1703 et
3682 1641 3829 1706 cete;

2243 1727 2448 1788 torum,
2477 1714 2720 1788 quiolim
2749 1714 2976 1788 abbates
3021 1716 3116 1788 ibi,
3163 1714 3535 1786 posteaquelin
3576 1720 3826 1788 pluribus

2242 1781 2374 1856 locis
2400 1784 2672 1856 antistites
2708 1786 2779 1856 ob
2825 1781 3180 1856 nevereutiani
3214 1781 3421 1856 patroni
3464 1789 3545 1842 sui
3577 1781 3823 1847 'Aldelmi

2236 1869 2297 1907 se
2330 1853 2382 1907 in
2415 1854 2531 1929 loco
2555 1853 2872 1929 ttuttulatum
2909 1853 3324 1929 irijussissent,
3352 1873 3487 1925 quos
3525 1861 3827 1929 antiquitas

2237 1927 2541 2001 veneranda
2566 1925 2628 2001 _in
2660 1924 2879 2001 duabus
2908 1926 3135 2001 lapideis
3197 1924 3428 2001 crateris
3475 1944 3541 1983 ex
3590 1924 3827 2001 utraque

2239 2002 2396 2071 parte
2423 1994 2641 2071 altaris,
2679 1994 2975 2064 dispositis
2998 1997 3142 2051 inter
3183 1997 3452 2071 cujusque
3473 2014 3597 2055 ossa
3626 1994 3827 2071 ligneis

2236 2065 2554 2138 intervallis,
2590 2076 2898 2138 reverenter
2926 2076 3207 2138 statuerat.
3238 2065 3406 2133 llaec,
3440 2065 3830 2138 inquamIom-

2235 2135 2324 2189 nia
2365 2136 2569 2204 pariter
2595 2136 2912 2203 conglobata
2943 2137 3088 2190 velut
3129 2153 3381 2192 acervum
3411 2135 3689 2203 ruderum,
3724 2156 3827 2195 ve-

2235 2204 2316 2276 lut
2360 2205 2615 2274 reliquias
2658 2207 2844 2260 vilium
2880 2206 3272 2276 mancipiorum
3319 2207 3581 2264 ecclesiae
3610 2210 3827 2267 foribus

2236 2275 2509 2346 alienavit.
2540 2277 2607 2330 Et
2637 2291 2707 2331 ne
2732 2277 2861 2345 quid
2892 2278 3258 2346 impudentiae
3297 2278 3533 2344 deesset,
3554 2281 3723 2334 etiam
3756 2281 3825 2336 8.

2234 2343 2495 2401 Joannem
2538 2343 2786 2419 Scotum,
2822 2343 2984 2416 queui
3029 2363 3165 2419 pene
3202 2349 3350 2419 pari,
3396 2343 3521 2419 qua
3550 2349 3609 2405 S.
3640 2351 3829 2406 Abici-

2237 2430 2407 2479 mtnn,
2442 2418 2790 2471 veneratione
2838 2418 3086 2473 monachi
3130 2418 3656 2481 colebant,’extulit.
3713 2421 3830 2479 Hoc

2236 2486 2406 2559 igitur
2429 2501 2615 2559 omnes
2642 2488 2695 2559 in
2725 2496 2969 2541 extremo
2999 2487 3193 2559 angulo
3224 2489 3477 2544 basilicae
3503 2490 3559 2545 S.
3589 2490 3828 2546 Michae-

2237 2556 2324 2610 lis.
2352 2597 2366 2610 .
2394 2595 2409 2608 .
2445 2557 2846 2630 inconsiderate
2891 2556 3095 2621 occuli,
3126 2559 3498 2629 lapidibusque
3544 2562 3827 2630 praecludi

2236 2628 2531 2702 praecepit.
2556 2626 2601 2682 Ο
2630 2638 2894 2697 tempora,
2929 2626 3206 2702 umores!
3234 2630 3365 2702 quis
3407 2626 3570 2702 digno
3615 2633 3823 2702 impro-

2236 2699 2390 2769 perio
2426 2706 2628 2753 tantam
2663 2708 3019 2769 prosequatur
3054 2700 3335 2754 audaciam
3370 2701 3435 2754 »Ἰ
3465 2711 3570 2756 cet.

2548 2787 2797 2842 Idem‘ea:
2829 2786 3018 2842 Codice
3070 2787 3316 2844 Tliuaneo
3352 2807 3450 2845 nu.

2235 2954 2239 2959 ξ
2316 2878 2538 2961 «JPetro
2563 2894 2683 2945 suo,
2707 2878 3010 2934 Willelmus
3034 2896 3187 2946 suus,
3214 2881 3427 2937 divinae
3455 2882 3831 2954 philosophiae

2238 2959 2582 3021 parttcipium
2619 2969 2635 3000 ι
2650 2989 2663 3002 .

2236 3018 2251 3051 ῖ
2315 3038 2334 3070 ι
2365 3018 2659 3074 Fraternae
2686 3018 2958 3074 dilectioni
2987 3035 3214 3083 morem,
3245 3020 3416 3077 frater
3449 3024 3823 3090 amantisime,

2238 3091 2401 3165 geris,
2427 3090 2569 3160 quod
2593 3104 2679 3144 me
2701 3098 2809 3165 tam
2825 3091 3417 3165 arduaconsultationc
3443 3094 3706 3165 dignaris.
3727 3095 3830 3152 Est

2240 3161 2384 3215 enim
2426 3160 2756 3230 praesumtio
2798 3161 3064 3223 caritatis,
3106 3163 3249 3230 quod
3286 3179 3372 3216 me
3416 3160 3561 3218 lanio
3609 3167 3831 3222 muneri

2240 3246 2344 3302 non
2378 3231 2635 3300 imparem
2669 3231 2968 3302 arbitraris.
3019 3230 3293 3302 Praecipis
3324 3232 3487 3299 enim,
3523 3243 3580 3288 ut
3610 3235 3829 3292 mittam

2240 3300 2293 3353 in
2327 3299 2557 3365 litteras,
2604 3302 2744 3355 unde
2789 3299 3024 3356 Joannes
3072 3299 3265 3357 Scottis
3294 3305 3574 3369 oriundus,
3609 3306 3701 3359 ubi
3731 3309 3834 3360 dc-

2239 3370 2456 3426 functus
2483 3370 2666 3435 fuerit,
2697 3386 2857 3450 quem
2884 3382 3160 3450 auctorem
3193 3373 3338 3450 libri,
3364 3377 3455 3450 qui
3480 3377 3831 3450 περὶφύσεως

2238 3453 2485 3516 vocatur,
2517 3443 2820 3516 communis
2844 3444 3028 3514 opinio
3052 3444 3356 3498 consentit:
3392 3443 3661 3515 simulque
3690 3450 3826 3516 quia

2239 3513 2305 3588 de
2347 3512 2485 3588 libt’o
2531 3513 2621 3566 illo
2660 3512 3381 3588 sinisterirumoraspersit,
3429 3512 3599 3588 brevi
3618 3512 3832 3588 scripto

2238 3583 2517 3643 elue-idem,
2548 3599 2684 3654 quae
2713 3584 3053 3653 potissimum
3081 3585 3198 3639 lidei
3228 3587 3512 3639 videantur
3539 3583 3826 3643 adversari

2238 3653 2577 3728 catholicae.
2614 3656 2676 3706 Et
2707 3656 2938 3723 primum
2970 3657 3315 3728 quitlem,rut
3347 3665 3495 3728 puto,
3530 3658 3698 3728 probe
3732 3659 3821 3713 fa-

2238 3724 2416 3789 ciam,
2457 3726 2501 3780 si
2531 3737 2775 3794 prompte
2811 3727 3091 3793 expediam
3110 3765 3125 3789 ,
3155 3727 3282 3794 quia
3313 3724 3397 3782 uie
3427 3724 3611 3782 talium
3638 3744 3825 3785 rerum

2239 3796 2438 3849 veritas
2468 3813 2571 3849 non
2601 3794 2763 3848 lateat
2791 3813 2804 3848 :
2849 3798 3079 3850 alterum
3112 3812 3260 3861 vero,
3295 3807 3353 3852 ut
3382 3798 3654 3854 hominem
3698 3802 3824 3856 orbi

2239 3863 2408 3937 latino
2444 3867 2638 3937 merito
2671 3866 2928 3920 scientiae
2954 3867 3323 3937 notissimum,
3354 3869 3552 3937 diuque
3590 3871 3720 3932 vita,
3763 3880 3851 3925 et-

2239 3935 2440 4009 invidia
2467 3935 2811 3999 defunctum,
2862 3937 2916 3990 in
2953 3936 3045 4004 jus
3088 3953 3306 4009 vocem,
3355 3935 3517 3994 altius
3540 3949 3623 3994 est
3649 3956 3820 4009 quam

2236 4006 2382 4079 vires
2411 4020 2562 4061 meae
2594 4008 3084 4079 spirareiaudeant.
3132 4007 3266 4061 Nam
3296 4018 3349 4062 et
3374 4024 3474 4078 ego
3503 4006 3697 4079 sponte
3728 4027 3821 4066 re-

2237 4075 2384 4148 fugio
2401 4075 2750 4151 summorum
2777 4078 3026 4151 virorunt
3054 4077 3329 4151 laboribus
3360 4075 3641 4151 insidiari,
3664 4082 3817 4151 quia,

2237 4146 2542 4216 utiquidam
2562 4149 2687 4212 ait,t
2705 4147 2973 4217 «improbe
3003 4146 3150 4212 facit,
3175 4149 3267 4218 qui
3291 4150 3341 4203 in
3365 4150 3542 4204 alieno
3569 4146 3709 4205 libro
3737 4152 3825 4206 in-

2236 4219 2488 4291 geniosus
2514 4228 2599 4273 est
2630 4239 2649 4287 ι
2667 4237 2711 4270 ι.
2740 4218 3077 4291 Quapropter
3104 4234 3242 4291 pene
3268 4218 3392 4291 fuit.
3424 4228 3481 4273 ut
3508 4221 3676 4291 jussis
3707 4231 3821 4276 tam

2236 4288 2543 4359 imperiosis
2567 4304 2740 4343 essent
2768 4290 3094 4359 contrarius,
3128 4290 3228 4343 nisi
3258 4288 3579 4358 jamdudum
3608 4294 3819 4346 consti-

2238 4358 2394 4414 tisSet
2425 4359 2628 4420 animo,
2662 4358 2806 4428 quod
2833 4360 2987 4412 vobis
3028 4358 3083 4413 in
3124 4363 3375 4415 omnibus
3401 4359 3669 4416 deferrem
3693 4402 3709 4426 ,
3758 4371 3827 4418 ut

2238 4430 2449 4498 parenti
2479 4430 2810 4501 gratissimo,
2859 4428 2910 4481 in
2962 4429 3048 4483 his
3092 4430 3290 4493 etiam,
3340 4444 3480 4501 quae
3527 4443 3827 4501 onerarent

2238 4499 2502 4564 frontem,
2538 4516 2677 4569 quae
2700 4508 2885 4570 essent
2900 4501 3120 4568 pudoris
3145 4501 3247 4554 mei
3269 4499 3529 4570 periculo.
3580 4499 3824 4559 Joannes

2239 4570 2404 4641 igitur
2454 4582 2810 4641 cognomento
2871 4569 3066 4625 Scottis
3116 4569 3433 4639 opinantes,
3502 4572 3645 4640 quod
3697 4572 3825 4641 ejus

2240 4638 2419 4714 gentis
2444 4638 2608 4696 fuerit
2644 4642 2892 4714 indigena
2919 4681 2935 4705 ,
2978 4638 3185 4714 erroris
3206 4643 3330 4714 ipse
3358 4638 3585 4714 arguit,
3623 4638 3739 4714 qui
3761 4658 3826 4699 se

2240 4711 2617 4783 lleruligenam
2664 4712 2723 4783 in
2776 4711 2930 4765 titulo
2978 4710 3330 4767 Hierarch‘iae
3373 4710 3636 4768 inscribit.
3692 4713 3823 4771 Fuit

2240 4782 2445 4854 autem
2477 4797 2609 4854 gens
2663 4782 2999 4854 llerulorum
3029 4783 3300 4853 quondam
3343 4784 3712 4854 potentissima
3763 4785 3822 4840 in

2238 4851 2536 4915 Pannonia,
2559 4869 2720 4923 quam
2737 4870 2768 4906 a
2801 4851 3171 4924 Longoba'rdis
3197 4868 3332 4922 pene
3348 4851 3590 4909 'delctam
3618 4870 3824 4909 coruu-

2240 4926 2360 4978 dem
2400 4925 2581 4995 prodit
2608 4924 2852 4995 historia.
2884 4923 3002 4987 llic,
3040 4923 3228 4978 relicta
3264 4928 3438 4993 patria
3464 4965 3480 4990 ,
3528 4924 3821 4979 Franciam

2240 4995 2306 5048 ad
2334 4994 2585 5050 Carolum
2614 4994 2834 5049 Calvum
2862 4995 3043 5057 venit,
3084 5011 3111 5048 a
3143 5009 3249 5064 quo
3281 5010 3474 5065 magna
3505 4995 3823 5065 dignatione

2239 5074 2538 5135 susceptus,
2569 5064 2909 5136 familiarium
2939 5065 3169 5133 partium
3201 5064 3521 5128 habebatur,
3554 5064 3824 5136 transige-

2238 5134 2437 5204 batque
2465 5152 2586 5191 cum
2619 5151 2683 5190 eo
2709 5138 2789 5205 (ut
2816 5134 2951 5189 alias
2976 5135 3108 5205 dixi)
3142 5144 3250 5190 tam
3280 5137 3443 5200 seria,
3481 5151 3642 5206 quam
3665 5134 3819 5202 ioca,

2239 5206 2652 5276 itulividuusque
2693 5221 2879 5278 comes
2910 5214 3018 5259 tam
3062 5221 3323 5278 mensae,
3373 5224 3536 5278 quam
3578 5208 3819 5264 cubiculi

2236 5285 2391 5332 erat:
2438 5293 2539 5331 nec
2585 5292 2820 5346 unquam
2870 5276 3011 5331 inter
3051 5292 3148 5332 eos
3183 5277 3280 5332 fuit
3319 5276 3639 5342 dissidium,
3686 5280 3822 5347 quia

2240 5348 2502 5402 miraculo
2531 5349 2789 5404 scientiae
2816 5348 2932 5418 ejus
2978 5364 3067 5404 rex
3100 5358 3309 5418 captus,
3343 5350 3600 5403 adversus
3638 5349 3819 5417 magi-

2234 5427 2409 5475 strum
2439 5418 2684 5542 quamvis
2714 5421 2793 5474 ira
2820 5433 3242 5490 praeproperam
3266 5459 3281 5484 ,
3319 5435 3418 5475 nec
3454 5419 3598 5473 dicto
3633 5419 3818 5473 insur-

2236 5505 2362 5542 tzere
2386 5503 2451 5542 ve
2476 5489 2567 5542 let.
2598 5490 2763 5542 lienis
2789 5505 2920 5542 emo
2950 5499 3138 5542 roaatu
3166 5489 3540 5542 llierarchiam
3570 5489 3818 5542 Dionvsii

2236 5505 2362 5561 gere
2386 5489 2567 5544 vellet.
2598 5490 2763 5561 Regis
2789 5505 2920 5558 ergo
2950 5489 3138 5560 rogatu
3166 5489 3540 5561 llierarchiam
3570 5489 3822 5561 Dionysii

2234 5559 2301 5615 de
2321 5559 2529 5615 Graeco
2566 5561 2618 5615 in
2643 5559 2913 5625 Latinum,
2946 5559 3204 5616 de’verbo
3231 5559 3476 5624 verbum,
3506 5559 3783 5613 transtulit
3802 5599 3820 5623 ,

2233 5646 2341 5701 quo
2370 5630 2451 5695 ﬁt,
2485 5640 2543 5685 ut
2569 5632 2657 5686 vix
2696 5632 3024 5701 intelligatur
3056 5631 3247 5687 Latina
3267 5674 3281 5699 ,
3317 5646 3455 5701 quae
3483 5629 3822 5685 volubilitate

2234 5701 2406 5771 magis
2433 5716 2650 5771 graeca,
2704 5718 2865 5772 quam
2915 5703 3179 5771 positione
3229 5702 3562 5757 construitur
3610 5711 3821 5772 nostra.

2235 5770 2551 5843 Composuit
2577 5782 2633 5828 et
2663 5770 2877 5839 librum,
2904 5770 3063 5842 quem
3086 5779 3205 5849 περὶ
3235 5773 3432 5847 φύσεων
3451 5776 3732 5849 μερισμοῦ,
3768 5770 3824 5826 id
