4056 6276
247 315 325 373 93
1266 305 1330 361 IN
1372 299 1628 359 LIBRUM
1669 296 1756 352 DE
1797 291 2137 348 Dl\'!Sl0.\’l3
2178 247 2511 346 NATDR/E.
3454 293 3526 351 94

250 439 371 494 est,
400 427 468 482 de
497 425 732 480 Naturae
761 421 1023 494 divisione
1055 419 1317 494 titulavit_,
1354 423 1833 494 propter_quarnt_r-
1865 413 1909 468 Α
1941 402 2099 475 (l’ug.
2129 404 2227 475 Ix.)
2253 403 2520 458 Jolmnncs
2553 402 2690 494 figi/te
2726 405 2776 457 in
2809 404 2940 457 libro
2969 403 3034 458 tle
3073 402 3297 474 Regibus
3329 405 3526 476 Anglo-

405 478 789 568 ‘picrplexarum
820 493 1193 568 quaestionum
1226 478 1542 568 solutum-em
1574 478 1707 568 bet‘ie
1736 478 1836 536 uli-

251 553 394 631 lein,
415 553 468 623 ἐἰ
505 553 681 620 ι’ςιιιιριι
716 553 1024 633 ignoscatur
1042 562 1097 633 rei
1131 563 1181 633 in
1213 559 1554 633 qu_ilm_sd:un,
1587 553 1781 633 quibns
1807 563 1835 602 a

250 623 573 697 intiborum
605 623 816 689 tramite
845 632 1097 694 deviavit,
1124 623 1248 684 dum
1278 631 1327 682 in
1353 629 1587 680 Graecos
1617 623 1837 697 nimium

251 693 447 767 deuios
495 706 743 761 intendit.
780 704 901 758 Fuit
942 704 1142 756 multae
1171 699 1329 771 (l’ng.
1363 702 1481 771 vni)
1514 693 1756 771 lectionis
1785 699 1840 744 ct

251 784 529 843 curiosae,
555 779 720 839 acris,
750 776 844 830 sed
873 767 1210 843 inelegantis,
1236 767 1292 823 ut
1314 768 1542 843 dixi,_ad
1575 767 1841 843 inter-pre:

255 837 484 906 tandum
517 837 830 910 vsrientiac;
882 837 1041 914 quodv
1069 851 1315 914 entnyut
1360 839 1538 891 verbis
1566 837 1837 914 Anastasii

251 923 541 977 Romanae
571 906 841 972 Ecclesiae
869 906 1260 969 bibliotheearii
1296 912 1504 978 loquar,
1532 924 1636 960 non
1664 906 1840 978 egisse

248 995 421 1047 aliam
449 991 520 1045 ob
543 1005 764 1044 causam
795 986 1066 1046 existimo,
1097 985 1196 1037 nisi
1229 977 1380 1051 quia,
1404 996 1526 1033 cum
1556 986 1704 1051 esset
1738 977 1838 1028 lni-

256 1065 406 1119 milis
453 1062 668 1130 spiritu,
729 1073 834 1112 non
877 1055 1205 1130 praesumsit
1250 1050 1403 1130 verbi
1453 1050 1838 1130 proprietatem

251 1118 533 1196 deserere,
563 1147 628 1184 ne
651 1118 831 1197 aliquo
855 1118 1062 1197 modoa
1087 1140 1276 1178 sensus
1298 1118 1521 1197 veritate
1547 1118 1838 1196 decideret.

257 1207 464 1260 Doctus
494 1192 558 1254 ad
593 1192 878 1259 invidiam,
912 1206 969 1250 ut
995 1196 1322 1266 Graecorum
1355 1192 1705 1266 pedisequus,
1750 1192 1838 1266 qni

256 1259 453 1337 multa,
487 1287 628 1341 quae
658 1287 765 1325 non
803 1268 1064 1341 recipiant
1098 1281 1256 1319 aures
1287 1259 1508 1341 latinae,
1528 1259 1701 1341 _libris
1732 1259 1844 1310 suis

251 1329 561 1415 asperserit
584 1360 596 1394 :
630 1329 1184 1415 quaenon'ignorans
1206 1351 1366 1415 quam
1394 1329 1844 1415 invidiosa'lecto:

255 1397 413 1471 ribus
440 1397 665 1475 essent:
705 1410 790 1464 vel
829 1410 927 1463 sub
948 1397 1181 1478 persona
1214 1397 1559 1478 collectuoris
1597 1399 1675 1454 sui
1699 1438 1722 1478 ,.
1760 1397 1843 1451 vel

260 1469 365 1541 sub
392 1469 560 1556 pallio
587 1469 918 1537 Graecorum
949 1469 1248 1556 occulebat.
1275 1475 1612 1542 Quapropter
1633 1469 1842 1556 etlilae-

256 1540 465 1611 reticiis
496 1563 714 1624 putatus
745 1560 867 1624 est,
911 1549 1224 1624 etuscripsit
1237 1540 1439 1624 contra
1472 1557 1594 1597 cum
1624 1540 1842 1624 quidam

255 1627 477 1682 Florus.
497 1611 652 1679 'Sunt
681 1623 823 1677 enim
851 1611 910 1693 in
945 1620 1086 1693 libro
1112 1611 1230 1693 ἓτερὶ
1248 1611 1842 1693 etiamaperpiuritna,

256 1713 402 1764 qttae
431 1697 722 1752 multorum
759 1691 1147 1764 aestimatione
1174 1683 1203 1743 Ξι
1230 1683 1344 1764 ΔΙὶὶιρ
1379 1683 1646 1764 catholica
1682 1695 1842 1764 exor-

259 1751 440 1823 bitare
468 1767 767 1820 videantur.
807 1761 974 1831 llnjus
1005 1761 1274 1829 opinionis
1306 1754 1650 1831 cognoscitur
1679 1751 1844 1831 fuisse

259 1822 514 1892 Nicotaus
555 1851 727 1906 papa,
774 1822 993 1906 qni'ait
1042 1822 1097 1906 in
1151 1822 1398 1900 Epistola
1433 1822 1498 1906 ad
1545 1822 1841 1906 Caroiunrg

260 1928 280 1959 ι
319 1893 571 1962 Relatum
610 1893 693 1959 est
717 1893 1055 1972 'Ap'oswlatui
1097 1893 1303 1964 nostro,
1332 1897 1487 1972 quod
1526 1911 1660 1972 Opus
1701 1893 1842 1972 beati

258 1999 277 2030 ι
320 1979 562 2050 Dionysii
594 1964 979 2050 Areosagitae,
1023 1973 1165 2041 quod
1195 1973 1261 2024 de
1291 1964 1487 2050 divinis
1515 1964 1843 2050 notuinibus,

257 2071 276 2099 ι
315 2051 401 2103 vel
426 2034 753 2102 caelestibus
772 2034 1072 2105 ordinibus,
1087 2057 1280 2112 graeco
1305 2038 1590 2106 descripsit
1610 2034 1844 2112 eloquio,

258 2141 275 2170 ι
315 2119 537 2189 quidam
571 2127 749 2172 vester
789 2114 1025 2189 Joannes
1051 2155 1062 2176 ,
1088 2105 1306 2189 'genere
1343 2112 1554 2166 Scottis.
1593 2105 1844 2189 nuper.in

257 2211 277 2241 ί
317 2174 572 2245 Latinum
624 2185 993 2245 transtulerit,
1051 2174 1190 2252 quvo'l
1234 2183 1386 2251 juxta
1439 2193 1641 2252 morem
1691 2174 1848 2227 nobis

257 2281 278 2312 ‹
315 2261 482 2324 mitti,
513 2269 564 2312 et
596 2267 780 2312 nostro
809 2255 993 2308 debuit
1024 2250 1540 2325 judicioapprobari
1561 2289 1576 2314 ,
1607 2259 1848 2325 praeser-

260 2354 277 2382 ι
319 2333 416 2385 tim
460 2319 582 2386 cum
643 2330 781 2383 idem
839 2319 1112 2386 Joannes,
1164 2319 1539 2378 licet—inultae
1589 2319 1848 2373 scientiae

258 2422 279 2454 ι
315 2418 440 2457 esse
473 2401 833 2471 praedicetur,
866 2396 994 2449 olim
1026 2411 1130 2471 non
1159 2410 1288 2448 sane
1318 2407 1510 2471 sapere
1543 2391 1595 2443 in
1626 2386 1849 2471 quib-us-

260 2493 280 2524 ι
319 2474 447 2527 dam
473 2458 748 2539 frequenti
783 2458 997 2522 ruinore
1025 2466 1316 2539 diceretur.
1363 2458 1548 2539 linque
1575 2460 1717 2539 quod
1751 2458 1849 2539 ha:

255 2565 278 2596 ς
315 2554 512 2598 etenus
541 2531 799 2595 omissum
829 2546 928 2599 est,
965 2547 1143 2591 vestra
1178 2534 1440 2589 industria
1472 2531 1751 2601 suppleat,
1795 2534 1851 2580 et

256 2635 277 2663 ι
317 2614 477 2666 nobis
497 2612 796 2681 praefatum
817 2624 952 2681 opus
972 2609 1088 2681 sine
1109 2607 1211 2659 ulla
1237 2604 1578 2681 cunctatione
1600 2603 1777 2681 mittat
1801 2617 1846 2649 ι.

256 2672 657 2752 ΡῐιοριεξνῚηηω
694 2697 822 2750 ω·ᾳο
854 2672 1160 2752 infamiam,
1194 2687 1252 2752 u_t
1277 2677 1460 2737 credo,
1497 2672 1848 2752 taeduitcum

257 2741 552 2817 Fra'nciae,
593 2741 846 2819 venitque
884 2749 1129 2817 Angliam
1176 2747 1242 2800 ad
1291 2760 1472 2819 regem
1502 2741 1847 2819 Aelfredum,

257 2825 418 2893 cujus
453 2815 817 2877 muniﬁcentia
848 2815 1505 2893 illectus._.ct‘tnagistcrio
1532 2815 1669 2893 ejus,
1698 2821 1755 2865 ut
1782 2825 1849 2863 ex

259 2886 482 2965 scriptis
516 2893 634 2962 ejus
664 2892 902 2965 intellexi
924 2931 938 2954 ,
979 2889 1224 2944 sublimis
1254 2886 1666 2965 lllahncsburiae
1697 2897 1846 2965 rese-

218 2967 224 2972 ’
258 2953 390 3020 ὤμ’
419 2963 516 3018 Ubi
543 2953 670 3032 post
703 2953 1112 3031 aliquotannos
1137 2977 1166 3013 a
1195 2959 1398 3032 pueris,
1428 2971 1562 3025 quos
1590 2953 1847 3032 docebat,

258 3036 506 3107 graphiis
538 3025 835 3107 perfossus,
873 3033 1107 3107 animum
1139 3025 1288 3107 exiuit
1318 3035 1587 3082 tormento
1616 3025 1764 3107 gravi
1796 3032 1851 3078 et

258 3093 494 3167 acerbo,
539 3093 601 3158 ut
649 3105 774 3158 dum
824 3093 1082 3170 iniquitas
1111 3101 1286 3154 valida
1322 3108 1379 3152 ct
1407 3112 1599 3150 manus
1621 3093 1846 3149 infirma

260 3192 430 3245 saepe
499 3175 854 3245 frustraretur
911 3183 967 3245 et
1018 3187 1178 3245 saepe
1230 3172 1566 3245 i_t_npeterct,_
1605 3180 1846 3245 amaram

260 3237 493 3301 mortem
531 3247 724 3299 obiret.
777 3243 953 3298 Jacuit
1001 3237 1319 3312 aliquandiu
1358 3241 1410 3293 in
1454 3237 1688 3312 ecclesia
1724 3237 1846 3312 illa,

260 3334 403 3387 quae
472 3317 645 3370 fuerat
696 3318 1014 3370 inhonestae
1052 3306 1246 3387 caedis
1296 3309 1561 3387 cutiscia;_
1598 3309 1691 3362 sed
1761 3306 1849 3387 tibi

261 3378 483 3443 divinus
512 3387 667 3440 favor
699 3387 884 3439 multis
922 3385 1169 3438 noctibus
1199 3396 1362 3449 super
1389 3395 1512 3434 eum
1549 3380 1723 3434 lucem
1763 3378 1848 3431 in-

261 3459 432 3513 dulsit
460 3458 712 3528 igneam,
749 3456 1011 3528 admoniti
1045 3453 1294 3528 monachi
1336 3455 1388 3505 in
1427 3449 1686 3528 majorem
1726 3463 1850 3503 emn

264 3521 658 3584 transtulerunt
684 3527 993 3588 ecclesiam,
1017 3535 1071 3579 et
1098 3526 1162 3578 ad
1192 3525 1467 3578 sinistram
1496 3521 1683 3575 altaris
1710 3536 1854 3590 posr-

264 3609 406 3666 tum,
435 3601 520 3654 his
548 3600 1002 3669 praedicaverunt
1027 3596 1274 3651 versibus
1302 3606 1596 3664 martyrem
1623 3607 1637 3645 :

361 3778 598 3830 Conditus
622 3778 713 3826 hoc
741 3777 926 3824 tumulo
958 3782 1158 3826 sanctus
1180 3773 1402 3836 Sophista
1444 3771 1682 3833 Joannes,

364 3845 461 3898 Qui
487 3844 671 3889 ditatus
694 3847 800 3886 erat
819 3844 988 3886 vivens
1018 3839 1113 3898 jam
1138 3838 1368 3893 dogmate
1387 3838 1538 3898 utiro;

364 3896 596 3963 Hartyrio
621 3903 811 3950 tandem
841 3896 1028 3947 meruit
1043 3899 1373 3963 conscendere
1401 3896 1611 3963 carlum,

367 3967 476 4023 Quo
492 3959 688 4025 semper
713 3964 869 4012 cuncti
897 3969 1104 4023 regnant
1127 3973 1213 4024 per
1239 3959 1400 4009 sucula
1423 3959 1593 4007 sancti.

355 4144 376 4176 σ
410 4123 516 4179 Sed
559 4132 611 4178 et
646 4123 969 4178 Anastasius
1003 4122 1067 4176 de
1107 4119 1302 4188 insigni
1349 4117 1637 4172 sanctitate
1670 4115 1853 4188 adhuc

265 4197 544 4251 viventem
572 4195 839 4249 collamlat
870 4194 953 4247 his
983 4193 1160 4247 verbis
1189 4186 1255 4244 ad
1285 4188 1536 4244 Carolum
1565 4206 1578 4242 :
1613 4205 1629 4236 ι
1666 4186 1860 4240 Miran-

275 4289 296 4319 ι
331 4269 458 4320 ιΙυιιι
479 4276 813 4338 quoqucest,
841 4263 1110 4338 quomodo
1138 4262 1226 4315 ille
1247 4259 1614 4338 vir_l_iarbarus
1633 4298 1646 4321 ,
1694 4256 1856 4310 Joan-

274 4359 296 4389 ς
329 4355 452 4392 netu
483 4329 624 4401 dico,
657 4336 743 4389 ille
769 4329 940 4404 qui'in
970 4333 1164 4387 linibus
1191 4333 1372 4386 mundi
1403 4329 1630 4404 positus,
1652 4337 1855 4404 quanto

275 4430 293 4461 ι
329 4410 400 4462 ab
439 4407 746 4462 hominibus
785 4401 1228 4467 conversatione,
1284 4411 1432 4456 tanto
1483 4401 1629 4453 credi
1681 4401 1854 4469 potuit

276 4500 294 4530 ι
326 4479 552 4533 alterius
577 4478 789 4545 linguae
812 4477 1045 4530 dictione
1070 4471 1555 4545 longinquus,_talia
1581 4469 1850 4545 intellectu

274 4569 295 4604 ε
325 4565 554 4618 cnperc,
604 4541 679 4602 ini
699 4548 965 4616 aliamque
995 4541 1560 4618 lingtianrtransfcrrc
1592 4541 1851 4606 valuerit,

274 4641 294 4673 ε
326 4615 590 4675 Joannem
641 4619 760 4672 dico
814 4615 1399 4687 Scotigenan‘itvirum,
1425 4622 1684 4682 quantum
1709 4627 1855 4666 com-

275 4710 294 4743 ι
327 4691 474 4762 peri,
521 4705 618 4758 per
647 4690 826 4762 omnia
861 4686 1126 4762 sanctum.
1178 4686 1283 4740 Sed
1326 4686 1433 4762 hoc
1479 4692 1730 4762 operatus
1772 4691 1855 4737 est

275 4781 296 4814 ε
328 4755 421 4814 ille
447 4755 644 4814 artifex
672 4761 917 4828 Spiritus,
949 4759 1036 4827 qui
1072 4760 1212 4811 hunc
1243 4755 1759 4828 artlentenrpariter
1801 4762 1856 4806 et

275 4853 294 4884 I
327 4832 639 4898 loquentem
687 4825 847 4894 fecit;
901 4825 998 4882 nisi
1041 4830 1183 4881 enim
1221 4842 1284 4881 ex
1322 4827 1492 4896 gratia
1531 4825 1698 4898 ipsius
1734 4825 1854 4898 igne

276 4921 296 4954 σ
329 4894 580 4957 Caritatis
639 4900 953 4971 flagrasset,
1029 4894 1367 4968 neqttaquatit
1405 4898 1612 4971 donum
1663 4894 1855 4964 linguis

277 4995 294 5026 ι
329 4972 586 5042 loquendi
625 4965 806 5040 procul
830 4972 991 5024 dubio
1025 4965 1370 5042 sus—cepisset.
1405 4965 1536 5042 δίκη
1572 4968 1712 5042 hunc
1744 4982 1854 5018 ina-

278 5066 297 5095 ι
331 5037 501 5116 ςίέινιι
538 5037 739 5097 caritas
787 5043 995 5116 docuit,
1043 5037 1198 5109 quod
1234 5041 1298 5092 ad
1333 5037 1857 5116 multoruminstru-

278 5135 296 5166 ι
332 5107 572 5168 Ειὶυιιριη
620 5122 675 5167 et
721 5107 1146 5166 aediﬁcationem
1199 5110 1436 5181 patravit
1475 5127 1519 5160 ι.
1575 5107 1859 5181 Alternant

272 5201 406 5253 ergo
433 5185 502 5238 de
535 5183 780 5237 laudibus
809 5183 946 5250 ejus,
996 5193 1051 5237 et
1099 5179 1315 5235 infamia
1366 5179 1856 5253 tliversascripta,

271 5249 528 5326 quamvis
553 5249 876 5326 jampridem
907 5255 1088 5326 laudes
1119 5249 1682 5326 piat-pouderavcrint.
1718 5249 1858 5326 Tan-

273 5318 393 5382 t'nm
436 5318 633 5379 artifici
672 5318 840 5377 valuit
878 5318 1181 5393 eloquentia
1209 5365 1221 5381 ,
1249 5318 1331 5375 ἰιι
1381 5321 1700 5393 magisterio
1739 5318 1856 5387 ejus

276 5413 474 5450 manus
505 5396 712 5451 dederit
743 5396 916 5450 omnis
944 5391 1137 5450 Gallia.
1181 5393 1374 5447 Verum
1404 5394 1448 5446 si
1476 5393 1565 5459 qui
1599 5391 1856 5459 majorem

276 5467 563 5520 audaciam
596 5465 882 5526 anhelant,
924 5476 983 5518 ut
1021 5465 1284 5536 synodus,
1328 5479 1467 5531 quae
1498 5473 1738 5530 tempore
1771 5459 1862 5536 Ni-

277 5537 416 5591 eulai
458 5552 627 5606 papae
657 5539 874 5590 secundi
906 5532 1138 5589 Turonis
1165 5542 1488 5604 congregata
1521 5541 1604 5606 est
1625 5573 1639 5596 ,
1671 5547 1776 5585 non
1808 5532 1862 5584 in

277 5623 403 5663 eum
426 5603 574 5672 {sed
606 5607 666 5660 in-
687 5609 888 5674 scripta
912 5608 1026 5672 ejus
1055 5603 1327 5659 duriorem
1355 5603 1677 5658 sententiam
1709 5614 1864 5672 prae-

278 5681 529 5759 cipitant.
583 5678 722 5732 Sunt
759 5693 887 5748 ergo
927 5679 1056 5731 haec
1097 5676 1208 5730 fere
1251 5689 1390 5745 quae
1435 5675 1864 5731 controversiam

280 5760 947 5817 partuut...................
986 5768 1002 5798 ι

2582 473 2875 528 Saxonum.

2018 586 2035 617 ι
2067 566 2131 639 S.
2151 566 2521 639 Grimhaldmn
2546 566 3036 639 aliosqueemnillu
3061 582 3158 639 per
3185 566 3385 639 legatos
3413 566 3527 639 [ΑΙ-

1941 637 2134 710 fridus]
2171 638 2429 703 adscivit;
2470 637 2647 710 plures
2677 638 2742 710 de
2774 636 2968 710 Mercia
2988 677 3001 698 ,
3031 647 3083 710 et
3111 636 3314 692 ultimis
3346 636 3526 692 terrae

1942 707 2160 771 finilnts,
2187 725 2321 777 quos
2350 709 2573 762 scicntia
2606 708 2803 776 pollere
2832 707 3000 771 novit,
3030 708 3080 760 in
3110 723 3334 778 regnum
3362 723 3522 762 suum

1941 780 2204 843 alliciens,
2237 779 2529 833 honoribus
2557 778 2836 846 ampliavit
2867 798 2911 829 υ.

2176 869 2446 923 Joliannes
2477 867 2673 923 Rossus
2703 870 2755 922 in
2784 869 2916 922 libro
2944 869 3008 922 de
3036 866 3280 938 Regibus.

2018 980 2035 1010 ι
2068 960 2178 1014 Rex
2212 960 2478 1014 Alvrcdus
2509 959 2566 1013 S.
2593 958 2964 1013 Grimbaldum
3000 959 3380 1014 Flamlrcnscm
3412 977 3528 1016 mo-

1940 1031 2171 1084 nachutn
2219 1033 2285 1083 de
2336 1032 2666 1084 monasterio
2699 1031 2756 1083 ὃ.
2791 1030 2990 1082 llurtini
3021 1071 3034 1089 ,
3089 1045 3210 1082 cum
3259 1032 3528 1086 consociis

1939 1101 2146 1156 Joanne
2192 1111 2245 1154 et
2292 1101 2562 1170 Asserio,
2595 1111 2648 1154 et
2697 1100 2962 1154 Joannem
2999 1100 3322 1153 Wallcnsem
3353 1118 3384 1155 ε’.
3413 1117 3526 1156 mo-

1945 1175 2184 1226 nasterio
2214 1175 2271 1225 S.
2305 1172 2469 1224 David
2498 1171 2598 1224 sibi
2631 1171 2803 1224 uuivtt
2839 1193 2888 1223 ο.

1942 1263 2211 1318 Jolumncs
2237 1264 2299 1316 tle
2324 1261 2620 1316 Tritenliem
2653 1263 2707 1316 in
2733 1262 2866 1315 libro
2897 1261 2960 1314 (le
2981 1260 3335 1331 Scriptoribus
3362 1262 3530 1317 eccle-

2605 1334 2852 1388 siasticis.

2021 1444 2038 1474 ι
2067 1423 2300 1479 Joannes
2345 1424 2524 1479 dictus
2565 1425 2828 1493 Erigcua,
2872 1422 3178 1493 monachus
3226 1422 3279 1476 in
3331 1422 3532 1480 divinis

1949 1495 2245 1563 Scriptnris
2276 1497 2482 1552 doctus.
2525 1505 2579 1549 ct
2611 1492 2993 1563 inﬁdisciplina‘
3019 1493 3344 1546 secularium
3383 1493 3529 1548 litte-

1951 1561 2130 1618 rarum
2162 1567 2592 1627 eruditissimus,
2641 1563 2849 1619 Graeco
2890 1573 2944 1615 et
2979 1561 3171 1615 Latino
3208 1566 3272 1616 ad
3313 1563 3531 1633 plenum

1948 1636 2246 1690 instructus
2275 1637 2508 1705 eloquio,
2535 1635 2748 1704 ingenio
2775 1633 3007 1696 subtilis,
3035 1648 3284 1689 sermone
3311 1649 3536 1704 compo-

1950 1709 2086 1762 situs
2118 1727 2134 1757 υ
2150 1747 2164 1771 ,
2191 1717 2297 1760 etc.

1873 1780 1919 1838 Β
1947 1797 2216 1851 Iohannes
2257 1797 2520 1851 Lelandus
2565 1798 2618 1850 in
2658 1796 2790 1850 libro
2832 1811 2870 1849 ιι
2910 1794 2974 1847 de
3013 1793 3368 1864 Scriptoribus
3405 1793 3530 1848 Bri-

2613 1869 2860 1920 tuutticis.

2023 1979 2041 2009 ‹
2064 1957 2336 2012 Aelfritlus
2366 1957 2780 2028 Plegmundmn,
2807 1957 3192 2021 Werefridum,
3229 1957 3534 2023 Asserium,

1949 2029 2346 2091 Menevensent,
2379 2027 2755 2082 Gritnbaldum
2783 2069 2796 2092 ,
2846 2029 3108 2082 Joannem
3143 2028 3465 2082 monachum
3504 2043 3537 2082 c

1950 2099 2183 2153 Saxonia
2224 2099 2586 2152 transmarina
2628 2099 2934 2160 oriundum,
2979 2099 3237 2153 Joannem
3287 2098 3533 2162 Scotum,

1948 2173 2039 2238 qui
2070 2170 2307 2240 Dionysii
2337 2169 2708 2222 llierarchiaut
2739 2171 3126 2238 interpretatus
3150 2181 3252 2234 est,
3277 2169 3330 2223 in
3359 2169 3538 2238 pretio

1949 2242 2140 2295 habuit
2171 2251 2224 2294 et
2257 2240 2626 2293 familiaritate
2660 2259 2703 2293 ι.

2019 2333 2196 2402 Atque
2224 2333 2357 2386 haec
2382 2341 2507 2386 sunt
2525 2347 2586 2386 ea
2611 2333 2938 2397 testimonia,
2958 2347 3096 2402 quae
3121 2332 3250 2386 mihi
3276 2332 3389 2387 visa
3413 2340 3541 2388 sunt

1950 2425 2251 2479 certissime
2299 2425 2441 2478 hunc
2478 2422 2739 2478 Joannem
2787 2424 3008 2478 Scotum
3048 2424 3354 2494 designare.
3389 2423 3540 2491 Quae

1949 2535 2081 2572 vero
2124 2518 2320 2574 Baleus
2359 2519 2425 2572 de
2461 2519 2621 2588 hujus
2654 2529 2802 2589 patre
2839 2517 3096 2585 Patricio,
3139 2519 3204 2574 de
3238 2520 3542 2590 peregrina-

1950 2615 2121 2678 tione,
2159 2630 2264 2684 qua
2295 2614 2524 2669 Athenas
2556 2616 2740 2684 petiit,
2773 2615 2839 2670 de
2868 2617 3004 2670 mira
3036 2616 3088 2670 in
3119 2615 3312 2686 linguis
3345 2616 3536 2670 Orien-

1951 2705 2143 2758 talibus
2169 2705 2356 2774 peritia
2388 2705 2632 2774 scripsit,
2665 2705 2866 2759 nullam
2899 2706 3040 2774 apud
3071 2720 3157 2759 me
3183 2705 3341 2759 tidem
3373 2705 3543 2775 impe-

1954 2805 2119 2850 trant.
2159 2796 2422 2863 Quoniam
2447 2807 2624 2851 autem
2649 2812 2947 2867 cognomen
2975 2796 3101 2851 illttd
3123 2796 3374 2866 Erigcna,
3397 2795 3542 2866 quod

1952 2883 2146 2941 Joanni
2200 2895 2390 2940 nostro
2439 2886 2717 2950 tribuitur,
2793 2887 3028 2939 nomium
3080 2887 3250 2948 satis,
3303 2895 3363 2940 ut
3409 2887 3540 2940 mihi

1953 2977 2189 3041 videtur,
2246 2977 2583 3047 intelligitur,
2637 2992 2880 3046 promam
2935 2993 3084 3032 meas
3131 2978 3198 3030 de
3245 2991 3310 3031 co
3361 2975 3542 3046 conje-

1957 3080 2159 3126 ClUl‘ﬂS.

1877 3129 1922 3192 Ο
2027 3163 2178 3231 Quod
2236 3165 2399 3234 igitur
2453 3163 2530 3217 ait
2578 3161 2875 3217 Gulielmus
2933 3161 3434 3218 .‘llalmesburiensis
3481 3161 3542 3218 in

1955 3253 2192 3323 Epistula
2215 3253 2463 3324 superius
2491 3252 2678 3318 allata,
2702 3253 2922 3306 Scotum
2951 3267 3009 3306 se
3037 3253 3336 3322 appellasse
3369 3251 3544 3308 ﬂeru-

1955 3347 2177 3419 ligenam
2227 3347 2278 3399 in
2311 3346 2464 3400 titulo
2499 3344 2862 3408 Ilierm'cltiae,
2914 3362 3016 3399 non
3068 3345 3225 3400 facile
3264 3360 3362 3414 pro
3408 3360 3542 3400 vero

1956 3441 2290 3496 admiserim.
2339 3439 2538 3494 Omnes
2581 3438 2724 3493 enim
2773 3438 2999 3492 Codices
3040 3437 3168 3492 Mss.
3227 3452 3336 3491 uno
3387 3437 3540 3506 quasi

1956 3549 2050 3588 ore
2077 3533 2127 3587 ei
2158 3533 2552 3595 contradicunt,
2595 3540 2648 3586 et
2675 3540 2937 3600 perpetuo
2975 3545 3106 3598 prae
3137 3544 3195 3583 se
3224 3527 3401 3582 ferunt
3448 3535 3541 3581 aut

1957 3625 2240 3697 Erigenam
2287 3634 2380 3679 aut
2417 3623 2762 3694 Eriugenam.
2812 3623 3041 3692 Legerat
3075 3620 3371 3675 Gulielmus
3399 3619 3542 3690 apud

1955 3717 2233 3772 Asserium
2265 3725 2320 3768 ct
2362 3713 2624 3785 lngulfum
2667 3712 2833 3768 fuisse
2863 3727 2984 3766 cum
3024 3709 3247 3765 Alfredo
3279 3707 3543 3764 Joannem

1957 3811 2224 3880 quendam
2278 3807 2706 3869 Ealdsaxonem;
2755 3815 2918 3874 atque
2971 3805 3127 3869 adeo,
3183 3803 3310 3873 quia
3359 3800 3547 3856 Heruli

1958 3920 2091 3977 gens
2139 3910 2297 3957 erant
2328 3901 2458 3954 olitn
2503 3902 2556 3954 in
2609 3900 2831 3967 antiqua
2878 3897 3148 3963 Saxonia,
3192 3897 3334 3951 hunc.
3380 3893 3545 3952 Joan-

1957 4011 2083 4050 nem
2114 4010 2176 4049 ex
2219 3992 2433 4046 llerulis
2473 3990 2760 4044 oriundum
2797 3987 3147 4043 existimavit.

2030 4086 2085 4140 Si
2113 4085 2232 4154 quis
2261 4093 2438 4137 tamen
2465 4081 2661 4142 credit,
2695 4079 2796 4132 ista
2826 4095 2931 4130 non
2969 4088 3173 4131 temere
3216 4077 3542 4130 Maltncsbu-

1959 4179 2123 4235 riensi
2155 4177 2454 4239 excidisse,
2497 4172 2661 4226 faciat
2703 4186 2834 4224 sane
2877 4184 2972 4238 pro
3005 4184 3104 4232 c0,
3131 4171 3273 4238 quod
3319 4168 3548 4222 llerulos

1961 4275 2101 4328 inter
2128 4271 2490 4337 lliberncnses
2511 4267 2640 4321 olim
2665 4265 2976 4320 consedisse
3000 4274 3211 4317 veteres
3237 4261 3548 4331 Scriptores

1962 4364 2194 4420 tradant.
2235 4362 2349 4429 Qua
2381 4361 2448 4415 de
2475 4374 2534 4413 re
2565 4357 2771 4413 consuli
2803 4365 2981 4424 potest
3019 4355 3218 4410 Lazius
3247 4355 3314 4409 de
3346 4356 3546 4424 migra-

1959 4454 2187 4510 tionibus
2213 4452 2469 4524 gentium,
2494 4458 2548 4506 et
2578 4449 2774 4504 Beatus
2814 4447 3128 4512 Rhenanus,
3153 4461 3313 4517 quem
3340 4445 3392 4500 in
3425 4462 3544 4517 par-

1963 4558 2043 4605 ωε
2069 4555 2246 4602 vocat.

2032 4642 2148 4698 Non
2200 4639 2374 4712 magis
2415 4638 2546 4693 mihi
2576 4636 2840 4708 probatur
2886 4650 3075 4690 eorum
3135 4635 3422 4699 sententia,
3454 4633 3547 4705 qui

1961 4751 2026 4790 ex
2075 4736 2178 4788 hoc
2219 4730 2480 4787 vocabulo
2525 4729 2754 4799 Erigena
2800 4727 3062 4782 Joannem
3113 4727 3318 4782 faciunt
3359 4727 3552 4780 Iliber-

1962 4842 2108 4878 num.
2165 4823 2300 4877 Nam
2341 4830 2397 4876 et
2424 4820 2662 4890 .sacpius
2706 4820 2758 4874 in
2808 4819 3047 4888 antiquis
3089 4817 3242 4874 libris
3285 4818 3550 4889 bringena

1961 4919 2159 4971 dicitur
2218 4929 2377 4984 quam
2437 4912 2704 4984 Erigena;
2772 4923 2922 4966 certe
2983 4911 3034 4964 in
3089 4911 3276 4970 codice
3325 4910 3550 4966 ultimae

1963 5008 2305 5078 antiquitatis
2348 5006 2472 5078 (qui
2513 5020 2658 5060 nunc
2686 5015 2939 5060 servatur
2983 5004 3035 5059 in
3078 5004 3409 5060 Bibliotheca
3439 5004 3550 5059 col-

1964 5101 2085 5170 legii
2121 5098 2178 5152 S.
2217 5097 2499 5152 Trinitatis
2527 5095 2836 5166 Cantabr.),
2881 5111 2987 5166 quo
3025 5111 3153 5150 usus
3187 5105 3270 5150 est
3302 5095 3550 5151 Usscrius

1961 5193 2368 5259 Artnachanus,
2410 5199 2466 5245 et
2503 5206 2602 5260 ego
2646 5204 2891 5260 quoque,
2946 5189 3204 5244 scribitur
3247 5187 3547 5258 Erittgena,

1964 5303 2067 5340 non
2101 5283 2354 5356 Erigena.
2388 5283 2464 5338 lla
2499 5297 2716 5362 quoque
2755 5281 3026 5336 Sulfridus
3053 5281 3221 5343 Petri,
3251 5281 3321 5335 ita
3351 5282 3404 5334 in
3437 5281 3550 5336 suis

1965 5380 2166 5450 reperit
2201 5376 2492 5446 Dionysius
2529 5375 2806 5442 Petavius,
2845 5375 2921 5428 ita
2951 5373 3148 5443 Philip.
3187 5371 3449 5426 Labbeus.
3482 5372 3551 5425 Et

1965 5486 2069 5525 vox
2108 5470 2266 5534 Erin,
2316 5467 2607 5533 Hibernus,
2658 5467 2905 5538 producit
2950 5482 3054 5519 non
3098 5463 3403 5533 Erigenunt,
3455 5465 3551 5518 sed

1970 5561 2339 5632 Erinigenam,
2368 5575 2476 5630 quo
2505 5560 2724 5629 quidem
2751 5567 2910 5628 pacto
2940 5565 3087 5610 recte.
3115 5569 3234 5608 eam
3259 5553 3552 5608 dictionem

1969 5655 2147 5727 pinxit
2175 5656 2236 5710 P.
2261 5653 2442 5709 Marea
2466 5655 2520 5708 in
2548 5652 2788 5724 Epistola
2811 5653 2876 5708 de
2900 5651 3002 5705 hoc
3021 5649 3228 5703 Jomine
3252 5648 3317 5703 ad
3349 5647 3549 5703 Lucam

1973 5747 2298 5804 Dacherium
2327 5734 2571 5800 exarata:
2601 5744 2707 5799 Nec
2738 5757 2955 5797 movere
2989 5740 3547 5812 quemquamdebeat,
