4056 6276
512 309 586 369 95
1675 294 1937 360 Tuosne
1974 288 2206 346 nam!
2248 287 2616 344 PRJEFATIO
3722 289 3807 349 ρο

516 427 658 498 quod
686 425 773 480 hic
798 388 1033 479 Joannes
1056 418 1327 475 Hihernus
1350 417 1511 473 toties
1535 415 1775 477 dicatur;
1808 414 1861 466 id
1891 410 2095 475 evenit,
2128 415 2171 471 Α
2200 407 2579 479 probabilitate
2599 447 2614 470 ,
2656 406 2982 477 magistrum
3025 406 3291 462 Joannem
3332 420 3456 463 cum
3483 420 3584 462 suo
3617 406 3801 463 disci-

516 516 770 588 quoniam
803 512 1104 569 studiorum
1141 510 1315 581 gratia
1357 509 1410 562 in
1448 524 1512 563 ea
1537 514 1698 578 gente
1737 504 1825 559 diu
1855 509 2102 557 versatus

516 616 654 671 emt,
687 619 827 675 quae
855 612 985 658 tunc
1018 600 1179 672 (Pag.
1213 604 1271 674 ι)
1303 600 1565 670 temporis
1598 600 1862 654 bonarum
1887 596 2099 650 littera-

516 716 635 757 rum
664 700 883 756 elﬁcina
933 698 1055 753 l'uit.
1113 698 1317 752 Rossus
1363 697 1416 750 in
1466 694 1710 748 libro'de
1758 691 1991 760 Regibus
2031 703 2098 744 ex

515 794 750 863 quedam
774 791 997 861 antiquo
1026 789 1294 859 scriptore
1325 787 1427 842 ista
1460 787 1526 841 de
1548 784 1809 839 Hibernia
1838 780 2048 853 profert
2081 794 2096 834 :

517 883 824 954 Anglicanis
877 878 1069 936 studiis
1123 879 1389 950 suspensis
1424 877 1571 949 [per
1620 875 1938 944 Gregorium
1978 872 1997 926 l
2033 871 2103 927 ab

515 972 803 1043 Augustini
850 969 1140 1042 tempore]
1186 968 1406 1040 ﬂorebat
1454 968 1675 1022 scientia
1719 968 1775 1020 in
1824 965 2007 1021 Scotia
2052 972 2102 1019 et

520 1064 817 1129 Hibernia;
867 1072 980 1118 erat
1024 1079 1142 1123 vero
1182 1060 1439 1116 Hibernia
1476 1060 1636 1113 totius
1690 1067 1814 1111 tunc
1858 1054 2104 1117 scientiae

512 1154 903 1225 promtuarinm
927 1162 976 1207 et
998 1151 1239 1207 alumna.
1264 1150 1349 1206 Ibi
1371 1151 1611 1205 studebat
1640 1148 1699 1204 S.
1731 1148 1933 1214 Ceddo,
1955 1148 2103 1219 prius

520 1245 583 1301 S.
645 1244 837 1300 Aidani
902 1242 1186 1312 Lindi/fer.
1257 1243 1483 1312 episcopi
1534 1239 1823 1307 discipulus
1846 1278 1863 1304 ,
1923 1250 2104 1309 postea

519 1334 770 1398 Eborum,
804 1343 851 1388 et
873 1334 1084 1388 demunt
1104 1331 1412 1387 Lindeseiae
1445 1342 1498 1386 et
1531 1330 1691 1386 totius
1725 1330 1952 1385 Merciae
1996 1331 2105 1399 epi-

519 1439 745 1494 scopus;
791 1424 876 1477 cui
916 1421 1276 1477 conscholaris
1328 1423 1431 1494 fuit
1483 1424 1540 1476 in
1595 1420 1850 1476 Hibernia
1906 1421 2105 1491 Egber-

518 1528 763 1572 tus.......
807 1526 855 1571 et
896 1514 1050 1569 multi
1086 1513 1347 1585 praeclari
1383 1514 1613 1569 moribus
1646 1525 1693 1568 et
1736 1512 1954 1567 scientia
2006 1513 2103 1566 viri

516 1608 583 1661 de
626 1606 839 1677 Anglia.
885 1606 1005 1660 Dixi
1057 1621 1182 1660 eum
1231 1605 1354 1661 ideo
1405 1604 1702 1660 Hibernum
1754 1604 1920 1659 fuisse
1982 1603 2101 1659 dico

520 1706 657 1761 tum,
680 1697 824 1767 quod
856 1697 927 1752 ibi
972 1697 1170 1752 litteris
1207 1711 1428 1766 operam
1477 1694 1708 1750 dederit.
1763 1695 1911 1749 Idem
1959 1695 2104 1750 acci-

2202 501 2328 571 pulo
2362 500 2499 554 hanc
2533 498 2857 571 legationem
2884 499 3105 555 abiisse.
3142 499 3404 555 Audierat
3428 499 3666 556 Joannes
3694 515 3803 569 per

2202 590 2495 645 Fulconem
2546 589 2746 661 (nunc,
2790 604 2934 645 anno
2984 589 3124 656 882,
3175 590 3640 662 archiepiscOpum
3688 591 3805 646 [ιε.

2202 696 2478 743 mensem,
2530 695 2701 749 nuper
2752 680 3005 736 abbatem
3057 678 3470 755 Bertinianum)
3523 682 3590 736 de
3644 679 3805 738 fama

2202 771 2497 829 Grimhaldi
2554 772 2886 839 Bertiniani;
2940 773 3106 829 redux
3161 771 3252 828 ille
3305 773 3359 827 in
3401 772 3651 844 Angliam
3693 788 3807 828 an—

2202 867 2284 935 noj
2320 866 2425 923 883
2475 864 2728 923 Aelfredo
2785 866 3040 922 eumdem
3095 865 3587 923 commendaverat.
3655 865 3807 923 Hinc

2203 966 2433 1028 sequuta
2462 967 2549 1013 est
2581 957 2670 1012 illa
2701 956 2897 1028 legatio
2923 972 3070 1014 anno
3103 957 3187 1014 vel
3227 957 3447 1013 circiter
3472 957 3610 1023 884;
3660 972 3801 1023 nam

2204 1049 2407 1120 appulit
2449 1050 2552 1104 huc
2588 1048 2939 1104 Crinibaldus
2967 1063 3112 1104 anno
3138 1048 3263 1104 885.
3296 1048 3404 1103 ista
3441 1049 3587 1104 dicta
3626 1057 3758 1104 sunt
3780 1087 3802 1112 ,

2204 1156 2272 1196 ue
2296 1140 2418 1211 quis
2472 1140 2787 1205 existimet,
2844 1137 3128 1211 Erigenam
3177 1139 3281 1195 hoc
3326 1138 3381 1193 in
3438 1146 3685 1209 tempore
3742 1138 3801 1193 in

2204 1232 2392 1289 Galliis
2438 1234 2698 1289 haesisse.
2725 1233 2758 1267 4
2788 1231 2896 1288 Sed
2924 1233 3029 1289 hac
3057 1232 3122 1289 de
3149 1247 3207 1286 re
3235 1231 3388 1303 plura
3418 1248 3569 1287 mox.

2275 1324 2516 1394 Denique
2541 1323 2729 1395 quaeri
2752 1324 2821 1378 ab
2862 1323 2929 1378 iis
2964 1331 3177 1394 potest,
3214 1323 3309 1393 qui
3342 1321 3613 1378 Joannem
3642 1323 3792 1377 hunc

2206 1416 2500 1473 Hibernum
2531 1425 2689 1487 gente
2716 1426 2772 1472 et
2790 1416 2950 1471 domo
2989 1415 3155 1471 fuisse
3182 1415 3538 1479 contendunt,
3567 1431 3670 1471 cur
3706 1416 3801 1469 hic

2205 1508 2351 1565 solus
2378 1522 2410 1562 e
2441 1515 2520 1562 tot
2561 1506 2912 1578 popularibus
2950 1506 3063 1563 suis
3108 1506 3339 1575 Erigena
3378 1507 3801 1578 cognominatus

2206 1599 2386 1659 fuerit.
2416 1599 2711 1655 Testautur
2749 1606 2898 1653 certe
2939 1596 3180 1652 Annales
3220 1595 3516 1661 Saxonici,
3557 1605 3799 1652 testatur

2207 1689 2398 1745 Ericus
2439 1688 2956 1753 Antissiodorensis,
2994 1686 3194 1758 aliique
3240 1686 3384 1757 apud
3418 1687 3799 1742 doctissimum

517 1787 598 1843 dit
624 1785 803 1843 Marco
822 1787 1038 1843 cuidam
1059 1828 1076 1853 ,
1115 1787 1210 1856 qui
1250 1785 1513 1841 Hibernas
1543 1786 1906 1841 communiter
1954 1786 2105 1840 dice-
2135 1767 2181 1828 Β
2208 1780 2323 1839 Jac.
2347 1783 2626 1840 Usserium
2652 1783 2873 1837 Armac.
2898 1779 3059 1853 (Pag.
3082 1781 3344 1852 x1)Arch.
3373 1780 3425 1835 in
3456 1778 3806 1837 Praefatioue

517 1881 702 1943 batur,
750 1894 875 1935 eum
913 1888 1093 1934 tamen
1136 1887 1283 1934 esset
1328 1879 1548 1933 natione
1591 1875 1795 1943 Britto,
1844 1876 2106 1931 educatus

515 1984 646 2025 vero
690 1970 741 2025 in
781 1969 1038 2024 Hibernia
1058 2010 1073 2034 ,
1100 1977 1166 2023 ut
1194 1969 1351 2024 de'eo
1387 1965 1580 2022 scribit
1613 1966 1805 2021 Ericns
1833 1964 2105 2020 Antissio~

518 2061 768 2117 dorcnsis
807 2062 859 2115 in
904 2060 1013 2115 line
1054 2059 1179 2115 libri
1228 2075 1246 2117 ι
1291 2054 1357 2113 de
1403 2057 1679 2112 miraculis
1722 2056 1782 2111 S.
1824 2055 2104 2112 Germani.

517 2156 667 2213 idem
697 2157 895 2211 accidit
941 2156 1009 2213 S.
1044 2154 1313 2220 Patricio,
1344 2153 1592 2225 Pelagio,
1626 2153 1856 2223 aliisque
1896 2154 2103 2208 multis.

594 2266 662 2322 Ut
697 2267 860 2337 igitur
884 2266 1072 2336 paucis
1116 2280 1291 2320 meam
1332 2263 1701 2334 conjecturam
1734 2265 2061 2334 complectar
2088 2305 2104 2332 ,

434 2414 435 2421 η
512 2360 713 2435 opinor
764 2359 1028 2415 Joannem
1071 2360 1237 2414 istum
1288 2359 1574 2430 Erigenam
1617 2357 1821 2413 dictum
1868 2357 2035 2413 fuisse
2072 2374 2105 2413 a

517 2451 659 2516 loco,
692 2460 750 2506 ut
778 2453 1011 2517 videtur,
1057 2451 1243 2506 natali.
1275 2451 1366 2506 Esl
1400 2461 1581 2505 autem
1608 2450 1819 2519 Ergene
1846 2467 1971 2521 pars
1997 2466 2104 2505 non

517 2541 914 2596 contemnenda
940 2541 1353 2597 llerelordensis
1379 2542 1692 2607 comitatus,
1728 2539 1959 2596 Walliae
1981 2557 2108 2597 cou-

518 2631 773 2686 termina.
814 2630 926 2685 lmo
963 2644 1127 2684 unum
1154 2645 1185 2684 e
1213 2630 1393 2701 regnis
1427 2629 1654 2685 Walliac
1700 2628 1803 2684 fuit
1838 2631 1940 2686 hoc
1973 2640 2106 2686 tem-

517 2737 652 2793 pore
673 2716 885 2775 Alfrido
912 2722 1052 2777 tribu
1062 2723 1276 2777 larium.
1295 2706 1353 2777 In
1381 2723 1484 2778 hoc
1500 2731 1675 2777 tractu
1692 2723 1902 2792 reperio
1928 2723 2105 2779 locum

519 2813 772 2877 Eriuven,
827 2828 947 2884 qua:
995 2814 1213 2885 quidem
1267 2813 1434 2869 dictio
1478 2828 1671 2883 parum
1718 2814 1992 2886 discrepat
2037 2816 2106 2871 ab

517 2903 755 2977 Eriugen
781 2904 868 2978 (et
908 2913 1188 2961 contracte
1244 2905 1508 2977 Ergene).
1549 2903 1670 2959 Jam
1726 2912 1835 2959 tota
1867 2914 2011 2960 terra
2037 2904 2106 2960 ab

515 2992 653 3067 ipsis
699 2995 889 3051 Wallis
918 2996 1195 3051 modernis
1221 2993 1420 3051 dicitur
1449 2992 1703 3067 Erynug,
1738 2994 1820 3049 vel
1850 2994 2099 3049 Ereinuc.

518 3087 622 3154 Qui
652 3087 1056 3153 observaverit,
1096 3098 1332 3160 quantae
1372 3089 1426 3145 in
1454 3089 1575 3144 aliis
1608 3089 1937 3145 dictionibus
1974 3090 2103 3143 bar-

515 3177 667 3234 baris
695 3179 761 3232 ad
792 3193 1037 3234 normam
1076 3178 1298 3234 latinam
1346 3178 1733 3250 detorquendis
1771 3179 2106 3233 mutationes

517 3270 836 3341 plerumque
865 3270 1023 3335 (lant,
1065 3286 1170 3324 non
1206 3285 1371 3343 aegre
1404 3271 1506 3325 has
1543 3269 1870 3325 leviusculas
1908 3270 2106 3325 altera-

518 3363 694 3416 tiones
724 3363 853 3416 mihi
892 3364 993 3417 hac
1032 3363 1083 3417 iu
1114 3378 1247 3418 voce
1286 3362 1569 3417 concedet.
1611 3361 1905 3423 Enimvero
1945 3363 2108 3418 Liber

517 3452 794 3510 Ecclesiae
822 3453 1205 3520 Landavensis,
1230 3456 1282 3510 in
1312 3455 1482 3510 Tomo
1522 3455 1588 3510 lll
1618 3454 1896 3513 Monastici
1921 3456 2106 3528 Angli-

515 3544 660 3608 cani,
700 3541 951 3599 Giraldus
983 3559 1197 3613 quoque
1233 3542 1584 3601 Cambrensis
1615 3547 1667 3601 in
1700 3546 1977 3601 Cambriae
2008 3548 2103 3602 de-

516 3631 797 3707 scriptione
825 3652 876 3692 c.
903 3639 938 3693 ὅ
968 3638 1177 3707 plenius
1207 3636 1273 3693 de
1310 3639 1414 3694 hac
1451 3638 1767 3712 regiuncula
1810 3640 2102 3696 docebunt.

517 3728 758 3797 Quorum
791 3729 879 3784 hic
923 3738 1097 3796 notat,
1139 3728 1305 3785 fuisse
1340 3740 1543 3801 partem
1592 3732 1885 3787 dioeceseos
1923 3731 2106 3788 Mene-

512 3819 712 3884 nensis;
775 3816 865 3873 ubi
923 3818 1086 3874 Asser
1158 3818 1259 3873 fuit
1320 3819 1784 3892 archiepiscopus,
1845 3822 1939 3892 qui
2003 3821 2107 3877 fuit

517 3911 851 3983 propinquus
888 3910 1103 3978 Asseri,
1144 3912 1235 3983 qui
1274 3910 1538 3969 Joannem
1581 3913 1864 3986 Erigenam
1901 3916 2109 3972 audivit

516 4004 818 4058 docentem.
855 4001 1020 4071 Hujus
1054 4018 1268 4074 quoque
1295 4005 1662 4075 provinciolae
1693 4007 1943 4062 meminit
1966 4005 2107 4063 liber

516 4092 882 4165 Doomesday,
942 4095 995 4148 in
1042 4111 1149 4165 quo
1197 4096 1275 4151 sic
1305 4097 1422 4167 lego
1472 4115 1485 4151 :
1534 4096 1653 4153 Hae
1699 4099 2106 4154 consuetudines

515 4196 669 4241 erant
698 4186 1048 4242 Wallensinm
1100 4187 1162 4241 Τ.
1213 4186 1277 4242 R.
1338 4188 1405 4244 Ε.
1442 4191 1497 4245 in
1530 4190 1897 4262 Archenefeld,
1942 4192 1994 4245 id
2024 4197 2107 4246 est

517 4277 745 4350 Ergene.
791 4278 950 4333 Notat
978 4295 1142 4350 porro
1168 4289 1279 4334 tum
1323 4280 1595 4348 Giraldus,
1638 4291 1750 4337 tum
1790 4283 1927 4338 liber
1963 4281 2107 4338 Lan-

514 4365 786 4433 davensis,
844 4367 1038 4423 Scotos
1084 4367 1379 4424 Wallorum
1427 4370 1562 4426 lines
1599 4370 1889 4442 aliquando
1936 4387 2103 4428 occu-

515 4471 708 4529 passe;
738 4459 879 4514 unde
908 4467 962 4514 et
987 4457 1178 4514 Joanni
1211 4470 1395 4516 nostro
1428 4460 1575 4517 Secti
1604 4478 1902 4533 cognomen
1931 4465 2104 4532 potuit
2135 4478 2183 4539 ι)

514 4548 831 4604 accessisse.
861 4548 968 4605 Sed
992 4560 1049 4605 ut
1072 4552 1308 4606 redeam.
1343 4552 1490 4607 Haec
1511 4554 1674 4608 etiam
1702 4554 1825 4608 inde
1854 4554 2107 4610 videntur

516 4640 871 4706 conﬁrmari,
917 4642 1060 4712 quod
1104 4639 1338 4699 Joannes
1390 4642 1620 4715 Erigena
1665 4661 1695 4699 a
1751 4644 2106 4715 scriptoribus

516 4731 721 4787 diserte
747 4732 953 4788 Wallus
981 4733 1293 4805 appelletur.
1333 4735 1426 4791 Sic
1462 4735 1775 4792 Hidcnsium
1816 4739 2105 4795 Annalium

516 4826 878 4897 compositor,
907 4828 987 4883 sic
1019 4828 1224 4884 Bessus
1253 4830 1304 4884 in
1335 4829 1473 4884 Iihro
1504 4830 1568 4884 de
1590 4832 1816 4902 regibus.
1847 4831 1958 4886 lmo
1989 4832 2105 4904 ipse

514 4929 576 4971 se
621 4914 853 4970 Wallum
931 4934 1036 4972 non
1099 4919 1332 4974 obscure
1399 4919 1579 4973 innuit
1644 4921 1697 4974 in
1747 4921 1988 4975 carmine
2034 4924 2102 4977 ad

510 5006 770 5063 'Carolum
809 5008 1176 5066 Calvum......
1222 5012 1436 5066 Advena
1488 5011 1723 5068 Joannes
1753 5012 1962 5083 Spendo
1989 5030 2102 5069 meo

506 5098 732 5155 'Carolo.
777 5097 893 5155 Vox
939 5101 1083 5156 enim
1116 5100 1325 5158 Wallus
1367 5110 1423 5157 et
1468 5104 1669 5157 aduena
1718 5105 2101 5174 aequipollent.

512 5188 619 5258 Qui
654 5190 823 5247 vitam
854 5190 1152 5248 Grimbaldi
1202 5194 1440 5263 scripsit,
1474 5195 1650 5264 prodit
1677 5193 1938 5250 Joannem
1976 5212 2101 5252 cum

517 5280 717 5337 Assem
767 5278 1002 5353 legatum
1060 5282 1117 5337 in
1160 5282 1471 5339 Flandriam
1526 5284 1753 5340 missum
1808 5284 1975 5342 fuisse
2031 5288 2102 5343 ad

519 5370 871 5438 invitandum,
896 5371 1099 5430 Allredi
1120 5374 1359 5442 nomine,
1381 5373 1776 5433 Grimbaldum.
1804 5375 1920 5434 Non
1952 5390 2101 5437 caret

587 5565 621 5599 *
648 5565 1124 5643 Quae_hucusque
1173 5569 1242 5643 de
1285 5571 1605 5641 cognomine
1654 5571 1882 5643 Erigena
1929 5582 1982 5631 et
2033 5576 2101 5632 de

515 5632 747 5715 Joannis
794 5635 952 5715 Sculi
992 5632 1051 5692 in
1087 5639 1332 5711 Angliam
1352 5632 1548 5696 "reditu
1594 5632 1956 5715 diSpttiatttttr,
2006 5656 2100 5702 attt

518 5706 744 5769 omnino
789 5708 923 5783 falsa
972 5719 1119 5779 sunt,
1168 5706 1261 5767 aut
1308 5715 1662 5784 argumentis,
1681 5706 1839 5786 'quae
1881 5706 2097 5787 quidem

2209 1874 2278 1929 ad
2336 1874 2604 1945 Epistolas
2658 1871 2993 1935 Ilibernieas,
3037 1871 3319 1942 perplures
3362 1867 3630 1926 Hibernos
3674 1872 3804 1940 (seu

2207 1963 2693 2033 Scuto-Hibernos)
2727 1961 2846 2018 orbi
2872 1962 3112 2017 litterato
3141 1959 3463 2026 innotuisse,
3492 1974 3590 2031 per
3616 1957 3802 2013 Caroli

2208 2055 2407 2127 Magni,
2437 2054 2615 2110 Caroli
2643 2052 2814 2120 Calvi,
2844 2051 3087 2107 Aelfredi
3119 2059 3382 2122 tempora,
3414 2059 3471 2105 et
3501 2049 3798 2119 deinceps;

2205 2164 2434 2218 quorum
2477 2157 2657 2204 tamen
2710 2145 2913 2202 nemini
2961 2144 3155 2203 nomen
3202 2143 3341 2210 hoc,
3387 2143 3653 2215 Erigena,
3694 2154 3803 2213 pro

2206 2240 2391 2310 gentili
2447 2239 2770 2294 attributum
2824 2238 3190 2308 cognoscitur.
3246 2235 3451 2292 Omnes
3507 2235 3653 2291 enim
3709 2232 3801 2290 vel

2208 2331 2450 2394 Hiberni,
2483 2329 2567 2383 vel
2618 2329 2792 2394 Secti,
2821 2339 2876 2384 et
2909 2326 3329 2384 Scotu~Hiberni
3364 2326 3612 2389 audiunt.

2280 2439 2451 2496 Venio
2479 2456 2626 2496 nunc
2653 2441 2720 2495 ad
2743 2438 2888 2495 Scoti
2918 2439 3177 2511 Erigenae
3204 2437 3408 2509 scripta
3437 2437 3795 2493 recensenda.

2206 2530 2357 2588 Ροιιο
2402 2540 2586 2587 autem
2625 2531 2800 2601 primo
2850 2531 2968 2586 loco
3014 2544 3080 2584 ea
3127 2529 3365 2585 hominis
3407 2526 3686 2599 opuscula,
3728 2527 3801 2580 de

2206 2623 2404 2694 quibus
2435 2623 2579 2677 nulla
2602 2623 2742 2694 apud
2767 2631 2976 2677 veteres
2999 2621 3268 2694 reperitur
3292 2620 3635 2692 ambiguitas.
3670 2618 3803 2673 Edi-

2208 2716 2289 2771 dit
2317 2705 2485 2786 igitur
2507 2713 2747 2772 Joannes
2774 2715 2864 2770 ille
2895 2732 2908 2767 :
3196 2766 3201 2771 .

2349 2808 2401 2862 1.
2444 2809 2521 2863 De
2559 2796 2900 2863 Eucharistia
2938 2806 3138 2862 librum
3171 2805 3215 2860 l.

2346 2899 2404 2954 2.
2449 2897 2735 2955 Versioues
2775 2898 3012 2969 Dionysii
3049 2898 3249 2968 Areop.
3292 2896 3388 2952 lib.
3428 2895 3518 2953 IV.

2355 2987 2614 3045 Videlicet
2651 3007 2664 3043 :
2720 3054 2723 3055 ν
2888 2974 2895 2979 η

2424 3079 2500 3134 De
2529 3079 2759 3135 Caelesti
2788 3081 3128 3137 Hierarchia.

2421 3170 2498 3225 De
2526 3170 2906 3227 Ecclesiastica
2937 3171 3273 3228 llierarcbia.

2426 3259 2504 3317 De
2533 3262 2742 3317 Divinis
2772 3263 3109 3320 Nominibus.

2422 3352 2501 3408 De
2530 3353 2757 3426 MystiCa
2786 3354 3099 3427 Theologia.

2350 3444 2406 3500 5.
2439 3444 2514 3500 De
2536 3444 3038 3502 Praedestinatione
3093 3447 3345 3504 adversus
3398 3446 3799 3506 Gotescltalcans

2428 3535 2522 3591 lib.
2564 3536 2604 3591 l.

2347 3628 2402 3683 4.
2437 3628 2727 3684 Versiones
2750 3627 2812 3684 S.
2843 3626 3067 3684 Maximi
3088 3630 3153 3685 de
3173 3631 3442 3702 Ambiguis
3466 3629 3524 3688 S.
3558 3629 3802 3702 Dionysii

2423 3731 2471 3775 et
2504 3718 2742 3791 Gregorii
2776 3719 3043 3791 Tlteologi.

2351 3811 2407 3867 5.
2442 3813 2517 3868 De
2546 3811 2767 3868 Visione
2792 3813 2887 3868 Dei
2919 3814 3254 3870 Tractatum.

2352 3904 2406 3960 6.
2436 3904 2513 3960 De
2544 3904 2817 3965 Divisione
2845 3906 3085 3964 Naturae
3114 3908 3209 3964 lib.
3242 3907 3308 3965 ν.

2352 3995 2405 4050 7.
2439 3995 2727 4066 Epistolas.

2350 4087 2406 4144 8.
2442 4087 2663 4146 Versus.

2351 4180 2688 4238 Tribnuntur
2715 4182 2889 4238 eidem
2924 4193 2979 4241 et
3010 4186 3176 4253 haec,
3215 4202 3356 4257 quae
3388 4190 3748 4247 subnotantur
3779 4210 3796 4248 :

2351 4274 2405 4330 9.
2440 4275 2499 4330 In
2527 4274 2847 4331 Martianum
2882 4278 3154 4348 Capellam
3187 4278 3581 4338 Commentarii.

2353 4367 2443 4422 10.
2472 4367 2742 4436 Excerpta
2768 4385 2835 4423 ex
2865 4368 3157 4427 Macrobio.

2353 4457 2442 4510 11.
2477 4455 2551 4511 De
2578 4457 2872 4529 Disciplina
2903 4458 3244 4517 Scholarium
3270 4462 3409 4518 liber
3439 4464 3481 4518 1.

2353 4545 2442 4600 12.
2478 4545 2779 4617 Disputatio
2802 4550 3066 4619 quaedam
3100 4567 3222 4606 cum
3250 4553 3535 4609 Theodoro
3557 4552 3793 4610 Stndita.

2352 4636 2440 4691 l3.
2474 4634 2665 4693 Versio
2691 4637 2975 4694 Moralium
3003 4642 3336 4698 Aristotelis.

2350 4729 2441 4784 M.
2478 4728 2669 4786 Versio
2695 4728 2816 4785 libri
2850 4732 3147 4788 Aristotelis
3186 4733 3251 4788 de
3280 4733 3552 4805 Regimine
3579 4732 3798 4791 Princi-

2418 4836 2560 4890 pum.

2352 4915 2440 4970 15.
2472 4913 2859 4971 Commentarii
2908 4918 2963 4970 in
2996 4916 3293 4974 Aristotelis
3329 4918 3795 4976 Praedicamenta.

2348 5005 2436 5061 16.
2468 5007 2729 5076 Dogmata
2762 5007 3237 5079 Philos0phorum.

2348 5100 2433 5155 17.
2470 5099 2751 5157 Homiliae.

2350 5190 2435 5246 18.
2469 5189 2545 5245 De
2571 5191 2704 5246 Fide
2728 5202 2911 5245 contra
2936 5190 3225 5249 Barbaros.

2352 5280 2437 5338 19.
2470 5280 2866 5351 Paraphrastiei
2914 5282 3098 5350 Tomi,
3150 5287 3258 5341 sive
3311 5284 3687 5344 Commentarii
3738 5288 3798 5343 in

2421 5373 2735 5445 Dionysium
2762 5375 3157 5448 Areopagitam.

2209 5574 2362 5650 firma
2428 5575 2575 5650 sint,
2629 5575 2792 5632 nullis
2856 5577 3074 5649 probari
3137 5592 3299 5650 posse
3368 5578 3641 5637 videntur.
3705 5580 3793 5638 ω.

2214 5645 2546 5707 Prooemium
2575 5655 2839 5706 nostrum.

3196 5720 3456 5779 Αυκίην.
3488 5719 3647 5778 Ean.
