4056 6276
216 338 291 398 97
1231 333 1300 390 ΙΝ
1338 331 1596 391 LIBRUM
1634 335 1722 393 DE
1758 333 2101 393 DIVISIONE
2136 333 2467 395 NATUBE.
3426 343 3496 403 98

294 454 349 508 1.
415 428 1055 521 Horumwopusculorum
1105 448 1342 519 primum
1397 457 1588 519 putant
1642 449 1808 521 aliqui
1837 459 1882 518 Α
1913 450 2261 518 siensi:eas,
2308 467 2445 521 quas
2491 467 2586 509 seu
2626 454 2837 510 scribae
2885 457 3059 512 nostri
3100 457 3494 526 festinationes,

218 543 595 608 intercidisse;
634 541 725 598 alii
763 543 940 597 adhuc
979 548 1197 597 exstare
1242 541 1428 596 volunt
1455 541 1555 595 sub
1590 544 1811 598 nomine
1914 559 2005 598 seu
2034 544 2235 599 codicis
2256 545 2422 614 ipsius
2449 544 2689 601 defectus
2719 548 3065 604 multifariam
3088 553 3494 622 suppleverunt.

217 636 526 701 Bertrami,
569 634 655 690 vel
700 632 1005 689 Ratramni.
1052 632 1275 688 Praeter
1317 633 1452 688 alios
1492 635 1594 690 hac
1641 637 1707 689 de
1754 652 1811 692 re
1915 634 1970 688 Si
2003 635 2125 703 quis
2178 637 2404 705 posthac
2452 636 2665 706 aliquas
2708 639 2761 692 in
2804 640 2907 694 hac
2947 644 3179 697 editione
3215 646 3281 699 ah
3314 660 3498 701 exem-

118 801 127 808 ρ
216 727 432 783 consuli
461 734 686 797 possunt
704 725 899 780 Petrus
925 725 992 778 de
1011 724 1192 780 Marca
1217 726 1358 795 apud
1378 725 1581 781 Lucam
1608 727 1812 784 Dache-

222 819 369 874 rium
420 817 697 889 Spicilegii
750 825 879 871 tom.
926 815 991 877 ll.
1040 824 1096 871 ct
1140 816 1482 872 doctissimus
1522 818 1606 871 vir
1650 817 1807 874 Joan.

218 908 568 964 Mabillonius
611 908 666 961 in
704 905 940 962 Praefat.
971 906 1037 961 ad
1063 914 1274 977 partem
1306 905 1352 962 ll
1393 906 1562 963 seculi
1588 906 1657 963 ιν
1685 908 1807 965 Act.

219 1000 720 1055 Benedictinorum.

289 1092 347 1148 2.
405 1091 692 1147 Versiones
757 1090 997 1165 Dionysii
1061 1100 1277 1149 exstant
1314 1094 1370 1149 in
1430 1095 1811 1167 manuscriptis

217 1184 409 1242 codd..
468 1199 699 1253 quorum
743 1183 946 1252 aliquot
991 1182 1122 1249 vidi,
1169 1184 1337 1256 ipsius
1383 1186 1571 1252 seculi,
1608 1188 1662 1243 in
1704 1203 1810 1257 quo

229 1275 373 1329 vixit
423 1273 582 1331 Joan.
638 1274 867 1339 Scotus,
922 1286 1182 1344 quantum
1232 1275 1543 1346 conjectura
1593 1281 1810 1351 assequi

216 1368 404 1422 liceat.
425 1368 522 1446 _De
553 1368 641 1425 bis
670 1368 792 1425 vide
826 1369 1174 1424 Anastasium
1217 1370 1709 1439 bibliothecarium,
1755 1382 1812 1430 et

217 1460 534 1531 Philippum
581 1459 856 1517 Labbeum
896 1461 951 1516 in
1014 1462 1320 1516 Anastasio.
1384 1462 1515 1519 bibl.
1582 1464 1813 1535 Exstant

213 1553 387 1608 etiam
425 1555 567 1625 typis
595 1569 777 1611 cusae.
813 1554 1118 1611 Observant
1162 1557 1400 1611 nonnulli
1429 1558 1500 1613 ob
1528 1558 1666 1616 hanc
1691 1576 1811 1616 ver-

217 1645 434 1699 sionem
464 1645 642 1715 primo
669 1646 724 1701 in
758 1646 1120 1718 suspicionem
1147 1647 1362 1705 venisse
1383 1647 1648 1706 Joannem
1685 1651 1809 1709 ﬁdei

218 1751 422 1805 parum
448 1752 633 1794 sanae.

1912 724 2049 793 piari
2078 740 2181 779 ms.
2206 725 2597 795 discrepantias
2637 729 3039 797 observaverit,
3068 733 3206 787 sciat
3247 750 3340 789 cas
3369 751 3495 790 eve—

1911 814 2058 870 nisse
2108 830 2213 870 non
2267 817 2532 884 consulto,
2596 822 2689 875 sed
2746 838 2912 888 casu;
2965 812 3097 878 non~
3134 827 3332 891 studio,
3386 845 3491 883 non

1909 902 2100 960 fraude
2126 906 2290 973 mala,
2336 908 2431 963 sed
2475 924 2572 980 per
2600 911 2889 967 humanam
2937 913 3323 982 inﬁrmitatem,
3355 935 3496 989 quae

1912 1011 2019 1051 non
2062 998 2206 1054 videt
2244 1001 2447 1067 omnia,
2497 1001 2795 1072 irrepsisse.
2840 1005 2947 1060 llos
3002 1004 3041 1058 ν
3098 1007 3263 1063 libros
3316 1009 3496 1064 Ahbas

1912 1085 2241 1144 Trithemius
2269 1089 2528 1146 adscribit
2549 1090 2740 1147 Joanni
2769 1092 2952 1161 Scoto,
2974 1111 3133 1166 quem
3161 1096 3496 1152 Mailrosium

1909 1189 2123 1235 vocant.
2152 1182 2286 1237 Eum
2321 1184 2565 1254 sequitur
2595 1184 2810 1249 Baleus,
2842 1197 2891 1241 el
2919 1202 3041 1242 cum
3072 1199 3289 1244 errante
3325 1203 3491 1246 errat.

1910 1271 2070 1338 Nam,
2096 1281 2157 1328 ut
2183 1275 2250 1330 de
2278 1275 2559 1332 Historicis
2599 1278 2731 1335 nihil
2761 1279 2937 1335 dicam
2979 1282 3094 1353 (qui
3122 1284 3337 1352 quidem
3380 1302 3496 1338 om-

1911 1377 2008 1416 nes
2030 1364 2355 1419 unanimitcr
2384 1366 2488 1422 hoc
2506 1381 2640 1437 opus
2665 1367 2826 1423 Scoto
2855 1370 3112 1440 Erigonae
3133 1360 3495 1445 adscribunt),

1912 1456 2046 1511 satis
2069 1464 2282 1513 constat
2307 1459 2633 1514 exversione
2659 1459 3055 1530 Ambiguorum,
3081 1480 3244 1519 unum
3276 1474 3330 1519 et
3363 1481 3497 1520 eun-

1912 1548 2032 1603 dem
2058 1550 2338 1620 utriusque
2373 1552 2554 1620 operis
2580 1566 2699 1607 esse
2726 1561 2954 1621 patrem.
3012 1555 3106 1609 Diu
3151 1557 3294 1613 haud
3333 1557 3496 1613 dubie

1911 1641 2029 1696 sine
2053 1643 2291 1697 auctoris
2318 1644 2533 1697 nomine
2558 1644 2859 1699 circumlati
2884 1654 3011 1701 sunt
3040 1648 3093 1701 hi
3124 1648 3278 1714 libri;
3309 1663 3373 1703 eo
3399 1666 3492 1704 ea-

1912 1734 2023 1789 ruit
2049 1743 2266 1800 noster;
2294 1750 2359 1790 eo
2385 1736 2550 1790 etiam
2585 1735 2907 1791 Parisiensis
2936 1739 3109 1792 codex
3136 1738 3332 1793 caruit.
3383 1738 3497 1797 lmo

295 1826 354 1881 5,
403 1827 643 1884 Τει-ιίιιιη
693 1829 952 1902 scriptum
1001 1831 1068 1887 de
1119 1831 1620 1890 Praedestinatione
1667 1835 1884 1908 typis};
1911 1823 2048 1878 adeo
2068 1823 2414 1894 ignorabatur
2440 1840 2633 1879 nomen
2659 1826 2917 1891 auctoris,
2942 1834 3156 1896 utopus
3176 1829 3325 1896 prius
3346 1831 3497 1885 dam-

217 1920 502 1989 vnlgatum
543 1921 769 1979 Parisiis
816 1939 960 1979 anno
988 1925 1181 1981 salutis
1225 1934 1444 1981 nostrae
1488 1926 1559 1981 M.
1599 1928 1706 1984 DC.
1744 1929 1807 1983 L.

218 2013 393 2070 habes
433 2016 573 2085 apud
598 2017 811 2088 regium
853 2017 1220 2074 consiliarium
1246 2017 1546 2076 Gilbertum
1569 2020 1810 2093 Maugui-

218 2123 355 2163 num
398 2108 543 2164 inter
582 2109 876 2179 scriptores
935 2111 1104 2166 seculi
1144 2111 1238 2177 IX,
1279 2127 1402 2167 cum
1448 2111 1611 2168 variis
1640 2114 1706 2168 de
1746 2128 1811 2169 eo

228 2199 372 2273 libro
399 2200 747 2272 antiquorum
767 2200 988 2272 iudiciis
1017 2212 1073 2258 et
1106 2204 1369 2259 censuris.

291 2289 351 2345 ι.
378 2289 437 2346 5.
472 2289 739 2348 Maximus
758 2292 978 2362 scripsit
1001 2294 1394 2364 expositionem
1416 2293 1809 2366 Ambiguorum

228 2380 442 2452 aliquot
470 2381 738 2450 locorum,
764 2397 903 2453 quae
959 2384 1012 2438 in
1062 2383 1119 2439 S.
1168 2384 1410 2456 Dionysii
1463 2392 1519 2440 et
1563 2384 1811 2457 Gregorii

222 2474 557 2531 Nazianzeni
584 2475 736 2533 libris
762 2485 1077 2533 occurrunt.
1110 2476 1255 2533 Haec
1285 2476 1444 2549 (Pag.
1479 2476 1595 2550 XII)
1625 2462 1812 2535 Ambi-

228 2582 331 2637 gua
361 2564 603 2622 Joannes
631 2567 863 2639 Erigena‘
910 2568 1071 2623 vertit
1098 2568 1282 2623 latine.
1315 2568 1509 2626 Nescio
1539 2585 1609 2625 an
1639 2578 1809 2627 totum

226 2657 453 2712 Maximi
492 2672 666 2728 opus:
697 2659 954 2729 quoniam
987 2646 1284 2715 Graecas.
1322 2658 1544 2717 Maximi
1592 2662 1809 2735 integra

228 2749 474 2804 nondum
495 2758 687 2806 nactus
718 2765 860 2806 sum.
891 2750 1040 2818 Quae
1064 2751 1156 2807 hic
1182 2750 1237 2806 in
1272 2751 1380 2809 ﬁne
1406 2751 1563 2823 legis,
1588 2762 1812 2824 accepta

222 2855 440 2895 mecum
468 2840 613 2897 refer
628 2840 828 2912 partim
862 2842 1129 2898 beneﬁcio
1157 2859 1207 2898 v.
1230 2842 1299 2898 cl.
1335 2843 1570 2900 Emerici
1593 2845 1810 2918 Bigotii,

231 2936 327 3005 qui
382 2948 455 2990 ex
495 2933 830 2992 Bibliotheca
874 2934 1020 3008 regis
1052 2934 1349 2991 Galliarum
1391 2937 1447 2991 in
1493 2952 1644 2993 meos
1682 2953 1813 2994 usus

223 3027 505 3097 descripta
529 3027 890 3094 examinavit,
916 3027 1115 3099 partim
1162 3027 1336 3084 codici
1376 3044 1518 3095 meo,
1546 3029 1636 3100 qui
1665 3044 1813 3086 com-

223 3118 493 3190 plurimas
535 3116 777 3188 ejusdem
829 3117 1048 3172 Maximi
1095 3117 1498 3175 lucubrationes
1546 3121 1806 3177 continet.

1914 1925 2101 1971 natum
2138 1915 2299 1972 fuerit
2327 1917 2570 1983 Parisiis,
2599 1934 2758 1988 quam
2807 1921 3133 1984 constiterit,
3172 1921 3327 1991 cujus
3351 1909 3497 1978 esset

1913 2005 2107 2062 foetus.
2141 2006 2401 2062 Martinus
2433 2006 2666 2063 Polonus
2691 2009 2769 2064 sic
2799 2011 2864 2064 dc
2906 2025 2970 2065 eo
2999 2012 3187 2065 scribit
3209 2014 3492 2083 (quemad-

1910 2098 2133 2153 modum
2160 2099 2215 2153 in
2262 2098 2469 2154 duobus
2500 2098 2654 2155 MSS.
2688 2117 2850 2171 penes
2880 2102 3411 2160 Revercndissimum
3441 2108 3493 2162 in

1912 2190 2040 2247 Chr.
2091 2189 2153 2244 P.
2186 2190 2510 2247 Gulielmum
2555 2191 2859 2263 Arehiepis.
2890 2194 3147 2251 Cantuar.
3194 2198 3316 2270 legi)
3349 2216 3362 2251 :
3392 2200 3496 2252 Hic

1913 2282 2044 2336 liber
2066 2280 2207 2359 [περὶ
2240 2282 2462 2357 φύσεων]
2485 2283 2624 2339 inter
2652 2284 2784 2339 alios
2810 2285 2970 2340 libros
2993 2287 3361 2343 condemnatos
3389 2289 3499 2345 Pa-

1913 2373 2053 2428 risiis
2104 2376 2337 2444 ponitur,
2388 2384 2436 2429 et
2466 2376 2661 2430 dicitur
2708 2375 2838 2431 liber
2888 2377 3160 2433 Amalrici.
3217 2378 3496 2435 Postrema

1912 2464 2047 2520 haec
2070 2466 2232 2521 verba
2264 2481 2372 2521 non
2415 2475 2725 2537 comparent
2758 2469 2812 2522 in
2836 2467 2995 2525 editis
3019 2468 3172 2524 libris
3201 2468 3360 2525 Mart.
3388 2470 3494 2525 Po-

1912 2558 2042 2615 loni.
2059 2541 2374 2616 Gulielmus
2401 2560 2903 2617 Malmesburiensis
2928 2562 3136 2632 primus
3168 2578 3266 2619 suo
3288 2567 3497 2621 auctori

1913 2652 2237 2719 vindicavit;
2268 2652 2522 2725 Erigena,
2553 2664 2611 2709 ut
2630 2670 2728 2724 par
2751 2665 2834 2710 est
2862 2656 3201 2723 existimare,
3237 2659 3326 2715 hic
3356 2661 3495 2729 apud

1912 2758 2040 2800 suos
2071 2744 2124 2799 id
2151 2743 2328 2801 fassus
2351 2754 2487 2810 erat,
2513 2746 2658 2816 quod
2686 2747 2826 2817 apud
2859 2756 3076 2803 exteros
3101 2748 3387 2805 celaverat.

1983 2836 2036 2890 7.
2088 2828 2357 2907 Epistolas
2405 2835 2554 2893 Secti
2599 2837 2796 2904 nullas,
2839 2840 2983 2908 quod
3030 2841 3168 2906 scio,
3210 2842 3496 2913 quisquam

1911 2929 2069 2996 vidit,
2115 2938 2335 2999 praeter
2358 2944 2472 2996 eas,
2502 2946 2639 3001 quas
2664 2930 2817 2985 libris
2843 2932 2956 2986 suis
2984 2933 3268 3002 praeﬁxit;
3298 2950 3398 2990 nec
3419 2947 3497 2990 ta-

1912 3037 2037 3078 men
2066 3021 2302 3078 dubitari
2328 3011 2685 3093 potestfquin
2705 3022 2840 3078 alias
2869 3023 3171 3093 scripserit.
3205 3025 3419 3096 Subjeci
3440 3027 3494 3080 in

1913 3116 2063 3172 calce
2112 3114 2274 3186 hujus
2322 3114 2610 3170 voluminis
2660 3115 2915 3171 ineditam
2962 3116 3282 3186 epistolam,
3331 3133 3498 3188 quam
3570 3160 3579 3165 -

224 3209 516 3275 Ceterum,
546 3218 608 3264 ut
652 3208 868 3265 redeam
918 3208 987 3264 ad
1016 3207 1261 3274 Scotum,
1284 3208 1400 3279 ejus
1432 3210 1806 3279 tralationem,
1834 3208 1881 3272 C
1913 3206 2127 3277 scripsit
2156 3206 2386 3273 Erigena
2417 3208 2482 3260 ad
2521 3205 2769 3261 Carolum
2817 3205 3042 3262 Calvum
3082 3208 3148 3263 de
3190 3207 3248 3263 S.
3278 3207 3499 3269 Maximi

222 3316 392 3370 quam
422 3300 513 3355 hic
539 3301 662 3366 edo,
697 3314 908 3356 mecum
939 3301 1357 3357 communicavit
1395 3304 1724 3359 humanitate
1750 3313 1807 3360 et
1907 3296 2175 3352 versione-

227 3394 538 3450 eruditione
592 3393 822 3450 celebris
876 3408 928 3449 v.
972 3391 1209 3451 Joannes
1249 3394 1534 3461 Mabillon,
1581 3398 1645 3452 de
1698 3413 1807 3467 quo

1979 3389 2241 3445 8.Versus
2262 3390 2565 3447 omisissem
2581 3390 2834 3458 libenter,
2860 3392 2961 3448 nisi
2985 3394 3085 3449 hos
3105 3394 3295 3468 dignos
3315 3397 3501 3454 existi-

222 3503 391 3558 supra
432 3488 872 3545 commemoravi.
902 3486 1050 3543 Haec
1078 3488 1284 3555 versio,
1315 3492 1516 3559 absque
1545 3491 1644 3557 iis,
1671 3507 1809 3561 quae
1909 3492 2112 3539 masset
2133 3482 2494 3552 Baleus,quos
2521 3481 2681 3556 [Pag.
2715 3482 2853 3558 Xlll]
2890 3499 3358 3544 commemoraret.
3390 3492 3500 3547 Ex-

227 3584 284 3638 in
324 3584 479 3638 libris
523 3586 590 3638 de
632 3582 895 3638 divisione
940 3581 1177 3638 Naturae
1224 3581 1384 3639 facile
1426 3584 1805 3651 observantur,

224 3676 364 3731 satis
412 3675 671 3740 ostendit,
724 3675 1014 3747 Erigenam
1062 3674 1231 3731 fuisse
1273 3676 1330 3730 in
1377 3674 1599 3732 Graecis
1654 3677 1811 3748 plane

222 3768 683 3837 alphabetariutn.

301 3860 357 3914 5.
390 3860 535 3915 Idem
576 3875 632 3914 v.
670 3857 742 3915 cl.
769 3856 820 3914 J.
864 3857 1203 3915 Mabillonius
1245 3856 1443 3913 librum
1493 3859 1558 3915 de
1594 3858 1814 3917 Visione

226 3953 331 4007 Dei
403 3951 752 4022 deprehendit
809 3951 865 4006 in
906 3956 1024 4006 ‘ms.
1086 3951 1274 4007 codice
1332 3941 1813 4009 Claromariscensi

227 4055 409 4114 prope
465 4039 934 4110 Audomaropolin,
999 4054 1122 4095 cum
1184 4041 1288 4096 hoc
1343 4040 1495 4096 titulo
1536 4050 1590 4097 et
1637 4043 1812 4110 initio,

226 4130 649 4189 TRACTATUS
677 4132 903 4188 Joannis
931 4129 1072 4186 Scott"
1101 4132 1191 4186 DE
1232 4130 1501 4188 VISIONE
1532 4133 1660 4188 DEI.
1690 4133 1817 4189 0m-

226 4243 325 4281 nes
351 4241 533 4279 sensus
556 4224 787 4295 corporei
811 4239 877 4278 ea:
915 4222 1278 4290 coniunctione
1304 4233 1593 4277 nascuntur
1611 4227 1817 4279 animae

225 4332 278 4374 et
310 4319 561 4387 corporis.
592 4316 724 4371 Dedi
772 4330 872 4387 ego
911 4329 1149 4385 operam,
1194 4322 1253 4369 ut
1296 4315 1363 4369 ad
1393 4329 1480 4371 me
1509 4318 1821 4387 perveniret

230 4410 324 4465 hic
352 4409 503 4465 Scoti
548 4407 856 4475 liber;‘sed
891 4406 1108 4463 conatui
1163 4407 1340 4462 adhuc
1388 4421 1496 4463 non
1542 4409 1822 4480 respondit

228 4515 536 4559 successus.

1912 3584 2058 3631 stant
2069 3577 2286 3646 quidam
2305 3580 2357 3632 in
2372 3578 2533 3634 Calce
2548 3580 2809 3649 epistolae
2820 3580 2888 3635 ad
2904 3581 3099 3638 librum
3116 3584 3181 3639 de
3195 3584 3502 3643 Praedesti-

1911 3667 2163 3733 natione;
2201 3667 2291 3722 alii
2322 3669 2589 3723 habentur
2614 3670 2898 3740 praemissi
2939 3672 3009 3727 ad
3047 3672 3425 3745 Areopagitica
3465 3692 3496 3731 a

1916 3755 2080 3812 Scoto
2111 3772 2391 3812 conversa.
2425 3757 2564 3813 Sunt
2606 3773 2820 3830 quoque
2853 3762 3091 3817 nonnulli
3138 3764 3190 3817 in
3227 3763 3503 3821 Glossario

1914 3850 2137 3917 Labbei,
2165 3848 2306 3921 quod
2336 3852 2574 3924 Cangius
2611 3838 2664 3908 in
2709 3854 2883 3910 lucem
2931 3854 3503 3927 deditaﬂeperiuntur

1918 3933 2149 4015 denique
2178 3945 2385 4016 aliquot
2418 3945 2565 4002 Scoti
2587 3949 2655 4001 ad
2680 3946 2933 4003 Carolum
2959 3950 3199 4004 carmina
3228 3952 3280 4005 in
3304 3952 3504 4006 Codice

1917 4052 2021 4092 ms.
2052 4035 2408 4092 Benedictino
2457 4038 2596 4109 apud
2628 4038 3132 4107 Cantabrigienscs;
3160 4056 3297 4110 quae
3325 4051 3502 4100 tamen

1919 4127 2108 4183 eadem
2162 4126 2299 4181 forte
2343 4137 2468 4182 sunt
2510 4145 2631 4185 cum
2686 4131 2772 4197 iis,
2822 4147 2959 4201 quos
3004 4134 3504 4194 Reverendissimus

1922 4219 2173 4276 Usserius
2191 4220 2507 4291 jamdudum
2547 4222 2857 4293 publicavit.

1992 4313 2326 4369 Tribuuntur
2365 4314 2527 4370 Scoto
2575 4314 2833 4385 Erigenae
2859 4315 3020 4371 etiam
3063 4317 3221 4384 haec,
3252 4332 3390 4389 quae
3416 4334 3504 4375 se-

1874 4470 1879 4473 _
1923 4416 2185 4479 quuntur,
2215 4407 2505 4478 opuscula;
2542 4418 2689 4464 recte
2714 4424 2782 4462 an
2804 4424 2981 4477 secus,
3007 4425 3113 4465 non
3141 4411 3361 4468 deﬁnio.

1967 4492 2051 4558 ‘9.
2090 4500 2149 4556 In
2179 4501 2504 4555 Martialium
2534 4500 2806 4571 Capellam
2849 4502 3242 4560 Commentarii.
3274 4506 3508 4562 Servan-

303 4594 356 4649 6.
398 4592 592 4648 Libros
630 4591 678 4647 γ
717 4591 784 4647 de
831 4590 1093 4649 divisione
1147 4591 1389 4648 Naturae
1432 4592 1640 4663 primus
1678 4573 1899 4650 nunc”
1929 4602 2014 4649 tur
2040 4593 2419 4649 commentarii
2448 4592 2666 4663 quidam
2694 4593 2747 4647 in
2775 4592 3047 4664 Capellam
3074 4598 3207 4652 satis
3248 4598 3509 4669 antiquae

226 4688 353 4743 edo.
412 4686 521 4741 llos
568 4685 699 4740 mihi
746 4685 1108 4756 suppeditavit
1154 4687 1393 4758 supellex
1441 4703 1585 4753 mea,
1643 4687 1819 4760 (curta

227 4778 392 4853 alias)
433 4778 676 4835 libraria.
718 4778 900 4835 Codex
939 4789 1127 4835 noster
1151 4778 1365 4836 videtur
1388 4780 1622 4851 scriptus
1650 4780 1821 4838 fuisse

231 4883 360 4928 ante
392 4886 567 4928 annos
595 4880 900 4928 sexcentos.
931 4870 1196 4939 Quoniam
1223 4885 1400 4928 autem
1439 4888 1547 4928 non
1574 4874 1708 4928 satis
1737 4882 1822 4928 tu-

235 4974 346 5020 tum
377 4964 687 5019 existimavi
739 4963 901 5020 unico
943 4964 1111 5020 ﬁdere
1147 4964 1462 5036 exemplari,
1497 4969 1818 5039 praesertim

197 5059 287 5114 ‘in
340 5058 638 5129 scriptione
688 5055 1074 5113 controversiis
1124 5057 1393 5124 obnoxia,
1438 5060 1612 5128 primo
1654 5060 1822 5128 locos,

235 5166 377 5223 quos
404 5150 598 5207 Scottis
626 5165 694 5206 ex
730 5150 967 5220 antiquis
988 5148 1239 5205 Patribus
1266 5149 1509 5216 adduxit,
1544 5166 1650 5206 non
1688 5153 1828 5208 indi-

237 5243 470 5314 ligenter
510 5241 750 5312 inspexi;
782 5242 924 5297 unde
964 5239 1251 5297 nonnullas
1287 5240 1694 5297 emendationes
1728 5258 1824 5298 co-

235 5336 341 5392 dex
366 5335 461 5391 ille
495 5345 681 5391 noster
708 5335 949 5391 lucratus
974 5342 1058 5390 est
1098 5348 1114 5388 :
1154 5333 1367 5398 deinde,
1394 5348 1515 5388 cum
1541 5333 1822 5403 rescirem,

232 5423 468 5482 Parisiis
490 5425 545 5480 in
569 5425 894 5481 Monasterio
921 5422 980 5480 S.
1007 5423 1286 5491 Germani,
1322 5423 1482 5495 hujus
1499 5425 1681 5494 operis
1709 5441 1826 5481 ser-

234 5519 354 5573 vari
379 5516 662 5588 exemplar
682 5516 827 5571 aliud
871 5517 950 5588 (et
974 5515 1111 5571 forte
1132 5514 1350 5570 unicum
1372 5515 1668 5570 secundum
1691 5516 1822 5573 illud

234 5623 459 5674 malm;
491 5622 617 5662 nam
650 5605 833 5661 Codex
854 5605 1065 5661 Thuani
1092 5604 1245 5660 valde
1265 5604 1485 5659 mutilus
1514 5604 1650 5677 erat)
1683 5607 1822 5661 ami-

237 5716 433 5759 corum
482 5700 655 5771 gratia
713 5700 891 5769 (inter
935 5714 1072 5769 quos
1131 5698 1336 5769 primus
1387 5699 1449 5752 D.
1509 5714 1563 5753 v.
1630 5698 1823 5756 Petrus

234 5791 475 5867 Alixius)
506 5792 714 5850 obtinui
744 5792 1018 5847 variantes
1047 5792 1303 5847 lectiones
1324 5805 1391 5846 ex
1424 5791 1530 5847 isto
1555 5807 1656 5847 ms.
1684 5791 1825 5848 Pari-

576 5892 850 5954 Ριτιιυι.
895 5891 1149 5953 CXXII.

1928 4698 2122 4746 manus
2153 4684 2207 4737 in
2234 4683 2567 4740 Bibliotheca
2598 4683 2839 4753 ampliss.
2866 4685 2970 4740 viri
3014 4684 3066 4740 Ι.
3097 4686 3305 4756 Cotton,
3335 4688 3509 4743 Baro-

1928 4778 2054 4833 neui
2083 4790 2101 4829 :
2133 4777 2226 4832 sed
2276 4777 2533 4850 anonymi
2568 4786 2713 4842 sunt,
2745 4786 2800 4834 et
2828 4777 2899 4833 ob
2936 4779 3223 4835 nonnullas
3264 4782 3508 4839 rationes

1926 4878 2058 4939 puto
2104 4869 2425 4925 Dunchanto
2473 4869 2724 4925 Pontilici
2778 4868 3099 4926 Hibernensi
3155 4872 3336 4942 potius
3387 4890 3509 4931 esse

1929 4959 2335 5015 adscribendos.
2368 4958 2747 5015 Dunchantum
2788 4967 2973 5015 servat
2996 4958 3330 5021 Bibliotheca
3360 4967 3508 5039 regis

1931 5053 2102 5108 nostri
2127 5052 2327 5108 Caroli.

2003 5145 2090 5202 10.
2131 5147 2207 5202 De
2258 5147 2529 5217 excerptis
2580 5162 2648 5204 ex
2697 5146 2969 5204 Macrobio
3030 5148 3112 5206 sic
3176 5150 3507 5208 clarissimus

1928 5239 2185 5294 Armach.
2230 5236 2466 5296 Jacobus
2513 5238 2766 5296 Usserius
2808 5259 2822 5294 :
2861 5260 2879 5293 ι
2920 5239 3147 5298 Joannis
3170 5259 3381 5312 quoque
3412 5259 3508 5297 no-

1929 5331 2026 5387 stri
2047 5339 2310 5401 putantur
2328 5345 2447 5385 esse
2471 5341 2725 5401 excerpta
2756 5331 2862 5395 illa,
2905 5347 3044 5401 quae
3079 5332 3220 5386 inter
3247 5331 3506 5407 Macrobii

1933 5426 2135 5496 scripta
2156 5424 2421 5492 feruntur,
2445 5425 2512 5480 de
2530 5424 2847 5479 diﬁ‘ercntiis
2869 5433 2925 5480 et
2944 5424 3294 5480 societatibus
3325 5425 3507 5494 graeci

1930 5517 2193 5588 latinique
2223 5518 2394 5584 verbi,
2425 5526 2525 5572 cet.
2558 5517 2636 5571 lta
2662 5533 2877 5588 quoque
2916 5518 3126 5572 censuit
3160 5515 3220 5570 P.
3250 5515 3506 5574 Pithoeus

1930 5628 1984 5666 v.
2025 5612 2097 5667 cl.
2137 5631 2156 5664 ι
2193 5611 2337 5665 Haec
2360 5612 2446 5666 iHe
2469 5610 2522 5664 in
2548 5610 2717 5679 Epist.
2756 5610 3078 5666 llibernicis.

2002 5707 2088 5760 ll.
2146 5704 2219 5758 De
2280 5705 2565 5774 Disciplina
2620 5704 2979 5759 Scholarium.
3032 5702 3195 5757 Putat
3243 5702 3506 5764 Joannem

1930 5796 2074 5851 hunc
2116 5795 2395 5866 scripsisse
2430 5796 2622 5851 Buleus
2652 5796 2704 5849 in
2734 5794 2970 5849 Historia
3007 5795 3329 5853 Academiae
3353 5797 3506 5855 Pari-

2952 5890 2988 5949 lt
