4056 6276
540 392 543 395 ’
568 392 673 450 105

1628 390 1635 393 ’
1691 384 1752 439 C.
1791 383 1853 438 Β.
1896 375 2325 440 SCHLUE’I’ERI
2356 371 2723 432 PREFATIO

3713 369 3819 427 IN

570 513 892 567 documento
932 512 1016 561 est
1042 501 1216 574 ,‘quid
1249 504 1315 559 de
1356 515 1422 556 eo
1459 500 1664 557 Romae
1701 507 1757 553 et
1791 500 1842 553 in
1874 498 1986 575 ipsa
2025 495 2143 550 aula
2173 501 2218 557 Α
2249 489 2631 559 discipulorum
2683 487 3117 541 tumultuantium
3166 484 3489 557 graphiariis
3517 483 3674 555 (Pag.
3728 483 3817 556 γι)

568 600 841 674 pontificia
865 638 881 663 ,
920 597 1048 652 licet
1074 595 1214 649 fama
1245 594 1489 663 ambigua
1518 591 1644 645 olim
1671 604 1922 657 aspersus
1959 594 2103 641 esset
2128 625 2141 650 ,

566 693 934 749 existimatum
974 689 1154 742 fuerit.
1178 686 1431 740 Studium
1459 693 1664 737 tantum
1708 681 1930 735 nimium
1958 678 2146 732 archc-

568 783 682 854 typi
724 783 791 836 ad
823 781 1048 835 verbum
1079 775 1439 831 transferendi
1472 775 1524 828 in
1549 789 1612 828 ea
1636 772 1883 826 versione
1910 770 2142 822 Anasta-

567 879 679 930 sius
712 870 1211 944 reprehendendum
1261 883 1383 922 esse
1428 867 1666 936 putavit,
1717 861 1962 934 quamvis
2015 857 2145 912 illud

566 969 803 1023 studium
835 962 1155 1018 «humilitati
1184 979 1201 1013 ι
1227 959 1490 1028 Erigenae
1513 958 1578 1011 ad
1602 956 1754 1028 (f’ag.
1774 952 2138 1023 V)scribet'et.

534 1060 904 1115 .Postremutn
967 1055 1114 1109 circa
1156 1067 1375 1121 annum
1425 1048 1529 1104 870
1574 1047 1817 1102 doctrina
1867 1040 2142 1097 Paschasii

564 1149 825 1205 Radberti
855 1147 922 1201 de
945 1144 1284 1200 Eueharistia
1309 1183 1324 1207 ,
1363 1155 1501 1210 quae
1538 1137 1897 1209 praesentiam
1940 1133 2142 1189 Christi

565 1255 705 1310 pene
750 1238 912 1293 nimis
957 1235 1226 1291 carnalem
1268 1242 1324 1288 et
1361 1233 1495 1286 adeo
1532 1228 1983 1300 eaphernaiticam
2032 1233 2143 1279 sta-

566 1330 694 1392 tuit,
730 1342 923 1382 novam
951 1326 1002 1380 in
1036 1324 1264 1380 ecclesia
1304 1321 1723 1376 controversiam
1764 1317 2138 1372 suscitaverat.

564 1420 739 1474 Etiam
768 1418 998 1488 Erigena
1028 1416 1155 1470 huic
1180 1412 1582 1469 controversiae
1635 1424 1696 1464 se
1723 1405 2033 1471 immiscuit,
2087 1411 2156 1490 et.

561 1529 683 1567 cum
727 1512 1023 1566 Ratramno
1058 1507 1395 1577 potissimum
1431 1503 1710 1573 spirituale
1736 1500 2002 1571 dogmatis
2028 1513 2144 1553 mo-

561 1609 800 1657 mentum
832 1599 1139 1654 illustravit.
1183 1595 1330 1662 Quae
1353 1592 1663 1662 singillatim
1698 1591 1763 1645 de
1800 1587 2142 1643 Eucharistia

563 1692 845 1756 docuerit,
892 1689 1197 1752 nescimus,
1250 1700 1415 1754 quum
1446 1683 1612 1747 liber,
1645 1680 1737 1750 qui
1768 1696 1797 1733 a
1820 1677 2142 1748 quibusdam

563 1784 827 1854 Erigenae
855 1779 1159 1849 adscriptus
1188 1786 1289 1841 est,
1321 1775 1551 1829 fortasse
1584 1774 1693 1844 jam
1744 1781 1870 1826 ante
1900 1770 2143 1825 soculum

2249 593 2473 639 necatus
2500 582 2608 635 vita
2642 581 2874 635 decessit
2905 580 3001 651 (ε’).
3031 578 3196 633 Fama
3224 579 3492 649 perhibet,
3540 586 3661 648 po.-_t
3701 577 3818 646 ejus

2246 683 2474 730 mortem
2504 687 2666 742 super
2700 672 3006 741 sepulcrum
3036 670 3152 739 ejus
3192 670 3366 725 lucem
3412 671 3602 724 miram
3643 670 3817 724 visam

2245 765 2411 818 fuisse
2438 805 2452 827 ,
2491 778 2717 833 eamque
2764 773 2870 819 tam
2910 764 2997 818 diu
3040 763 3318 817 refulsisse
3345 802 3361 828 ,
3408 762 3579 817 donec
3628 762 3675 817 ei
3723 762 3822 816 ho-

2243 855 2450 909 nestius
2477 854 2638 908 etiam
2690 853 2994 924 sepulcrum
3034 853 3090 907 in
3131 851 3337 922 majore
3368 852 3817 908 Malmesburien-

2178 948 2182 953 ’
2246 947 2384 1001 sium
2400 945 2626 1000 ecclesia
2644 960 2810 1015 prope
2826 943 2995 999 altare
3014 944 3388 1013 pararetur”.
3408 943 3578 1010 Quam
3599 944 3667 998 ob
3689 960 3821 998 eau-

2245 1051 2359 1090 sam
2412 1051 2519 1089 non
2564 1036 2767 1100 minus,
2800 1050 2964 1105 quam
3003 1043 3228 1104 propter
3262 1034 3407 1090 vitae
3451 1034 3821 1106 integritatem

2244 1129 2299 1183 in
2332 1129 2663 1184 Francorum
2691 1128 3094 1199 Anglorumque
3122 1127 3520 1200 martyrologiis
3547 1143 3722 1198 usque
3756 1128 3825 1183 ad

2246 1236 2448 1276 annum
2481 1221 2640 1285 1585,
2675 1236 2783 1291 quo
2810 1219 3175 1276 Romanorum
3205 1219 3328 1274 libri
3353 1219 3586 1289 liturgici
3616 1218 3825 1274 inducti

2245 1322 2392 1376 sunt,
2446 1311 2592 1365 inter
2632 1319 2849 1366 sanctos
2896 1319 3162 1382 martyres
3209 1320 3666 1365 commemoratus
3718 1317 3821 1366 est.

2247 1398 2447 1456 Sancte
2470 1392 2626 1466 visit,
2656 1415 2830 1471 neque
2859 1416 3098 1471 unquam
3125 1399 3242 1470 ejus
3268 1401 3400 1466 vita,
3445 1399 3539 1456 scd
3568 1402 3683 1456 sola
3708 1401 3827 1471 ejus

2244 1490 2492 1546 doctrina
2531 1489 2802 1544 interdum
2837 1490 3139 1559 vituperata
3171 1501 3291 1556 est,
3338 1492 3588 1561 quamvis
3616 1492 3824 1547 incerta

2247 1592 2301 1637 et
2332 1581 2604 1653 ambigua,
2638 1588 2695 1635 ut
2728 1582 2980 1649 vidimus,
3035 1581 3124 1636 illa
3175 1582 3307 1666 sint,
3355 1597 3492 1653 quae
3518 1583 3825 1653 antiquiore

2202 1683 2206 1687 ‘
2249 1683 2494 1743 tempore
2532 1673 2791 1729 adversus
2830 1672 3207 1728 orthodoxiam
3250 1673 3367 1741 ejus
3404 1684 3653 1743 suscepta
3705 1689 3825 1729 esse

2249 1765 2522 1819 dicuntur.
2557 1763 2773 1817 Statura
2807 1764 3033 1834 exiguus
3070 1761 3209 1828 fuit;
3246 1764 3411 1817 animi
3456 1778 3584 1818 vero
3610 1764 3824 1819 cultura

558 1875 905 1930 undecimum
947 1870 1213 1925 interierit
1234 1869 1287 1920 *.
1314 1867 1542 1945 Dubium
1570 1865 1713 1919 enim
1740 1878 1847 1916 non
1879 1872 1984 1926 est,
2016 1861 2145 1929 quin
2174 1854 2222 1920 Β
2251 1855 2500 1926 insignis,
2527 1854 2744 1926 ingenio
2770 1855 2883 1910 acri
2912 1861 2969 1909 et
2990 1853 3228 1919 sublimi,
3261 1854 3487 1909 scientia
3513 1863 3621 1908 tam
3645 1856 3826 1926 ampla

556 1967 645 2022 vel
669 1968 811 2022 idem
841 1963 929 2019 vel
956 1962 1093 2017 alius
1119 1962 1255 2015 liber
1281 1961 1346 2013 de
1374 1956 1732 2020 Eucharistia,
1780 1952 1931 2021 cujus
1957 1962 2144 2007 aucto-

560 2061 724 2116 ritate
763 2055 1127 2125 Berengarius
1156 2068 1285 2106 usus
1315 2059 1414 2114 est,
1458 2059 1513 2104 et
1546 2048 1636 2117 qui
1678 2048 1731 2101 in
1780 2043 2011 2099 concilio
2040 2042 2144 2097 Pa-

522 2150 531 2155 “
558 2151 707 2205 risiis
733 2146 968 2202 Henrico
998 2145 1021 2199 Ι
1050 2155 1175 2212 rege
1203 2142 1390 2195 habito
1413 2140 1718 2201 damnatus,
1749 2144 1910 2205 atque
1936 2135 1990 2188 in
2018 2149 2143 2188 con-

559 2241 686 2297 cilio
716 2235 1047 2292 Verceilensi
1077 2250 1127 2288 a.
1156 2232 1293 2287 1050
1327 2238 1704 2285 concrematus
1729 2236 1841 2291 est,
1874 2240 2049 2295 neque
2072 2224 2141 2277 ab

559 2332 832 2402 Erigena,
866 2342 1042 2397 neque
1084 2341 1114 2378 a
1144 2325 1426 2377 Bertratno
1468 2320 1700 2390 quodam
1727 2360 1741 2384 ,
1799 2318 1893 2373 sed
1946 2332 1977 2369 a
2031 2315 2140 2370 Ra-

559 2430 781 2475 tratnno
817 2416 1151 2488 perscriptus
1178 2414 1249 2467 sit
1286 2411 1385 2483 (a).
1418 2409 1707 2463 Maximum
1735 2416 1914 2461 autem
1935 2414 1989 2459 et
2013 2419 2137 2473 gra-

560 2513 842 2566 vissimum
888 2508 1154 2577 Erigenae
1192 2518 1327 2573 opus
1355 2510 1439 2554 est
1479 2499 1545 2553 de
1588 2498 1853 2551 divisione
1904 2494 2141 2549 Naturae

562 2602 826 2671 dialogus,
856 2599 1096 2669 quinque
1122 2595 1273 2649 libris
1301 2598 1577 2647 constans.
1607 2588 1706 2654 Qui
1746 2602 1853 2656 quo
1898 2592 2141 2655 tempore

560 2693 903 2762 conscriptus
929 2690 1018 2753 sit,
1053 2686 1357 2750 nescimus;
1388 2681 1762 2737 auctoritatem
1790 2693 1917 2732 vero
1947 2686 2138 2730 nactus

557 2793 643 2839 est
672 2782 839 2837 multo
861 2781 1222 2839 minoremea,
1239 2788 1403 2844 quam
1425 2771 1640 2826 meruit.
1658 2767 1772 2823 Non
1792 2768 1967 2821 minus
1993 2767 2139 2820 enim

558 2876 778 2930 doctum
806 2887 967 2943 quam
1000 2867 1336 2939 ingeniosum
1376 2864 1609 2934 primum
1630 2870 1717 2915 est
1758 2860 1812 2914 in
1845 2857 2140 2914 Occidente

562 2984 696 3038 opus
730 2963 1111 3035 theologicum,
1136 2958 1297 3035 quod,
1326 2954 1503 3011 indole
1525 2953 1745 3008 omnino
1766 2950 2138 3022 philosophica

558 3058 878 3129 praeditum,
913 3051 1214 3108 sententias
1239 3064 1332 3103 eas
1358 3045 1630 3118 proponit.
1659 3043 1856 3113 quibus
1883 3052 1937 3098 et
1980 3042 2139 3096 scho-

559 3148 871 3202 lasticorum
892 3144 1063 3212 logica
1085 3149 1139 3196 et
1160 3139 1385 3212 mystica
1416 3137 1623 3191 mediae
1644 3136 1842 3190 aetatis
1871 3132 2139 3201 theologia

2247 1962 2410 2017 quam
2438 1944 2726 2016 profunda,
2771 1944 3047 1999 dialectica
3077 1943 3301 1998 Platone
3335 1952 3390 1998 et
3416 1942 3612 1999 Proclo
3639 1944 3824 2014 digna,

2245 2045 2578 2106 postremum
2604 2033 2784 2089 divino
2807 2034 3037 2103 quodam
3066 2034 3259 2088 mentis
3291 2033 3570 2099 instinctu,
3595 2049 3706 2103 quo
3733 2050 3828 2088 ex-

2247 2127 2389 2181 celsa
2419 2140 2664 2195 quaeque
2716 2134 2772 2180 et
2798 2138 3057 2194 generosa
3092 2123 3445 2194 percipiebat,
3466 2123 3830 2194 investigabat

2246 2228 2302 2274 et
2336 2220 2403 2273 ad
2430 2227 2733 2273 extremum
2763 2230 2935 2286 usque
2961 2214 3331 2287 contemplans
3361 2216 3828 2285 perscrutabatur,

2245 2309 2404 2381 longe
2433 2309 2695 2378 plurimos
2720 2316 2774 2363 et
2802 2307 3147 2363 doctissimos
3174 2304 3479 2376 aequalium
3522 2306 3821 2375 superavit.

2316 2401 2603 2470 Erigenam
2628 2399 2786 2453 multi
2824 2398 3119 2468 multisque
3148 2399 3321 2454 modis
3345 2413 3630 2470 perperam
3672 2399 3831 2456 intel-

2242 2493 2512 2557 lexerunt,
2580 2491 2632 2547 id
2672 2491 2815 2561 quod
2869 2491 2986 2547 ﬁeri
3030 2506 3167 2561 pene
3208 2505 3433 2546 necesse
3481 2490 3603 2568 fuit,
3657 2507 3826 2562 quum

2243 2598 2681 2653 unamquamque
2709 2584 3017 2649 veritatem,
3068 2598 3229 2653 quam
3268 2583 3582 2639 acutissime
3624 2584 3825 2654 potuit,

2243 2675 2547 2745 exprimere
2569 2675 2833 2742 studeret,
2854 2670 2913 2731 et
2930 2675 3145 2747 ingenio
3174 2676 3456 2748 indulgens
3479 2678 3724 2748 opposita
3750 2677 3828 2732 ita

2243 2767 2678 2837 amplecteretur,
2713 2778 2771 2822 ut
2793 2768 2929 2822 locis
2956 2768 3077 2823 aliis
3098 2768 3200 2822 alia
3228 2777 3282 2823 et
3307 2769 3514 2825 diversa
3542 2770 3607 2823 de
3632 2771 3827 2825 eadem

2246 2872 2305 2910 re
2333 2856 2605 2911 disserens
2648 2857 2701 2910 in
2736 2866 3022 2927 utramque
3049 2867 3259 2928 partem
3288 2859 3503 2913 modum
3532 2873 3701 2929 prope
3732 2874 3829 2915 ex-

2245 2949 2480 3004 cederet.
2506 2948 2675 3015 Quam
2711 2948 2780 3003 ob
2809 2964 3026 3004 causam
3055 2949 3196 3003 haud
3228 2948 3384 3005 facile
3409 2951 3830 3020 unumquodque

2246 3039 2364 3106 ejus
2390 3038 2613 3105 dictum,
2651 3038 2696 3093 si
2736 3054 2803 3093 ex
2847 3039 3109 3095 orationis
3149 3046 3405 3095 contextu
3448 3040 3825 3111 abrumpatur,

2244 3129 2535 3184 defendere
2555 3145 2741 3199 queas.
2759 3129 2830 3184 At
2845 3128 3113 3186 aﬁirmare
3131 3132 3410 3197 audemus,
3429 3144 3570 3194 eum,
3587 3131 3632 3185 si
3656 3139 3831 3186 totum

560 3239 854 3294 maximam
908 3243 1115 3306 partem
1166 3231 1296 3286 nixa
1344 3227 1675 3284 considerari
1714 3233 1910 3295 potest.
1962 3224 2136 3292 Quum
2166 3225 2214 3289 C
2246 3222 2528 3291 respicias,
2562 3222 2821 3276 amussim
2848 3221 3096 3278 veritatis
3136 3236 3401 3292 nusquam
3427 3230 3830 3293 transgressum

561 3343 742 3388 autem
766 3330 949 3386 seculo
976 3344 1071 3383 xm
1117 3326 1430 3397 Albigenses
1470 3322 1726 3378 haeretici
1752 3321 1956 3390 aliquot
1984 3316 2141 3387 hujus

565 3423 746 3494 operis
773 3422 920 3477 locos
950 3434 1165 3489 semper
1195 3418 1247 3471 in
1285 3430 1382 3471 ore
1410 3414 1644 3477 ferrent,
1676 3420 1730 3468 et
1756 3412 2019 3481 Erigenae
2047 3424 2142 3463 au-

562 3514 823 3572 ctoritate
860 3511 1228 3583 gloriarentur
1249 3547 1264 3573 ,
1293 3505 1562 3561 Honorius
1587 3502 1653 3558 Ill
1680 3517 1821 3573 papa
1853 3515 1947 3555 eos
1973 3499 2141 3554 libros

562 3608 802 3677 undique
831 3601 1075 3673 conquiri
1105 3609 1159 3655 et
1187 3597 1523 3654 concremari
1544 3596 1725 3666 jussit.
1757 3593 1980 3648 Praeter
2007 3592 2143 3647 haec

560 3698 852 3772 praecipua
879 3736 895 3762 ,
946 3707 1086 3764 quae
1114 3691 1346 3762 Erigena
1376 3688 1614 3758 scripsit,
1647 3702 1810 3757 opera
1830 3727 1844 3751 ,
1885 3684 2143 3740 tredecim

563 3802 771 3845 tantum
833 3789 1106 3860 hymnos,
1172 3783 1241 3837 ab
1299 3781 1491 3852 angelo
1534 3779 1673 3836 Maio
1713 3780 1767 3834 in
1825 3780 2010 3834 codice
2048 3794 2144 3849 pa-

560 3881 842 3952 limpsesto
878 3885 1163 3948 repertos,
1197 3888 1333 3943 quos
1384 3872 1608 3926 editioni
1664 3879 1881 3926 nostrae
1928 3870 1980 3922 in
2040 3870 2146 3922 line

566 3973 884 4042 adjecimus,
918 3968 1219 4024 laudandos
1248 3978 1368 4021 esse
1396 3964 1680 4029 duximus;
1712 3971 1913 4027 cetera,
1946 3961 2145 4032 partim

564 4064 827 4136 temporis
854 4062 1055 4117 invidia
1087 4057 1361 4129 deperdita
1382 4096 1397 4121 ,
1431 4056 1533 4111 hoc
1565 4055 1683 4111 loco
1711 4069 2015 4110 memorare
2043 4067 2144 4108 no-

564 4160 765 4214 luimus
808 4156 906 4229 (b).
946 4155 1152 4210 Forsan
1187 4161 1294 4205 tam
1326 4149 1643 4213 discordiae,
1684 4164 1822 4219 quae
1854 4148 2146 4219 Erigenam

565 4254 712 4309 inter
740 4259 794 4306 et
823 4250 1010 4320 plures
1041 4248 1091 4301 in
1126 4244 1358 4300 Francia
1386 4229 1664 4297 sacrorum
1698 4241 1967 4295 antistites
1998 4238 2144 4309 paul-

564 4349 719 4404 latim
749 4349 1192 4408 intercesserant,
1214 4356 1376 4411 quam
1398 4349 1552 4393 vetus
1582 4336 1672 4391 illa
1696 4349 1867 4405 papae
1888 4330 2092 4386 Nicolai
2124 4329 2146 4384 Ι

568 4439 754 4498 οἰιιιιίο
810 4435 1141 4507 impulerunt
1181 4433 1499 4502 Erigenam,
1557 4435 1648 4490 ut,
1704 4426 1756 4479 id
1808 4424 1950 4493 quod
2005 4437 2148 4477 nunc

567 4548 736 4604 prope
768 4538 923 4585 extra
950 4517 1171 4583 dubium
1200 4524 1431 4596 positum
1461 4529 1545 4577 est
1573 4516 1960 4588 (probabiliter
1999 4515 2147 4570 circa

2247 3331 2390 3376 esse.
2416 3315 2559 3384 quod
2588 3315 2752 3370 etiam
2795 3314 3054 3384 singulari
3094 3315 3238 3371 vitae
3284 3312 3401 3384 ejus
3424 3313 3700 3370 sanctitati
3726 3316 3831 3369 mi-

2245 3408 2395 3462 nime
2425 3407 2760 3463 conveniret.

2316 3498 2606 3554 Enimvero
2622 3498 2839 3569 vulgata
2854 3496 2944 3553 illa
2966 3496 3253 3565 sententia,
3276 3510 3437 3568 quam
3457 3502 3617 3568 poeta
3636 3502 3831 3554 nostro

2202 3604 2207 3609 '
2247 3599 2491 3661 tempore
2546 3590 2879 3647 clarissimus
2929 3591 3152 3662 protulit
3196 3605 3211 3644 :
3267 3589 3450 3646 Mundi
3503 3589 3828 3657 historiam,

2246 3683 2431 3739 mundi
2471 3698 2591 3739 esse
2656 3682 2919 3753 judicium
2963 3682 3067 3756 (ά),
3096 3683 3352 3752 quamvis
3379 3682 3648 3738 interdum
3696 3696 3833 3739 vera

2246 3790 2368 3831 esse
2415 3775 2736 3846 reperiatur,
2788 3775 3106 3845 saepissime
3145 3783 3324 3829 tamen
3368 3773 3543 3840 fallit;
3590 3787 3693 3829 nec
3718 3789 3832 3829 non

2248 3870 2514 3940 Erigonae
2543 3877 2728 3924 nostro
2755 3868 2975 3935 accidit,
3025 3875 3085 3923 ut
3120 3883 3260 3940 pene
3300 3881 3510 3935 omnes,
3561 3867 3655 3938 qui
3703 3881 3832 3922 eum

2247 3961 2694 4032 vituperaverunt
2718 3960 2805 4016 vel
2832 3959 3209 4025 laudaverunt,
3239 3956 3591 4030 profunditati
3616 3966 3674 4013 et
3702 3973 3834 4012 acu-

2249 4050 2381 4105 mini
2403 4051 2518 4121 ejus
2538 4049 2813 4121 capiendis
2834 4046 3057 4104 minime
3083 4062 3244 4120 pares
3270 4047 3490 4115 fuerint,
3508 4056 3672 4119 atque
3694 4048 3832 4102 adeo

2250 4142 2433 4212 inique
2471 4142 2538 4196 de
2566 4156 2631 4196 eo
2651 4140 3054 4212 judicaverint,
3085 4140 3373 4210 perpaucis
3402 4147 3609 4194 tantum
3639 4139 3829 4204 altam,

2250 4248 2354 4303 qua
2404 4234 2681 4304 praeditus
2728 4234 2848 4299 fuit,
2894 4240 3128 4287 mentem
3174 4240 3324 4286 recte
3384 4230 3829 4301 intelligentibus.

2249 4331 2500 4385 Profecto
2512 4330 2656 4384 enim
2670 4329 2832 4383 etiam
2849 4328 3062 4383 laudem
3085 4326 3319 4391 illorum,
3334 4326 3425 4395 qui
3448 4322 3833 4396 philosophum

2250 4434 2496 4478 nostrum
2525 4431 2781 4492 tanquam
2814 4420 3077 4489 Spinosae
3108 4428 3507 4475 antecessorem
3548 4416 3837 4472 declaran-

2252 4523 2334 4571 tes
2370 4533 2389 4567 ι
2424 4515 2822 4585 pantheismum
2860 4512 2977 4582 ejus
3006 4521 3061 4568 et
3097 4526 3317 4567 sensum
3358 4510 3428 4567 ab
3450 4507 3695 4566 Ecclesia
3740 4524 3841 4564 ca-

570 4599 771 4678 ann'um
802 4618 907 4676 885
930 4617 1015 4674 vel
1042 4614 1223 4687 paullo
1260 4609 1506 4681 serius),
1547 4615 1770 4664 vocatus
1813 4606 1882 4661 ab
1924 4603 2145 4660 Alfredo
2169 4599 2224 4660 D
2252 4604 2447 4660 tholica
2479 4601 2636 4675 (Pag.
2661 4603 2772 4675 VII)
2796 4602 3174 4658 abhorrentem
3198 4620 3217 4654 ι
3250 4613 3413 4672 quam
3460 4599 3834 4687 maximope-

570 4714 763 4783 Magno
793 4711 847 4765 in
876 4707 1125 4780 Angliam
1155 4720 1212 4761 se
1237 4702 1529 4760 e0nferret.
1561 4698 1637 4752 lbi
1667 4696 1881 4767 quidem
1908 4693 2149 4750 Oxoniae

572 4808 627 4862 in
672 4804 977 4858 litterarum
1026 4794 1379 4854 universitate
1424 4806 1521 4862 per
1577 4789 1843 4859 quoddam
1892 4786 2151 4856 temporis

572 4899 806 4971 spatium
832 4894 1100 4950 mathesin
1129 4899 1184 4944 et
1207 4887 1545 4942 dialecticam
1569 4882 1782 4943 docuit;
1813 4889 2150 4951 postremum

575 4991 632 5046 in
646 4988 907 5046 coenobio
921 4983 1212 5039 Malmeshu
1222 4978 1382 5033 riensi
1401 4977 1566 5031 abbas
1582 4974 1776 5038 factus,
1792 4973 1892 5027 sub
1904 4971 2152 5026 manibus

552 5102 606 5195 ’ᾉ
648 5120 724 5195 (α)
754 5117 837 5195 Cf.
866 5117 1151 5195 Déllinger,
1184 5108 1583 5195 Leltrb‘ucftnggr
1603 5103 2142 5195 I‘Kyiqcltlengescltiilttg.
2190 5123 2195 5131 ·

576 5193 624 5248 Β
652 5174 926 5278 ‘ens‘burg
958 5174 1071 5241 ιιιιιῖ
1096 5174 1388 5247 Landsbut,
1422 5178 1577 5233 1856.
1613 5176 1728 5232 Vol.
1770 5177 1812 5240 ι,
1838 5174 1963 5245 pag.
2017 5174 2142 5228 409.

598 5404 601 5405 ν
628 5210 1018 5405 k‘iiugogt
1259 5323 1515 5405 Joannes,
1531 5319 1678 5405 alius.
1694 5316 1805 5405 710a
1806 5329 1952 5405 nnjes
1963 5312 2142 5405 l-ahbbas

673 5351 699 5387 ο

749 5260 831 5317 Cf.
862 5255 1008 5313 ﬂock
1033 5256 1070 5309 Ι.
1099 5255 1137 5309 ι.

703 5266 1018 5404 iiiiugoééi
1259 5323 1515 5404 Joannes,
1531 5319 1678 5404 alius.
1702 5316 1937 5404 Joannjes
1963 5312 2147 5404 Jahbbas

578 5383 980 5473 Atiiéli'ngetisis
1005 5437 1022 5463 ,
1050 5396 1142 5467 qui
1169 5410 1200 5450 a
1226 5394 1440 5451 sicariis
1467 5383 1713 5447 mercede
1750 5384 2029 5443 conductis
2060 5383 2144 5437 in-

579 5472 839 5530 terfectus
865 5478 968 5526 est.

650 5587 682 5621 "
704 5583 1036 5641 Peculiarem
1054 5581 1279 5639 Joannis
1311 5579 1461 5637 Scoti
1505 5579 1571 5633 de
1593 5573 1932 5632 Eucharistia
1959 5572 2150 5627 librum

584 5656 803 5714 omnino
832 5672 937 5713 non
962 5655 1258 5718 exstitisse,
1284 5647 1728 5707 verisimillitnum
1742 5646 1898 5701 nobis
1914 5644 2147 5711 videtur,

585 5738 645 5785 ut
678 5729 1009 5783 ostendimus
1039 5727 1091 5779 in
1118 5723 1411 5778 Prooemio.
1454 5721 1720 5774 Aumanv.
1764 5718 1918 5771 Εοιτ.

655 5800 717 5836 ³⁵*
746 5798 889 5855 Haec
910 5812 1047 5869 quae
1066 5796 1131 5850 de
1152 5793 1324 5849 reditu
1351 5790 1571 5847 Joannis
1612 5788 1758 5846 Secti
1801 5790 1854 5845 in
1880 5787 2152 5860 Angliam,

2253 4704 2432 4753 terant
2478 4695 2785 4752 extulerunt
2825 4692 2894 4766 (e)
2922 4734 2938 4758 ,
2980 4693 3096 4763 ipse
3137 4706 3360 4763 prorsus
3383 4698 3436 4746 et
3465 4689 3684 4761 quidem
3705 4686 3838 4759 jure

2250 4803 2350 4843 SUO
2377 4792 2672 4842 recusaret.

2324 4878 2437 4946 Age
2468 4891 2615 4941 vero,
2644 4883 2704 4929 ut
2728 4873 3067 4944 aliquatenus
3092 4873 3397 4940 videamus,
3440 4885 3603 4943 quem
3644 4871 3834 4928 locum

2255 4971 2482 5042 Erigena
2532 4969 2586 5023 in
2637 4968 2806 5023 choro
2851 4966 3130 5045 doctorum
3161 4973 3323 5036 atque
3346 4962 3683 5020 eruditorum
3711 4979 3835 5019 om—

2327 5102 2405 5173 (d)
2458 5120 2477 5153 ‹
2510 5101 2605 5173 Die
2647 5098 3212 5173 \jfeltgesehichtejst
3254 5095 3755 5173 das___Welt.gericl_i}
3784 5116 3833 5152 ι.

2255 5167 2505 5229 Schiller.
2538 5172 2620 5227 Cf.
2654 5171 2755 5225 Th.
2785 5167 2936 5226 Galei
2983 5168 3210 5241 praefat.
3257 5170 3312 5224 in
3356 5167 3526 5223 libros
3574 5167 3642 5222 de
3690 5167 3832 5233 div.,

2254 5260 2397 5387 Imai)
2410 5244 2908 5387 ‘gi‘in'i‘f‘epnemann,
2931 5307 3233 5367 Geschichte
3261 5309 3356 5363 der
3366 5305 3536 5375 Ρήἱί..
3552 5297 3832 5375 ιοιιιΝΙΙῘ,

2256 5382 2392 5441 sect.
2425 5384 2467 5451 ι,
2492 5400 2545 5455 p.
2568 5383 2638 5440 55
2657 5393 2784 5454 etp.
2813 5382 2901 5438 72.

2257 5575 2312 5623 et
2336 5568 2403 5623 de
2431 5538 2604 5622 morte
2644 5563 2762 5635 ejus
2807 5571 3118 5635 narrantur,
3156 5567 3433 5635 comperta!
3462 5573 3571 5635 non
3596 5571 3744 5635 esse,
3776 5557 3836 5614 in

2262 5639 2536 5692 l’rooemt‘o
2564 5627 2889 5691 monuimus.
2920 5634 3001 5691 Cf.
3050 5627 3502 5691 communionem
3522 5629 3668 5686 laud.
3693 5627 3841 5701 Cap.

2262 5709 2304 5763 V
2340 5710 2603 5765 ΑΝιιιΑιιν.
2646 5708 2803 5763 Ευιτ.
