4056 6276
220 299 336 362 106

1248 307 1316 362 ΙΝ
1354 301 1615 364 LIBRUM
1652 307 1739 364 DE
1774 303 2112 366 DIVISIONE
2149 299 2484 367 NATURE.

3391 293 3510 370 ωδε

221 419 379 475 nium
395 424 698 490 temporum
711 419 1153 488 obtineat,etiam
1175 422 1380 494 aliquot
1396 423 1600 493 judicia
1627 427 1808 482 minus
1837 431 1894 492 Α
1917 427 2249 482 uberrimum
2281 427 2538 482 historiae
2567 425 2828 498 Erigenae
2853 435 3173 498 apparatum
3201 427 3516 500 colligens,‘
3563 473 3571 480 .

223 512 414 583 iniqua
453 527 485 567 a
516 513 910 572 recentioribus
959 517 1068 573 lata
1119 519 1420 576 audiamus.
1475 522 1621 580 lnter
1671 538 1808 594 quos

219 612 350 674 post
379 611 566 658 notum
594 604 858 661 Thomam
884 607 1133 676 Galeum,
1163 611 1256 681 qui
1281 611 1547 684 Erigenae
1581 630 1814 672 acumen

221 695 552 761 admiratus,
587 697 734 754 solus
761 698 1044 771 hucusque
1075 701 1242 760 libros
1277 703 1345 760 de
1391 705 1656 762 divisione
1701 707 1815 763 edi-

113 868 122 874 .
219 787 304 844 dit
331 787 434 860 (a),
477 789 687 860 primus
735 789 826 845 Dr.
872 790 1066 849 Petrus
1097 793 1252 865 lljort
1291 798 1650 854 nominandus
1690 801 1836 866 est,’

219 880 430 946 Danus,
488 885 709 956 ingenio
747 888 1086 960 scientiaque
1127 893 1665 962 praestantissimus,
1719 894 1836 966 qui'

216 971 354 1031 olim
387 973 564 1043 Soris,
589 991 735 1035 nunc
757 977 1140 1054 Cepenhagiae
1164 983 1559 1054 philosophiam
1589 999 1814 1056 remque

217 1061 550 1122 litterariam
575 1067 972 1128 Germanorum
1020 1073 1196 1130 docet.
1243 1073 1336 1130 llle
1365 1075 1508 1131 enim
1549 1075 1730 1133 libello
1757 1093 1808 1132 a.

217 1154 368 1212 1825
393 1157 540 1213 edito
580 1159 676 1232 (b),
707 1160 773 1217 de
802 1160 1034 1234 Erigena
1061 1205 1076 1230 ,
1114 1164 1257 1235 quod
1305 1165 1542 1221 indolem
1589 1166 1705 1238 ejus
1760 1175 1816 1224 et

215 1246 602 1305 excellentiam
649 1249 705 1307 in
753 1251 929 1309 lucem
962 1253 1268 1328 famamque
1295 1257 1472 1313 denuo
1519 1259 1809 1330 provexit,

215 1340 429 1410 optime
466 1342 692 1400 meritus
715 1354 819 1400 est.
847 1345 1021 1416 Hjorti
1051 1349 1268 1418 quidem
1311 1351 1626 1421 Opusculum
1655 1367 1814 1422 prae-

214 1437 308 1485 ter
336 1434 670 1501 prooemium
705 1436 758 1490 in
793 1445 903 1493 tres
931 1447 1114 1510 partes
1148 1439 1427 1496 dividitur.
1473 1443 1531 1496 ln
1581 1459 1811 1514 quarum

213 1521 395 1592 prima
423 1524 660 1596 scriptor
685 1527 752 1584 de
777 1527 992 1600 origine
1018 1531 1097 1586 rei
1127 1531 1430 1589 litterariae
1454 1535 1812 1592 occidentalis

212 1619 276 1667 et
301 1613 374 1668 de
403 1613 726 1688 Theudorici
756 1619 1132 1694 Austrogothi,
1171 1622 1346 1680 Caroli
1381 1624 1581 1696 Magni,
1629 1625 1810 1682 Caroli

215 1700 416 1768 Calvi,
461 1704 776 1780 Alfredique
825 1709 1002 1783 Magni
1051 1716 1403 1784 temporibus,
1433 1725 1701 1786 quatenus
1739 1719 1810 1774 ad

217 1807 347 1848 rem
373 1792 694 1854 litterariam
736 1803 1156 1870 promovendam
1197 1805 1564 1875 pertinebant,
1613 1809 1812 1865 doctis-
1840 1793 1887 1852 Β

219 1883 364 1938 sime
389 1886 500 1958 agit
530 1896 585 1944 et
610 1889 877 1962 Erigenae
905 1903 1096 1949 narrat
1118 1895 1304 1950 vitam.
1330 1896 1513 1952 Altera
1540 1913 1668 1969 pars
1699 1907 1810 1956 tota

216 1974 274 2031 in
302 1980 624 2048 exponendo
655 1981 1035 2055 philosophice
1065 1985 1330 2057 Erigenac
1379 1997 1672 2059 systemate
1721 2004 1812 2046 oc-

215 2078 414 2139 cupata
433 2079 539 2135 est,
561 2072 835 2144 idemque,
861 2077 1110 2146 quamvis
1139 2076 1377 2134 breviter
1398 2089 1450 2134 et
1473 2081 1808 2146 summatim,

213 2168 402 2217 tamen
432 2162 478 2218 si
513 2171 683 2220 totum
713 2167 999 2237 respicias,
1041 2168 1187 2224 clare
1217 2182 1473 2242 reeteque
1520 2173 1810 2228 adumbrav

215 2261 336 2308 tum
371 2256 637 2311 continet.
664 2257 720 2312 ln
758 2260 914 2314 tertia
959 2271 1115 2330 parte
1141 2263 1482 2336 philosophia
1514 2265 1811 2322 christiana

217 2360 326 2415 qua
355 2347 567 2403 ratione
598 2351 773 2405 media
804 2361 982 2407 aetate
1010 2369 1106 2424 per
1148 2355 1503 2412 scholasticos
1555 2357 1812 2414 doctores
1841 2367 1844 2372 '

219 2443 275 2490 et
314 2436 773 2509 subsequentibus
810 2442 1008 2499 seculis
1055 2460 1155 2516 per
1198 2448 1532 2502 recentiores
1576 2447 1814 2517 philoso-

217 2531 359 2600 phos
377 2530 444 2586 ad
471 2540 715 2588 nostrum
739 2549 909 2605 usque
923 2551 1117 2591 aevum
1141 2537 1356 2593 exculta
1371 2538 1464 2604 sit,
1485 2539 1806 2609 explicatur,
1839 2526 1850 2547 ³

218 2631 274 2676 et
323 2632 595 2688 sanctum,
651 2625 794 2695 quod
825 2627 1020 2683 sortita
1057 2637 1144 2686 est
1185 2645 1402 2696 munus,
1463 2632 1808 2702 proponitur.

220 2714 500 2786 Scriptor,
571 2717 838 2774 llamanni
888 2721 1227 2794 Baaderique
1289 2724 1538 2790 amicus,
1596 2725 1648 2779 in
1711 2734 1815 2780 tra-

219 2809 418 2864 ctanda
469 2810 840 2882 philosophiae
891 2815 1121 2871 historia
1172 2833 1240 2872 ex
1287 2827 1443 2889 parte
1471 2817 1811 2873 dialecticam

221 2896 430 2970 Hegelii
462 2913 728 2970 sequutus
771 2913 856 2960 est
906 2905 1242 2962 methodum.
1283 2907 1481 2974 Quanti
1514 2923 1643 2964 vero
1695 2908 1813 2962 Eri-

221 3006 359 3062 gena
415 2994 806 3070 philosopharis
855 3013 1044 3054 sacrae
1111 2997 1429 3071 Scripturae
1485 3009 1539 3056 et
1593 3000 1810 3056 Patrum

224 3084 606 3142 auctoritatem
637 3087 864 3154 fecerit,
902 3091 1074 3145 eidem
1106 3089 1276 3160 probe
1305 3101 1358 3148 et
1385 3103 1456 3146 ex‘
1475 3092 1702 3148 veritate
1721 3108 1813 3148 co-
1847 3089 1852 3098 ’

225 3175 439 3246 gnitum
483 3168 658 3249 atque
698 3179 1029 3236 intellectum
1064 3154 1262 3248 fuisse,
1296 3183 1446 3247 loco,
1475 3199 1584 3253 quo
1609 3185 1675 3240 de
1709 3173 1814 3240 hac
1839 3154 1886 3217 (ἶ

227 3283 290 3323 re
323 3268 691 3338 pulcherrime
717 3273 848 3344 agit,
881 3273 1016 3328 satis
1042 3283 1288 3344 apparet.
1325 3274 1410 3331 Cf.
1435 3292 1557 3347 pag.
1585 3275 1651 3329 47
1693 3291 1810 3348 seq.

226 3359 379 3428 Quod
409 3361 453 3416 si
494 3361 740 3434 lljortum
785 3364 970 3430 audis,
1012 3365 1277 3440 Erigenae
1298 3366 1493 3438 placita
1534 3366 1669 3422 nihil
1707 3367 1814 3422 nisi

226 3454 656 3526 philosophicam
715 3457 838 3514 ﬁdei
883 3457 1218 3516 christianae
1263 3459 1526 3515 exhibent
1581 3459 1817 3530 explica-

230 3547 464 3614 tionem,
521 3550 732 3606 ratione
771 3570 790 3604 ι
826 3559 996 3620 recte,
1037 3552 1124 3624 pie
1159 3563 1218 3608 et
1260 3553 1530 3609 catholice
1573 3551 1816 3624 philoso—

229 3639 450 3712 phantis
481 3661 502 3696 ι
539 3633 834 3712 repertam.
1787 3633 1790 3636 ’

269 3731 464 3805 ,(Ραῃ.
508 3732 667 3808 Vill.)
717 3733 914 3790 Verum
963 3735 1134 3792 multo
1184 3735 1580 3806 praestantiam
1630 3750 1819 3792 conse-

230 3837 434 3897 quutus
483 3837 570 3883 est
627 3831 711 3884 vir
760 3829 987 3886 illustris
1045 3830 1314 3886 Antonius
1377 3829 1850 3896 Staudenmaier,.

231 3919 538 3991 theologiac
565 3921 862 3978 catholicae
911 3937 1057 3978 nunc
1094 3923 1148 3978 in
1185 3921 1540 3977 universitate
1587 3921 1810 3978 Fribur-
1845 3931 1850 3934 ‘

233 4010 394 4082 gensi
439 4010 725 4082 professor.
776 4013 876 4080 Qui
926 4004 979 4069 in
1029 4013 1166 4094 libro
1216 4013 1330 4085 jam
1378 4027 1538 4084 supra
1589 4012 1808 4069 laudato

313 4123 394 4198 (ᾳ)
425 4122 642 4198 Joannis
691 4125 834 4183 Scoti
879 4125 1138 4198 Erigonae
1191 4125 1267 4198 de
1295 4125 1566 4198 dit-itione
1600 4134 1826 4198 natura;

234 4195 364 4251 libri
411 4196 636 4267 quinque
658 4239 674 4263 ,
722 4199 815 4252 diu
855 4194 1202 4252 desiderati...
1234 4195 1428 4267 Oxonii
1461 4211 1512 4248 a.
1544 4194 1702 4250 1681.
1735 4194 1818 4250 Cf.

235 4267 371 4338 ibid.
395 4265 448 4338 p_.
473 4266 510 4322 8
535 4265 965 4338 testimoniorum
993 4269 1046 4322 in
1075 4267 1226 4324 Galei
1259 4265 1612 4338 praefatione.

307 4332 588 4410 (blbitur:
611 4337 800 4410 Scarus
826 4339 1080 4410 En’gena,
1110 4339 1236 4393 oder
1258 4332 1356 4410 oon
1386 4338 1502 4410 dem
1548 4332 1826 4410 Ursprung

235 4405 386 4464 einer-
435 4408 770 4472 christlichen
819 4405 1159 4480 Philosophia
1213 4408 1322 4463 und
1383 4407 1548 4462 ihrem
1601 4405 1826 4476 Iteiligeit

1919 519 2158 573 omnium
2189 519 2631 589 diligentissimus
2660 519 2726 573 de
2757 519 3108 590 temporibus,
3157 521 3356 591 quibus
3381 522 3501 593 ipse

1916 612 2118 680 ﬂoruit,
2145 623 2200 669 et
2229 613 2295 669 de
2324 614 2410 680 iis,
2433 613 2578 684 'quae
2621 613 2869 684 proxime
2906 623 3361 684 antecesserunt,
3419 617 3499 675 ita
3580 603 3586 610 ’

1917 706 2152 775 scripsit,
2183 715 2244 761 ut
2279 715 2584 776 appareret,
2626 707 2769 761 unde
2798 707 3043 762 doctrina
3083 707 3524 782 litterarumque

1917 797 2144 853 scientia
2172 797 2224 852 in
2257 813 2322 853 eo
2349 797 2675 852 manaverit.
2707 797 2820 854 Nec
2855 791 3047 856 minus
3073 795 3328 856 accurate
3353 801 3526 874 idem,

1915 889 2001 943 vir
2043 889 2288 944 eruditus
2326 887 2668 945 efﬁcientiam
2695 889 2974 960 exprimit,
3024 904 3129 960 qua
3167 889 3402 962 Erigena
3432 892 3502 949 ad

1916 980 2270 1037 scholasticae
2301 983 2510 1037 mediae
2537 981 2732 1037 aetatis
2765 979 3106 1052 disciplinam
3137 990 3192 1038 et
3214 984 3503 1056 mysticam

1915 1080 1972 1129 et
2006 1072 2233 1143 logicam
2279 1073 2534 1139 valuerit,
2565 1073 2615 1128 id
2663 1073 2898 1130 maxime
2944 1088 3130 1146 agens,
3179 1081 3238 1129 ut
3275 1075 3506 1145 probam

1916 1165 2295 1237 integramque
2337 1166 2578 1220 auctoris
2611 1165 2782 1221 nostri
2828 1175 3063 1220 mentem
3105 1174 3270 1236 atque
3313 1166 3504 1222 ortho-

1915 1259 2133 1313 doxiam
2155 1259 2486 1314 ostenderet.
2513 1257 2690 1326 Quum
2719 1274 2818 1330 pro
2841 1257 2948 1314 ﬁne
2967 1256 3129 1327 hujus
3152 1257 3507 1328 praefationis

1916 1349 2081 1404 nimis
2111 1347 2325 1418 longum
2357 1346 2518 1414 foret,
2551 1349 2595 1404 si
2623 1363 2692 1403 ex
2718 1348 2997 1418 praedicto
3016 1347 3178 1414 libro,
3207 1349 3298 1418 qui
3327 1348 3530 1419 syste-'

1915 1440 2076 1495 matis
2123 1439 2271 1495 Scoti
2322 1439 2545 1494 uberius
2595 1449 2650 1496 et
2689 1441 2934 1510 plenius,
3001 1455 3166 1510 quam
3222 1439 3504 1508 hucusque

1903 1539 2180 1600 tentatum
2211 1538 2317 1596 est,
2348 1531 2790 1600 repraesentandi
2810 1571 2824 1597 ,
2855 1531 3008 1600 quasi
3040 1529 3364 1600 prodromus
3397 1529 3498 1584 ha-

1913 1622 2122 1679 bendus
2161 1631 2491 1696 esthomnes
2537 1621 2758 1676 maximi
2804 1621 3218 1694 gravissimique
3244 1618 3506 1675 momenti

1918 1713 2066 1768 locos
2097 1715 2265 1769 etiam
2291 1730 2356 1768 ex
2393 1721 2550 1784 parte
2581 1721 2789 1788 tantum
2819 1711 2910 1768 hic
2953 1711 3176 1767 laudare
3221 1710 3503 1777 vellemus,

1915 1806 2229 1861 universum
2273 1821 2410 1875 opus
2452 1804 2726 1870 omnibus,
2772 1805 2863 1874 qui
2905 1804 3032 1858 huic
3079 1803 3157 1858 rei
3191 1803 3505 1873 diligentius

1916 1899 2150 1965 student,
2191 1897 2754 1969 legendumapprime
2781 1897 3189 1952 commendasse
3213 1895 3462 1952 sufﬁciat.
3529 1957 3535 1962 _

1989 1991 2276 2060 Eleganter
2321 2000 2377 2045 et
2422 1990 2571 2044 brevi
2604 2004 2854 2045 sermone
2892 1997 3089 2044 cuncta
3138 1987 3502 2058 complectens

1916 2083 2080 2138 etiam
2121 2080 2377 2135 Alhertus
2431 2079 2774 2150 Kreutzhage
2801 2119 2815 2143 ,
2857 2079 2910 2132 in
2957 2077 3098 2132 alma
3143 2077 3500 2132 universitate

1915 2175 2258 2246 Gottingeltsi
2281 2172 2450 2243 judex
2475 2173 2843 2235 academicos,
2877 2170 3112 2240 scriptor
3144 2177 3252 2224 tam
3283 2166 3501 2238 ingenio

1915 2283 2077 2340 quam
2109 2283 2242 2338 pura
2279 2267 2485 2336 mentis
2512 2246 2811 2320 intentione
2845 2263 2910 2317 de
2929 2261 3269 2332 philosophia
3297 2260 3502 2330 optime

1915 2360 2156 2421 meritus,
2191 2358 2242 2412 in
2273 2357 2414 2412 libro
2443 2357 2509 2411 ad
2537 2356 2836 2427 marginem
2887 2355 3106 2409 laudato
3143 2353 3214 2426 (ε)
3260 2353 3504 2424 singulas

1915 2465 2160 2522 quasque
2187 2448 2502 2519 Philosophi
2545 2447 2716 2503 nostri
2746 2447 2999 2510 virtutes,
3027 2455 3283 2516 tanquam
3309 2445 3506 2500 altiore

1891 2544 2148 2614 quodam
2179 2542 2372 2613 spiritu
2407 2541 2652 2606 alllatus,
2682 2541 2862 2611 dignis
2891 2539 3140 2594 laudibus
3185 2535 3342 2593 effert
3375 2554 3388 2590 :
3422 2537 3504 2592 in-

1915 2637 2091 2692 dolem
2133 2636 2364 2691 dicimus
2406 2633 2674 2703 lirigenae
2723 2632 2962 2686 nativam
3007 2639 3062 2685 et
3103 2629 3460 2684 inventricem
3486 2667 3504 2692 ,

1916 2744 2167 2794 acmnen,
2191 2725 2640 2797 profunditatem,
2667 2723 3070 2795 philosophiam
3098 2739 3224 2778 vere
3251 2721 3506 2776 christia-

1916 2837 2064 2884 nam,
2101 2817 2367 2874 sermonis
2401 2816 2854 2888 pulchritudinem
2879 2815 3352 2883 altitudinemque,
3374 2827 3504 2868 eru-

1915 2913 2197 2973 ditionem,
2241 2925 2433 2965 sensus
2477 2908 2767 2982 puritatem
2795 2917 2848 2962 et
2871 2905 3210 2970 divinitatem
3241 2905 3508 2974 Spiritua-

1916 3000 2074 3054 lisnm
2089 2999 2362 3070 propriam
2377 2997 2502 3070 (qua
2537 2997 2623 3051 ille
2645 2997 2860 3066 quidem
2885 2995 3240 3050 celeberrimo
3261 2993 3505 3048 omnium

1915 3102 2140 3164 poetae,
2198 3091 2408 3158 Dante,
2451 3091 2568 3146 viro
2596 3107 2704 3145 non
2737 3091 2945 3144 minare
2972 3130 2986 3152 ,
3027 3104 3188 3158 quam
3239 3101 3378 3158 quae
3426 3085 3506 3140 illi

1918 3187 2176 3258 contigit,
2228 3185 2426 3256 injuria
2470 3199 2566 3254 per
2603 3181 2822 3254 longum
2859 3191 3070 3253 tempus
3116 3180 3301 3250 inique
3343 3179 3510 3234 aesti-

1919 3287 2068 3334 mato
2118 3293 2182 3332 ac
2227 3275 2476 3347 neglecto
2521 3274 2810 3330 assimilari
2863 3273 3110 3346 potest);
3173 3279 3507 3343 postremum

1919 3381 2156 3442 systema
2220 3367 2617 3439 pantheismum
2663 3363 2912 3436 quamvis
2967 3363 3267 3435 attingens,
3327 3370 3508 3416 tamen

1919 3461 2286 3520 creatianismi
2327 3459 2464 3515 ﬁnes
2491 3458 2636 3514 haud
2664 3455 3084 3528 transgrediens,
3115 3469 3290 3524 neque
3317 3451 3509 3509 discri-

1920 3572 2065 3622 men,
2109 3553 2254 3623 quod
2285 3553 2428 3608 inter
2447 3550 2764 3607 Creatorem
2807 3557 2860 3605 et
2900 3557 3204 3606 creaturam
3236 3546 3506 3610 interest,

1921 3647 2030 3703 ullo
2076 3648 2236 3701 modo
2278 3643 2577 3700 resolvens.
2631 3643 2834 3699 Verum
2866 3641 3013 3698 enim
3048 3656 3180 3696 vero
3228 3639 3344 3710 ipsa
3391 3637 3511 3709 ejus

1919 3742 2126 3807 verba,
2179 3755 2408 3811 quorum
2473 3737 2796 3810 elegantiam
2849 3735 3013 3790 latine
3085 3733 3389 3804 exprimere
3453 3739 3508 3786 et

1922 3836 2144 3891 omnino
2188 3833 2414 3889 reddere
2447 3831 2538 3888 vix
2566 3829 2778 3902 possis,
2828 3829 2988 3885 liceat
3039 3826 3196 3884 nobis
3237 3827 3343 3881 hoc
3387 3823 3508 3879 loco
3545 3825 3558 3834 '

1923 3927 2255 3985 mwmm*:

2001 4038 2019 4070 ι
2051 4017 2246 4084 ﬂente,
2274 4016 2417 4072 mein
2441 4016 2612 4072 lieber
2631 4013 3020 4080 Freund,habe
3045 4013 3133 4068 ich
3157 4013 3261 4069 den
3291 4011 3504 4068 kleinen

1924 4131 2110 4202 Βενιιῄ
2146 4129 2258 4185 Von
2319 4129 2438 4202 l)r.r
2463 4127 2636 4202 Peder
2665 4127 2837 4202 lljort,
2887 4125 3052 4202 Ρ-νρξζ
3074 4125 3172 4181 der
3209 4123 3507 4181 deutschen

1927 4196 2469 4259 LiteraturinSort").
2503 4196 2892 4270 Kopenhagen,
2908 4196 3076 4270 718,25.
3155 4267 3162 4270 _
3268 4265 3385 4270 *μ’
3480 4202 3491 4213 ’

1999 4272 2068 4346 (c)
2106 4271 2511 4346 M‘ittltriiungeu
2539 4265 2664 4346 iiiier
2697 4265 2821 4346 den
2847 4268 3100 4346 Eiuﬂu-ss
3129 4267 3226 4322 der
3241 4265 3505 4346 _I_’_Itiloso-

1961 4337 2166 4412 hie'auf
2181 4343 2265 4396 die
2291 4337 2679 4413 Entioickelung
2699 4337 3224 4413 desimwruLebens.
3241 4337 3508 4403 Minister,

1965 4415 2014 4472 ei
2041 4411 2347 4484 Theissing,
2381 4413 2513 4468 1851
2548 4411 2668 4482 pag.
2701 4411 2806 4466 216
2833 4427 2948 4482 seq.

304 4522 340 4562 ἰ
363 4521 442 4578 En
467 4523 626 4596 istius
647 4523 904 4596 epistolae
943 4522 1245 4596 versionem
1275 4522 1518 4596 latinam,
1549 4535 1652 4590 qua
1691 4536 1819 4576 sen-

1925 4531 1978 4586 in
2005 4528 2100 4584 Dei
2121 4537 2372 4582 naturam
2399 4524 2818 4596 intelligendam,
2836 4533 2890 4580 et
2917 4523 2969 4580 in
2989 4523 3361 4596 explicandam
3387 4538 3511 4579 sen-

237 4609 360 4651 sum
385 4595 628 4651 auctoris
654 4595 809 4651 nobis
831 4593 1062 4650 assecuti
1091 4609 1211 4649 esse
1241 4593 1488 4648 videmur
1517 4609 1530 4645 :

314 4683 335 4718 ι
365 4663 558 4731 llodie,
605 4665 776 4720 amice
828 4665 1129 4726 carissime,
1164 4664 1314 4720 Scoti
1339 4662 1602 4733 Erigenae
1637 4663 1700 4716 de
1727 4659 1822 4716 Di-

240 4736 437 4792 uisione
485 4746 707 4790 naturae
744 4735 996 4791 volumen
1028 4735 1258 4800 absolvi,
1287 4743 1449 4803 atque
1481 4733 1640 4788 laudo
1667 4747 1825 4802 prae-

241 4808 474 4877 dieoque
501 4822 707 4877 casum,
732 4807 823 4876 qui
854 4806 983 4860 mihi
1011 4804 1349 4877 praeclarum
1381 4804 1511 4859 illud
1534 4811 1597 4877 et
1637 4817 1822 4857 rarum

242 4874 607 4948 opusbbviam
630 4874 845 4948 oltjecit.
870 4877 927 4932 ln
949 4874 1266 4948 perlegenda
1294 4874 1674 4948 disputatione,
1689 4887 1830 4943 quae

243 4946 327 5003 est
369 4948 438 5004 de
473 4946 912 5018 prin‘tordialibus
955 4946 1157 5018 causis,
1188 4946 1394 5018 iterum
1439 4953 1600 5013 atque
1631 4946 1826 4998 iterum

245 5015 510 5090 agnoscas
548 5032 779 5090 necesse.
795 5027 902 5082 est,
935 5016 1209 5090 contineri
1226 5016 1278 5070 in
1314 5015 1416 5072 hoc
1443 5029 1606 5090 opere
1635 5029 1830 5090 causas

247 5085 632 5160 primordiales
656 5087 1130 5160 innumerabilium
1160 5085 1830 5160 idearunrphilosophica-

249 5155 392 5225 rum,
423 5175 564 5230 quae
584 5169 768 5230 postea
807 5158 1048 5230 singulae
1079 5157 1301 5229 integris
1329 5155 1702 5230 philosophiae
1745 5169 1832 5230 sy-

249 5224 499 5286 stt-matis
545 5224 758 5286 animae
801 5244 866 5285 ac
893 5224 1051 5298 quasi
1103 5224 1292 5298 centra
1330 5224 1622 5282 exstitere.
1666 5224 1828 5298 Quin,

251 5301 294 5354 si
318 5303 649 5358 recentiores
669 5300 886 5371 quidam
909 5295 1447 5371 pltilosopbicandidi
1474 5311 1594 5371 esse
1609 5295 1828 5371 vellent,

252 5371 426 5442 palam
463 5365 866 5442 proﬁterentur,
901 5365 1499 5442 opinion—principalem
1521 5367 1621 5422 sibi
1655 5365 1830 5442 ideam

252 5437 319 5512 ah
343 5441 434 5496 Eri
441 5437 576 5512 gena
607 5437 1068 5498 subministratam
1079 5482 1094 5504 ,
1109 5437 1272 5512 atque
1286 5437 1497 5512 varias,
1513 5453 1647 5507 quas
1662 5437 1832 5512 iniere

255 5511 353 5581 ipsi
384 5507 646 5583 vias,ope
671 5512 990 5584 iErigeniani-
1022 5507 1220 5584 ingenii
1249 5509 1498 5566 altissimi
1533 5517 1588 5564 et
1627 5507 1829 5563 acutis-
1861 5573 1868 5580 ι

255 5585 378 5638 simi
409 5585 510 5638 sibi
533 5583 832 5654 patefactas
854 5599 996 5638 esse.

330 5673 349 5704 ί
405 5649 836 5724 Fundamentum
879 5654 1308 5724 disputationum
1348 5651 1708 5724 recentiorum
1767 5649 1834 5704 de

257 5735 437 5781 mente
461 5726 543 5780 sui
566 5726 780 5780 conscia
803 5722 980 5794 deque
1003 5724 1192 5794 triplici
1215 5722 1380 5792 hujus
1411 5722 1604 5794 mentis
1617 5728 1832 5794 natura,

259 5805 422 5870 atque
471 5797 690 5854 altiores
736 5792 1090 5868 cognitiones,
1121 5811 1258 5866 quae
1295 5794 1420 5851 inde
1463 5792 1830 5849 rcdtuuiarunt

1925 4600 2147 4657 tentiam
2185 4597 2625 4670 gravissimorum
2672 4596 3011 4670 quorundam
3048 4595 3392 4670 Christianae
3425 4609 3514 4670 re-

1925 4670 2142 4744 ligionis
2168 4665 2530 4744 decretorum,
2563 4667 2824 4744 denique,
2846 4676 2905 4744 ut
2931 4667 3166 4744 breviter
3192 4665 3509 4744 dic_am,_in-

1928 4735 2146 4796 véntum
2199 4738 2516 4794 recentioris
2563 4735 2934 4808 philosophiae
2985 4735 3157 4808 facile
3191 4736 3514 4808 primarium

1923 4811 2278 4884 jampridem
2319 4805 2854 4884 Erigena'proposuit
2902 4805 3080 4862 verbis
3099 4805 3205 4884 his
3241 4822 3254 4860 :
3306 4826 3322 4858 ι
3363 4805 3514 4884 Mens

1885 4944 1902 4956 ,
1924 4877 2138 4956 etenim
2167 4889 2222 4956 et
2249 4877 2493 4956 notitiam
2525 4877 2617 4956 sui
2635 4877 2826 4950 gignit,
2860 4887 2968 4956 eta
3013 4892 3072 4932 se
3098 4877 3212 4946 ipsa
3243 4891 3399 4956 amor
3429 4878 3510 4956 sui

1932 4962 1987 5010 et
2029 4952 2218 5008 notitia
2269 4951 2353 5004 sui
2403 4947 2665 5020 procedit,
2698 4947 2814 5018 quo
2861 4955 2914 5004 et
2957 4947 3072 5019 ipsa
3101 4956 3156 5002 et
3183 4947 3374 5004 notitia
3424 4948 3511 5004 sui

1932 5024 2376 5094 coniunguntur)
2391 5060 2404 5074 .

2011 5089 2248 5163 t'Neqtte
2283 5091 2461 5145 minus
2503 5089 2819 5170 admirabile
2861 5089 3070 5144 dicendi
3124 5089 3514 5170 genusErige-

1933 5159 2177 5228 niantnn,
2203 5176 2465 5231 nusquam
2496 5177 2600 5215 non
2626 5162 2899 5221 entheum,
2940 5176 3116 5214 raram
3148 5159 3396 5231 altissimi
3428 5159 3514 5231 iu-

1934 5235 2078 5307 genii
2107 5227 2228 5307 cum
2259 5227 2572 5307 acutissimo
2593 5235 3022 5307 conjunctionctn
3047 5245 3176 5307 prae
3205 5245 3268 5307 se
3291 5229 3413 5282 fert.
3445 5227 3516 5283 Ut

1934 5300 2160 5377 legendo
2182 5303 2336 5377 quasi
2363 5302 2536 5377 abripi
2561 5302 2864 5377 videarisin
2901 5303 3157 5372 templum
3191 5300 3272 5354 vel
3295 5313 3510 5354 sacrum

1937 5373 2138 5440 lucum,
2179 5373 2330 5428 miris
2367 5374 2686 5444 imaginibus
2736 5373 3012 5436 refertum,
3061 5379 3514 5444 resonanteznqne

1939 5439 2137 5505 divinis
2179 5446 2418 5507 vocibus,
2470 5439 2656 5497 intima
2707 5445 2846 5496 vit-ie
2891 5451 3097 5497 secreta
3135 5439 3512 5512 pandentibus.

1938 5521 2115 5588 Atque
2145 5518 2198 5571 in
2220 5516 2530 5588 universum
2561 5515 2856 5588 spiritualis
2885 5510 3252 5588 philosophiae
3273 5510 3511 5564 studium

1941 5589 1992 5646 id
2019 5581 2198 5651 cilicit,
2234 5598 2291 5640 ut
2318 5587 2548 5656 primum
2577 5581 2744 5654 magis
2766 5581 3039 5654 magisque
3057 5581 3373 5656 debilitetur‘
3390 5595 3513 5634 cum
3572 5593 3577 5600 '

1942 5649 2236 5715 matcrialis
2285 5649 2416 5718 vita,
2457 5664 2566 5708 tum
2608 5649 2971 5724 ριῆιιίιὶίιίιῖιιιξ
2999 5654 3139 5722 qttod
3167 5653 3218 5706 in
3265 5667 3327 5706 ea
3361 5649 3514 5724 latet,

1943 5731 2170 5802 negandi
2222 5721 2623 5796 absunt-teque
2643 5721 3029 5798 cogtiosccndi,
3063 5725 3355 5781 obscurum
3385 5721 3550 5779 illud
