4036 5376
480 392 645 451 Hl'

1598 393 1662 451 C.
1701 393 1763 450 Β.
1804 392 2238 450 SCHLUETERI
2274 392 2646 450 PREFATIO

3638 386 3740 447 112

479 487 633 558 libris
656 486 722 541 de
743 484 1015 541 Divisione
1041 484 1270 558 vestigia
1307 491 1363 541 et
1400 482 1703 557 fragmenta
1749 488 2060 558 systematis
2090 489 2139 549 Α
2170 486 2363 540 Verum
2413 501 2733 556 magnOpere
2792 486 3044 542 admirati
3082 500 3289 553 sumus,
3336 484 3476 556 quod
3522 482 3740 540 doctum

491 578 761 648 rujusdam
786 577 947 647 logici
976 592 1162 648 sparsa
1185 578 1409 648 reperit,
1424 577 1568 647 quod
1592 577 1700 632 late
1717 586 1909 649 patens
1930 579 2067 634 alte-

486 670 552 728 ri,
586 677 810 721 naturae
839 668 1049 723 scilicet
1080 670 1380 738 systemati,
1416 670 1811 739 quodammodo
1836 685 2065 741 respon-

496 759 638 813 deat.
666 758 913 814 Dictione
936 775 1103 830 prope
1124 759 1437 816 mechanica
1468 773 1624 818 utens
1659 763 1793 818 duas
1835 761 2065 818 afﬁrmat

480 849 725 903 idearum
755 848 942 912 series,
968 849 1392 920 philosophieam
1419 851 1539 906 dico
1567 860 1623 908 et
1669 851 2020 923 theologicam
2042 891 2057 915 ,

480 940 638 1009 quasi
675 939 904 995 difﬁssas
933 930 1156 995 alteram
1180 940 1333 1009 juxta
1364 941 1589 997 alteram
1615 957 1710 1014 per
1731 951 1899 998 totum
1928 957 2061 1013 opus

477 1029 555 1083 ita
581 1029 811 1100 porrigi,
851 1038 910 1084 ut
938 1029 1390 1100 inphilosopbica
1438 1033 1834 1101 pautheismum
1871 1042 2061 1088 auctor

478 1119 624 1177 haud
654 1119 890 1190 ell‘ugiat,
930 1135 1091 1191 quem
1120 1130 1297 1177 tamen
1337 1123 1389 1176 in
1423 1123 1720 1194 theologica
1768 1125 2061 1181 immutans

481 1221 644 1282 atque
673 1212 953 1269 inﬂectens
986 1214 1224 1285 dogmati
1279 1217 1685 1271 accommodare
1735 1215 1964 1272 studeat.
2002 1217 2060 1272 Si

486 1318 576 1359 res
630 1305 795 1360 seculi
835 1306 1027 1360 decimi
1068 1306 1314 1374 publicae
1356 1308 1535 1363 minus
1571 1308 1909 1364 turbulentae
1945 1311 2060 1365 ani-

488 1396 699 1466 misque
723 1397 779 1451 in
828 1396 1019 1452 altiora
1048 1398 1224 1452 studia
1260 1397 1538 1453 elevandis
1580 1398 1758 1453 minus
1802 1398 2060 1454 adversae

482 1489 731 1552 fuissent,
782 1488 1018 1542 scholam
1079 1488 1356 1543 existimat
1406 1489 1537 1543 oriri
1597 1489 1870 1558 potuisse,
1921 1504 2060 1557 quae

480 1578 665 1634 vitatis
698 1577 959 1651 Erigenae
983 1580 1260 1635 erroribus
1303 1581 1369 1634 ad
1399 1580 1705 1635 intuitivam
1739 1580 2061 1637 accessisset

486 1669 840 1726 Orientalium
872 1672 1150 1726 scientiam
1185 1680 1241 1725 et
1267 1672 1551 1727 rationem.

550 1766 687 1820 Cum
710 1763 941 1821 Gerbeto
962 1774 1071 1820 tres
1092 1765 1677 1834 praestantissimorum
1701 1764 1752 1819 iu
1769 1764 2059 1820 Germania

2166 576 2465 646 Hegelium,
2498 578 2588 646 qui
2613 578 2752 632 idem
2778 578 3078 643 dialectico,
3104 588 3163 632 ut
3190 578 3291 632 hoc
3313 586 3527 631 utamur
3554 576 3739 638 verbo,

2166 669 2432 724 monismo
2478 685 2576 725 suo
2618 679 2726 725 tam
2775 669 3070 725 multifarie
3114 670 3428 725 memoriam
3476 669 3743 739 Erigenae

2164 758 2337 823 aﬂ'ert,
2365 768 2570 815 tantum
2614 776 2680 816 ex
2728 761 2915 816 auditu
2952 760 3034 815 vel
3088 760 3333 830 abruptis
3380 777 3445 815 ex
3496 758 3745 830 partibus

2164 850 2428 923 Erigenae
2467 866 2629 921 opera
2683 860 2955 922 comperta
2996 851 3197 906 habere
3234 850 3570 905 videbamus.
3622 848 3743 902 Alia

2162 944 2307 999 enim
2336 943 2543 998 ratione
2569 942 2686 998 ﬂeri
2738 958 2842 997 non
2870 941 3063 1013 potuit,
3091 950 3153 997 ut
3184 950 3291 996 tam
3334 940 3509 996 obiter
3536 946 3590 994 et
3638 946 3749 993 tam

2162 1033 2425 1104 profunda
2439 1034 2656 1089 levitate
2671 1032 2821 1087 illum
2840 1033 3167 1095 tractaverit,
3192 1046 3298 1102 qua
3328 1031 3381 1085 id
3400 1030 3603 1086 factum
3627 1042 3752 1084 esse

2163 1139 2353 1179 revera
2376 1123 2675 1193 reperimus
2706 1116 2768 1177 in
2818 1122 2935 1193 ejus
2986 1122 3208 1195 historia
3256 1120 3623 1191 philosophiae
3655 1117 3747 1189 (ε).

2162 1214 2409 1268 Attamen
2461 1228 2583 1267 cum
2646 1211 2874 1283 Erigena
2933 1225 3116 1266 veram
3184 1209 3583 1282 philosophiam
3645 1208 3751 1262 ini-

2162 1308 2297 1361 tium
2324 1307 2530 1377 cepisse
2557 1305 2829 1378 agnoscit;
2875 1311 3200 1361 sectatorem
3238 1301 3752 1374 Neoplatonicorum

2163 1408 2217 1452 et
2268 1397 2505 1469 Dionysii
2555 1396 2909 1469 Areopagitae
2960 1396 3131 1466 ipsum
3191 1393 3441 1464 appellat.
3501 1390 3753 1447 Philoso-

2161 1489 2347 1560 phiam
2400 1489 2517 1557 ejus
2564 1487 2887 1558 profundam
2936 1496 3250 1567 rectamque
3289 1499 3410 1540 esse
3454 1482 3603 1547 dicit,
3656 1480 3756 1535 sed

2165 1585 2329 1655 (quod
2374 1583 2650 1654 Hegelium
2694 1579 3034 1636 contendisse
3063 1580 3244 1633 animo
3274 1577 3363 1632 vix
3387 1573 3600 1644 concipi
3652 1587 3751 1642 po-

2164 1680 2289 1745 test)
2313 1675 2527 1746 exegesi
2562 1684 2618 1729 et
2641 1674 2861 1729 Patrum
2882 1671 3205 1727 auctoritate
3229 1669 3371 1725 haud
3396 1668 3602 1733 nixam,
3636 1666 3749 1721 imo

2167 1781 2337 1836 prope
2359 1766 2778 1838 syncretismum
2808 1762 3159 1818 referentem!

480 1858 925 1928 philosophorum
964 1856 1303 1912 Fridericnm
1343 1872 1372 1910 a
1402 1856 1665 1927 Schlegel,
1710 1855 2064 1910 Franciscum
2093 1843 2141 1903 Β
2239 1858 2382 1912 Inter
2407 1871 2500 1911 eos
2528 1872 2658 1911 vero
2693 1854 3091 1919 recentiorum,
3123 1852 3216 1923 qui
3267 1866 3373 1907 non
3416 1849 3590 1907 solum
3627 1864 3752 1905 cum

482 1965 515 2002 a
542 1948 771 2015 Baader,
795 1957 849 2004 et
878 1948 1169 2003 Antonium
1194 1947 1442 2005 Giinther
1465 1950 1712 2003 conferre
1734 1956 1914 2017 aptum
1936 1946 2062 2000 erit.

484 2042 723 2108 Quorum
748 2041 955 2110 primus
984 2055 1091 2094 non
1122 2039 1350 2103 dubitat,
1383 2039 1510 2108 quin
1552 2037 1710 2093 medii
1752 2037 1867 2091 aevi
1896 2034 2069 2105 philo-

483 2132 671 2200 sophia
698 2145 1009 2186 successum
1034 2128 1310 2184 habuisset
1337 2129 1637 2188 laetiorem.
1679 2126 1724 2180 si
1768 2133 1981 2196 praeter
2006 2123 2065 2179 S.

484 2219 880 2284 Bernhardum,
901 2217 1233 2283 Anselmum,
1257 2218 1516 2287 aliosque,
1546 2215 1831 2287 Erigenam
1854 2213 2070 2284 potissi-

484 2330 654 2379 mum,
681 2327 840 2382 quem
869 2312 1242 2382 philosophum
1270 2311 1635 2368 Christianum
1663 2323 1833 2378 aeque
1857 2308 2067 2379 perspi-

485 2424 665 2465 cuum-
699 2417 754 2461 et
810 2405 1110 2476 simplicem
1166 2413 1327 2475 atque
1380 2404 1449 2459 ab
1494 2402 1639 2459 omni
1693 2400 1829 2456 falso
1887 2415 2069 2455 rerum

484 2498 850 2553 rimandarum
888 2497 1065 2553 studio
1113 2496 1380 2558 alienum,
1431 2502 1488 2548 et
1523 2492 1743 2547 meliore
1762 2506 1858 2545 suo
1903 2489 2071 2560 ipsius

480 2590 684 2661 judicio
707 2596 962 2652 utentem,
993 2586 1245 2658 appellat,
1285 2594 1510 2655 sequuta
1551 2582 1741 2637 fuisset
1769 2581 1865 2653 (a).
1895 2580 2067 2646 Alter,

488 2681 579 2734 Fr.
612 2697 640 2734 a
661 2678 892 2744 Baader,
920 2678 1003 2731 vir
1029 2676 1385 2741 clarissimus,
1409 2674 1521 2743 jam
1563 2687 1706 2727 anno
1752 2670 1914 2734 1824,
1939 2678 1994 2726 et
2015 2670 2070 2723 in

488 2772 645 2835 libro,
671 2784 830 2841 quem
856 2758 1143 2823 Fermeiita
1171 2766 1492 2839 cognitionis
1540 2764 1841 2831 inscripsit,
1875 2769 1929 2816 et
1953 2759 2072 2814 aliis

490 2862 624 2917 locis
650 2860 910 2915 lectorum
960 2874 1179 2914 suorum
1226 2858 1434 2913 animos
1463 2855 1528 2910 ad
1557 2852 1912 2923 speculativas
1940 2865 2070 2920 0pc-

490 2969 610 3007 rum
653 2954 911 3023 Erigenae
942 2949 1239 3005 sententias
1260 2947 1512 3011 advertit.
1559 2944 1894 3014 Saepiusque
1923 2956 2070 3005 eum,

488 3046 578 3100 ubi
611 3046 724 3114 ipse
762 3061 885 3099 cum
917 3044 1005 3098 illo
1042 3043 1341 3108 consentit,
1383 3041 1589 3104 citatis,
1628 3038 1772 3093 haud
1812 3036 2075 3091 inﬁtiatur

491 3137 726 3207 quidem,
772 3136 1057 3205 Erigeuam
1090 3134 1178 3190 hic
1221 3133 1332 3188 illic
1366 3131 1764 3202 pantheismum
1805 3127 2071 3198 attigisse,

495 3229 664 3283 solam
693 3237 868 3282 tamen
920 3226 1041 3280 Mali
1078 3226 1347 3281 notionem
1379 3226 1444 3277 ab
1472 3239 1536 3277 eo
1563 3220 1888 3291 propositam
1933 3219 2074 3273 vitu-
2105 3207 2149 3268 C

492 3330 669 3393 perat,
698 3334 807 3392 qua
835 3320 888 3373 in
914 3317 1248 3389 neologicam
1282 3315 1701 3369 abstractionem
1744 3310 1991 3365 inciderit
2025 3318 2082 3363 et

495 3424 781 3483 propterea
806 3427 840 3466 a
867 3410 1129 3466 catholica
1158 3407 1313 3482 (Pag.
1337 3408 1473 3478 Xlll)
1502 3407 1737 3463 Ecclesia
1761 3405 1956 3461 merito
1977 3404 2079 3458 im-

497 3508 755 3577 probatus
782 3502 960 3576 sit(b).
981 3503 1071 3558 Dr.
1097 3504 1164 3557 A.
1187 3492 1434 3577 Giinther
1459 3510 1660 3567 autem,
1679 3500 1768 3556 ubi
1790 3501 1857 3556 de
1878 3497 2083 3554 eﬂ‘ecti-

496 3598 600 3654 bus
650 3597 1079 3668 protestantismi
1130 3611 1431 3652 sermonem
1502 3594 1628 3650 facit
1670 3593 1760 3666 (c),
1805 3594 2081 3668 antiqnam

499 3665 896 3746 Catholicorum
927 3689 978 3742 in
1003 3687 1165 3742 rebus
1186 3686 1528 3757 speculativis
1549 3665 1855 3741 libertatem
1877 3665 2078 3747 laudat,

499 3798 729 3853 eamque
747 3798 868 3838 cum
885 3782 1141 3837 hodierna
1163 3780 1462 3835 antistitum
1475 3777 1751 3835 Ecclesiae
1776 3777 2081 3841 timiditate,

506 3889 648 3944 quae
676 3888 798 3928 cum
828 3872 1268 3942 protestantismo
1294 3870 1535 3933 incessit,
1559 3883 1900 3938 comparans,
1925 3864 2086 3922 simul

506 3980 629 4020 cum
682 3961 739 4018 S.
796 3962 1090 4033 Augustino
1138 3961 1400 4032 Erigenae
1456 3959 1761 4030 exemplum
1803 3973 1869 4014 eo
1907 3958 2085 4028 aptius

503 4053 697 4112 allerre
727 4055 916 4124 potuit,
940 4070 1047 4124 quo
1067 4054 1353 4109 incertiora
1376 4053 1556 4109 omnia
1579 4060 1722 4119 sunt,
1739 4067 1878 4122 quae
1896 4051 2087 4122 primis

503 4157 628 4221 post
676 4148 959 4220 Erigenam
1016 4148 1210 4205 seculis
1256 4149 1514 4203 adversus
1546 4162 1668 4202 eum
1741 4146 1808 4202 ab
1844 4144 2087 4201 Ecclesia

507 4253 627 4299 acta
653 4258 774 4299 esse
803 4243 1072 4299 dicuntur.
1722 4282 1727 4285 η

575 4332 687 4389 Nec
726 4334 906 4389 minus
933 4334 1121 4388 doctus
1159 4332 1418 4387 historiae
1458 4330 1829 4400 philosOphiae
1856 4329 2088 4398 scriptor

505 4420 714 4476 Rixner
738 4422 816 4490 (ἀ)
847 4422 1132 4490 Erigenam
1160 4412 1534 4490 philosophum
1582 4433 1853 4488 magnum,
1907 4417 2089 4487 singu-

507 4510 700 4577 larem,
729 4511 1003 4567 dialectica
1027 4527 1090 4566 ac
1110 4513 1334 4583 mystica
1357 4519 1471 4565 arte
1495 4518 1552 4566 et
1569 4509 1795 4565 scientia
1816 4506 2083 4580 insignem

503 4619 605 4674 pro
620 4603 882 4671 dignitate
911 4603 1183 4667 aestimat,
1218 4610 1274 4656 et
1296 4601 1593 4671 pleniorem
1614 4616 1836 4671 operum
1864 4601 1932 4656 de
1956 4600 2089 4656 divi-

505 4694 659 4749 sione
685 4692 921 4750 Naturae
969 4703 1024 4748 et
1072 4694 1138 4749 de
1172 4692 1670 4750 Praedestinatione
1709 4693 1981 4762 epitomen
2028 4692 2088 4749 in

508 4784 618 4842 line
671 4785 802 4841 tomi
856 4785 1077 4843 secundi
1125 4785 1387 4842 historiae
1440 4783 1814 4856 philosophiae
1864 4782 2083 4855 adjecit.

509 4987 515 4993 ‘
580 4980 656 5050 (a)
686 4976 1022 5102 Philoxne/tie
1048 4980 1142 5035 der
1167 4979 1485 5036 Geschichte.
1515 4980 1748 5048 Tom.ll,
1778 4995 1833 5052 p.
1860 4979 1982 5036 159.
2001 4980 2082 5037 Cf.

509 5048 668 5102 Huao
701 5067 750 5102 υ.
784 5051 866 5102 St.
952 5051 1109 5102 ictor.
1140 5067 1246 5102 von
1273 5051 1366 5102 Dr.
1399 5052 1665 5102 Liebener
1683 5068 1738 5102 n.
1767 5051 1819 5102 7.
1844 5059 1899 5102 et.
1926 5049 2082 5102 Uebet

505 5048 668 5124 nugo
701 5067 750 5106 υ.
784 5051 872 5128 Si.

1080 5139 1083 5141 “
1165 5122 1252 5160 "ll
1312 5122 1552 5166 ῘἾιΙιτΙδριο
1576 5119 1702 5172 υοιι-
1722 5119 1918 5166 (ιρι-ειη»
1987 5136 2090 5170 vnn

2111 4568 2166 4629 D

952 5051 1109 5134 ictor,
1140 5067 1246 5134 v'on
1273 5051 1375 5134 Dr...
1399 5052 1665 5134 Liebener
1683 5049 1819 5134 p27.
1844 5059 1899 5107 et
1926 5049 2092 5105 Ueber
2195 5049 2306 5110 thei

2170 1948 2388 2019 llegelio
2411 1949 2694 2019 Erigenam
2739 1961 2907 2017 prope
2947 1944 3281 2015 ignorarunt,
3314 1941 3397 1997 vel
3443 1955 3566 1997 cum
3615 1937 3756 1994 fastu

2170 2042 2538 2114 neglexerunt,
2583 2040 2677 2096 sed
2713 2039 2876 2094 etiam
2918 2037 3161 2109 priorum
3189 2045 3491 2105 temporum
3539 2028 3757 2100 injusti-

2172 2136 2302 2191 tiam
2329 2134 2564 2204 sequuti,
2624 2131 2711 2202 pie
2772 2145 2935 2202 agere
2995 2143 3116 2184 sese
3169 2126 3573 2187 existimarunt,
3624 2123 3755 2178 dum

2174 2228 2533 2283 inveteratum
2603 2226 2670 2280 de
2727 2223 2817 2278 illo
2858 2220 3246 2293 praejudicium
3290 2218 3326 2256 ⁸
3390 2217 3568 2272 denuo
3627 2230 3756 2270 con-

2173 2321 2455 2376 ﬁrmarent
2495 2320 2877 2388 acuerentque,
2930 2313 3216 2371 nonnullos
3244 2309 3632 2381 conspicimus,
3661 2307 3757 2377 qui

2174 2416 2365 2470 timore
2392 2414 2586 2483 partim
2608 2412 2857 2468 laudabili
2881 2412 3023 2467 ducti
3048 2450 3066 2477 ,
3092 2426 3157 2465 ne
3176 2407 3542 2465 Christianum
3563 2406 3757 2476 dogma

2174 2518 2227 2562 ct
2252 2508 2431 2577 opinio
2458 2508 2522 2562 de
2555 2507 2821 2577 scriptore
2844 2513 3029 2559 nostro
3054 2502 3204 2573 quasi
3233 2500 3530 2570 antiquitus
3557 2498 3757 2553 tradita

2175 2599 2515 2663 laederetur,
2566 2598 2620 2652 in
2677 2596 3034 2665 diiudicandis
3087 2595 3348 2665 Erigenac
3395 2592 3639 2654 meritis,
3682 2589 3762 2643 fas

2177 2690 2616 2760 aequitatemque
2663 2695 3101 2758 postposuerunt.
3151 2685 3247 2741 llis
3291 2684 3556 2739 accedunt
3621 2682 3712 2735 alii
3742 2721 3756 2744 ,

2175 2797 2405 2853 quorum
2436 2780 2706 2849 ingenium
2737 2822 2752 2843 ,
2801 2794 2922 2835 cum
2983 2793 3095 2833 rem
3136 2776 3495 2832 Christianam
3552 2772 3764 2826 ratione

2176 2890 2326 2930 mere
2352 2874 2606 2930 historica
2630 2871 2789 2943 (Pag.
2820 2870 2960 2941 XIV)
2986 2878 3221 2926 tractare
3247 2868 3500 2940 gestiant,
3522 2880 3762 2929 omnem,
3863 2924 3877 2934 ν

2181 2983 2320 3037 quae
2348 2981 2580 3036 unquam
2608 2965 2850 3028 emersit,
2877 2963 3259 3034 speculativam
3290 2959 3561 3031 dogmatis
3609 2958 3760 3013 inda-

2177 3061 2444 3129 gationem
2495 3068 2549 3112 et
2600 3056 3010 3127 explicationem
3079 3052 3479 3126 profundiorem
3535 3050 3764 3122 spernit.

2180 3149 2285 3203 Alii
2318 3147 2569 3217 denique,
2604 3147 2960 3202 recentiorum
3006 3154 3381 3217 systematum,
3411 3157 3578 3199 verae
3605 3141 3770 3197 liber-

2183 3238 2279 3292 tati
2322 3236 2664 3292 Christianae
2728 3235 3109 3304 speculationis
3171 3234 3348 3289 minus
3419 3231 3767 3295 faventium,

2182 3346 2411 3401 eamque
2461 3330 2604 3385 inter
2648 3330 2781 3385 lines
2827 3328 2989 3384 nimis
3033 3336 3287 3398 angustos
3340 3326 3766 3388 coarctantium,

2181 3421 2521 3493 praeiudiciis
2538 3420 2801 3490 impliciti
2847 3420 3131 3475 admodum
3170 3419 3386 3488 quidem
3426 3425 3649 3481 cavent,
3700 3431 3769 3470 ne

2182 3513 2326 3568 Deus
2352 3527 2475 3567 cum
2502 3518 2751 3566 creatura
2782 3523 2930 3565 more
2948 3508 3225 3580 gentilium
3244 3506 3604 3579 pantheistice
3630 3520 3767 3560 con-

2184 3604 2476 3667 fundatur,
2539 3617 2876 3671 nequaquam
2927 3614 3058 3656 vero
3106 3599 3359 3671 abyssum
3417 3597 3484 3669 (f)
3539 3597 3769 3660 timent,

2183 3695 2325 3749 inter
2351 3702 2635 3763 utrumque
2654 3692 2847 3747 iterum
2870 3691 3129 3755 hiantem,
3148 3705 3309 3760 quem
3337 3697 3474 3743 teste
3501 3686 3562 3742 S.
3600 3687 3770 3742 Paulo

2142 3790 2149 3797 ’
2185 3787 2275 3854 (ad
2297 3785 2557 3854 Ephesios
2585 3785 2646 3840 C.
2675 3784 2738 3850 ll,
2772 3801 2825 3839 v.
2872 3785 2960 3849 l5,
2997 3798 3112 3855 seq.
3153 3793 3209 3839 et
3249 3782 3316 3838 ad
3358 3782 3566 3838 Coloss.
3617 3780 3679 3836 C.
3729 3783 3771 3845 ι,

2183 3894 2239 3933 v.
2277 3878 2365 3949 l9)
2397 3876 2643 3933 Salvator
2687 3886 2870 3932 noster
2898 3877 2971 3931 ita
3009 3875 3223 3940 clausit,
3266 3883 3325 3929 ut
3366 3892 3385 3926 ι
3426 3882 3662 3942 utraque
3696 3870 3772 3925 fa-

2185 3982 2330 4027 ceret
2355 3986 2516 4025 unum
2558 3990 2603 4024 ι.
2658 3969 2805 4025 Inter
2833 3968 3094 4038 ejusmodi
3121 3968 3266 4022 viros
3318 3964 3646 4021 numerandi
3697 3963 3772 4017 vi-

2186 4065 2382 4118 dentur
2426 4062 2718 4130 scriptores
2760 4060 3022 4116 historiae
3066 4058 3403 4113 Francorum
3446 4054 3772 4115 litterariae,

2187 4154 2437 4218 Maurini,
2466 4153 2702 4209 Thomas
2748 4152 2929 4208 Moore
2974 4160 3031 4208 et
3073 4152 3166 4207 Dr.
3210 4150 3271 4206 C.
3318 4148 3382 4204 F.
3445 4147 3622 4211 Hock,
3673 4146 3770 4202 viri

2187 4259 2310 4300 cum
2347 4254 2566 4315 propter
2596 4243 2852 4306 indolem,
2880 4252 2992 4297 tum
3021 4249 3243 4312 propter
3289 4238 3493 4311 ingenii
3540 4252 3770 4293 acumen

2189 4335 2596 4405 doctrinamque
2644 4335 2786 4389 haud
2831 4349 2998 4404 parvo
3029 4331 3369 4388 aestimandi.
3415 4331 3616 4383 Verum
3649 4342 3770 4384 eum

2188 4426 2275 4482 his
2298 4439 2403 4480 non
2430 4425 2779 4495 litigahimus,
2803 4425 2927 4494 quia
2956 4438 3064 4488 res,
3095 4424 3163 4478 de
3181 4437 3288 4492 qua
3315 4420 3625 4490 quaeritur,
3650 4434 3774 4489 pro-

2189 4525 2312 4587 pter
2333 4514 2678 4586 singularem,
2709 4529 2869 4585 quam
2897 4514 2974 4569 illi
3001 4522 3299 4584 sequuntur
3332 4512 3386 4567 in
3432 4511 3599 4568 rebus
3624 4526 3774 4567 scru-

2190 4609 2369 4665 tandis
2390 4617 2445 4665 et
2472 4608 2831 4681 diiudicandis
2855 4607 3189 4676 methodum,
3211 4607 3316 4664 hoc
3334 4604 3454 4662 loco
3474 4606 3566 4661 Vix
3592 4610 3775 4675 posset

2186 4700 2412 4758 absolvi.

2260 4791 2381 4848 Jam
2402 4807 2530 4849 vero
2562 4806 2685 4865 cum
2731 4791 2856 4859 alio,
2897 4790 2944 4848 si
2974 4806 3081 4848 non
3108 4790 3387 4862 Erigeuae,
3425 4795 3609 4844 tamen
3659 4784 3773 4855 ejus

2263 4982 2334 5107 (is?
2361 4982 2445 5038 Cf.
2483 4979 2769 5063 Vorscltule
2797 4996 2894 5035 aur
2930 4977 3185 5063 apeltulat.
3222 4975 3497 5047 Tlteologie
3516 5016 3533 5039 ,
3563 4974 3635 5031 ll.
3665 4974 3773 5030 Ab-

2263 5069 2306 5107 et
2330 5091 2372 5107 ..
2400 5051 3009 5107 Incarnattons-tlteorte.
3036 5048 3303 5107 Vorwort.
3332 5061 3455 5107 pag.
3493 5062 3595 5101 xu.

2330 5091 2372 5119 .,
2400 5048 3009 5115 lncarnations-theorie,
3036 5048 3303 5114 Vorwort,
3332 5061 3455 5118 pag.
3493 5062 3595 5101 xu.

2881 5138 2920 5156 ΙἸ
3017 5139 3115 5154 1⁸1

3269 5137 3281 5154 '
3302 5152 3341 5167 ντ
3419 5134 3769 5212 Dhilnsnpltt'f.
