4056 6276
226 336 340 397 H3

1156 413 1161 417 _
1242 334 1310 390 ΙΝ
1342 332 1603 392 LIBRUM
1646 334 1735 391 DE
1773 334 2111 393 DIVISIONE
2146 336 2477 404 ΝΑἸΉΒΛΕ,

3399 335 3505 397 1M

226 454 513 509 doctrinae
542 449 855 506 adversario
887 450 941 505 in
969 459 1245 507 certamen
1294 453 1707 517 descendantus,
1731 451 1822 521 qui
1850 458 1902 515 Α
1928 453 2199 517 metltodo,
2233 453 2356 507 licet
2385 453 2558 523 magis
2593 451 2932 521 scholastice,
2961 460 3248 522 tractasse,
3277 464 3502 511 conten-

223 551 342 602 tam
374 541 782 615 mytltologiam,
824 556 983 610 quam
1028 541 1308 597 historiam
1341 543 1683 613 percognitas
1727 542 1819 596 lia-

223 634 387 698 bens,
414 649 514 689 nec
539 633 718 688 minus
740 632 1084 689 Christianae
1111 632 1494 704 speculationis
1541 631 1821 703 profundi-
1854 708 1858 712 Δ

226 738 404 782 tatem
456 727 703 793 edoctus,
756 728 1094 798 eandemque
1139 727 1474 798 perspiciens
1530 736 1585 781 et
1634 740 1819 780 amore

225 818 585 889 amplectens,
618 827 951 889 postremum
982 819 1190 890 integre
1230 818 1348 874 sine
1402 817 1580 874 studio
1626 824 1681 871 et
1718 817 1817 882 ira,

224 918 397 980 atque
417 926 483 966 ex
511 911 756 980 autopsia
798 910 1044 981 judicare
1096 910 1287 967 solitus
1313 941 1386 952 —
1431 925 1576 964 nunc
1614 918 1818 973 tamen,

224 1003 377 1071 quod
417 1004 636 1069 mirum,
696 1003 751 1057 in
803 1003 921 1059 acie
956 1003 1139 1059 hostili
1183 1003 1532 1075 conspicitur.
1579 1001 1820 1056 Dicimus

221 1092 275 1150 J.
310 1092 537 1159 Ger-res,
572 1093 938 1165 professorem
985 1093 1259 1150 Monachii
1307 1094 1611 1160 docentem,
1640 1094 1819 1148 virum

222 1192 534 1247 eruditione
582 1200 637 1246 et
679 1191 879 1246 mentis
923 1189 1172 1246 acumine
1226 1190 1511 1261 insignem,
1545 1187 1700 1258 cujus
1754 1188 1822 1243 de

223 1284 459 1355 Erigena
494 1283 819 1339 sententiam
849 1283 1097 1339 consulto
1126 1297 1294 1354 usque
1317 1283 1385 1338 ad
1411 1282 1573 1337 ﬁnem
1606 1282 1820 1338 citatio-

221 1391 359 1429 num
388 1382 698 1431 nostrarum
748 1374 1074 1441 distulimus,
1108 1384 1169 1429 ut
1213 1374 1331 1447 ejus
1375 1375 1442 1429 de
1470 1373 1612 1429 illius
1644 1375 1825 1428 ortbo«

221 1466 390 1521 doxia
404 1467 638 1536 placitis,
662 1467 861 1537 quippe
884 1466 950 1522 ad
976 1462 1119 1537 quae
1147 1467 1311 1521 etiam
1340 1477 1644 1521 ceterorum
1682 1464 1825 1519 vitu-

220 1562 378 1632 peria
434 1576 606 1632 paene
659 1562 841 1617 omnia
890 1561 1161 1627 redeant,
1234 1559 1439 1631 aliquot
1503 1568 1822 1629 argumenta

222 1654 470 1710 maxime
494 1670 561 1710 ex
585 1655 703 1725 ipso
725 1654 955 1726 Erigena
999 1655 1164 1725 petita
1193 1667 1610 1725 opponeremus,
1649 1661 1705 1708 et
1733 1668 1822 1718 ea,

222 1764 339 1818 qua
372 1747 537 1810 decet,
565 1746 892 1813 reverentia,
922 1755 977 1801 et
1003 1745 1105 1815 ipsi
1132 1753 1187 1800 et
1211 1745 1487 1810 omnibus,
1509 1743 1600 1814 qui
1627 1745 1694 1797 de
1722 1742 1825 1798 hac

1924 562 2057 616 tum,
2082 550 2370 606 dummodo
2393 549 2628 603 divinam
2659 557 2877 621 urgeret
2901 550 3181 605 unitatem.
3215 549 3500 606 Creantem

1922 656 2097 702 autem
2122 646 2295 701 creari
2323 654 2569 699 naturam
2591 660 2710 700 eam
2734 645 2803 700 ob
2827 660 2939 700 rem
2966 642 3034 697 ab
3053 643 3281 714 Erigeoa
3299 640 3501 705 doceri,

1922 739 2045 808 quia
2070 739 2211 792 Deus
2235 735 2699 806 supcressentialis
2727 742 2783 790 et
2820 732 3347 805 snperqualitativus,
3376 730 3504 785 dum

1922 847 1988 885 ex
2029 831 2338 886 aonomasia
2384 830 2438 884 in
2493 827 2958 899 pantonomasiam
3008 841 3105 897 per
3153 821 3543 893 theophanias'

1923 924 2075 993 quasi
2130 921 2407 992 procedat,
2443 937 2539 991 per
2589 922 2729 975 hanc
2772 917 3171 991 processionem
3220 912 3507 985 (quatenus

1921 1030 2018 1085 per
2044 1014 2212 1078 ideas,
2245 1014 2357 1069 sive
2387 1015 2497 1070 θεῖα
2524 1013 2778 1085 θελήματα
2822 1010 2939 1065 sive
2984 1008 3342 1088 προορὶσματα
3392 1005 3508 1060 sive

1921 1105 2234 1184 πρωτότυπα
2250 1119 2368 1160 sese
2382 1104 2632 1173 explicet)
2648 1101 3043 1173 quodammodo
3055 1097 3236 1154 omnia
3258 1097 3311 1151 in
3334 1095 3509 1151 omni-

1922 1182 2025 1252 bus
2068 1195 2177 1250 fiat.
2223 1194 2562 1273 Postremum
2611 1202 2781 1258 notat,
2827 1191 3057 1247 eundem
3105 1188 3173 1245 de
3209 1182 3508 1257 septiformi

1922 1288 2097 1344 reditu
2122 1297 2348 1343 naturae
2376 1296 2593 1343 creatae
2623 1303 2728 1341 non
2763 1284 3000 1341 creantis
3041 1282 3096 1337 in
3130 1280 3323 1345 Deum,
3348 1286 3403 1333 et
3444 1276 3514 1333 de

1923 1379 2156 1435 transitu
2211 1378 2528 1435 inferiorum
2574 1378 2628 1432 in
2676 1377 2999 1447 superiora,
3052 1382 3109 1429 et
3154 1371 3396 1427 omnium
3452 1368 3512 1426 in

1925 1470 2117 1537 Deum,
2148 1471 2239 1539 qui
2270 1470 2482 1524 tandem
2504 1469 2650 1525 solus
2676 1478 2947 1539 superstes
2976 1466 3065 1529 sit,
3098 1473 3257 1520 acute
3282 1471 3338 1519 et
3367 1463 3514 1533 inge-

1925 1563 2079 1618 niose
2110 1571 2366 1627 tractare,
2397 1562 2491 1618 sed
2521 1562 2686 1618 etiam
2715 1562 2818 1618 hoc
2844 1561 2962 1617 loco
2988 1557 3316 1632 pantheismi
3357 1571 3514 1614 erro-

1926 1668 2040 1708 rem
2071 1669 2177 1709 non
2203 1650 2475 1724 ell‘ugisse.

1996 1744 2114 1799 Jam
2156 1745 2199 1800 si
2221 1744 2356 1799 haec
2383 1743 2449 1798 de
2468 1742 2644 1814 pretio
2672 1740 2906 1797 decretis
2931 1737 3217 1810 Erigenae,
3245 1745 3516 1810 quatenus

222 1857 289 1894 re
311 1839 561 1908 judicare
584 1848 832 1910 possunt,
871 1824 1197 1908 scriptorum
1225 1838 1489 1908 Erigenae
1514 1836 1823 1907 relegendo-
1849 1828 1897 1889 Β
1924 1839 2119 1910 dogma
2176 1846 2422 1908 spectant
2471 1847 2633 1906 atque
2673 1835 2979 1899 scientiam,
3025 1832 3311 1887 tribuendo
3355 1831 3516 1886 modo

219 1949 348 1987 rum
374 1949 564 1987 ausam
587 1933 999 2003 praeberemus.
1026 1930 1284 2000 Quamvis
1301 1930 1441 1985 enim
1458 1929 1631 2001 parati
1651 1929 1819 1983 simus

223 2024 292 2079 ad
334 2023 711 2093 accipiendum
762 2023 1141 2093 responsiones
1187 2021 1522 2094 argumentis
1568 2018 1823 2090 probatas

222 2132 415 2171 eorum
447 2116 710 2182 omnium,
741 2116 832 2186 qui
862 2116 1024 2171 etiam
1065 2123 1198 2180 tum,
1231 2129 1396 2185 quum
1424 2122 1594 2168 totum
1634 2111 1821 2181 Erige-

222 2224 329 2262 nae
355 2224 493 2277 opus
516 2207 865 2278 perlegerint,
894 2206 1090 2278 placita
1116 2206 1234 2278 ejus
1263 2207 1465 2261 absona
1495 2220 1614 2260 esse
1646 2219 1677 2258 a
1718 2203 1823 2257 lide

223 2299 539 2355 Christiana
575 2300 936 2366 contendent;
990 2300 1129 2354 bona
1182 2307 1361 2353 tamen
1422 2306 1476 2352 et
1528 2305 1674 2352 certa
1730 2310 1824 2365 spe

228 2390 507 2457 ducimur,
583 2390 722 2458 fore,
780 2400 840 2445 ut
894 2391 997 2447 hac
1059 2380 1145 2444 via
1201 2388 1407 2458 judicio
1466 2390 1533 2444 de
1591 2387 1823 2458 Erigena

227 2480 455 2537 ferendo
493 2482 708 2550 laetior,
739 2482 1210 2553 quamhucusque
1237 2479 1440 2536 factum
1470 2488 1572 2546 est,
1604 2487 1827 2551 paretur

226 2573 430 2629 exitus.

300 2664 351 2722 Ι.
384 2665 588 2723 Gorres
609 2667 795 2722 laudat
814 2667 1031 2737 quidem
1056 2666 1343 2738 Erigenam
1374 2663 1470 2737 (a),
1501 2664 1589 2735 qui
1619 2664 1826 2734 primus

228 2756 530 2813 scientilica
560 2757 767 2813 ratione
788 2757 1041 2813 Genesim
1062 2757 1394 2826 exposuerit,
1416 2765 1471 2810 et
1501 2755 1638 2810 hanc
1663 2770 1827 2825 expo-

230 2848 487 2903 sitionem
548 2848 707 2921 (Pag.
757 2847 876 2919 XV)
908 2865 1033 2903 cum
1085 2863 1281 2919 ntagno
1335 2847 1531 2903 mentis
1578 2847 1827 2901 acumine

228 2957 404 3012 usque
444 2942 510 2997 ad
556 2942 764 3014 singula
814 2955 1061 3012 quaeque
1113 2940 1436 2996 mirabiliter
1492 2940 1823 3009 perduxerit.

230 3031 341 3088 Nec
373 3034 554 3088 minus
590 3021 1013 3104 profunditatem
1039 3032 1159 3103 ejus
1190 3041 1245 3087 et
1275 3032 1583 3087 audentiam
1614 3030 1824 3101 prohat,

230 3128 485 3183 conantis
516 3127 764 3199 progredi
797 3127 938 3182 ultra
970 3127 1281 3197 systematis
1321 3125 1681 3196 Areopagitici
1729 3134 1829 3177 ter-

1926 1931 2069 1985 dicta
2093 1930 2330 1984 breviter
2354 1926 2776 1998 conspiciamus,
2794 1932 3012 1989 cuncta,
3037 1933 3176 1993 quae
3199 1921 3434 1977 Goerres
3456 1921 3513 1976 in

1926 2020 2017 2075 illo
2038 2018 2391 2090 vituperanda
2422 2027 2477 2074 et
2502 2015 2855 2088 improbanda
2893 2020 3100 2080 censet,
3130 2012 3199 2067 ad
3235 2011 3373 2067 haec
3408 2008 3517 2065 tria

1925 2111 2151 2167 redeunt
2175 2127 2187 2163 :

1999 2206 2048 2259 l.
2074 2203 2304 2274 Erigena
2332 2203 2598 2258 humanae
2620 2198 2817 2254 rationi
2834 2197 3071 2252 'nimium
3102 2194 3270 2261 dedit,
3299 2201 3520 2262 etquae

1925 2296 2151 2351 rationis
2181 2304 2327 2359 sunt,
2360 2310 2484 2349 cum
2521 2292 2717 2348 divinis
2745 2290 2981 2346 miscens
3006 2287 3269 2358 eloquiis,‘
3307 2284 3516 2340 revela-

1928 2387 2127 2442 tionem
2158 2385 2318 2457 (Pag.
2346 2383 2489 2456 XVI)
2517 2399 2621 2439 non
2658 2383 2791 2438 satis
2820 2396 2849 2436 a
2883 2379 3220 2452 philosophia
3251 2376 3518 2441 distinxit,

1927 2478 2208 2533 declarans
2228 2489 2410 2530 veram
2429 2473 2822 2544 philosophiam
2836 2485 3018 2526 veram
3035 2483 3155 2525 esse
3174 2467 3519 2539 religionem,

1926 2580 1981 2623 ct
2008 2582 2190 2623 veram
2220 2565 2532 2636 religionem
2560 2578 2681 2619 esse
2712 2559 3336 2633 veramphilosopltiam.
3365 2553 3523 2623 Quod
3608 2618 3614 2637 δ

1932 2661 2095 2717 etiam
2129 2659 2480 2714 Tennemann
2517 2655 2771 2722 aﬂirmat,
2816 2654 2912 2711 sed
2956 2653 3223 2725 Erigenae
3272 2651 3326 2705 in
3361 2648 3549 2704 laude

1927 2752 2080 2823 ponit
2108 2750 2204 2823 (ὁ).

1924 2855 1933 2863 ’
1997 2842 2051 2895 ‘2.
2077 2840 2482 2896 Pantheismum
2528 2837 2812 2909 profitetur
2837 2855 2851 2891 :
2885 2850 2937 2890 a.
2965 2850 3129 2906 quum
3157 2833 3327 2907 λόγον,
3353 2832 3521 2887 Deum

1931 2936 2119 3001 filium,
2145 2943 2486 2990 emanantem
2516 2949 2543 2987 a
2566 2931 2745 2996 Patre,
2767 2941 3073 2985 creaturam
3097 2929 3275 2984 Patris
3296 2943 3415 2983 esse
3436 2926 3521 2982 af-

1929 3028 2127 3082 ﬁrmet.
2153 3028 2225 3095 ib.
2247 3043 2410 3097 quum
2433 3040 2622 3081 omnes
2644 3032 2925 3080 creaturas
2946 3024 3001 3076 in
3026 3020 3315 3076 universali
3341 3034 3521 3075 rerum

1931 3119 2289 3189 apocatastasi
2326 3133 2424 3189 per
2454 3117 2645 3184 Deum,
2679 3131 2841 3171 unam
2883 3114 3092 3172 scilicet
3137 3113 3520 3178 substantiam,

231 3221 432 3283 mfnos,
461 3219 586 3273 dum
612 3218 852 3274 Platonis
876 3218 1216 3275 dialecticam
1255 3233 1377 3273 cum
1425 3217 1592 3288 logica
1620 3216 1829 3270 Aristo—
1854 3193 1902 3257 (ἶ
1934 3211 2125 3266 doceat
2156 3209 2453 3264 absorberi.
2480 3228 2481 3231 η

230 3309 361 3365 telis
407 3307 717 3379 coniungat.
750 3309 1097 3366 Evolventem
1141 3325 1270 3364 vero
1310 3308 1550 3381 Dionysii
1582 3308 1826 3377 Areopa-

228 3401 378 3472 gitae
408 3401 556 3455 ideas
579 3416 643 3455 ac
682 3401 953 3467 notiones,
992 3417 1115 3456 eum
1162 3403 1238 3456 ait
1278 3402 1471 3457 iterum
1511 3400 1830 3456 necessitate

228 3492 468 3564 quadam
499 3501 653 3547 vetus
701 3493 999 3562 periculum
1026 3493 1354 3563 pantheismi
1404 3494 1704 3557 incurrere,
1736 3493 1828 3564 qui

230 3584 289 3639 in
313 3584 532 3654 scriptis
551 3585 928 3655 Areopagitae,
958 3594 1164 3641 tantum
1191 3595 1415 3657 propter
1435 3586 1827 3657 expositionem

232 3692 421 3731 rerum
450 3677 896 3733 universaliorem
927 3687 982 3734 et
1017 3680 1196 3735 minus
1222 3695 1556 3750 expressam,
1588 3680 1827 3747 latuerit,

231 3778 314 3836 et,
344 3779 403 3825 ut
431 3780 541 3826 tum
568 3758 827 3842 temporis
864 3772 951 3826 vix
1002 3773 1239 3843 potuerit
1294 3773 1504 3840 evitari,
1553 3773 1690 3844 apud
1726 3790 1828 3829 no-

232 3869 412 3916 strum
450 3872 728 3917 auctorem
772 3863 967 3918 mentis
1005 3863 1231 3932 quadam
1262 3865 1571 3935 integritate
1593 3876 1646 3919 et
1675 3865 1830 3919 inno-

233 3953 425 4008 centia
470 3954 747 4023 prodierit.
776 3954 927 4010 Hanc
950 3964 1233 4010 creaturae
1261 3971 1381 4011 cum
1410 3955 1521 4011 Deo
1551 3957 1828 4012 confusio-

237 4059 374 4099 nem
424 4042 535 4112 jam
569 4046 621 4100 in
661 4046 815 4102 initio
872 4046 992 4101 libri
1053 4048 1119 4103 de
1168 4047 1512 4103 Eucliaristia
1556 4048 1708 4120 (puta
1764 4049 1830 4105 de

235 4132 762 4209 Praedestinatione)
810 4152 1092 4209 apparere,
1149 4138 1235 4194 ubi
1283 4153 1468 4193 veram
1517 4137 1828 4207 religionem

236 4237 297 4285 et
328 4243 514 4284 veram
555 4230 949 4302 philosophiam
987 4247 1147 4288 uuam
1179 4233 1516 4302 eandemque
1564 4246 1678 4287 rem
1708 4245 1830 4287 esse

237 4319 554 4375 contendat.
592 4318 759 4377 All‘ert
791 4321 985 4378 deinde
1005 4331 1185 4378 notam
1222 4322 1489 4396 Erigonae
1517 4322 1834 4393 quadripar-

240 4412 397 4467 titam
437 4420 663 4467 naturae
691 4412 1032 4477 divisionem,
1070 4414 1124 4470 in
1153 4430 1259 4485 qua
1308 4427 1557 4471 naturam
1588 4426 1831 4471 creatam

238 4513 296 4559 et
325 4514 604 4560 creantem
650 4503 700 4561 Ι.
742 4504 943 4562 Gérres
969 4508 1115 4584 λόγον
1143 4523 1263 4564 esse
1291 4505 1542 4575 afﬁrmat,
1592 4508 1829 4563 medium

239 4595 451 4651 scilicet
504 4597 648 4651 inter
709 4607 957 4653 naturam
1014 4615 1121 4654 non
1165 4608 1407 4656 creatam
1459 4609 1513 4656 et
1552 4610 1829 4657 creantem

240 4688 458 4761 (Deum)
470 4697 527 4744 et
541 4698 786 4744 naturam
802 4700 1041 4747 creatam
1056 4707 1159 4747 non
1174 4704 1448 4749 creantem
1468 4691 1829 4765 (Creaturam)

238 4780 501 4850 positum.
528 4778 716 4851 Itaque
741 4782 909 4836 Deum
958 4782 1156 4838 trinum
1212 4798 1333 4838 cum
1379 4793 1628 4840 creatura
1673 4784 1722 4839 ei
1775 4799 1834 4840 se

241 4868 547 4933 miscuisse,
578 4870 807 4943 indeque
828 4880 1073 4929 coactum
1106 4873 1271 4930 fuisse
1314 4875 1625 4947 Erigenam,
1656 4884 1713 4931 ut
1741 4874 1836 4930 Fi-

242 4959 372 5015 lium
400 4961 585 5018 Patris
611 4974 916 5020 creaturam
936 4981 1058 5022 esse
1085 4967 1405 5023 declararet.
1437 4968 1667 5040 Propter
1691 4970 1837 5025 hunc

243 5067 489 5110 errorem
513 5055 745 5112 eundem
774 5056 915 5113 ultra
957 5058 1316 5131 Areopagitae
1362 5068 1598 5132 systema
1648 5061 1833 5116 termi-

244 5162 490 5221 numque
517 5164 623 5204 non
673 5150 830 5224 longe
863 5153 1112 5225 progredi
1142 5154 1402 5225 potuisse.
1449 5153 1633 5225 Neque
1689 5154 1835 5210 enim

245 5254 394 5307 eum,
424 5242 479 5296 id
508 5242 655 5314 quod
701 5246 1024 5317 Areopagita
1070 5245 1385 5317 neglexerit,
1436 5246 1730 5300 trinitatem
1778 5248 1832 5302 in

247 5333 606 5403 mysticarum
674 5349 857 5391 rerum
922 5336 1344 5407 speculationem
1396 5337 1758 5393 introduxisse
1816 5354 1831 5393 :

247 5436 442 5479 verum
494 5437 810 5495 sequentem
861 5429 1082 5499 vestigia
1128 5429 1486 5499 Areopagitae
1534 5438 1590 5484 et
1640 5427 1835 5484 librum

249 5515 368 5584 ejus
390 5517 459 5569 de
488 5517 685 5575 divinis
713 5517 1056 5583 Nominibus,
1076 5535 1246 5590 aeque
1271 5530 1432 5591 atque
1456 5521 1602 5576 illum
1630 5529 1838 5576 tantqu

2001 3303 2054 3357 5.
2092 3300 2238 3358 Ultra
2263 3300 2569 3373 systematis
2595 3299 2960 3371 Areopagitici
2990 3297 3125 3354 lines
3162 3296 3387 3367 ejusque
3433 3311 3526 3351 su-

1930 3395 2393 3467 peressentialem,
2421 3395 2605 3451 omnia
2628 3405 2975 3466 superantem
2998 3393 3234 3448 divinam
3261 3392 3519 3447 unitatem

1932 3509 2037 3547 non
2060 3492 2348 3562 processit,
2369 3503 2425 3548 et
2449 3493 2808 3564 dogmaticam
2836 3491 2894 3547 S.
2921 3491 3205 3546 Trinitatis
3250 3491 3523 3547 notionem

1931 3586 1985 3641 in
2021 3583 2367 3657 Theologiam
2417 3584 2702 3656 mysticam
2748 3592 2804 3640 et
2838 3582 3225 3655 speculativam
3266 3582 3525 3637 inducere

1931 3681 2133 3736 omisit.

2005 3770 2099 3826 llis
2129 3770 2477 3840 tribus,quae
2504 3768 2741 3827 Goerres
2760 3770 2812 3825 in
2844 3769 3110 3842 Erigenae
3139 3765 3525 3838 reprehensio-

1931 3880 2058 3920 nem
2091 3873 2262 3930 notat,
2290 3863 2513 3919 accedat
2544 3873 2819 3936 quartum,
2863 3862 3006 3933 quod
3027 3860 3180 3918 multi
3209 3860 3265 3916 iu
3292 3858 3525 3914 eundem

1933 3956 2432 4011 animadverterunt
2464 3972 2478 4011 :
3550 3938 3553 3943 I

2000 4047 2056 4100 4.
2109 4045 2233 4100 Mali
2274 4045 2439 4102 ethici
2482 4054 2734 4100 naturam
2785 4051 2949 4114 atque
3002 4043 3323 4116 gravitatem
3377 4039 3523 4095 haud

1932 4140 2174 4212 agnovit,
2208 4139 2374 4193 immo
2400 4139 2453 4193 in
2489 4135 2778 4193 universali
2806 4150 2987 4191 rerum
3036 4131 3395 4205 apocatastasi
3440 4132 3560 4186 inm

1932 4232 2158 4291 fernalia
2184 4232 2443 4304 supplicia
2477 4231 2636 4286 linem
2661 4231 2878 4302 assequi
2904 4228 3111 4286 docuit.

2006 4327 2148 4384 Adl.
2182 4326 2591 4398 respondemus,
2624 4323 3092 4395 propositionem:
3131 4341 3150 4374 ‹
3185 4316 3323 4374 Vera
3351 4317 3526 4389 philo-

1934 4418 2124 4490 sOpbia
2155 4426 2237 4473 est
2267 4431 2393 4472 vera
2424 4415 2632 4487 religio,
2661 4425 2716 4469 et
2755 4430 2808 4469 v.
2831 4429 2884 4467 v.
2917 4426 3043 4468 vera
3073 4409 3259 4482 religio
3289 4416 3373 4464 est
3398 4420 3527 4463 vera

1935 4510 2270 4583 pltilos0pliia
2308 4528 2355 4575 ι,
2406 4507 2604 4579 duplici
2657 4514 2711 4560 et
2739 4505 2953 4560 diverso
2999 4518 3158 4559 sensu
3187 4513 3345 4573 posse
3373 4497 3531 4554 intel-
3628 4522 3635 4529 -

1936 4604 2053 4674 ligi,
2106 4603 2200 4658 sed
2240 4600 2467 4655 eandem
2521 4598 2575 4653 in
2611 4598 2852 4653 auctoris
2882 4595 3053 4652 nostri
3093 4609 3187 4650 ore
3220 4608 3326 4647 non
3359 4590 3530 4661 magis

1941 4711 2062 4753 esse
2082 4700 2406 4765 suspectam,
2435 4706 2595 4762 quam
2638 4690 2714 4755 id,
2747 4689 2890 4759 quod
2939 4702 3108 4759 prope
3136 4698 3328 4741 omnes
3355 4680 3528 4739 sancti

1942 4786 2133 4842 Patres
2174 4784 2389 4848 docent,
2449 4779 2834 4837 revelationem
2893 4777 3102 4840 scilicet
3147 4773 3346 4830 Christi
3407 4787 3529 4827 esse

1943 4890 2212 4933 summam
2247 4872 2568 4943 sapientiam
2614 4881 2777 4939 atque
2803 4881 3021 4923 omnem
3051 4864 3330 4921 continere
3359 4862 3532 4932 philo-

1945 4967 2211 5039 s0phiam.
2239 4966 2319 5021 Ex
2343 4979 2452 5035 quo
2474 4963 2719 5033 sequitur
2735 4975 2789 5014 v.
2816 4975 2870 5013 v.
2900 4958 3087 5023 etiam,
3120 4971 3305 5011 veram
3357 4953 3530 5024 philo-

1937 5060 2181 5133 s0phiam
2238 5056 2464 5113 eandem
2513 5067 2633 5109 esse
2683 5065 2981 5127 ac‘veram
3037 5047 3374 5121 religionem,
3431 5059 3532 5100 nec

1936 5156 2079 5210 hanc
2108 5152 2267 5206 aliam
2294 5148 2440 5205 etab
2468 5147 2556 5203 illa
2582 5153 2895 5216 separatam
2917 5140 3190 5198 involvere
3220 5139 3525 5196 veritatem.

1937 5248 2223 5318 Erigonam
2247 5259 2376 5299 vero
2411 5256 2511 5298 nec
2538 5256 2751 5297 sacram
2785 5236 3146 5308 Scripturam,
3175 5246 3349 5301 neque
3379 5228 3531 5284 testi-

1937 5338 2118 5394 monia
2148 5336 2369 5391 Patrum
2399 5331 2806 5404 contempsisse,
2840 5338 2951 5383 tam
2978 5325 3131 5382 multi
3165 5323 3268 5378 loci
3294 5321 3349 5376 in
3376 5319 3532 5375 libris

1941 5430 2009 5487 de
2036 5429 2304 5485 divisione
2335 5427 2587 5499 probant,
2636 5431 2695 5478 ut
2743 5419 3028 5477 ridiculum
3055 5414 3217 5479 foret,
3253 5412 3356 5467 hoc
3395 5409 3531 5465 locis

1940 5524 2254 5595 singillatim
2279 5521 2560 5577 laudandis
2582 5518 2801 5575 uberius
2823 5514 3143 5587 approbare.
3164 5508 3306 5563 Duos
3323 5512 3532 5560 tantum

250 5604 316 5662 de
361 5607 518 5662 unica
550 5608 643 5663 Dei
689 5614 942 5677 essentia,
982 5613 1169 5666 eadem
1211 5612 1322 5667 fere
1375 5613 1843 5685 contemplationis
1943 5617 2089 5675 locos
2115 5614 2423 5679 afferamus,
2446 5628 2676 5685 quorum
2715 5611 2852 5665 alter
2882 5605 3237 5662 humilitatem
3279 5607 3528 5662 testatur,

320 5728 401 5801 (α)
442 5725 524 5783 Cf.
555 5725 861 5799 Christlt'clte
880 5727 1094 5802 Mysttk,
1129 5740 1256 5788 tom.
1281 5729 1324 5799 I,
1356 5746 1474 5805 pag.
1501 5729 1628 5787 245.

2017 5728 2092 5794 (b)
2126 5724 2429 5780 Geschichte
2470 5724 2565 5778 der
2595 5719 2952 5790 Philosopht'e,
2982 5725 3113 5775 tom.
3143 5712 3278 5786 VIII,
3320 5717 3456 5771 sect.
3490 5707 3535 5780 Ι,

1947 5814 2002 5872 p.
2034 5798 2126 5868 72,
2154 5796 2224 5854 cf.
2258 5813 2312 5868 p.
2360 5797 2449 5853 55.
3537 5804 3541 5813 '
