  <div class='ocr_page' id='page_1' title='image "/cluster/home/n/w/nwhite01/storage/ocr_20150623/122/hvd.32044015471659/095.png"; bbox 0 0 4056 6276; ppageno 0'>
   <div class='ocr_carea' id='block_1_1' title="bbox 506 298 645 366">
    <p class='ocr_par' dir='ltr' id='par_1_1' title="bbox 506 298 645 366">
     <span class='ocr_line' id='line_1_1' title="bbox 506 298 645 366; baseline 0.014 -11"><span class='ocrx_word' id='word_1_1' title='bbox 506 298 645 366; x_wconf 74' lang='lat' dir='ltr'><strong>H5-</strong></span> 
     </span>
    </p>
   </div>
   <div class='ocr_carea' id='block_1_2' title="bbox 1598 283 2650 354">
    <p class='ocr_par' dir='ltr' id='par_1_2' title="bbox 1598 283 2650 354">
     <span class='ocr_line' id='line_1_2' title="bbox 1598 283 2650 354; baseline -0.01 -1"><span class='ocrx_word' id='word_1_2' title='bbox 1598 298 1658 354; x_wconf 85' lang='lat' dir='ltr'><strong>C.</strong></span> <span class='ocrx_word' id='word_1_3' title='bbox 1701 297 1760 352; x_wconf 83' lang='lat' dir='ltr'><strong>B.</strong></span> <span class='ocrx_word' id='word_1_4' title='bbox 1806 283 2242 350; x_wconf 75' lang='lat' dir='ltr'><strong>SCHLUETERI</strong></span> <span class='ocrx_word' id='word_1_5' title='bbox 2283 287 2650 344; x_wconf 62' lang='lat' dir='ltr'><strong>PRZEFATIO</strong></span> 
     </span>
    </p>
   </div>
   <div class='ocr_carea' id='block_1_3' title="bbox 3665 283 3768 340">
    <p class='ocr_par' dir='ltr' id='par_1_3' title="bbox 3665 283 3768 340">
     <span class='ocr_line' id='line_1_3' title="bbox 3665 283 3768 340; baseline 0.019 -2"><span class='ocrx_word' id='word_1_6' title='bbox 3665 283 3768 340; x_wconf 72' lang='lat'><strong>“6</strong></span> 
     </span>
    </p>
   </div>
   <div class='ocr_carea' id='block_1_4' title="bbox 503 392 3764 484">
    <p class='ocr_par' dir='ltr' id='par_1_4' title="bbox 503 392 3764 484">
     <span class='ocr_line' id='line_1_4' title="bbox 503 392 3764 484; baseline -0.002 -31"><span class='ocrx_word' id='word_1_7' title='bbox 503 428 668 484; x_wconf 68' lang='lat' dir='ltr'><strong>quam</strong></span> <span class='ocrx_word' id='word_1_8' title='bbox 717 412 771 468; x_wconf 76' lang='grc' dir='ltr'><strong>ίη</strong></span> <span class='ocrx_word' id='word_1_9' title='bbox 800 410 1204 482; x_wconf 64' lang='grc' dir='ltr'><strong>μενεωυωηάίε</strong></span> <span class='ocrx_word' id='word_1_10' title='bbox 1247 412 1407 468; x_wconf 60' lang='lat' dir='ltr'><strong>rebus</strong></span> <span class='ocrx_word' id='word_1_11' title='bbox 1453 411 1650 467; x_wconf 72' lang='lat' dir='ltr'><strong>divinis</strong></span> <span class='ocrx_word' id='word_1_12' title='bbox 1685 420 1873 463; x_wconf 68' lang='lat' dir='ltr'><strong>auctor</strong></span> <span class='ocrx_word' id='word_1_13' title='bbox 1908 414 2088 462; x_wconf 81' lang='lat' dir='ltr'><strong>noster</strong></span> <span class='ocrx_word' id='word_1_14' title='bbox 2120 409 2163 465; x_wconf 72' lang='grc' dir='ltr'>Α</span> <span class='ocrx_word' id='word_1_15' title='bbox 2195 416 2336 454; x_wconf 89' lang='lat' dir='ltr'><strong>mam</strong></span> <span class='ocrx_word' id='word_1_16' title='bbox 2384 400 2723 468; x_wconf 89' lang='lat' dir='ltr'><strong>potissimum</strong></span> <span class='ocrx_word' id='word_1_17' title='bbox 2761 397 3197 462; x_wconf 78' lang='lat' dir='ltr'><strong>administretur;</strong></span> <span class='ocrx_word' id='word_1_18' title='bbox 3230 395 3372 450; x_wconf 82' lang='lat' dir='ltr'><strong>illam</strong></span> <span class='ocrx_word' id='word_1_19' title='bbox 3405 392 3764 464; x_wconf 72' lang='lat' dir='ltr'><strong>theologiam,</strong></span> 
     </span>
    </p>
   </div>
   <div class='ocr_carea' id='block_1_5' title="bbox 479 505 2088 577">
    <p class='ocr_par' dir='ltr' id='par_1_5' title="bbox 479 505 2088 577">
     <span class='ocr_line' id='line_1_5' title="bbox 479 505 2088 577; baseline -0.007 -11"><span class='ocrx_word' id='word_1_20' title='bbox 479 521 720 577; x_wconf 86' lang='lat' dir='ltr'><strong>.setnper</strong></span> <span class='ocrx_word' id='word_1_21' title='bbox 745 506 998 570; x_wconf 73' lang='lat' dir='ltr'><strong>servavit,</strong></span> <span class='ocrx_word' id='word_1_22' title='bbox 1030 515 1444 577; x_wconf 89' lang='lat' dir='ltr'><strong>quantacunque</strong></span> <span class='ocrx_word' id='word_1_23' title='bbox 1473 506 1572 561; x_wconf 89' lang='lat' dir='ltr'><strong>fuit</strong></span> <span class='ocrx_word' id='word_1_24' title='bbox 1616 507 1838 560; x_wconf 88' lang='lat' dir='ltr'><strong>libertas</strong></span> <span class='ocrx_word' id='word_1_25' title='bbox 1877 505 1995 573; x_wconf 72' lang='lat' dir='ltr'><strong>ejus</strong></span> <span class='ocrx_word' id='word_1_26' title='bbox 2035 509 2088 553; x_wconf 88' lang='lat' dir='ltr'><strong>ct</strong></span> 
     </span>
    </p>
   </div>
   <div class='ocr_carea' id='block_1_6' title="bbox 503 593 2088 664">
    <p class='ocr_par' dir='ltr' id='par_1_6' title="bbox 503 593 2088 664">
     <span class='ocr_line' id='line_1_6' title="bbox 503 593 2088 664; baseline -0.006 -14"><span class='ocrx_word' id='word_1_27' title='bbox 503 595 746 658; x_wconf 82' lang='lat' dir='ltr'><strong>audacia,</strong></span> <span class='ocrx_word' id='word_1_28' title='bbox 769 593 988 664; x_wconf 82' lang='lat' dir='ltr'><strong>quando</strong></span> <span class='ocrx_word' id='word_1_29' title='bbox 1002 595 1214 652; x_wconf 86' lang='lat' dir='ltr'><strong>easdem</strong></span> <span class='ocrx_word' id='word_1_30' title='bbox 1247 611 1333 649; x_wconf 90' lang='lat' dir='ltr'><strong>res</strong></span> <span class='ocrx_word' id='word_1_31' title='bbox 1356 611 1448 664; x_wconf 91' lang='lat' dir='ltr'><strong>per</strong></span> <span class='ocrx_word' id='word_1_32' title='bbox 1471 597 1727 649; x_wconf 90' lang='lat' dir='ltr'><strong>rationem</strong></span> <span class='ocrx_word' id='word_1_33' title='bbox 1759 595 1932 648; x_wconf 88' lang='lat' dir='ltr'><strong>divina</strong></span> <span class='ocrx_word' id='word_1_34' title='bbox 1963 607 2088 659; x_wconf 71' lang='lat' dir='ltr'><strong>gra-</strong></span> 
     </span>
    </p>
   </div>
   <div class='ocr_carea' id='block_1_7' title="bbox 505 671 2082 751">
    <p class='ocr_par' dir='ltr' id='par_1_7' title="bbox 505 671 2082 751">
     <span class='ocr_line' id='line_1_7' title="bbox 505 671 2082 751; baseline -0.004 -10"><span class='ocrx_word' id='word_1_35' title='bbox 505 671 578 741; x_wconf 85' lang='lat' dir='ltr'><strong>tia</strong></span> <span class='ocrx_word' id='word_1_36' title='bbox 631 684 984 738; x_wconf 89' lang='lat' dir='ltr'><strong>illuminatam</strong></span> <span class='ocrx_word' id='word_1_37' title='bbox 1034 685 1434 751; x_wconf 82' lang='lat' dir='ltr'><strong>investigabat;</strong></span> <span class='ocrx_word' id='word_1_38' title='bbox 1484 686 1620 738; x_wconf 90' lang='lat' dir='ltr'><strong>alter</strong></span> <span class='ocrx_word' id='word_1_39' title='bbox 1676 700 1803 738; x_wconf 79' lang='lat' dir='ltr'><strong>vero</strong></span> <span class='ocrx_word' id='word_1_40' title='bbox 1851 684 2082 737; x_wconf 78' lang='lat' dir='ltr'><strong>ostendit</strong></span> 
     </span>
    </p>
   </div>
   <div class='ocr_carea' id='block_1_8' title="bbox 501 773 2081 844">
    <p class='ocr_par' dir='ltr' id='par_1_8' title="bbox 501 773 2081 844">
     <span class='ocr_line' id='line_1_8' title="bbox 501 773 2081 844; baseline -0.004 -14"><span class='ocrx_word' id='word_1_41' title='bbox 501 775 754 838; x_wconf 88' lang='lat' dir='ltr'><strong>eundem,</strong></span> <span class='ocrx_word' id='word_1_42' title='bbox 786 775 1033 844; x_wconf 85' lang='lat' dir='ltr'><strong>quamvis</strong></span> <span class='ocrx_word' id='word_1_43' title='bbox 1071 775 1277 828; x_wconf 91' lang='lat' dir='ltr'><strong>ratione</strong></span> <span class='ocrx_word' id='word_1_44' title='bbox 1321 773 1624 841; x_wconf 82' lang='lat' dir='ltr'><strong>adjuvante,</strong></span> <span class='ocrx_word' id='word_1_45' title='bbox 1649 775 1970 842; x_wconf 88' lang='lat' dir='ltr'><strong>scripturam</strong></span> <span class='ocrx_word' id='word_1_46' title='bbox 2006 774 2081 825; x_wconf 84' lang='lat' dir='ltr'><strong>in-</strong></span> 
     </span>
    </p>
   </div>
   <div class='ocr_carea' id='block_1_9' title="bbox 505 858 2082 933">
    <p class='ocr_par' dir='ltr' id='par_1_9' title="bbox 505 858 2082 933">
     <span class='ocr_line' id='line_1_9' title="bbox 505 858 2082 933; baseline 0.002 -19"><span class='ocrx_word' id='word_1_47' title='bbox 505 858 758 931; x_wconf 58' lang='lat' dir='ltr'><strong>tell&#39;igere,</strong></span> <span class='ocrx_word' id='word_1_48' title='bbox 789 864 1057 919; x_wconf 91' lang='lat' dir='ltr'><strong>occultum</strong></span> <span class='ocrx_word' id='word_1_49' title='bbox 1084 862 1200 933; x_wconf 87' lang='lat' dir='ltr'><strong>ejus</strong></span> <span class='ocrx_word' id='word_1_50' title='bbox 1220 879 1434 917; x_wconf 79' lang='lat' dir='ltr'><strong>sensum</strong></span> <span class='ocrx_word' id='word_1_51' title='bbox 1465 876 1772 932; x_wconf 89' lang='lat' dir='ltr'><strong>penetrare,</strong></span> <span class='ocrx_word' id='word_1_52' title='bbox 1806 880 1996 918; x_wconf 79' lang='lat' dir='ltr'><strong>eruere</strong></span> <span class='ocrx_word' id='word_1_53' title='bbox 2030 873 2082 917; x_wconf 89' lang='lat' dir='ltr'><strong>ct</strong></span> 
     </span>
    </p>
   </div>
   <div class='ocr_carea' id='block_1_10' title="bbox 502 952 2078 1024">
    <p class='ocr_par' dir='ltr' id='par_1_10' title="bbox 502 952 2078 1024">
     <span class='ocr_line' id='line_1_10' title="bbox 502 952 2078 1024; baseline 0.003 -17"><span class='ocrx_word' id='word_1_54' title='bbox 502 952 773 1022; x_wconf 71' lang='lat' dir='ltr'><strong>explicare</strong></span> <span class='ocrx_word' id='word_1_55' title='bbox 814 969 870 1008; x_wconf 89' lang='lat' dir='ltr'><strong>se</strong></span> <span class='ocrx_word' id='word_1_56' title='bbox 921 969 1077 1024; x_wconf 83' lang='lat' dir='ltr'><strong>posse</strong></span> <span class='ocrx_word' id='word_1_57' title='bbox 1111 952 1434 1015; x_wconf 84' lang='lat' dir='ltr'><strong>confideret.</strong></span> <span class='ocrx_word' id='word_1_58' title='bbox 1489 965 1665 1010; x_wconf 90' lang='lat' dir='ltr'><strong>tamen</strong></span> <span class='ocrx_word' id='word_1_59' title='bbox 1719 956 2078 1020; x_wconf 76' lang='lat' dir='ltr'><strong>existimasse,</strong></span> 
     </span>
    </p>
   </div>
   <div class='ocr_carea' id='block_1_11' title="bbox 502 1043 2081 1124">
    <p class='ocr_par' dir='ltr' id='par_1_11' title="bbox 502 1043 2081 1124">
     <span class='ocr_line' id='line_1_11' title="bbox 502 1043 2081 1124; baseline 0.005 -28"><span class='ocrx_word' id='word_1_60' title='bbox 502 1061 778 1116; x_wconf 85' lang='lat' dir='ltr'><strong>nunquam</strong></span> <span class='ocrx_word' id='word_1_61' title='bbox 821 1043 960 1100; x_wconf 86' lang='lat' dir='ltr'><strong>ultra</strong></span> <span class='ocrx_word' id='word_1_62' title='bbox 995 1055 1303 1124; x_wconf 83' lang='lat' dir='ltr'><strong>sanctarum</strong></span> <span class='ocrx_word' id='word_1_63' title='bbox 1335 1043 1735 1116; x_wconf 88' lang='lat' dir='ltr'><strong>Scripturarum</strong></span> <span class='ocrx_word' id='word_1_64' title='bbox 1767 1049 1999 1112; x_wconf 89' lang='lat' dir='ltr'><strong>radium,</strong></span> <span class='ocrx_word' id='word_1_65' title='bbox 2029 1059 2081 1104; x_wconf 88' lang='lat' dir='ltr'><strong>et</strong></span> 
     </span>
    </p>
   </div>
   <div class='ocr_carea' id='block_1_12' title="bbox 501 1133 2082 1205">
    <p class='ocr_par' dir='ltr' id='par_1_12' title="bbox 501 1133 2082 1205">
     <span class='ocr_line' id='line_1_12' title="bbox 501 1133 2082 1205; baseline 0.004 -17"><span class='ocrx_word' id='word_1_66' title='bbox 501 1133 703 1203; x_wconf 77' lang='lat' dir='ltr'><strong>absque</strong></span> <span class='ocrx_word' id='word_1_67' title='bbox 723 1150 824 1205; x_wconf 86' lang='lat' dir='ltr'><strong>ope</strong></span> <span class='ocrx_word' id='word_1_68' title='bbox 841 1151 1025 1189; x_wconf 89' lang='lat' dir='ltr'><strong>earum</strong></span> <span class='ocrx_word' id='word_1_69' title='bbox 1047 1134 1206 1190; x_wconf 79' lang='lat' dir='ltr'><strong>altius</strong></span> <span class='ocrx_word' id='word_1_70' title='bbox 1230 1152 1286 1191; x_wconf 92' lang='lat' dir='ltr'><strong>se</strong></span> <span class='ocrx_word' id='word_1_71' title='bbox 1311 1135 1521 1191; x_wconf 89' lang='lat' dir='ltr'><strong>elevare</strong></span> <span class='ocrx_word' id='word_1_72' title='bbox 1544 1146 1596 1191; x_wconf 90' lang='lat' dir='ltr'><strong>ct</strong></span> <span class='ocrx_word' id='word_1_73' title='bbox 1617 1137 1680 1192; x_wconf 88' lang='lat' dir='ltr'><strong>de</strong></span> <span class='ocrx_word' id='word_1_74' title='bbox 1711 1140 1867 1194; x_wconf 81' lang='lat' dir='ltr'><strong>rebus</strong></span> <span class='ocrx_word' id='word_1_75' title='bbox 1889 1140 2082 1194; x_wconf 83' lang='lat' dir='ltr'><strong>divinis</strong></span> 
     </span>
    </p>
   </div>
   <div class='ocr_carea' id='block_1_13' title="bbox 503 1227 2083 1284">
    <p class='ocr_par' dir='ltr' id='par_1_13' title="bbox 503 1227 2083 1284">
     <span class='ocr_line' id='line_1_13' title="bbox 503 1227 2083 1284; baseline 0.003 -4"><span class='ocrx_word' id='word_1_76' title='bbox 503 1235 737 1282; x_wconf 81' lang='lat' dir='ltr'><strong>tractare</strong></span> <span class='ocrx_word' id='word_1_77' title='bbox 783 1227 883 1282; x_wconf 87' lang='lat' dir='ltr'><strong>sibi</strong></span> <span class='ocrx_word' id='word_1_78' title='bbox 923 1227 1104 1284; x_wconf 89' lang='lat' dir='ltr'><strong>licere.</strong></span> <span class='ocrx_word' id='word_1_79' title='bbox 1158 1229 1212 1282; x_wconf 94' lang='lat' dir='ltr'><strong>In</strong></span> <span class='ocrx_word' id='word_1_80' title='bbox 1265 1230 1501 1283; x_wconf 89' lang='lat' dir='ltr'><strong>secundo</strong></span> <span class='ocrx_word' id='word_1_81' title='bbox 1549 1229 1686 1283; x_wconf 88' lang='lat' dir='ltr'><strong>libro</strong></span> <span class='ocrx_word' id='word_1_82' title='bbox 1737 1231 1801 1284; x_wconf 81' lang='lat' dir='ltr'><strong>de</strong></span> <span class='ocrx_word' id='word_1_83' title='bbox 1846 1231 1952 1284; x_wconf 87' lang='lat' dir='ltr'><strong>div.</strong></span> <span class='ocrx_word' id='word_1_84' title='bbox 2003 1232 2083 1284; x_wconf 84' lang='lat' dir='ltr'><strong>di-</strong></span> 
     </span>
    </p>
   </div>
   <div class='ocr_carea' id='block_1_14' title="bbox 501 1312 2080 1394">
    <p class='ocr_par' dir='ltr' id='par_1_14' title="bbox 501 1312 2080 1394">
     <span class='ocr_line' id='line_1_14' title="bbox 501 1312 2080 1394; baseline 0.003 -22"><span class='ocrx_word' id='word_1_85' title='bbox 501 1319 575 1373; x_wconf 91' lang='lat' dir='ltr'><strong>cit</strong></span> <span class='ocrx_word' id='word_1_86' title='bbox 611 1337 624 1372; x_wconf 87' lang='lat'><strong>:</strong></span> <span class='ocrx_word' id='word_1_87' title='bbox 660 1339 678 1372; x_wconf 73' lang='grc' dir='ltr'>ί</span> <span class='ocrx_word' id='word_1_88' title='bbox 712 1318 850 1388; x_wconf 86' lang='lat' dir='ltr'><strong>Quid</strong></span> <span class='ocrx_word' id='word_1_89' title='bbox 878 1312 1021 1376; x_wconf 83' lang='lat' dir='ltr'><strong>enim</strong></span> <span class='ocrx_word' id='word_1_90' title='bbox 1061 1320 1276 1391; x_wconf 84' lang='lat' dir='ltr'><strong>prodest</strong></span> <span class='ocrx_word' id='word_1_91' title='bbox 1315 1321 1402 1375; x_wconf 89' lang='lat' dir='ltr'><strong>illa</strong></span> <span class='ocrx_word' id='word_1_92' title='bbox 1453 1321 1730 1387; x_wconf 78' lang='lat' dir='ltr'><strong>velocitas,</strong></span> <span class='ocrx_word' id='word_1_93' title='bbox 1758 1339 1915 1392; x_wconf 87' lang='lat' dir='ltr'><strong>quam</strong></span> <span class='ocrx_word' id='word_1_94' title='bbox 1949 1341 2080 1394; x_wconf 89' lang='lat' dir='ltr'><strong>pura</strong></span> 
     </span>
    </p>
   </div>
   <div class='ocr_carea' id='block_1_15' title="bbox 501 1407 2079 1486">
    <p class='ocr_par' dir='ltr' id='par_1_15' title="bbox 501 1407 2079 1486">
     <span class='ocr_line' id='line_1_15' title="bbox 501 1407 2079 1486; baseline 0.006 -23"><span class='ocrx_word' id='word_1_95' title='bbox 501 1411 751 1484; x_wconf 68' lang='lat' dir='ltr'><strong>veritatis</strong></span> <span class='ocrx_word' id='word_1_96' title='bbox 797 1407 1179 1483; x_wconf 84' lang='lat' dir='ltr'><strong>contemplatio</strong></span> <span class='ocrx_word' id='word_1_97' title='bbox 1234 1411 1438 1484; x_wconf 80' lang='lat' dir='ltr'><strong>effugit,</strong></span> <span class='ocrx_word' id='word_1_98' title='bbox 1493 1423 1587 1467; x_wconf 91' lang='lat' dir='ltr'><strong>aut</strong></span> <span class='ocrx_word' id='word_1_99' title='bbox 1618 1416 1745 1484; x_wconf 87' lang='lat' dir='ltr'><strong>quid</strong></span> <span class='ocrx_word' id='word_1_100' title='bbox 1783 1426 1936 1470; x_wconf 84' lang='lat' dir='ltr'><strong>nocet</strong></span> <span class='ocrx_word' id='word_1_101' title='bbox 1967 1418 2079 1486; x_wconf 88' lang='lat' dir='ltr'><strong>ipsa</strong></span> 
     </span>
    </p>
   </div>
   <div class='ocr_carea' id='block_1_16' title="bbox 507 1503 2080 1569">
    <p class='ocr_par' dir='ltr' id='par_1_16' title="bbox 507 1503 2080 1569">
     <span class='ocr_line' id='line_1_16' title="bbox 507 1503 2080 1569; baseline 0.006 -14"><span class='ocrx_word' id='word_1_102' title='bbox 507 1503 756 1569; x_wconf 74' lang='lat' dir='ltr'><strong>tarditas,</strong></span> <span class='ocrx_word' id='word_1_103' title='bbox 785 1503 868 1557; x_wconf 91' lang='lat' dir='ltr'><strong>cui</strong></span> <span class='ocrx_word' id='word_1_104' title='bbox 902 1504 1204 1560; x_wconf 88' lang='lat' dir='ltr'><strong>desiderata</strong></span> <span class='ocrx_word' id='word_1_105' title='bbox 1233 1504 1395 1561; x_wconf 81' lang='lat' dir='ltr'><strong>facies</strong></span> <span class='ocrx_word' id='word_1_106' title='bbox 1427 1509 1664 1562; x_wconf 86' lang='lat' dir='ltr'><strong>occurrit</strong></span> <span class='ocrx_word' id='word_1_107' title='bbox 1715 1510 1773 1562; x_wconf 72' lang='lat' dir='ltr'><strong>D?</strong></span> <span class='ocrx_word' id='word_1_108' title='bbox 1800 1519 1854 1563; x_wconf 90' lang='lat' dir='ltr'><strong>et</strong></span> <span class='ocrx_word' id='word_1_109' title='bbox 1884 1509 2080 1565; x_wconf 83' lang='lat' dir='ltr'><strong>ibidem</strong></span> 
     </span>
    </p>
   </div>
   <div class='ocr_carea' id='block_1_17' title="bbox 503 1587 1004 1665">
    <p class='ocr_par' dir='ltr' id='par_1_17' title="bbox 503 1587 1004 1665">
     <span class='ocr_line' id='line_1_17' title="bbox 503 1587 1004 1665; baseline 0.006 -20"><span class='ocrx_word' id='word_1_110' title='bbox 503 1608 623 1664; x_wconf 81' lang='lat' dir='ltr'><strong>pag.</strong></span> <span class='ocrx_word' id='word_1_111' title='bbox 656 1592 757 1648; x_wconf 81' lang='lat' dir='ltr'>I50</span> <span class='ocrx_word' id='word_1_112' title='bbox 784 1591 867 1665; x_wconf 90' lang='lat' dir='ltr'>(II,</span> <span class='ocrx_word' id='word_1_113' title='bbox 893 1587 1004 1665; x_wconf 73' lang='grc'><strong>25).</strong></span> 
     </span>
    </p>
   </div>
   <div class='ocr_carea' id='block_1_18' title="bbox 552 1684 2077 1764">
    <p class='ocr_par' dir='ltr' id='par_1_18' title="bbox 552 1684 2077 1764">
     <span class='ocr_line' id='line_1_18' title="bbox 552 1684 2077 1764; baseline 0.008 -27"><span class='ocrx_word' id='word_1_114' title='bbox 552 1684 735 1757; x_wconf 68' lang='grc' dir='ltr'><strong>’(Ρηῃ.</strong></span> <span class='ocrx_word' id='word_1_115' title='bbox 771 1685 958 1757; x_wconf 79' lang='lat' dir='ltr'><strong>XVII.)</strong></span> <span class='ocrx_word' id='word_1_116' title='bbox 988 1687 1138 1744; x_wconf 87' lang='lat' dir='ltr'><strong>Alter</strong></span> <span class='ocrx_word' id='word_1_117' title='bbox 1155 1688 1306 1744; x_wconf 89' lang='lat' dir='ltr'><strong>locus</strong></span> <span class='ocrx_word' id='word_1_118' title='bbox 1331 1699 1414 1745; x_wconf 87' lang='lat' dir='ltr'><strong>est</strong></span> <span class='ocrx_word' id='word_1_119' title='bbox 1446 1690 1538 1744; x_wconf 90' lang='lat' dir='ltr'><strong>lib.</strong></span> <span class='ocrx_word' id='word_1_120' title='bbox 1576 1691 1616 1746; x_wconf 91' lang='grc' dir='ltr'><strong>Ι.</strong></span> <span class='ocrx_word' id='word_1_121' title='bbox 1663 1707 1718 1761; x_wconf 92' lang='lat' dir='ltr'><strong>p.</strong></span> <span class='ocrx_word' id='word_1_122' title='bbox 1764 1692 1832 1748; x_wconf 89' lang='lat'><strong>69</strong></span> <span class='ocrx_word' id='word_1_123' title='bbox 1871 1693 1930 1764; x_wconf 93' lang='lat' dir='ltr'><strong>(I,</strong></span> <span class='ocrx_word' id='word_1_124' title='bbox 1967 1693 2077 1764; x_wconf 82' lang='lat'><strong>66).</strong></span> 
     </span>
    </p>
   </div>
   <div class='ocr_carea' id='block_1_19' title="bbox 2193 488 3764 561">
    <p class='ocr_par' dir='ltr' id='par_1_19' title="bbox 2193 488 3764 561">
     <span class='ocr_line' id='line_1_19' title="bbox 2193 488 3764 561; baseline -0.004 -15"><span class='ocrx_word' id='word_1_125' title='bbox 2193 493 2330 546; x_wconf 88' lang='lat' dir='ltr'><strong>hanc</strong></span> <span class='ocrx_word' id='word_1_126' title='bbox 2375 491 2765 560; x_wconf 81' lang='lat' dir='ltr'><strong>philosophiam</strong></span> <span class='ocrx_word' id='word_1_127' title='bbox 2796 505 2954 544; x_wconf 88' lang='lat' dir='ltr'><strong>sensu</strong></span> <span class='ocrx_word' id='word_1_128' title='bbox 2987 489 3317 561; x_wconf 81' lang='lat' dir='ltr'><strong>angustiore,</strong></span> <span class='ocrx_word' id='word_1_129' title='bbox 3345 502 3436 542; x_wconf 91' lang='lat' dir='ltr'><strong>seu</strong></span> <span class='ocrx_word' id='word_1_130' title='bbox 3481 488 3764 558; x_wconf 86' lang='lat' dir='ltr'><strong>physicam</strong></span> 
     </span>
    </p>
   </div>
   <div class='ocr_carea' id='block_1_20' title="bbox 2191 578 3767 653">
    <p class='ocr_par' dir='ltr' id='par_1_20' title="bbox 2191 578 3767 653">
     <span class='ocr_line' id='line_1_20' title="bbox 2191 578 3767 653; baseline -0.003 -17"><span class='ocrx_word' id='word_1_131' title='bbox 2191 584 2453 653; x_wconf 86' lang='lat' dir='ltr'><strong>appellat,</strong></span> <span class='ocrx_word' id='word_1_132' title='bbox 2501 581 2747 651; x_wconf 81' lang='lat' dir='ltr'><strong>quamvis</strong></span> <span class='ocrx_word' id='word_1_133' title='bbox 2793 585 2860 636; x_wconf 86' lang='lat' dir='ltr'><strong>ad</strong></span> <span class='ocrx_word' id='word_1_134' title='bbox 2923 580 3132 635; x_wconf 82' lang='lat' dir='ltr'><strong>felicem</strong></span> <span class='ocrx_word' id='word_1_135' title='bbox 3192 593 3500 634; x_wconf 83' lang='lat' dir='ltr'><strong>Successum</strong></span> <span class='ocrx_word' id='word_1_136' title='bbox 3552 578 3767 647; x_wconf 86' lang='lat' dir='ltr'><strong>utrique</strong></span> 
     </span>
    </p>
   </div>
   <div class='ocr_carea' id='block_1_21' title="bbox 2190 675 3769 746">
    <p class='ocr_par' dir='ltr' id='par_1_21' title="bbox 2190 675 3769 746">
     <span class='ocr_line' id='line_1_21' title="bbox 2190 675 3769 746; baseline -0.001 -18"><span class='ocrx_word' id='word_1_137' title='bbox 2190 677 2485 744; x_wconf 74' lang='lat' dir='ltr'><strong>parandum</strong></span> <span class='ocrx_word' id='word_1_138' title='bbox 2534 677 2858 744; x_wconf 85' lang='lat' dir='ltr'><strong>scripturam</strong></span> <span class='ocrx_word' id='word_1_139' title='bbox 2891 683 2944 729; x_wconf 91' lang='lat' dir='ltr'><strong>et</strong></span> <span class='ocrx_word' id='word_1_140' title='bbox 2984 675 3211 746; x_wconf 77' lang='lat' dir='ltr'><strong>gratiam</strong></span> <span class='ocrx_word' id='word_1_141' title='bbox 3247 675 3393 728; x_wconf 86' lang='lat' dir='ltr'><strong>verbi</strong></span> <span class='ocrx_word' id='word_1_142' title='bbox 3445 675 3608 728; x_wconf 84' lang='lat' dir='ltr'><strong>divini</strong></span> <span class='ocrx_word' id='word_1_143' title='bbox 3656 689 3769 727; x_wconf 83' lang='lat' dir='ltr'><strong>om-</strong></span> 
     </span>
    </p>
   </div>
   <div class='ocr_carea' id='block_1_22' title="bbox 2191 764 3766 835">
    <p class='ocr_par' dir='ltr' id='par_1_22' title="bbox 2191 764 3766 835">
     <span class='ocr_line' id='line_1_22' title="bbox 2191 764 3766 835; baseline -0.003 -14"><span class='ocrx_word' id='word_1_144' title='bbox 2191 770 2317 822; x_wconf 90' lang='lat' dir='ltr'><strong>nino</strong></span> <span class='ocrx_word' id='word_1_145' title='bbox 2353 769 2710 823; x_wconf 89' lang='lat' dir='ltr'><strong>necessariam</strong></span> <span class='ocrx_word' id='word_1_146' title='bbox 2747 783 2866 822; x_wconf 90' lang='lat' dir='ltr'><strong>esse</strong></span> <span class='ocrx_word' id='word_1_147' title='bbox 2911 767 3163 821; x_wconf 86' lang='lat' dir='ltr'><strong>declaret.</strong></span> <span class='ocrx_word' id='word_1_148' title='bbox 3197 765 3279 820; x_wconf 89' lang='lat' dir='ltr'><strong>Cf.</strong></span> <span class='ocrx_word' id='word_1_149' title='bbox 3315 767 3407 820; x_wconf 93' lang='lat' dir='ltr'><strong>lib.</strong></span> <span class='ocrx_word' id='word_1_150' title='bbox 3456 765 3543 829; x_wconf 85' lang='lat' dir='ltr'><strong>Ill,</strong></span> <span class='ocrx_word' id='word_1_151' title='bbox 3577 782 3629 835; x_wconf 93' lang='lat' dir='ltr'><strong>p.</strong></span> <span class='ocrx_word' id='word_1_152' title='bbox 3665 764 3766 818; x_wconf 82' lang='lat' dir='ltr'><strong>I87</strong></span> 
     </span>
    </p>
   </div>
   <div class='ocr_carea' id='block_1_23' title="bbox 2188 861 2402 932">
    <p class='ocr_par' dir='ltr' id='par_1_23' title="bbox 2188 861 2402 932">
     <span class='ocr_line' id='line_1_23' title="bbox 2188 861 2402 932; baseline 0 -18"><span class='ocrx_word' id='word_1_153' title='bbox 2188 861 2295 932; x_wconf 84' lang='lat' dir='ltr'><strong>(Ill,</strong></span> <span class='ocrx_word' id='word_1_154' title='bbox 2328 863 2402 931; x_wconf 68' lang='grc' dir='ltr'><strong>δ).</strong></span> 
     </span>
    </p>
   </div>
   <div class='ocr_carea' id='block_1_24' title="bbox 2263 947 3774 1023">
    <p class='ocr_par' dir='ltr' id='par_1_24' title="bbox 2263 947 3774 1023">
     <span class='ocr_line' id='line_1_24' title="bbox 2263 947 3774 1023; baseline -0.001 -20"><span class='ocrx_word' id='word_1_155' title='bbox 2263 952 2419 1023; x_wconf 76' lang='lat' dir='ltr'><strong>(I’ug.</strong></span> <span class='ocrx_word' id='word_1_156' title='bbox 2449 952 2662 1021; x_wconf 81' lang='lat' dir='ltr'><strong>XVIII.)</strong></span> <span class='ocrx_word' id='word_1_157' title='bbox 2682 952 2759 1007; x_wconf 87' lang='lat' dir='ltr'><strong>Ad</strong></span> <span class='ocrx_word' id='word_1_158' title='bbox 2785 951 2849 1007; x_wconf 93' lang='lat' dir='ltr'>II.</span> <span class='ocrx_word' id='word_1_159' title='bbox 2877 968 2930 1005; x_wconf 91' lang='lat' dir='ltr'><strong>a.</strong></span> <span class='ocrx_word' id='word_1_160' title='bbox 2959 951 3276 1022; x_wconf 87' lang='lat' dir='ltr'><strong>Quanquam</strong></span> <span class='ocrx_word' id='word_1_161' title='bbox 3303 951 3353 1004; x_wconf 96' lang='lat' dir='ltr'><strong>in</strong></span> <span class='ocrx_word' id='word_1_162' title='bbox 3374 950 3527 1004; x_wconf 92' lang='lat' dir='ltr'><strong>libris</strong></span> <span class='ocrx_word' id='word_1_163' title='bbox 3547 948 3612 1004; x_wconf 88' lang='lat' dir='ltr'><strong>de</strong></span> <span class='ocrx_word' id='word_1_164' title='bbox 3627 947 3774 1003; x_wconf 87' lang='lat' dir='ltr'><strong>Divi-</strong></span> 
     </span>
    </p>
   </div>
   <div class='ocr_carea' id='block_1_25' title="bbox 2185 1042 3770 1120">
    <p class='ocr_par' dir='ltr' id='par_1_25' title="bbox 2185 1042 3770 1120">
     <span class='ocr_line' id='line_1_25' title="bbox 2185 1042 3770 1120; baseline -0.005 -19"><span class='ocrx_word' id='word_1_165' title='bbox 2185 1049 2340 1101; x_wconf 77' lang='lat' dir='ltr'><strong>sionc</strong></span> <span class='ocrx_word' id='word_1_166' title='bbox 2371 1045 2605 1098; x_wconf 91' lang='lat' dir='ltr'><strong>nonnulli</strong></span> <span class='ocrx_word' id='word_1_167' title='bbox 2640 1045 2739 1098; x_wconf 89' lang='lat' dir='ltr'><strong>loci</strong></span> <span class='ocrx_word' id='word_1_168' title='bbox 2773 1044 3135 1114; x_wconf 87' lang='lat' dir='ltr'><strong>reperiuntur,</strong></span> <span class='ocrx_word' id='word_1_169' title='bbox 3164 1043 3360 1120; x_wconf 84' lang='lat' dir='ltr'><strong>quibus</strong></span> <span class='ocrx_word' id='word_1_170' title='bbox 3405 1042 3636 1095; x_wconf 89' lang='lat' dir='ltr'><strong>mundus</strong></span> <span class='ocrx_word' id='word_1_171' title='bbox 3677 1056 3770 1093; x_wconf 83' lang='lat' dir='ltr'><strong>ar—</strong></span> 
     </span>
    </p>
   </div>
   <div class='ocr_carea' id='block_1_26' title="bbox 2186 1133 3774 1209">
    <p class='ocr_par' dir='ltr' id='par_1_26' title="bbox 2186 1133 3774 1209">
     <span class='ocr_line' id='line_1_26' title="bbox 2186 1133 3774 1209; baseline -0.004 -16"><span class='ocrx_word' id='word_1_172' title='bbox 2186 1140 2448 1209; x_wconf 56' lang='lat' dir='ltr'><strong>chetypos</strong></span> <span class='ocrx_word' id='word_1_173' title='bbox 2480 1138 2528 1189; x_wconf 91' lang='lat' dir='ltr'><strong>in</strong></span> <span class='ocrx_word' id='word_1_174' title='bbox 2565 1135 2706 1205; x_wconf 80' lang='lat' dir='ltr'><strong>Logo</strong></span> <span class='ocrx_word' id='word_1_175' title='bbox 2737 1135 2845 1189; x_wconf 88' lang='lat' dir='ltr'><strong>Deo</strong></span> <span class='ocrx_word' id='word_1_176' title='bbox 2876 1145 3094 1189; x_wconf 86' lang='lat' dir='ltr'><strong>aeterne</strong></span> <span class='ocrx_word' id='word_1_177' title='bbox 3134 1133 3404 1197; x_wconf 89' lang='lat' dir='ltr'><strong>conditus,</strong></span> <span class='ocrx_word' id='word_1_178' title='bbox 3433 1150 3594 1203; x_wconf 91' lang='lat' dir='ltr'><strong>quam</strong></span> <span class='ocrx_word' id='word_1_179' title='bbox 3629 1146 3774 1187; x_wconf 90' lang='lat' dir='ltr'><strong>nunc</strong></span> 
     </span>
    </p>
   </div>
   <div class='ocr_carea' id='block_1_27' title="bbox 2186 1221 3770 1296">
    <p class='ocr_par' dir='ltr' id='par_1_27' title="bbox 2186 1221 3770 1296">
     <span class='ocr_line' id='line_1_27' title="bbox 2186 1221 3770 1296; baseline -0.004 -14"><span class='ocrx_word' id='word_1_180' title='bbox 2186 1229 2357 1282; x_wconf 59' lang='lat' dir='ltr'><strong>idean:</strong></span> <span class='ocrx_word' id='word_1_181' title='bbox 2411 1227 2699 1279; x_wconf 78' lang='lat' dir='ltr'><strong>creationis</strong></span> <span class='ocrx_word' id='word_1_182' title='bbox 2735 1224 3005 1296; x_wconf 87' lang='lat' dir='ltr'><strong>appellare</strong></span> <span class='ocrx_word' id='word_1_183' title='bbox 3035 1221 3229 1289; x_wconf 84' lang='lat' dir='ltr'><strong>solent,</strong></span> <span class='ocrx_word' id='word_1_184' title='bbox 3258 1241 3378 1279; x_wconf 90' lang='lat' dir='ltr'><strong>cum</strong></span> <span class='ocrx_word' id='word_1_185' title='bbox 3417 1224 3650 1278; x_wconf 88' lang='lat' dir='ltr'><strong>secunda</strong></span> <span class='ocrx_word' id='word_1_186' title='bbox 3711 1222 3770 1277; x_wconf 92' lang='lat' dir='ltr'><strong>S.</strong></span> 
     </span>
    </p>
   </div>
   <div class='ocr_carea' id='block_1_28' title="bbox 2187 1313 3775 1385">
    <p class='ocr_par' dir='ltr' id='par_1_28' title="bbox 2187 1313 3775 1385">
     <span class='ocr_line' id='line_1_28' title="bbox 2187 1313 3775 1385; baseline -0.003 -14"><span class='ocrx_word' id='word_1_187' title='bbox 2187 1317 2468 1372; x_wconf 64' lang='lat' dir='ltr'><strong>Trinitatis</strong></span> <span class='ocrx_word' id='word_1_188' title='bbox 2497 1332 2720 1385; x_wconf 83' lang='lat' dir='ltr'><strong>persona</strong></span> <span class='ocrx_word' id='word_1_189' title='bbox 2763 1315 3038 1379; x_wconf 79' lang='lat' dir='ltr'><strong>confusus,</strong></span> <span class='ocrx_word' id='word_1_190' title='bbox 3068 1313 3152 1369; x_wconf 88' lang='lat' dir='ltr'><strong>vel</strong></span> <span class='ocrx_word' id='word_1_191' title='bbox 3199 1331 3303 1368; x_wconf 87' lang='lat' dir='ltr'><strong>non</strong></span> <span class='ocrx_word' id='word_1_192' title='bbox 3333 1315 3465 1369; x_wconf 88' lang='lat' dir='ltr'><strong>satis</strong></span> <span class='ocrx_word' id='word_1_193' title='bbox 3491 1315 3556 1368; x_wconf 84' lang='lat' dir='ltr'><strong>ab</strong></span> <span class='ocrx_word' id='word_1_194' title='bbox 3581 1314 3775 1368; x_wconf 85' lang='lat' dir='ltr'><strong>eadem</strong></span> 
     </span>
    </p>
   </div>
   <div class='ocr_carea' id='block_1_29' title="bbox 2186 1405 3774 1471">
    <p class='ocr_par' dir='ltr' id='par_1_29' title="bbox 2186 1405 3774 1471">
     <span class='ocr_line' id='line_1_29' title="bbox 2186 1405 3774 1471; baseline -0.003 -8"><span class='ocrx_word' id='word_1_195' title='bbox 2186 1410 2469 1464; x_wconf 84' lang='lat' dir='ltr'><strong>distinctus</strong></span> <span class='ocrx_word' id='word_1_196' title='bbox 2498 1409 2743 1471; x_wconf 69' lang='lat' dir='ltr'><strong>videtur;</strong></span> <span class='ocrx_word' id='word_1_197' title='bbox 2793 1405 2942 1460; x_wconf 89' lang='lat' dir='ltr'><strong>multi</strong></span> <span class='ocrx_word' id='word_1_198' title='bbox 2981 1417 3155 1460; x_wconf 88' lang='lat' dir='ltr'><strong>tamen</strong></span> <span class='ocrx_word' id='word_1_199' title='bbox 3189 1405 3276 1459; x_wconf 88' lang='lat' dir='ltr'><strong>alii</strong></span> <span class='ocrx_word' id='word_1_200' title='bbox 3312 1405 3412 1459; x_wconf 89' lang='lat' dir='ltr'><strong>loci</strong></span> <span class='ocrx_word' id='word_1_201' title='bbox 3453 1413 3774 1468; x_wconf 88' lang='lat' dir='ltr'><strong>occurrunt,</strong></span> 
     </span>
    </p>
   </div>
   <div class='ocr_carea' id='block_1_30' title="bbox 2185 1497 3776 1572">
    <p class='ocr_par' dir='ltr' id='par_1_30' title="bbox 2185 1497 3776 1572">
     <span class='ocr_line' id='line_1_30' title="bbox 2185 1497 3776 1572; baseline -0.003 -16"><span class='ocrx_word' id='word_1_202' title='bbox 2185 1503 2273 1572; x_wconf 90' lang='lat' dir='ltr'><strong>qui</strong></span> <span class='ocrx_word' id='word_1_203' title='bbox 2309 1504 2664 1557; x_wconf 83' lang='lat' dir='ltr'><strong>determinatc</strong></span> <span class='ocrx_word' id='word_1_204' title='bbox 2691 1511 2744 1552; x_wconf 89' lang='lat' dir='ltr'><strong>et</strong></span> <span class='ocrx_word' id='word_1_205' title='bbox 2773 1500 3015 1568; x_wconf 89' lang='lat' dir='ltr'><strong>praecise</strong></span> <span class='ocrx_word' id='word_1_206' title='bbox 3044 1515 3074 1554; x_wconf 87' lang='lat' dir='ltr'><strong>a</strong></span> <span class='ocrx_word' id='word_1_207' title='bbox 3104 1497 3288 1552; x_wconf 82' lang='lat' dir='ltr'><strong>Verbo‘</strong></span> <span class='ocrx_word' id='word_1_208' title='bbox 3315 1509 3535 1552; x_wconf 87' lang='lat' dir='ltr'><strong>aeterne</strong></span> <span class='ocrx_word' id='word_1_209' title='bbox 3566 1498 3776 1568; x_wconf 86' lang='lat' dir='ltr'><strong>genito,</strong></span> 
     </span>
    </p>
   </div>
   <div class='ocr_carea' id='block_1_31' title="bbox 2186 1589 3776 1660">
    <p class='ocr_par' dir='ltr' id='par_1_31' title="bbox 2186 1589 3776 1660">
     <span class='ocr_line' id='line_1_31' title="bbox 2186 1589 3776 1660; baseline -0.003 -15"><span class='ocrx_word' id='word_1_210' title='bbox 2186 1593 2442 1647; x_wconf 88' lang='lat' dir='ltr'><strong>mundum</strong></span> <span class='ocrx_word' id='word_1_211' title='bbox 2493 1595 2544 1648; x_wconf 91' lang='lat' dir='ltr'><strong>in</strong></span> <span class='ocrx_word' id='word_1_212' title='bbox 2607 1590 2799 1648; x_wconf 84' lang='lat' dir='ltr'><strong>eodem</strong></span> <span class='ocrx_word' id='word_1_213' title='bbox 2851 1590 3030 1646; x_wconf 81' lang='lat' dir='ltr'><strong>Verbo</strong></span> <span class='ocrx_word' id='word_1_214' title='bbox 3072 1589 3346 1645; x_wconf 89' lang='lat' dir='ltr'><strong>conditum</strong></span> <span class='ocrx_word' id='word_1_215' title='bbox 3389 1600 3442 1644; x_wconf 91' lang='lat' dir='ltr'><strong>et</strong></span> <span class='ocrx_word' id='word_1_216' title='bbox 3489 1605 3586 1660; x_wconf 91' lang='lat' dir='ltr'><strong>per</strong></span> <span class='ocrx_word' id='word_1_217' title='bbox 3634 1590 3776 1643; x_wconf 89' lang='lat' dir='ltr'><strong>idem</strong></span> 
     </span>
    </p>
   </div>
   <div class='ocr_carea' id='block_1_32' title="bbox 2187 1681 3781 1757">
    <p class='ocr_par' dir='ltr' id='par_1_32' title="bbox 2187 1681 3781 1757">
     <span class='ocr_line' id='line_1_32' title="bbox 2187 1681 3781 1757; baseline -0.004 -17"><span class='ocrx_word' id='word_1_218' title='bbox 2187 1685 2442 1750; x_wconf 84' lang='lat' dir='ltr'><strong>Verbum,</strong></span> <span class='ocrx_word' id='word_1_219' title='bbox 2474 1696 2531 1740; x_wconf 92' lang='lat' dir='ltr'><strong>ut</strong></span> <span class='ocrx_word' id='word_1_220' title='bbox 2571 1686 2686 1757; x_wconf 88' lang='lat' dir='ltr'><strong>ipse</strong></span> <span class='ocrx_word' id='word_1_221' title='bbox 2712 1686 2878 1751; x_wconf 83' lang='lat' dir='ltr'><strong>dicit,</strong></span> <span class='ocrx_word' id='word_1_222' title='bbox 2920 1681 3150 1746; x_wconf 85' lang='lat' dir='ltr'><strong>factum,</strong></span> <span class='ocrx_word' id='word_1_223' title='bbox 3184 1689 3237 1736; x_wconf 90' lang='lat' dir='ltr'><strong>et</strong></span> <span class='ocrx_word' id='word_1_224' title='bbox 3267 1685 3296 1735; x_wconf 83' lang='lat' dir='ltr'><strong>a</strong></span> <span class='ocrx_word' id='word_1_225' title='bbox 3327 1681 3533 1751; x_wconf 84' lang='lat' dir='ltr'><strong>Spiritu</strong></span> <span class='ocrx_word' id='word_1_226' title='bbox 3587 1691 3781 1734; x_wconf 89' lang='lat' dir='ltr'><strong>sancto</strong></span> 
     </span>
    </p>
   </div>
   <div class='ocr_carea' id='block_1_33' title="bbox 506 1771 2083 1855">
    <p class='ocr_par' dir='ltr' id='par_1_33' title="bbox 506 1771 2080 1855">
     <span class='ocr_line' id='line_1_33' title="bbox 506 1771 2080 1855; baseline 0.009 -26"><span class='ocrx_word' id='word_1_227' title='bbox 506 1797 523 1828; x_wconf 70' lang='grc' dir='ltr'><em>ς</em></span> <span class='ocrx_word' id='word_1_228' title='bbox 552 1777 611 1832; x_wconf 90' lang='lat' dir='ltr'><strong>Si</strong></span> <span class='ocrx_word' id='word_1_229' title='bbox 642 1779 860 1848; x_wconf 89' lang='lat' dir='ltr'><strong>quidem</strong></span> <span class='ocrx_word' id='word_1_230' title='bbox 906 1779 972 1836; x_wconf 90' lang='lat' dir='ltr'><strong>de</strong></span> <span class='ocrx_word' id='word_1_231' title='bbox 1008 1779 1118 1836; x_wconf 85' lang='lat' dir='ltr'><strong>Deo</strong></span> <span class='ocrx_word' id='word_1_232' title='bbox 1145 1782 1276 1836; x_wconf 89' lang='lat' dir='ltr'><strong>nihil</strong></span> <span class='ocrx_word' id='word_1_233' title='bbox 1307 1771 1452 1836; x_wconf 88' lang='lat' dir='ltr'><strong>aliud</strong></span> <span class='ocrx_word' id='word_1_234' title='bbox 1488 1793 1636 1838; x_wconf 89' lang='lat' dir='ltr'><strong>caste</strong></span> <span class='ocrx_word' id='word_1_235' title='bbox 1667 1786 1859 1855; x_wconf 90' lang='lat' dir='ltr'><strong>pieque</strong></span> <span class='ocrx_word' id='word_1_236' title='bbox 1891 1788 2080 1842; x_wconf 88' lang='lat' dir='ltr'><strong>viven-</strong></span> 
     </span>
    </p>
   </div>
   <div class='ocr_carea' id='block_1_34' title="bbox 2191 1771 3784 1855">
    <p class='ocr_par' dir='ltr' id='par_1_34' title="bbox 2191 1771 3784 1848">
     <span class='ocr_line' id='line_1_34' title="bbox 2191 1771 3784 1848; baseline -0.006 -16"><span class='ocrx_word' id='word_1_237' title='bbox 2191 1778 2513 1848; x_wconf 86' lang='lat' dir='ltr'><strong>perfectum,</strong></span> <span class='ocrx_word' id='word_1_238' title='bbox 2554 1786 2610 1832; x_wconf 92' lang='lat' dir='ltr'><strong>ut</strong></span> <span class='ocrx_word' id='word_1_239' title='bbox 2657 1787 2906 1833; x_wconf 88' lang='lat' dir='ltr'><strong>naturam</strong></span> <span class='ocrx_word' id='word_1_240' title='bbox 2963 1774 3183 1829; x_wconf 82' lang='lat' dir='ltr'><strong>aeterne</strong></span> <span class='ocrx_word' id='word_1_241' title='bbox 3238 1774 3536 1837; x_wconf 88' lang='lat' dir='ltr'><strong>conditam,</strong></span> <span class='ocrx_word' id='word_1_242' title='bbox 3571 1771 3784 1824; x_wconf 78' lang='lat' dir='ltr'><strong>scilicet</strong></span> 
     </span>
    </p>
   </div>
   <div class='ocr_carea' id='block_1_35' title="bbox 501 1869 2078 1948">
    <p class='ocr_par' dir='ltr' id='par_1_35' title="bbox 501 1869 2078 1948">
     <span class='ocr_line' id='line_1_35' title="bbox 501 1869 2078 1948; baseline 0.007 -24"><span class='ocrx_word' id='word_1_243' title='bbox 501 1869 663 1938; x_wconf 83' lang='lat' dir='ltr'><strong>tibus,</strong></span> <span class='ocrx_word' id='word_1_244' title='bbox 689 1873 1034 1944; x_wconf 86' lang='lat' dir='ltr'><strong>studioseque</strong></span> <span class='ocrx_word' id='word_1_245' title='bbox 1065 1875 1347 1931; x_wconf 85' lang='lat' dir='ltr'><strong>veritatem</strong></span> <span class='ocrx_word' id='word_1_246' title='bbox 1377 1879 1761 1948; x_wconf 85' lang='lat' dir='ltr'><strong>quaerentibus</strong></span> <span class='ocrx_word' id='word_1_247' title='bbox 1791 1880 2078 1936; x_wconf 88' lang='lat' dir='ltr'><strong>dicendum</strong></span> 
     </span>
    </p>
   </div>
   <div class='ocr_carea' id='block_1_36' title="bbox 499 1961 2077 2040">
    <p class='ocr_par' dir='ltr' id='par_1_36' title="bbox 499 1961 2077 2040">
     <span class='ocr_line' id='line_1_36' title="bbox 499 1961 2077 2040; baseline 0.01 -28"><span class='ocrx_word' id='word_1_248' title='bbox 499 1961 584 2020; x_wconf 90' lang='lat' dir='ltr'><strong>vel</strong></span> <span class='ocrx_word' id='word_1_249' title='bbox 632 1963 1002 2033; x_wconf 81' lang='lat' dir='ltr'><strong>cogitandum,</strong></span> <span class='ocrx_word' id='word_1_250' title='bbox 1035 1965 1140 2028; x_wconf 85' lang='lat' dir='ltr'><strong>nisi</strong></span> <span class='ocrx_word' id='word_1_251' title='bbox 1185 1982 1322 2036; x_wconf 88' lang='lat' dir='ltr'><strong>quae</strong></span> <span class='ocrx_word' id='word_1_252' title='bbox 1352 1969 1402 2029; x_wconf 86' lang='lat' dir='ltr'><strong>in</strong></span> <span class='ocrx_word' id='word_1_253' title='bbox 1435 1979 1622 2024; x_wconf 91' lang='lat' dir='ltr'><strong>sancta</strong></span> <span class='ocrx_word' id='word_1_254' title='bbox 1673 1967 1953 2040; x_wconf 88' lang='lat' dir='ltr'><strong>Scriptura</strong></span> <span class='ocrx_word' id='word_1_255' title='bbox 1997 1989 2077 2027; x_wconf 89' lang='lat' dir='ltr'><strong>re-</strong></span> 
     </span>
    </p>
   </div>
   <div class='ocr_carea' id='block_1_37' title="bbox 500 2053 2080 2130">
    <p class='ocr_par' dir='ltr' id='par_1_37' title="bbox 500 2053 2080 2130">
     <span class='ocr_line' id='line_1_37' title="bbox 500 2053 2080 2130; baseline 0.007 -24"><span class='ocrx_word' id='word_1_256' title='bbox 500 2053 805 2121; x_wconf 89' lang='lat' dir='ltr'><strong>periuntur,</strong></span> <span class='ocrx_word' id='word_1_257' title='bbox 842 2070 1017 2125; x_wconf 90' lang='lat' dir='ltr'><strong>neque</strong></span> <span class='ocrx_word' id='word_1_258' title='bbox 1059 2056 1204 2120; x_wconf 88' lang='lat' dir='ltr'><strong>aliis,</strong></span> <span class='ocrx_word' id='word_1_259' title='bbox 1241 2059 1342 2112; x_wconf 89' lang='lat' dir='ltr'><strong>nisi</strong></span> <span class='ocrx_word' id='word_1_260' title='bbox 1377 2059 1543 2128; x_wconf 91' lang='lat' dir='ltr'><strong>ipsius</strong></span> <span class='ocrx_word' id='word_1_261' title='bbox 1575 2061 2080 2130; x_wconf 84' lang='lat' dir='ltr'><strong>significationibus,</strong></span> 
     </span>
    </p>
   </div>
   <div class='ocr_carea' id='block_1_38' title="bbox 499 2145 2082 2222">
    <p class='ocr_par' dir='ltr' id='par_1_38' title="bbox 499 2145 2082 2222">
     <span class='ocr_line' id='line_1_38' title="bbox 499 2145 2082 2222; baseline 0.009 -26"><span class='ocrx_word' id='word_1_262' title='bbox 499 2145 754 2200; x_wconf 88' lang='lat' dir='ltr'><strong>utendum</strong></span> <span class='ocrx_word' id='word_1_263' title='bbox 780 2157 863 2202; x_wconf 85' lang='lat' dir='ltr'><strong>est</strong></span> <span class='ocrx_word' id='word_1_264' title='bbox 890 2147 998 2212; x_wconf 89' lang='lat' dir='ltr'><strong>bis,</strong></span> <span class='ocrx_word' id='word_1_265' title='bbox 1027 2148 1117 2218; x_wconf 91' lang='lat' dir='ltr'><strong>qui</strong></span> <span class='ocrx_word' id='word_1_266' title='bbox 1147 2150 1214 2204; x_wconf 89' lang='lat' dir='ltr'><strong>de</strong></span> <span class='ocrx_word' id='word_1_267' title='bbox 1259 2149 1367 2205; x_wconf 94' lang='lat' dir='ltr'><strong>Deo</strong></span> <span class='ocrx_word' id='word_1_268' title='bbox 1397 2151 1509 2206; x_wconf 87' lang='lat' dir='ltr'><strong>sive</strong></span> <span class='ocrx_word' id='word_1_269' title='bbox 1556 2154 1682 2222; x_wconf 89' lang='lat' dir='ltr'><strong>quid</strong></span> <span class='ocrx_word' id='word_1_270' title='bbox 1718 2155 1942 2208; x_wconf 87' lang='lat' dir='ltr'><strong>credant</strong></span> <span class='ocrx_word' id='word_1_271' title='bbox 1968 2157 2082 2211; x_wconf 89' lang='lat' dir='ltr'><strong>sive</strong></span> 
     </span>
    </p>
   </div>
   <div class='ocr_carea' id='block_1_39' title="bbox 497 2232 2081 2316">
    <p class='ocr_par' dir='ltr' id='par_1_39' title="bbox 497 2232 2081 2316">
     <span class='ocr_line' id='line_1_39' title="bbox 497 2232 2081 2316; baseline 0.009 -30"><span class='ocrx_word' id='word_1_272' title='bbox 497 2232 792 2303; x_wconf 88' lang='lat' dir='ltr'><strong>disputent.</strong></span> <span class='ocrx_word' id='word_1_273' title='bbox 820 2236 950 2304; x_wconf 85' lang='lat' dir='ltr'><strong>Quis</strong></span> <span class='ocrx_word' id='word_1_274' title='bbox 979 2238 1120 2292; x_wconf 87' lang='lat' dir='ltr'><strong>enim</strong></span> <span class='ocrx_word' id='word_1_275' title='bbox 1151 2240 1215 2293; x_wconf 90' lang='lat' dir='ltr'><strong>de</strong></span> <span class='ocrx_word' id='word_1_276' title='bbox 1243 2250 1436 2295; x_wconf 87' lang='lat' dir='ltr'><strong>natura</strong></span> <span class='ocrx_word' id='word_1_277' title='bbox 1466 2242 1723 2298; x_wconf 74' lang='lat' dir='ltr'><strong>ineffabili</strong></span> <span class='ocrx_word' id='word_1_278' title='bbox 1755 2246 2024 2316; x_wconf 83' lang='lat' dir='ltr'><strong>quippiam</strong></span> <span class='ocrx_word' id='word_1_279' title='bbox 2051 2263 2081 2302; x_wconf 90' lang='lat' dir='ltr'><strong>a</strong></span> 
     </span>
    </p>
   </div>
   <div class='ocr_carea' id='block_1_40' title="bbox 498 2325 2082 2412">
    <p class='ocr_par' dir='ltr' id='par_1_40' title="bbox 498 2325 2082 2405">
     <span class='ocr_line' id='line_1_40' title="bbox 498 2325 2082 2405; baseline 0.009 -28"><span class='ocrx_word' id='word_1_280' title='bbox 498 2325 677 2394; x_wconf 87' lang='lat' dir='ltr'><strong>seipso</strong></span> <span class='ocrx_word' id='word_1_281' title='bbox 707 2335 979 2398; x_wconf 85' lang='lat' dir='ltr'><strong>repertum</strong></span> <span class='ocrx_word' id='word_1_282' title='bbox 1004 2325 1184 2382; x_wconf 87' lang='lat' dir='ltr'><strong>dicere</strong></span> <span class='ocrx_word' id='word_1_283' title='bbox 1209 2343 1540 2400; x_wconf 85' lang='lat' dir='ltr'><strong>praesumat,</strong></span> <span class='ocrx_word' id='word_1_284' title='bbox 1575 2343 1788 2403; x_wconf 86' lang='lat' dir='ltr'><strong>praeter</strong></span> <span class='ocrx_word' id='word_1_285' title='bbox 1816 2338 1958 2405; x_wconf 92' lang='lat' dir='ltr'><strong>quod</strong></span> <span class='ocrx_word' id='word_1_286' title='bbox 1995 2337 2082 2391; x_wconf 90' lang='lat' dir='ltr'><strong>illa</strong></span> 
     </span>
    </p>
   </div>
   <div class='ocr_carea' id='block_1_41' title="bbox 501 2413 2084 2501">
    <p class='ocr_par' dir='ltr' id='par_1_41' title="bbox 501 2413 2084 2501">
     <span class='ocr_line' id='line_1_41' title="bbox 501 2413 2084 2501; baseline 0.008 -26"><span class='ocrx_word' id='word_1_287' title='bbox 501 2417 614 2490; x_wconf 83' lang='lat' dir='ltr'><strong>ipsa</strong></span> <span class='ocrx_word' id='word_1_288' title='bbox 659 2423 724 2477; x_wconf 89' lang='lat' dir='ltr'><strong>de</strong></span> <span class='ocrx_word' id='word_1_289' title='bbox 753 2437 812 2478; x_wconf 88' lang='lat' dir='ltr'><strong>se</strong></span> <span class='ocrx_word' id='word_1_290' title='bbox 842 2413 956 2494; x_wconf 83' lang='lat' dir='ltr'><strong>ipsa</strong></span> <span class='ocrx_word' id='word_1_291' title='bbox 987 2424 1040 2478; x_wconf 93' lang='lat' dir='ltr'><strong>in</strong></span> <span class='ocrx_word' id='word_1_292' title='bbox 1091 2423 1205 2480; x_wconf 91' lang='lat' dir='ltr'><strong>suis</strong></span> <span class='ocrx_word' id='word_1_293' title='bbox 1253 2427 1458 2481; x_wconf 87' lang='lat' dir='ltr'><strong>sanctis</strong></span> <span class='ocrx_word' id='word_1_294' title='bbox 1489 2429 1729 2499; x_wconf 81' lang='lat' dir='ltr'><strong>organis,</strong></span> <span class='ocrx_word' id='word_1_295' title='bbox 1763 2431 2084 2501; x_wconf 84' lang='lat' dir='ltr'><strong>theologicis</strong></span> 
     </span>
    </p>
   </div>
   <div class='ocr_carea' id='block_1_42' title="bbox 500 2501 2082 2595">
    <p class='ocr_par' dir='ltr' id='par_1_42' title="bbox 500 2501 2082 2595">
     <span class='ocr_line' id='line_1_42' title="bbox 500 2501 2082 2595; baseline 0.009 -31"><span class='ocrx_word' id='word_1_296' title='bbox 500 2501 638 2576; x_wconf 87' lang='lat' dir='ltr'><strong>dico,</strong></span> <span class='ocrx_word' id='word_1_297' title='bbox 673 2511 944 2568; x_wconf 90' lang='lat' dir='ltr'><strong>modulata</strong></span> <span class='ocrx_word' id='word_1_298' title='bbox 972 2525 1054 2570; x_wconf 89' lang='lat' dir='ltr'><strong>est</strong></span> <span class='ocrx_word' id='word_1_299' title='bbox 1077 2537 1122 2570; x_wconf 74' lang='grc' dir='ltr'>ι.</span> <span class='ocrx_word' id='word_1_300' title='bbox 1151 2515 1234 2571; x_wconf 85' lang='lat' dir='ltr'><strong>Cf.</strong></span> <span class='ocrx_word' id='word_1_301' title='bbox 1265 2518 1428 2573; x_wconf 88' lang='lat' dir='ltr'><strong>ctiam</strong></span> <span class='ocrx_word' id='word_1_302' title='bbox 1453 2519 1543 2575; x_wconf 90' lang='lat' dir='ltr'><strong>lib.</strong></span> <span class='ocrx_word' id='word_1_303' title='bbox 1574 2518 1637 2575; x_wconf 91' lang='lat' dir='ltr'>II.</span> <span class='ocrx_word' id='word_1_304' title='bbox 1661 2537 1717 2592; x_wconf 91' lang='lat' dir='ltr'><strong>p.</strong></span> <span class='ocrx_word' id='word_1_305' title='bbox 1746 2522 1846 2577; x_wconf 84' lang='grc'><strong>105</strong></span> <span class='ocrx_word' id='word_1_306' title='bbox 1867 2523 1950 2594; x_wconf 90' lang='grc' dir='ltr'><strong>(ΙΙ,</strong></span> <span class='ocrx_word' id='word_1_307' title='bbox 1973 2524 2082 2595; x_wconf 81' lang='grc'><strong>15),</strong></span> 
     </span>
    </p>
   </div>
   <div class='ocr_carea' id='block_1_43' title="bbox 498 2604 1442 2682">
    <p class='ocr_par' dir='ltr' id='par_1_43' title="bbox 498 2604 1442 2682">
     <span class='ocr_line' id='line_1_43' title="bbox 498 2604 1442 2682; baseline 0.01 -25"><span class='ocrx_word' id='word_1_308' title='bbox 498 2614 550 2664; x_wconf 87' lang='lat' dir='ltr'><strong>et</strong></span> <span class='ocrx_word' id='word_1_309' title='bbox 580 2604 671 2661; x_wconf 88' lang='lat' dir='ltr'><strong>lib.</strong></span> <span class='ocrx_word' id='word_1_310' title='bbox 699 2605 790 2672; x_wconf 86' lang='lat' dir='ltr'><strong>IV,</strong></span> <span class='ocrx_word' id='word_1_311' title='bbox 821 2623 874 2677; x_wconf 88' lang='lat' dir='ltr'><strong>p.</strong></span> <span class='ocrx_word' id='word_1_312' title='bbox 901 2605 1023 2674; x_wconf 75' lang='lat'><strong>393,</strong></span> <span class='ocrx_word' id='word_1_313' title='bbox 1057 2610 1160 2665; x_wconf 70' lang='lat'><strong>594</strong></span> <span class='ocrx_word' id='word_1_314' title='bbox 1193 2609 1302 2680; x_wconf 88' lang='lat' dir='ltr'><strong>(IV,</strong></span> <span class='ocrx_word' id='word_1_315' title='bbox 1334 2613 1442 2682; x_wconf 74' lang='lat'><strong>17).</strong></span> 
     </span>
    </p>
   </div>
   <div class='ocr_carea' id='block_1_44' title="bbox 573 2696 2082 2778">
    <p class='ocr_par' dir='ltr' id='par_1_44' title="bbox 573 2696 2082 2778">
     <span class='ocr_line' id='line_1_44' title="bbox 573 2696 2082 2778; baseline 0.01 -30"><span class='ocrx_word' id='word_1_316' title='bbox 573 2696 796 2751; x_wconf 87' lang='lat' dir='ltr'><strong>Prorsus</strong></span> <span class='ocrx_word' id='word_1_317' title='bbox 819 2700 1124 2754; x_wconf 88' lang='lat' dir='ltr'><strong>accuratior</strong></span> <span class='ocrx_word' id='word_1_318' title='bbox 1155 2701 1418 2772; x_wconf 77' lang='lat' dir='ltr'><strong>Erigonae</strong></span> <span class='ocrx_word' id='word_1_319' title='bbox 1446 2703 1608 2758; x_wconf 91' lang='lat' dir='ltr'><strong>lectio</strong></span> <span class='ocrx_word' id='word_1_320' title='bbox 1636 2721 2082 2778; x_wconf 89' lang='lat' dir='ltr'><strong>unumquemque</strong></span> 
     </span>
    </p>
   </div>
   <div class='ocr_carea' id='block_1_45' title="bbox 499 2787 2084 2866">
    <p class='ocr_par' dir='ltr' id='par_1_45' title="bbox 499 2787 2084 2866">
     <span class='ocr_line' id='line_1_45' title="bbox 499 2787 2084 2866; baseline 0.009 -27"><span class='ocrx_word' id='word_1_321' title='bbox 499 2799 666 2840; x_wconf 88' lang='lat' dir='ltr'><strong>sanae</strong></span> <span class='ocrx_word' id='word_1_322' title='bbox 693 2797 749 2842; x_wconf 88' lang='lat' dir='ltr'><strong>et</strong></span> <span class='ocrx_word' id='word_1_323' title='bbox 771 2787 950 2856; x_wconf 88' lang='lat' dir='ltr'><strong>justae</strong></span> <span class='ocrx_word' id='word_1_324' title='bbox 984 2792 1180 2846; x_wconf 87' lang='lat' dir='ltr'><strong>mentis</strong></span> <span class='ocrx_word' id='word_1_325' title='bbox 1223 2793 1478 2850; x_wconf 86' lang='lat' dir='ltr'><strong>lectorem</strong></span> <span class='ocrx_word' id='word_1_326' title='bbox 1512 2795 1714 2866; x_wconf 86' lang='lat' dir='ltr'><strong>absque</strong></span> <span class='ocrx_word' id='word_1_327' title='bbox 1745 2799 1908 2854; x_wconf 88' lang='lat' dir='ltr'><strong>dubio</strong></span> <span class='ocrx_word' id='word_1_328' title='bbox 1955 2815 2084 2856; x_wconf 82' lang='lat' dir='ltr'><strong>con-</strong></span> 
     </span>
    </p>
   </div>
   <div class='ocr_carea' id='block_1_46' title="bbox 495 2871 2085 2964">
    <p class='ocr_par' dir='ltr' id='par_1_46' title="bbox 495 2871 2085 2964">
     <span class='ocr_line' id='line_1_46' title="bbox 495 2871 2085 2964; baseline 0.009 -30"><span class='ocrx_word' id='word_1_329' title='bbox 495 2880 695 2946; x_wconf 79' lang='lat' dir='ltr'><strong>vincet,</strong></span> <span class='ocrx_word' id='word_1_330' title='bbox 733 2882 1018 2955; x_wconf 84' lang='lat' dir='ltr'><strong>Erigenam</strong></span> <span class='ocrx_word' id='word_1_331' title='bbox 1046 2885 1109 2940; x_wconf 85' lang='lat' dir='ltr'><strong>de</strong></span> <span class='ocrx_word' id='word_1_332' title='bbox 1162 2871 1368 2944; x_wconf 86' lang='lat' dir='ltr'><strong>ratione</strong></span> <span class='ocrx_word' id='word_1_333' title='bbox 1410 2890 1672 2964; x_wconf 82' lang='grc' dir='ltr'><strong>αὐτονόμῳ</strong></span> <span class='ocrx_word' id='word_1_334' title='bbox 1719 2903 1789 2955; x_wconf 88' lang='lat' dir='ltr'><strong>et,</strong></span> <span class='ocrx_word' id='word_1_335' title='bbox 1819 2895 1894 2947; x_wconf 90' lang='lat' dir='ltr'><strong>uti</strong></span> <span class='ocrx_word' id='word_1_336' title='bbox 1941 2893 2085 2948; x_wconf 87' lang='lat' dir='ltr'><strong>dica-</strong></span> 
     </span>
    </p>
   </div>
   <div class='ocr_carea' id='block_1_47' title="bbox 498 2975 2086 3056">
    <p class='ocr_par' dir='ltr' id='par_1_47' title="bbox 498 2975 2086 3056">
     <span class='ocr_line' id='line_1_47' title="bbox 498 2975 2086 3056; baseline 0.011 -31"><span class='ocrx_word' id='word_1_337' title='bbox 498 2987 637 3056; x_wconf 79' lang='lat' dir='ltr'><strong>mus,</strong></span> <span class='ocrx_word' id='word_1_338' title='bbox 686 2975 1028 3045; x_wconf 88' lang='lat' dir='ltr'><strong>solipsistica,</strong></span> <span class='ocrx_word' id='word_1_339' title='bbox 1060 2995 1221 3049; x_wconf 90' lang='lat' dir='ltr'><strong>quam</strong></span> <span class='ocrx_word' id='word_1_340' title='bbox 1261 2985 1592 3039; x_wconf 87' lang='lat' dir='ltr'><strong>recentiores</strong></span> <span class='ocrx_word' id='word_1_341' title='bbox 1626 2993 1874 3040; x_wconf 90' lang='lat' dir='ltr'><strong>statuunt</strong></span> <span class='ocrx_word' id='word_1_342' title='bbox 1914 2987 2086 3056; x_wconf 82' lang='lat' dir='ltr'><strong>philo-</strong></span> 
     </span>
    </p>
   </div>
   <div class='ocr_carea' id='block_1_48' title="bbox 499 3065 2083 3146">
    <p class='ocr_par' dir='ltr' id='par_1_48' title="bbox 499 3065 2083 3146">
     <span class='ocr_line' id='line_1_48' title="bbox 499 3065 2083 3146; baseline 0.009 -28"><span class='ocrx_word' id='word_1_343' title='bbox 499 3065 680 3146; x_wconf 88' lang='lat' dir='ltr'><strong>sopbi,</strong></span> <span class='ocrx_word' id='word_1_344' title='bbox 716 3083 783 3122; x_wconf 89' lang='lat' dir='ltr'><strong>ne</strong></span> <span class='ocrx_word' id='word_1_345' title='bbox 827 3084 1015 3124; x_wconf 91' lang='lat' dir='ltr'><strong>somno</strong></span> <span class='ocrx_word' id='word_1_346' title='bbox 1043 3071 1258 3140; x_wconf 81' lang='lat' dir='ltr'><strong>quidem</strong></span> <span class='ocrx_word' id='word_1_347' title='bbox 1288 3075 1573 3146; x_wconf 75' lang='lat' dir='ltr'><strong>cogitasse.</strong></span> <span class='ocrx_word' id='word_1_348' title='bbox 1625 3076 1737 3130; x_wconf 91' lang='lat' dir='ltr'><strong>lmo</strong></span> <span class='ocrx_word' id='word_1_349' title='bbox 1781 3077 1883 3132; x_wconf 87' lang='lat' dir='ltr'><strong>nisi</strong></span> <span class='ocrx_word' id='word_1_350' title='bbox 1933 3078 2083 3134; x_wconf 85' lang='lat' dir='ltr'><strong>radio</strong></span> 
     </span>
    </p>
   </div>
   <div class='ocr_carea' id='block_1_49' title="bbox 2185 1861 3785 1938">
    <p class='ocr_par' dir='ltr' id='par_1_49' title="bbox 2185 1861 3785 1938">
     <span class='ocr_line' id='line_1_49' title="bbox 2185 1861 3785 1938; baseline -0.006 -14"><span class='ocrx_word' id='word_1_351' title='bbox 2185 1881 2446 1936; x_wconf 87' lang='lat' dir='ltr'><strong>creatam,</strong></span> <span class='ocrx_word' id='word_1_352' title='bbox 2487 1871 2821 1938; x_wconf 89' lang='lat' dir='ltr'><strong>discernunt,</strong></span> <span class='ocrx_word' id='word_1_353' title='bbox 2857 1871 2983 1926; x_wconf 82' lang='lat' dir='ltr'><strong>licet</strong></span> <span class='ocrx_word' id='word_1_354' title='bbox 3009 1883 3131 1926; x_wconf 77' lang='lat' dir='ltr'><strong>cum</strong></span> <span class='ocrx_word' id='word_1_355' title='bbox 3161 1864 3306 1936; x_wconf 82' lang='lat' dir='ltr'><strong>Logo</strong></span> <span class='ocrx_word' id='word_1_356' title='bbox 3336 1864 3519 1919; x_wconf 91' lang='lat' dir='ltr'><strong>divino</strong></span> <span class='ocrx_word' id='word_1_357' title='bbox 3555 1861 3785 1931; x_wconf 91' lang='lat' dir='ltr'><strong>conjun-</strong></span> 
     </span>
    </p>
   </div>
   <div class='ocr_carea' id='block_1_50' title="bbox 2185 1957 3778 2032">
    <p class='ocr_par' dir='ltr' id='par_1_50' title="bbox 2185 1957 3778 2032">
     <span class='ocr_line' id='line_1_50' title="bbox 2185 1957 3778 2032; baseline -0.006 -14"><span class='ocrx_word' id='word_1_358' title='bbox 2185 1973 2324 2028; x_wconf 91' lang='lat' dir='ltr'><strong>ctus,</strong></span> <span class='ocrx_word' id='word_1_359' title='bbox 2368 1964 2582 2032; x_wconf 88' lang='lat' dir='ltr'><strong>quando</strong></span> <span class='ocrx_word' id='word_1_360' title='bbox 2633 1974 2858 2019; x_wconf 89' lang='lat' dir='ltr'><strong>naturae</strong></span> <span class='ocrx_word' id='word_1_361' title='bbox 2907 1976 3117 2018; x_wconf 86' lang='lat' dir='ltr'><strong>creatae</strong></span> <span class='ocrx_word' id='word_1_362' title='bbox 3167 1974 3272 2012; x_wconf 89' lang='lat' dir='ltr'><strong>non</strong></span> <span class='ocrx_word' id='word_1_363' title='bbox 3329 1957 3570 2021; x_wconf 87' lang='lat' dir='ltr'><strong>creanti,</strong></span> <span class='ocrx_word' id='word_1_364' title='bbox 3619 1971 3778 2024; x_wconf 87' lang='lat' dir='ltr'><strong>quem</strong></span> 
     </span>
    </p>
   </div>
   <div class='ocr_carea' id='block_1_51' title="bbox 2185 2049 3782 2124">
    <p class='ocr_par' dir='ltr' id='par_1_51' title="bbox 2185 2049 3782 2124">
     <span class='ocr_line' id='line_1_51' title="bbox 2185 2049 3782 2124; baseline -0.003 -16"><span class='ocrx_word' id='word_1_365' title='bbox 2185 2056 2442 2110; x_wconf 90' lang='lat' dir='ltr'><strong>mundum</strong></span> <span class='ocrx_word' id='word_1_366' title='bbox 2460 2055 2686 2124; x_wconf 88' lang='lat' dir='ltr'><strong>realem,</strong></span> <span class='ocrx_word' id='word_1_367' title='bbox 2702 2055 3267 2118; x_wconf 88' lang='lat' dir='ltr'><strong>scilicetUniversum,</strong></span> <span class='ocrx_word' id='word_1_368' title='bbox 3302 2066 3495 2107; x_wconf 72' lang='lat' dir='ltr'><strong>vocare</strong></span> <span class='ocrx_word' id='word_1_369' title='bbox 3521 2049 3782 2111; x_wconf 89' lang='lat' dir='ltr'><strong>solemus,</strong></span> 
     </span>
    </p>
   </div>
   <div class='ocr_carea' id='block_1_52' title="bbox 2184 2140 3783 2216">
    <p class='ocr_par' dir='ltr' id='par_1_52' title="bbox 2184 2140 3783 2216">
     <span class='ocr_line' id='line_1_52' title="bbox 2184 2140 3783 2216; baseline -0.006 -17"><span class='ocrx_word' id='word_1_370' title='bbox 2184 2147 2477 2215; x_wconf 88' lang='lat' dir='ltr'><strong>opponitur</strong></span> <span class='ocrx_word' id='word_1_371' title='bbox 2521 2147 2660 2200; x_wconf 89' lang='lat' dir='ltr'><strong>idem</strong></span> <span class='ocrx_word' id='word_1_372' title='bbox 2691 2157 2745 2202; x_wconf 89' lang='lat' dir='ltr'><strong>et</strong></span> <span class='ocrx_word' id='word_1_373' title='bbox 2791 2156 2971 2201; x_wconf 90' lang='lat' dir='ltr'><strong>creata</strong></span> <span class='ocrx_word' id='word_1_374' title='bbox 3000 2156 3054 2200; x_wconf 92' lang='lat' dir='ltr'><strong>et</strong></span> <span class='ocrx_word' id='word_1_375' title='bbox 3107 2163 3298 2201; x_wconf 75' lang='lat' dir='ltr'><strong>errans</strong></span> <span class='ocrx_word' id='word_1_376' title='bbox 3334 2140 3642 2216; x_wconf 77' lang='lat' dir='ltr'><strong>appcilctur</strong></span> <span class='ocrx_word' id='word_1_377' title='bbox 3682 2155 3783 2192; x_wconf 82' lang='lat' dir='ltr'><strong>na-</strong></span> 
     </span>
    </p>
   </div>
   <div class='ocr_carea' id='block_1_53' title="bbox 2186 2235 3787 2309">
    <p class='ocr_par' dir='ltr' id='par_1_53' title="bbox 2186 2235 3787 2309">
     <span class='ocr_line' id='line_1_53' title="bbox 2186 2235 3787 2309; baseline -0.001 -19"><span class='ocrx_word' id='word_1_378' title='bbox 2186 2247 2326 2291; x_wconf 85' lang='lat' dir='ltr'><strong>tura.</strong></span> <span class='ocrx_word' id='word_1_379' title='bbox 2355 2238 2639 2292; x_wconf 78' lang='lat' dir='ltr'><strong>Praeterea</strong></span> <span class='ocrx_word' id='word_1_380' title='bbox 2671 2237 2899 2309; x_wconf 84' lang='lat' dir='ltr'><strong>Erigena</strong></span> <span class='ocrx_word' id='word_1_381' title='bbox 2934 2239 2984 2292; x_wconf 91' lang='lat' dir='ltr'><strong>in</strong></span> <span class='ocrx_word' id='word_1_382' title='bbox 3019 2239 3203 2303; x_wconf 88' lang='lat' dir='ltr'><strong>variis,</strong></span> <span class='ocrx_word' id='word_1_383' title='bbox 3250 2254 3385 2308; x_wconf 89' lang='lat' dir='ltr'><strong>quas</strong></span> <span class='ocrx_word' id='word_1_384' title='bbox 3430 2238 3494 2291; x_wconf 89' lang='lat' dir='ltr'><strong>de</strong></span> <span class='ocrx_word' id='word_1_385' title='bbox 3543 2239 3601 2292; x_wconf 82' lang='lat' dir='ltr'><strong>S.</strong></span> <span class='ocrx_word' id='word_1_386' title='bbox 3649 2235 3787 2291; x_wconf 83' lang='lat' dir='ltr'><strong>Ter-</strong></span> 
     </span>
    </p>
   </div>
   <div class='ocr_carea' id='block_1_54' title="bbox 2187 2331 3780 2406">
    <p class='ocr_par' dir='ltr' id='par_1_54' title="bbox 2187 2331 3780 2406">
     <span class='ocr_line' id='line_1_54' title="bbox 2187 2331 3780 2406; baseline 0.001 -24"><span class='ocrx_word' id='word_1_387' title='bbox 2187 2333 2342 2385; x_wconf 88' lang='lat' dir='ltr'><strong>nario</strong></span> <span class='ocrx_word' id='word_1_388' title='bbox 2375 2331 2579 2400; x_wconf 77' lang='lat' dir='ltr'><strong>profert</strong></span> <span class='ocrx_word' id='word_1_389' title='bbox 2620 2333 3064 2406; x_wconf 74' lang='lat' dir='ltr'><strong>expositionibus,</strong></span> <span class='ocrx_word' id='word_1_390' title='bbox 3101 2349 3259 2403; x_wconf 88' lang='lat' dir='ltr'><strong>quam</strong></span> <span class='ocrx_word' id='word_1_391' title='bbox 3291 2332 3635 2386; x_wconf 88' lang='lat' dir='ltr'><strong>strictissime</strong></span> <span class='ocrx_word' id='word_1_392' title='bbox 3668 2332 3780 2385; x_wconf 83' lang='lat' dir='ltr'><strong>sin-</strong></span> 
     </span>
    </p>
   </div>
   <div class='ocr_carea' id='block_1_55' title="bbox 2187 2423 3778 2493">
    <p class='ocr_par' dir='ltr' id='par_1_55' title="bbox 2187 2423 3778 2493">
     <span class='ocr_line' id='line_1_55' title="bbox 2187 2423 3778 2493; baseline 0.002 -20"><span class='ocrx_word' id='word_1_393' title='bbox 2187 2423 2340 2487; x_wconf 85' lang='lat' dir='ltr'><strong>gulas</strong></span> <span class='ocrx_word' id='word_1_394' title='bbox 2389 2439 2647 2493; x_wconf 85' lang='lat' dir='ltr'><strong>personas</strong></span> <span class='ocrx_word' id='word_1_395' title='bbox 2698 2424 2810 2478; x_wconf 88' lang='lat' dir='ltr'><strong>sive</strong></span> <span class='ocrx_word' id='word_1_396' title='bbox 2854 2425 3173 2486; x_wconf 74' lang='grc' dir='ltr'><strong>ὑποστάσεις</strong></span> <span class='ocrx_word' id='word_1_397' title='bbox 3216 2423 3440 2479; x_wconf 88' lang='lat' dir='ltr'><strong>classice</strong></span> <span class='ocrx_word' id='word_1_398' title='bbox 3479 2424 3778 2479; x_wconf 87' lang='lat' dir='ltr'><strong>secundum</strong></span> 
     </span>
    </p>
   </div>
   <div class='ocr_carea' id='block_1_56' title="bbox 2187 2514 3782 2590">
    <p class='ocr_par' dir='ltr' id='par_1_56' title="bbox 2187 2514 3782 2590">
     <span class='ocr_line' id='line_1_56' title="bbox 2187 2514 3782 2590; baseline 0.002 -23"><span class='ocrx_word' id='word_1_399' title='bbox 2187 2514 2377 2584; x_wconf 81' lang='lat' dir='ltr'><strong>dogma</strong></span> <span class='ocrx_word' id='word_1_400' title='bbox 2425 2515 2724 2584; x_wconf 80' lang='lat' dir='ltr'><strong>distinguit,</strong></span> <span class='ocrx_word' id='word_1_401' title='bbox 2754 2524 2806 2569; x_wconf 91' lang='lat' dir='ltr'><strong>et</strong></span> <span class='ocrx_word' id='word_1_402' title='bbox 2846 2525 3240 2586; x_wconf 88' lang='lat' dir='ltr'><strong>consequenter</strong></span> <span class='ocrx_word' id='word_1_403' title='bbox 3268 2517 3431 2570; x_wconf 87' lang='lat' dir='ltr'><strong>etiam</strong></span> <span class='ocrx_word' id='word_1_404' title='bbox 3469 2515 3616 2590; x_wconf 79' lang='grc' dir='ltr'><strong>λόγον</strong></span> <span class='ocrx_word' id='word_1_405' title='bbox 3646 2516 3782 2570; x_wconf 84' lang='lat' dir='ltr'><strong>dicit</strong></span> 
     </span>
    </p>
   </div>
   <div class='ocr_carea' id='block_1_57' title="bbox 2131 2605 3778 2678">
    <p class='ocr_par' dir='ltr' id='par_1_57' title="bbox 2131 2605 3778 2678">
     <span class='ocr_line' id='line_1_57' title="bbox 2131 2605 3778 2678; baseline 0.003 -21"><span class='ocrx_word' id='word_1_406' title='bbox 2131 2620 2136 2624; x_wconf 94' lang='grc'><strong>·</strong></span> <span class='ocrx_word' id='word_1_407' title='bbox 2187 2615 2406 2658; x_wconf 82' lang='lat' dir='ltr'><strong>aeterne</strong></span> <span class='ocrx_word' id='word_1_408' title='bbox 2459 2605 2728 2676; x_wconf 89' lang='lat' dir='ltr'><strong>genitum,</strong></span> <span class='ocrx_word' id='word_1_409' title='bbox 2780 2621 2876 2660; x_wconf 83' lang='lat' dir='ltr'><strong>nec</strong></span> <span class='ocrx_word' id='word_1_410' title='bbox 2932 2616 3150 2661; x_wconf 88' lang='lat' dir='ltr'><strong>aeterne</strong></span> <span class='ocrx_word' id='word_1_411' title='bbox 3201 2610 3618 2678; x_wconf 87' lang='lat' dir='ltr'><strong>procedentem,</strong></span> <span class='ocrx_word' id='word_1_412' title='bbox 3675 2623 3778 2662; x_wconf 89' lang='lat' dir='ltr'><strong>nec</strong></span> 
     </span>
    </p>
   </div>
   <div class='ocr_carea' id='block_1_58' title="bbox 2188 2695 3780 2770">
    <p class='ocr_par' dir='ltr' id='par_1_58' title="bbox 2188 2695 3780 2770">
     <span class='ocr_line' id='line_1_58' title="bbox 2188 2695 3780 2770; baseline 0.003 -21"><span class='ocrx_word' id='word_1_413' title='bbox 2188 2707 2406 2750; x_wconf 89' lang='lat' dir='ltr'><strong>aeterne</strong></span> <span class='ocrx_word' id='word_1_414' title='bbox 2445 2708 2708 2750; x_wconf 86' lang='lat' dir='ltr'><strong>creatum.</strong></span> <span class='ocrx_word' id='word_1_415' title='bbox 2747 2695 2934 2762; x_wconf 88' lang='lat' dir='ltr'><strong>Locos,</strong></span> <span class='ocrx_word' id='word_1_416' title='bbox 2964 2697 3160 2766; x_wconf 88' lang='lat' dir='ltr'><strong>quibus</strong></span> <span class='ocrx_word' id='word_1_417' title='bbox 3187 2697 3274 2752; x_wconf 90' lang='lat' dir='ltr'><strong>illa</strong></span> <span class='ocrx_word' id='word_1_418' title='bbox 3305 2699 3442 2753; x_wconf 91' lang='lat' dir='ltr'><strong>inter</strong></span> <span class='ocrx_word' id='word_1_419' title='bbox 3469 2698 3650 2770; x_wconf 85' lang='lat' dir='ltr'><strong>Logon</strong></span> <span class='ocrx_word' id='word_1_420' title='bbox 3683 2715 3780 2753; x_wconf 85' lang='lat' dir='ltr'><strong>na-</strong></span> 
     </span>
    </p>
   </div>
   <div class='ocr_carea' id='block_1_59' title="bbox 2191 2790 3780 2859">
    <p class='ocr_par' dir='ltr' id='par_1_59' title="bbox 2191 2790 3780 2859">
     <span class='ocr_line' id='line_1_59' title="bbox 2191 2790 3780 2859; baseline 0.003 -18"><span class='ocrx_word' id='word_1_421' title='bbox 2191 2797 2472 2858; x_wconf 90' lang='lat' dir='ltr'><strong>turamque</strong></span> <span class='ocrx_word' id='word_1_422' title='bbox 2534 2797 2770 2842; x_wconf 90' lang='lat' dir='ltr'><strong>creatam</strong></span> <span class='ocrx_word' id='word_1_423' title='bbox 2817 2799 2870 2843; x_wconf 90' lang='lat' dir='ltr'><strong>et</strong></span> <span class='ocrx_word' id='word_1_424' title='bbox 2923 2798 3198 2844; x_wconf 89' lang='lat' dir='ltr'><strong>creantem</strong></span> <span class='ocrx_word' id='word_1_425' title='bbox 3247 2790 3553 2859; x_wconf 90' lang='lat' dir='ltr'><strong>distinctio,</strong></span> <span class='ocrx_word' id='word_1_426' title='bbox 3608 2791 3780 2846; x_wconf 90' lang='lat' dir='ltr'><strong>multo</strong></span> 
     </span>
    </p>
   </div>
   <div class='ocr_carea' id='block_1_60' title="bbox 2189 2878 3776 2949">
    <p class='ocr_par' dir='ltr' id='par_1_60' title="bbox 2189 2878 3776 2949">
     <span class='ocr_line' id='line_1_60' title="bbox 2189 2878 3776 2949; baseline 0.002 -18"><span class='ocrx_word' id='word_1_427' title='bbox 2189 2879 2360 2949; x_wconf 87' lang='lat' dir='ltr'><strong>magis</strong></span> <span class='ocrx_word' id='word_1_428' title='bbox 2397 2881 2560 2932; x_wconf 90' lang='lat' dir='ltr'><strong>etiam</strong></span> <span class='ocrx_word' id='word_1_429' title='bbox 2591 2879 2732 2932; x_wconf 89' lang='lat' dir='ltr'><strong>inter</strong></span> <span class='ocrx_word' id='word_1_430' title='bbox 2761 2878 2990 2933; x_wconf 89' lang='lat' dir='ltr'><strong>eundem</strong></span> <span class='ocrx_word' id='word_1_431' title='bbox 3019 2886 3073 2933; x_wconf 89' lang='lat' dir='ltr'><strong>et</strong></span> <span class='ocrx_word' id='word_1_432' title='bbox 3107 2887 3353 2934; x_wconf 90' lang='lat' dir='ltr'><strong>naturam</strong></span> <span class='ocrx_word' id='word_1_433' title='bbox 3401 2889 3638 2934; x_wconf 89' lang='lat' dir='ltr'><strong>creatam</strong></span> <span class='ocrx_word' id='word_1_434' title='bbox 3669 2897 3776 2934; x_wconf 88' lang='lat' dir='ltr'><strong>non</strong></span> 
     </span>
    </p>
   </div>
   <div class='ocr_carea' id='block_1_61' title="bbox 2189 2972 3784 3044">
    <p class='ocr_par' dir='ltr' id='par_1_61' title="bbox 2189 2972 3784 3044">
     <span class='ocr_line' id='line_1_61' title="bbox 2189 2972 3784 3044; baseline 0.003 -19"><span class='ocrx_word' id='word_1_435' title='bbox 2189 2984 2465 3027; x_wconf 89' lang='lat' dir='ltr'><strong>creantem</strong></span> <span class='ocrx_word' id='word_1_436' title='bbox 2498 2973 2702 3027; x_wconf 89' lang='lat' dir='ltr'><strong>scilicet</strong></span> <span class='ocrx_word' id='word_1_437' title='bbox 2732 2983 3040 3028; x_wconf 90' lang='lat' dir='ltr'><strong>creaturam</strong></span> <span class='ocrx_word' id='word_1_438' title='bbox 3080 2974 3295 3044; x_wconf 88' lang='lat' dir='ltr'><strong>proprie</strong></span> <span class='ocrx_word' id='word_1_439' title='bbox 3341 2972 3542 3029; x_wconf 89' lang='lat' dir='ltr'><strong>dictam</strong></span> <span class='ocrx_word' id='word_1_440' title='bbox 3566 3015 3580 3038; x_wconf 94' lang='lat'><strong>,</strong></span> <span class='ocrx_word' id='word_1_441' title='bbox 3625 2973 3784 3029; x_wconf 89' lang='lat' dir='ltr'><strong>nobis</strong></span> 
     </span>
    </p>
   </div>
   <div class='ocr_carea' id='block_1_62' title="bbox 2189 3055 3784 3137">
    <p class='ocr_par' dir='ltr' id='par_1_62' title="bbox 2189 3055 3784 3137">
     <span class='ocr_line' id='line_1_62' title="bbox 2189 3055 3784 3137; baseline -0.001 -14"><span class='ocrx_word' id='word_1_442' title='bbox 2189 3068 2491 3123; x_wconf 81' lang='lat' dir='ltr'><strong>clarissime</strong></span> <span class='ocrx_word' id='word_1_443' title='bbox 2521 3067 2733 3122; x_wconf 89' lang='lat' dir='ltr'><strong>videtur</strong></span> <span class='ocrx_word' id='word_1_444' title='bbox 2784 3067 3098 3122; x_wconf 89' lang='lat' dir='ltr'><strong>illucescere</strong></span> <span class='ocrx_word' id='word_1_445' title='bbox 3139 3066 3377 3137; x_wconf 79' lang='lat' dir='ltr'><strong>(praeter</strong></span> <span class='ocrx_word' id='word_1_446' title='bbox 3409 3065 3546 3133; x_wconf 91' lang='lat' dir='ltr'><strong>illos,</strong></span> <span class='ocrx_word' id='word_1_447' title='bbox 3583 3055 3784 3137; x_wconf 75' lang='lat' dir='ltr'><strong>quibus</strong></span> 
     </span>
    </p>
   </div>
   <div class='ocr_carea' id='block_1_63' title="bbox 498 3157 3781 3230">
    <p class='ocr_par' dir='ltr' id='par_1_63' title="bbox 498 3157 3781 3230">
     <span class='ocr_line' id='line_1_63' title="bbox 498 3157 3781 3230; baseline 0.006 -20"><span class='ocrx_word' id='word_1_448' title='bbox 498 3159 742 3215; x_wconf 86' lang='lat' dir='ltr'><strong>veritatis</strong></span> <span class='ocrx_word' id='word_1_449' title='bbox 788 3177 853 3216; x_wconf 84' lang='lat' dir='ltr'><strong>ex</strong></span> <span class='ocrx_word' id='word_1_450' title='bbox 895 3163 1060 3219; x_wconf 84' lang='lat' dir='ltr'><strong>verbo</strong></span> <span class='ocrx_word' id='word_1_451' title='bbox 1088 3165 1269 3221; x_wconf 90' lang='lat' dir='ltr'><strong>divino</strong></span> <span class='ocrx_word' id='word_1_452' title='bbox 1313 3178 1369 3223; x_wconf 89' lang='lat' dir='ltr'><strong>et</strong></span> <span class='ocrx_word' id='word_1_453' title='bbox 1399 3171 1723 3224; x_wconf 90' lang='lat' dir='ltr'><strong>testimoniis</strong></span> <span class='ocrx_word' id='word_1_454' title='bbox 1764 3179 2077 3226; x_wconf 87' lang='lat' dir='ltr'><strong>sanctorum</strong></span> <span class='ocrx_word' id='word_1_455' title='bbox 2107 3167 2154 3229; x_wconf 88' lang='lat' dir='ltr'><strong>C</strong></span> <span class='ocrx_word' id='word_1_456' title='bbox 2185 3161 2325 3216; x_wconf 62' lang='lat' dir='ltr'><strong>Deus</strong></span> <span class='ocrx_word' id='word_1_457' title='bbox 2369 3160 2581 3230; x_wconf 62' lang='lat' dir='ltr'><strong>SCHIWS</strong></span> <span class='ocrx_word' id='word_1_458' title='bbox 2629 3175 2658 3212; x_wconf 74' lang='grc'><strong>³</strong></span> <span class='ocrx_word' id='word_1_459' title='bbox 2701 3157 2810 3212; x_wconf 68' lang='lat' dir='ltr'><strong>Deo</strong></span> <span class='ocrx_word' id='word_1_460' title='bbox 2864 3165 3156 3230; x_wconf 65' lang='grc' dir='ltr'><strong>εέεθυθτίυηο</strong></span> <span class='ocrx_word' id='word_1_461' title='bbox 3201 3165 3255 3212; x_wconf 73' lang='grc' dir='ltr'><strong>οι</strong></span> <span class='ocrx_word' id='word_1_462' title='bbox 3299 3159 3624 3228; x_wconf 58' lang='lat' dir='ltr'><strong>Procedente</strong></span> <span class='ocrx_word' id='word_1_463' title='bbox 3674 3176 3781 3213; x_wconf 78' lang='lat'><strong>&quot;0“</strong></span> 
     </span>
    </p>
   </div>
   <div class='ocr_carea' id='block_1_64' title="bbox 501 3249 2084 3330">
    <p class='ocr_par' dir='ltr' id='par_1_64' title="bbox 501 3249 2084 3330">
     <span class='ocr_line' id='line_1_64' title="bbox 501 3249 2084 3330; baseline 0.01 -25"><span class='ocrx_word' id='word_1_464' title='bbox 501 3249 775 3320; x_wconf 75' lang='lat' dir='ltr'><strong>Ecclesiae</strong></span> <span class='ocrx_word' id='word_1_465' title='bbox 813 3253 1058 3330; x_wconf 83' lang='lat' dir='ltr'><strong>Patrum,</strong></span> <span class='ocrx_word' id='word_1_466' title='bbox 1101 3258 1250 3312; x_wconf 88' lang='lat' dir='ltr'><strong>radio</strong></span> <span class='ocrx_word' id='word_1_467' title='bbox 1293 3260 1452 3314; x_wconf 88' lang='lat' dir='ltr'><strong>simul</strong></span> <span class='ocrx_word' id='word_1_468' title='bbox 1502 3262 1698 3318; x_wconf 88' lang='lat' dir='ltr'><strong>interni</strong></span> <span class='ocrx_word' id='word_1_469' title='bbox 1737 3263 1955 3319; x_wconf 84' lang='lat' dir='ltr'><strong>luminis</strong></span> <span class='ocrx_word' id='word_1_470' title='bbox 1998 3266 2084 3320; x_wconf 87' lang='lat' dir='ltr'><strong>ad-</strong></span> 
     </span>
    </p>
   </div>
   <div class='ocr_carea' id='block_1_65' title="bbox 495 3339 2080 3428">
    <p class='ocr_par' dir='ltr' id='par_1_65' title="bbox 495 3339 2080 3428">
     <span class='ocr_line' id='line_1_65' title="bbox 495 3339 2080 3428; baseline 0.013 -36"><span class='ocrx_word' id='word_1_471' title='bbox 495 3339 737 3428; x_wconf 85' lang='lat' dir='ltr'><strong>juvante,</strong></span> <span class='ocrx_word' id='word_1_472' title='bbox 771 3350 1082 3414; x_wconf 84' lang='lat' dir='ltr'><strong>tangeretur</strong></span> <span class='ocrx_word' id='word_1_473' title='bbox 1107 3347 1204 3417; x_wconf 82' lang='lat' dir='ltr'><strong>(a),</strong></span> <span class='ocrx_word' id='word_1_474' title='bbox 1233 3349 1433 3404; x_wconf 90' lang='lat' dir='ltr'><strong>nullum</strong></span> <span class='ocrx_word' id='word_1_475' title='bbox 1466 3354 1617 3407; x_wconf 86' lang='lat' dir='ltr'><strong>novit</strong></span> <span class='ocrx_word' id='word_1_476' title='bbox 1647 3355 1876 3411; x_wconf 89' lang='lat' dir='ltr'><strong>rationis</strong></span> <span class='ocrx_word' id='word_1_477' title='bbox 1902 3371 2080 3423; x_wconf 86' lang='lat' dir='ltr'><strong>usum,</strong></span> 
     </span>
    </p>
   </div>
   <div class='ocr_carea' id='block_1_66' title="bbox 500 3434 2083 3519">
    <p class='ocr_par' dir='ltr' id='par_1_66' title="bbox 500 3434 2083 3519">
     <span class='ocr_line' id='line_1_66' title="bbox 500 3434 2083 3519; baseline 0.014 -33"><span class='ocrx_word' id='word_1_478' title='bbox 500 3448 603 3488; x_wconf 90' lang='lat' dir='ltr'><strong>nec</strong></span> <span class='ocrx_word' id='word_1_479' title='bbox 654 3434 816 3490; x_wconf 90' lang='lat' dir='ltr'><strong>ullam</strong></span> <span class='ocrx_word' id='word_1_480' title='bbox 875 3439 1046 3507; x_wconf 83' lang='lat' dir='ltr'><strong>gratia</strong></span> <span class='ocrx_word' id='word_1_481' title='bbox 1102 3441 1412 3498; x_wconf 88' lang='lat' dir='ltr'><strong>destitutam</strong></span> <span class='ocrx_word' id='word_1_482' title='bbox 1465 3447 1632 3501; x_wconf 90' lang='lat' dir='ltr'><strong>animi</strong></span> <span class='ocrx_word' id='word_1_483' title='bbox 1691 3449 2083 3519; x_wconf 86' lang='lat' dir='ltr'><strong>intentionem,</strong></span> 
     </span>
    </p>
   </div>
   <div class='ocr_carea' id='block_1_67' title="bbox 501 3519 2085 3611">
    <p class='ocr_par' dir='ltr' id='par_1_67' title="bbox 501 3519 2085 3611">
     <span class='ocr_line' id='line_1_67' title="bbox 501 3519 2085 3611; baseline 0.016 -34"><span class='ocrx_word' id='word_1_484' title='bbox 501 3519 640 3595; x_wconf 84' lang='lat' dir='ltr'><strong>quae</strong></span> <span class='ocrx_word' id='word_1_485' title='bbox 672 3544 776 3582; x_wconf 91' lang='lat' dir='ltr'><strong>non</strong></span> <span class='ocrx_word' id='word_1_486' title='bbox 808 3529 1030 3596; x_wconf 90' lang='lat' dir='ltr'><strong>virtute,</strong></span> <span class='ocrx_word' id='word_1_487' title='bbox 1058 3535 1271 3602; x_wconf 85' lang='lat' dir='ltr'><strong>opibus,</strong></span> <span class='ocrx_word' id='word_1_488' title='bbox 1304 3539 1485 3603; x_wconf 89' lang='lat' dir='ltr'><strong>rebus,</strong></span> <span class='ocrx_word' id='word_1_489' title='bbox 1523 3538 1793 3611; x_wconf 83' lang='lat' dir='ltr'><strong>felicique&#39;</strong></span> <span class='ocrx_word' id='word_1_490' title='bbox 1818 3546 1964 3601; x_wconf 78' lang='lat' dir='ltr'><strong>exitu</strong></span> <span class='ocrx_word' id='word_1_491' title='bbox 1997 3561 2085 3602; x_wconf 86' lang='lat' dir='ltr'><strong>ne-</strong></span> 
     </span>
    </p>
   </div>
   <div class='ocr_carea' id='block_1_68' title="bbox 504 3619 2084 3707">
    <p class='ocr_par' dir='ltr' id='par_1_68' title="bbox 504 3619 2084 3707">
     <span class='ocr_line' id='line_1_68' title="bbox 504 3619 2084 3707; baseline 0.013 -35"><span class='ocrx_word' id='word_1_492' title='bbox 504 3619 740 3674; x_wconf 89' lang='lat' dir='ltr'><strong>cessario</strong></span> <span class='ocrx_word' id='word_1_493' title='bbox 770 3632 1007 3689; x_wconf 90' lang='lat' dir='ltr'><strong>careret;</strong></span> <span class='ocrx_word' id='word_1_494' title='bbox 1038 3641 1303 3696; x_wconf 89' lang='lat' dir='ltr'><strong>nusquam</strong></span> <span class='ocrx_word' id='word_1_495' title='bbox 1338 3645 1404 3684; x_wconf 91' lang='lat' dir='ltr'><strong>ne</strong></span> <span class='ocrx_word' id='word_1_496' title='bbox 1433 3635 1832 3701; x_wconf 89' lang='lat' dir='ltr'><strong>praetereundo</strong></span> <span class='ocrx_word' id='word_1_497' title='bbox 1862 3638 2084 3707; x_wconf 89' lang='lat' dir='ltr'><strong>quidem</strong></span> 
     </span>
    </p>
   </div>
   <div class='ocr_carea' id='block_1_69' title="bbox 500 3713 2086 3800">
    <p class='ocr_par' dir='ltr' id='par_1_69' title="bbox 500 3713 2086 3800">
     <span class='ocr_line' id='line_1_69' title="bbox 500 3713 2086 3800; baseline 0.013 -36"><span class='ocrx_word' id='word_1_498' title='bbox 500 3713 848 3800; x_wconf 73' lang='lat' dir='ltr'><strong>sententiam,</strong></span> <span class='ocrx_word' id='word_1_499' title='bbox 877 3730 1014 3784; x_wconf 87' lang='lat' dir='ltr'><strong>quae</strong></span> <span class='ocrx_word' id='word_1_500' title='bbox 1045 3717 1204 3772; x_wconf 91' lang='lat' dir='ltr'><strong>istum</strong></span> <span class='ocrx_word' id='word_1_501' title='bbox 1235 3731 1449 3789; x_wconf 89' lang='lat' dir='ltr'><strong>saperet</strong></span> <span class='ocrx_word' id='word_1_502' title='bbox 1481 3725 1932 3793; x_wconf 89' lang='lat' dir='ltr'><strong>rationalismum,</strong></span> <span class='ocrx_word' id='word_1_503' title='bbox 1963 3746 2086 3800; x_wconf 86' lang='lat' dir='ltr'><strong>pro-</strong></span> 
     </span>
    </p>
   </div>
   <div class='ocr_carea' id='block_1_70' title="bbox 504 3797 2086 3892">
    <p class='ocr_par' dir='ltr' id='par_1_70' title="bbox 504 3797 2086 3892">
     <span class='ocr_line' id='line_1_70' title="bbox 504 3797 2086 3892; baseline 0.015 -37"><span class='ocrx_word' id='word_1_504' title='bbox 504 3797 644 3892; x_wconf 82' lang='lat' dir='ltr'><strong>tulit.</strong></span> <span class='ocrx_word' id='word_1_505' title='bbox 672 3803 762 3859; x_wconf 90' lang='lat' dir='ltr'><strong>Illa</strong></span> <span class='ocrx_word' id='word_1_506' title='bbox 811 3823 937 3864; x_wconf 89' lang='lat' dir='ltr'><strong>vero</strong></span> <span class='ocrx_word' id='word_1_507' title='bbox 983 3809 1352 3882; x_wconf 87' lang='lat' dir='ltr'><strong>philosophiae</strong></span> <span class='ocrx_word' id='word_1_508' title='bbox 1382 3816 1625 3873; x_wconf 85' lang='lat' dir='ltr'><strong>definitio</strong></span> <span class='ocrx_word' id='word_1_509' title='bbox 1661 3817 1928 3892; x_wconf 84' lang='lat' dir='ltr'><strong>Erigenae</strong></span> <span class='ocrx_word' id='word_1_510' title='bbox 1963 3797 2086 3878; x_wconf 81' lang='lat' dir='ltr'><strong>eam</strong></span> 
     </span>
    </p>
   </div>
   <div class='ocr_carea' id='block_1_71' title="bbox 499 3889 2086 3980">
    <p class='ocr_par' dir='ltr' id='par_1_71' title="bbox 499 3889 2086 3980">
     <span class='ocr_line' id='line_1_71' title="bbox 499 3889 2086 3980; baseline 0.012 -31"><span class='ocrx_word' id='word_1_511' title='bbox 499 3889 570 3949; x_wconf 88' lang='lat' dir='ltr'><strong>ob</strong></span> <span class='ocrx_word' id='word_1_512' title='bbox 598 3893 818 3952; x_wconf 88' lang='lat' dir='ltr'><strong>causam</strong></span> <span class='ocrx_word' id='word_1_513' title='bbox 861 3899 914 3953; x_wconf 93' lang='lat' dir='ltr'><strong>in</strong></span> <span class='ocrx_word' id='word_1_514' title='bbox 965 3903 1325 3970; x_wconf 86' lang='lat' dir='ltr'><strong>suspicionem</strong></span> <span class='ocrx_word' id='word_1_515' title='bbox 1375 3922 1530 3962; x_wconf 89' lang='lat' dir='ltr'><strong>versa</strong></span> <span class='ocrx_word' id='word_1_516' title='bbox 1579 3920 1691 3974; x_wconf 90' lang='lat' dir='ltr'><strong>est,</strong></span> <span class='ocrx_word' id='word_1_517' title='bbox 1736 3889 1876 3980; x_wconf 70' lang='lat' dir='ltr'><strong>qtmd</strong></span> <span class='ocrx_word' id='word_1_518' title='bbox 1925 3913 2086 3968; x_wconf 88' lang='lat' dir='ltr'><strong>simul</strong></span> 
     </span>
    </p>
   </div>
   <div class='ocr_carea' id='block_1_72' title="bbox 501 3985 2085 4068">
    <p class='ocr_par' dir='ltr' id='par_1_72' title="bbox 501 3985 2085 4068">
     <span class='ocr_line' id='line_1_72' title="bbox 501 3985 2085 4068; baseline 0.009 -26"><span class='ocrx_word' id='word_1_519' title='bbox 501 3985 750 4045; x_wconf 87' lang='lat' dir='ltr'><strong>insanum</strong></span> <span class='ocrx_word' id='word_1_520' title='bbox 802 3991 903 4047; x_wconf 92' lang='lat' dir='ltr'><strong>hoc</strong></span> <span class='ocrx_word' id='word_1_521' title='bbox 949 3994 1254 4066; x_wconf 87' lang='lat' dir='ltr'><strong>significare</strong></span> <span class='ocrx_word' id='word_1_522' title='bbox 1304 4013 1461 4068; x_wconf 91' lang='lat' dir='ltr'><strong>posse</strong></span> <span class='ocrx_word' id='word_1_523' title='bbox 1509 3988 1810 4068; x_wconf 83' lang='lat' dir='ltr'><strong>videbatur,</strong></span> <span class='ocrx_word' id='word_1_524' title='bbox 1856 4003 1959 4059; x_wconf 88' lang='lat' dir='ltr'><strong>hoc</strong></span> <span class='ocrx_word' id='word_1_525' title='bbox 2003 4003 2085 4058; x_wconf 86' lang='lat' dir='ltr'><strong>vel</strong></span> 
     </span>
    </p>
   </div>
   <div class='ocr_carea' id='block_1_73' title="bbox 501 4071 2084 4162">
    <p class='ocr_par' dir='ltr' id='par_1_73' title="bbox 501 4071 2084 4162">
     <span class='ocr_line' id='line_1_73' title="bbox 501 4071 2084 4162; baseline 0.012 -29"><span class='ocrx_word' id='word_1_526' title='bbox 501 4071 631 4134; x_wconf 79' lang='lat' dir='ltr'><strong>illud</strong></span> <span class='ocrx_word' id='word_1_527' title='bbox 657 4090 890 4156; x_wconf 84' lang='lat' dir='ltr'><strong>systema</strong></span> <span class='ocrx_word' id='word_1_528' title='bbox 921 4077 1067 4140; x_wconf 74' lang='lat' dir='ltr'><strong>ntere</strong></span> <span class='ocrx_word' id='word_1_529' title='bbox 1093 4086 1540 4158; x_wconf 87' lang='lat' dir='ltr'><strong>pbilosophicum,</strong></span> <span class='ocrx_word' id='word_1_530' title='bbox 1585 4102 1809 4162; x_wconf 86' lang='lat' dir='ltr'><strong>arteque</strong></span> <span class='ocrx_word' id='word_1_531' title='bbox 1851 4094 2084 4152; x_wconf 84' lang='lat' dir='ltr'><strong>humana</strong></span> 
     </span>
    </p>
   </div>
   <div class='ocr_carea' id='block_1_74' title="bbox 498 4171 2084 4255">
    <p class='ocr_par' dir='ltr' id='par_1_74' title="bbox 498 4171 2084 4255">
     <span class='ocr_line' id='line_1_74' title="bbox 498 4171 2084 4255; baseline 0.011 -30"><span class='ocrx_word' id='word_1_532' title='bbox 498 4186 602 4242; x_wconf 90' lang='lat' dir='ltr'><strong>pro</strong></span> <span class='ocrx_word' id='word_1_533' title='bbox 637 4171 790 4228; x_wconf 90' lang='lat' dir='ltr'><strong>libitu</strong></span> <span class='ocrx_word' id='word_1_534' title='bbox 839 4186 1176 4244; x_wconf 83' lang='lat' dir='ltr'><strong>contextum,</strong></span> <span class='ocrx_word' id='word_1_535' title='bbox 1205 4195 1387 4235; x_wconf 87' lang='lat' dir='ltr'><strong>veram</strong></span> <span class='ocrx_word' id='word_1_536' title='bbox 1421 4198 1543 4236; x_wconf 87' lang='lat' dir='ltr'><strong>esse</strong></span> <span class='ocrx_word' id='word_1_537' title='bbox 1572 4192 1625 4237; x_wconf 92' lang='lat' dir='ltr'><strong>ct</strong></span> <span class='ocrx_word' id='word_1_538' title='bbox 1662 4201 1821 4239; x_wconf 88' lang='lat' dir='ltr'><strong>unam</strong></span> <span class='ocrx_word' id='word_1_539' title='bbox 1867 4187 2084 4255; x_wconf 87' lang='lat' dir='ltr'><strong>religio-</strong></span> 
     </span>
    </p>
   </div>
   <div class='ocr_carea' id='block_1_75' title="bbox 502 4261 2083 4346">
    <p class='ocr_par' dir='ltr' id='par_1_75' title="bbox 502 4261 2083 4346">
     <span class='ocr_line' id='line_1_75' title="bbox 502 4261 2083 4346; baseline 0.008 -27"><span class='ocrx_word' id='word_1_540' title='bbox 502 4279 648 4344; x_wconf 85' lang='lat' dir='ltr'><strong>nem,</strong></span> <span class='ocrx_word' id='word_1_541' title='bbox 676 4281 783 4321; x_wconf 90' lang='lat' dir='ltr'><strong>non</strong></span> <span class='ocrx_word' id='word_1_542' title='bbox 815 4261 996 4336; x_wconf 77' lang='lat' dir='ltr'><strong>autem</strong></span> <span class='ocrx_word' id='word_1_543' title='bbox 1040 4285 1224 4324; x_wconf 85' lang='lat' dir='ltr'><strong>veram</strong></span> <span class='ocrx_word' id='word_1_544' title='bbox 1258 4272 1596 4343; x_wconf 79' lang='lat' dir='ltr'><strong>religionem,</strong></span> <span class='ocrx_word' id='word_1_545' title='bbox 1633 4269 1736 4330; x_wconf 81' lang='lat' dir='ltr'><strong>fide</strong></span> <span class='ocrx_word' id='word_1_546' title='bbox 1782 4287 2083 4346; x_wconf 84' lang='lat' dir='ltr'><strong>acceptam,</strong></span> 
     </span>
    </p>
   </div>
   <div class='ocr_carea' id='block_1_76' title="bbox 503 4353 2086 4432">
    <p class='ocr_par' dir='ltr' id='par_1_76' title="bbox 503 4353 2086 4432">
     <span class='ocr_line' id='line_1_76' title="bbox 503 4353 2086 4432; baseline 0.011 -23"><span class='ocrx_word' id='word_1_547' title='bbox 503 4353 833 4414; x_wconf 85' lang='lat' dir='ltr'><strong>intellectam</strong></span> <span class='ocrx_word' id='word_1_548' title='bbox 861 4367 916 4413; x_wconf 90' lang='lat' dir='ltr'><strong>et</strong></span> <span class='ocrx_word' id='word_1_549' title='bbox 954 4354 1206 4430; x_wconf 84' lang='lat' dir='ltr'><strong>operibus</strong></span> <span class='ocrx_word' id='word_1_550' title='bbox 1243 4363 1640 4418; x_wconf 76' lang='lat' dir='ltr'><strong>manifestatum</strong></span> <span class='ocrx_word' id='word_1_551' title='bbox 1664 4406 1678 4432; x_wconf 88' lang='lat'><strong>,</strong></span> <span class='ocrx_word' id='word_1_552' title='bbox 1728 4381 1913 4422; x_wconf 88' lang='lat' dir='ltr'><strong>veram</strong></span> <span class='ocrx_word' id='word_1_553' title='bbox 1965 4384 2086 4426; x_wconf 90' lang='lat' dir='ltr'><strong>esse</strong></span> 
     </span>
    </p>
   </div>
   <div class='ocr_carea' id='block_1_77' title="bbox 417 4448 2085 4529">
    <p class='ocr_par' dir='ltr' id='par_1_77' title="bbox 417 4448 2085 4529">
     <span class='ocr_line' id='line_1_77' title="bbox 417 4448 2085 4529; baseline 0.01 -27"><span class='ocrx_word' id='word_1_554' title='bbox 417 4513 420 4516; x_wconf 8' lang='grc' dir='ltr'><em>ἠ</em></span> <span class='ocrx_word' id='word_1_555' title='bbox 501 4448 897 4523; x_wconf 82' lang='lat' dir='ltr'><strong>philosophiam</strong></span> <span class='ocrx_word' id='word_1_556' title='bbox 959 4453 1052 4526; x_wconf 68' lang='grc' dir='ltr'><strong>(ὁ).</strong></span> <span class='ocrx_word' id='word_1_557' title='bbox 1104 4453 1354 4512; x_wconf 84' lang='lat' dir='ltr'><strong>Ceterum</strong></span> <span class='ocrx_word' id='word_1_558' title='bbox 1418 4455 1646 4529; x_wconf 85' lang='lat' dir='ltr'><strong>Erigena</strong></span> <span class='ocrx_word' id='word_1_559' title='bbox 1731 4462 2085 4518; x_wconf 87' lang='lat' dir='ltr'><strong>nihilominus</strong></span> 
     </span>
    </p>
   </div>
   <div class='ocr_carea' id='block_1_78' title="bbox 2187 3241 3784 3322">
    <p class='ocr_par' dir='ltr' id='par_1_78' title="bbox 2187 3241 3784 3322">
     <span class='ocr_line' id='line_1_78' title="bbox 2187 3241 3784 3322; baseline 0.001 -17"><span class='ocrx_word' id='word_1_560' title='bbox 2187 3252 2385 3313; x_wconf 61' lang='lat' dir='ltr'><strong>n‘iinns,</strong></span> <span class='ocrx_word' id='word_1_561' title='bbox 2419 3265 2577 3320; x_wconf 90' lang='lat' dir='ltr'><strong>quam</strong></span> <span class='ocrx_word' id='word_1_562' title='bbox 2614 3266 2641 3302; x_wconf 89' lang='lat' dir='ltr'><strong>a</strong></span> <span class='ocrx_word' id='word_1_563' title='bbox 2679 3251 2927 3304; x_wconf 87' lang='lat' dir='ltr'><strong>creatura</strong></span> <span class='ocrx_word' id='word_1_564' title='bbox 2979 3245 3362 3320; x_wconf 75' lang='lat' dir='ltr'><strong>distinguitur)</strong></span> <span class='ocrx_word' id='word_1_565' title='bbox 3413 3241 3483 3322; x_wconf 84' lang='lat' dir='ltr'><strong>(c)</strong></span> <span class='ocrx_word' id='word_1_566' title='bbox 3526 3265 3557 3305; x_wconf 90' lang='lat' dir='ltr'><strong>e</strong></span> <span class='ocrx_word' id='word_1_567' title='bbox 3597 3249 3784 3306; x_wconf 81' lang='lat' dir='ltr'><strong>multis</strong></span> 
     </span>
    </p>
   </div>
   <div class='ocr_carea' id='block_1_79' title="bbox 2185 3343 2710 3398">
    <p class='ocr_par' dir='ltr' id='par_1_79' title="bbox 2185 3343 2710 3398">
     <span class='ocr_line' id='line_1_79' title="bbox 2185 3343 2710 3398; baseline -0.004 -1"><span class='ocrx_word' id='word_1_568' title='bbox 2185 3344 2473 3398; x_wconf 80' lang='lat' dir='ltr'><strong>alferamus</strong></span> <span class='ocrx_word' id='word_1_569' title='bbox 2503 3343 2670 3396; x_wconf 91' lang='lat' dir='ltr'><strong>hosce</strong></span> <span class='ocrx_word' id='word_1_570' title='bbox 2699 3361 2710 3395; x_wconf 91' lang='lat'><strong>:</strong></span> 
     </span>
    </p>
   </div>
   <div class='ocr_carea' id='block_1_80' title="bbox 2258 3431 3779 3506">
    <p class='ocr_par' dir='ltr' id='par_1_80' title="bbox 2258 3431 3779 3506">
     <span class='ocr_line' id='line_1_80' title="bbox 2258 3431 3779 3506; baseline -0.001 -15"><span class='ocrx_word' id='word_1_571' title='bbox 2258 3437 2375 3491; x_wconf 89' lang='lat' dir='ltr'><strong>Lib.</strong></span> <span class='ocrx_word' id='word_1_572' title='bbox 2420 3437 2501 3489; x_wconf 92' lang='lat' dir='ltr'><strong>Ill.</strong></span> <span class='ocrx_word' id='word_1_573' title='bbox 2545 3452 2595 3506; x_wconf 93' lang='lat' dir='ltr'><strong>p.</strong></span> <span class='ocrx_word' id='word_1_574' title='bbox 2622 3434 2748 3489; x_wconf 59' lang='lat'><strong>2*28.</strong></span> <span class='ocrx_word' id='word_1_575' title='bbox 2783 3450 2898 3506; x_wconf 90' lang='lat' dir='ltr'><strong>seq.</strong></span> <span class='ocrx_word' id='word_1_576' title='bbox 2931 3433 3038 3505; x_wconf 87' lang='grc' dir='ltr'><strong>(ΙΙΙ,</strong></span> <span class='ocrx_word' id='word_1_577' title='bbox 3068 3433 3178 3506; x_wconf 83' lang='lat' dir='ltr'><strong>l6).</strong></span> <span class='ocrx_word' id='word_1_578' title='bbox 3211 3453 3228 3485; x_wconf 89' lang='grc'>‹</span> <span class='ocrx_word' id='word_1_579' title='bbox 3259 3431 3559 3489; x_wconf 85' lang='lat' dir='ltr'><strong>Credamus</strong></span> <span class='ocrx_word' id='word_1_580' title='bbox 3592 3433 3779 3504; x_wconf 89' lang='lat' dir='ltr'><strong>itaque</strong></span> 
     </span>
    </p>
   </div>
   <div class='ocr_carea' id='block_1_81' title="bbox 2187 3525 3776 3600">
    <p class='ocr_par' dir='ltr' id='par_1_81' title="bbox 2187 3525 3776 3600">
     <span class='ocr_line' id='line_1_81' title="bbox 2187 3525 3776 3600; baseline -0.005 -14"><span class='ocrx_word' id='word_1_581' title='bbox 2187 3539 2262 3597; x_wconf 89' lang='lat' dir='ltr'><strong>et,</strong></span> <span class='ocrx_word' id='word_1_582' title='bbox 2297 3539 2558 3600; x_wconf 91' lang='lat' dir='ltr'><strong>quantum</strong></span> <span class='ocrx_word' id='word_1_583' title='bbox 2598 3527 2780 3593; x_wconf 90' lang='lat' dir='ltr'><strong>datur,</strong></span> <span class='ocrx_word' id='word_1_584' title='bbox 2825 3527 3020 3582; x_wconf 86' lang='lat' dir='ltr'><strong>mentis</strong></span> <span class='ocrx_word' id='word_1_585' title='bbox 3058 3527 3171 3582; x_wconf 89' lang='lat' dir='ltr'><strong>acie</strong></span> <span class='ocrx_word' id='word_1_586' title='bbox 3219 3526 3544 3592; x_wconf 88' lang='lat' dir='ltr'><strong>intueamur,</strong></span> <span class='ocrx_word' id='word_1_587' title='bbox 3592 3525 3776 3581; x_wconf 86' lang='lat' dir='ltr'><strong>omnia</strong></span> 
     </span>
    </p>
   </div>
   <div class='ocr_carea' id='block_1_82' title="bbox 2186 3620 3780 3692">
    <p class='ocr_par' dir='ltr' id='par_1_82' title="bbox 2186 3620 3780 3692">
     <span class='ocr_line' id='line_1_82' title="bbox 2186 3620 3780 3692; baseline -0.003 -15"><span class='ocrx_word' id='word_1_588' title='bbox 2186 3623 2416 3678; x_wconf 84' lang='lat' dir='ltr'><strong>visibilia</strong></span> <span class='ocrx_word' id='word_1_589' title='bbox 2445 3633 2496 3676; x_wconf 89' lang='lat' dir='ltr'><strong>et</strong></span> <span class='ocrx_word' id='word_1_590' title='bbox 2527 3620 2814 3675; x_wconf 88' lang='lat' dir='ltr'><strong>invisibilia</strong></span> <span class='ocrx_word' id='word_1_591' title='bbox 2843 3630 2973 3686; x_wconf 90' lang='lat' dir='ltr'><strong>etc.,</strong></span> <span class='ocrx_word' id='word_1_592' title='bbox 3001 3630 3132 3687; x_wconf 89' lang='lat' dir='ltr'><strong>etc.,</strong></span> <span class='ocrx_word' id='word_1_593' title='bbox 3160 3636 3510 3692; x_wconf 88' lang='lat' dir='ltr'><strong>quaecunque</strong></span> <span class='ocrx_word' id='word_1_594' title='bbox 3552 3621 3780 3674; x_wconf 83' lang='lat' dir='ltr'><strong>univer-</strong></span> 
     </span>
    </p>
   </div>
   <div class='ocr_carea' id='block_1_83' title="bbox 2188 3705 3783 3786">
    <p class='ocr_par' dir='ltr' id='par_1_83' title="bbox 2188 3705 3783 3786">
     <span class='ocr_line' id='line_1_83' title="bbox 2188 3705 3783 3786; baseline -0.001 -16"><span class='ocrx_word' id='word_1_595' title='bbox 2188 3711 2321 3770; x_wconf 88' lang='lat' dir='ltr'><strong>sitas</strong></span> <span class='ocrx_word' id='word_1_596' title='bbox 2357 3715 2519 3769; x_wconf 89' lang='lat' dir='ltr'><strong>totius</strong></span> <span class='ocrx_word' id='word_1_597' title='bbox 2551 3723 2833 3769; x_wconf 87' lang='lat' dir='ltr'><strong>creaturae</strong></span> <span class='ocrx_word' id='word_1_598' title='bbox 2868 3713 3127 3778; x_wconf 91' lang='lat' dir='ltr'><strong>continet,</strong></span> <span class='ocrx_word' id='word_1_599' title='bbox 3161 3714 3212 3767; x_wconf 91' lang='lat' dir='ltr'><strong>in</strong></span> <span class='ocrx_word' id='word_1_600' title='bbox 3247 3711 3423 3769; x_wconf 83' lang='lat' dir='ltr'><strong>Verbo</strong></span> <span class='ocrx_word' id='word_1_601' title='bbox 3454 3711 3544 3768; x_wconf 88' lang='lat' dir='ltr'><strong>Dei</strong></span> <span class='ocrx_word' id='word_1_602' title='bbox 3580 3705 3783 3786; x_wconf 85' lang='lat' dir='ltr'><strong>Unige-</strong></span> 
     </span>
    </p>
   </div>
   <div class='ocr_carea' id='block_1_84' title="bbox 2189 3805 3786 3877">
    <p class='ocr_par' dir='ltr' id='par_1_84' title="bbox 2189 3805 3786 3877">
     <span class='ocr_line' id='line_1_84' title="bbox 2189 3805 3786 3877; baseline -0.003 -15"><span class='ocrx_word' id='word_1_603' title='bbox 2189 3809 2304 3863; x_wconf 87' lang='lat' dir='ltr'><strong>nilo</strong></span> <span class='ocrx_word' id='word_1_604' title='bbox 2334 3817 2387 3861; x_wconf 91' lang='lat' dir='ltr'><strong>et</strong></span> <span class='ocrx_word' id='word_1_605' title='bbox 2420 3817 2638 3861; x_wconf 89' lang='lat' dir='ltr'><strong>aeterna</strong></span> <span class='ocrx_word' id='word_1_606' title='bbox 2673 3805 2832 3860; x_wconf 88' lang='lat' dir='ltr'><strong>simul</strong></span> <span class='ocrx_word' id='word_1_607' title='bbox 2875 3816 2927 3861; x_wconf 91' lang='lat' dir='ltr'><strong>et</strong></span> <span class='ocrx_word' id='word_1_608' title='bbox 2959 3807 3098 3860; x_wconf 88' lang='lat' dir='ltr'><strong>facta</strong></span> <span class='ocrx_word' id='word_1_609' title='bbox 3129 3821 3267 3872; x_wconf 89' lang='lat' dir='ltr'><strong>esse,</strong></span> <span class='ocrx_word' id='word_1_610' title='bbox 3298 3817 3352 3862; x_wconf 92' lang='lat' dir='ltr'><strong>et</strong></span> <span class='ocrx_word' id='word_1_611' title='bbox 3381 3823 3554 3877; x_wconf 88' lang='lat' dir='ltr'><strong>neque</strong></span> <span class='ocrx_word' id='word_1_612' title='bbox 3601 3816 3786 3861; x_wconf 89' lang='lat' dir='ltr'><strong>aeter-</strong></span> 
     </span>
    </p>
   </div>
   <div class='ocr_carea' id='block_1_85' title="bbox 2189 3898 3783 3972">
    <p class='ocr_par' dir='ltr' id='par_1_85' title="bbox 2189 3898 3783 3972">
     <span class='ocr_line' id='line_1_85' title="bbox 2189 3898 3783 3972; baseline 0 -18"><span class='ocrx_word' id='word_1_613' title='bbox 2189 3901 2413 3954; x_wconf 89' lang='lat' dir='ltr'><strong>nitatem</strong></span> <span class='ocrx_word' id='word_1_614' title='bbox 2441 3900 2492 3953; x_wconf 91' lang='lat' dir='ltr'><strong>in</strong></span> <span class='ocrx_word' id='word_1_615' title='bbox 2520 3899 2600 3953; x_wconf 92' lang='lat' dir='ltr'><strong>eis</strong></span> <span class='ocrx_word' id='word_1_616' title='bbox 2629 3898 2955 3969; x_wconf 88' lang='lat' dir='ltr'><strong>praecedere</strong></span> <span class='ocrx_word' id='word_1_617' title='bbox 2986 3898 3272 3966; x_wconf 88' lang='lat' dir='ltr'><strong>facturam,</strong></span> <span class='ocrx_word' id='word_1_618' title='bbox 3305 3916 3478 3972; x_wconf 88' lang='lat' dir='ltr'><strong>neque</strong></span> <span class='ocrx_word' id='word_1_619' title='bbox 3511 3898 3783 3969; x_wconf 64' lang='lat' dir='ltr'><strong>facturam</strong></span> 
     </span>
    </p>
   </div>
   <div class='ocr_carea' id='block_1_86' title="bbox 2188 3985 3784 4067">
    <p class='ocr_par' dir='ltr' id='par_1_86' title="bbox 2188 3985 3784 4067">
     <span class='ocr_line' id='line_1_86' title="bbox 2188 3985 3784 4067; baseline -0.001 -17"><span class='ocrx_word' id='word_1_620' title='bbox 2188 3997 2516 4067; x_wconf 87' lang='lat' dir='ltr'><strong>praecedere</strong></span> <span class='ocrx_word' id='word_1_621' title='bbox 2571 3994 2968 4050; x_wconf 87' lang='lat' dir='ltr'><strong>aeternitatem.</strong></span> <span class='ocrx_word' id='word_1_622' title='bbox 3022 3985 3312 4065; x_wconf 84' lang='lat' dir='ltr'><strong>Siquidem</strong></span> <span class='ocrx_word' id='word_1_623' title='bbox 3348 4012 3533 4050; x_wconf 85' lang='lat' dir='ltr'><strong>eorum</strong></span> <span class='ocrx_word' id='word_1_624' title='bbox 3599 4004 3784 4052; x_wconf 83' lang='lat' dir='ltr'><strong>aeter-</strong></span> 
     </span>
    </p>
   </div>
   <div class='ocr_carea' id='block_1_87' title="bbox 2191 4073 3788 4156">
    <p class='ocr_par' dir='ltr' id='par_1_87' title="bbox 2191 4073 3788 4156">
     <span class='ocr_line' id='line_1_87' title="bbox 2191 4073 3788 4156; baseline -0.001 -15"><span class='ocrx_word' id='word_1_625' title='bbox 2191 4087 2334 4142; x_wconf 90' lang='lat' dir='ltr'><strong>nitas</strong></span> <span class='ocrx_word' id='word_1_626' title='bbox 2370 4084 2510 4141; x_wconf 89' lang='lat' dir='ltr'><strong>facta</strong></span> <span class='ocrx_word' id='word_1_627' title='bbox 2538 4093 2643 4151; x_wconf 92' lang='lat' dir='ltr'><strong>est,</strong></span> <span class='ocrx_word' id='word_1_628' title='bbox 2677 4091 2730 4140; x_wconf 90' lang='lat' dir='ltr'><strong>et</strong></span> <span class='ocrx_word' id='word_1_629' title='bbox 2760 4073 2999 4138; x_wconf 87' lang='lat' dir='ltr'><strong>conditio</strong></span> <span class='ocrx_word' id='word_1_630' title='bbox 3032 4093 3251 4139; x_wconf 88' lang='lat' dir='ltr'><strong>aeterna</strong></span> <span class='ocrx_word' id='word_1_631' title='bbox 3282 4085 3333 4140; x_wconf 91' lang='lat' dir='ltr'><strong>in</strong></span> <span class='ocrx_word' id='word_1_632' title='bbox 3371 4085 3788 4156; x_wconf 69' lang='lat' dir='ltr'><strong>dispensatione</strong></span> 
     </span>
    </p>
   </div>
   <div class='ocr_carea' id='block_1_88' title="bbox 2190 4181 2972 4258">
    <p class='ocr_par' dir='ltr' id='par_1_88' title="bbox 2190 4181 2972 4258">
     <span class='ocr_line' id='line_1_88' title="bbox 2190 4181 2972 4258; baseline 0.01 -26"><span class='ocrx_word' id='word_1_633' title='bbox 2190 4181 2412 4234; x_wconf 56' lang='lat' dir='ltr'><strong>verbis.</strong></span> <span class='ocrx_word' id='word_1_634' title='bbox 2967 4255 2972 4258; x_wconf 91' lang='lat'>_</span> 
     </span>
    </p>
   </div>
   <div class='ocr_carea' id='block_1_89' title="bbox 2261 4251 3785 4344">
    <p class='ocr_par' dir='ltr' id='par_1_89' title="bbox 2261 4251 3785 4344">
     <span class='ocr_line' id='line_1_89' title="bbox 2261 4251 3785 4344; baseline 0 -16"><span class='ocrx_word' id='word_1_635' title='bbox 2261 4272 2380 4328; x_wconf 89' lang='lat' dir='ltr'><strong>Lib.</strong></span> <span class='ocrx_word' id='word_1_636' title='bbox 2407 4273 2492 4337; x_wconf 89' lang='lat' dir='ltr'><strong>Ill,</strong></span> <span class='ocrx_word' id='word_1_637' title='bbox 2531 4288 2584 4342; x_wconf 92' lang='lat' dir='ltr'><strong>p.</strong></span> <span class='ocrx_word' id='word_1_638' title='bbox 2613 4271 2719 4326; x_wconf 69' lang='grc'><strong>252</strong></span> <span class='ocrx_word' id='word_1_639' title='bbox 2771 4269 2882 4341; x_wconf 88' lang='grc' dir='ltr'><strong>(ΙΙΙ,</strong></span> <span class='ocrx_word' id='word_1_640' title='bbox 2914 4255 3026 4344; x_wconf 74' lang='lat' dir='ltr'><strong>l7).</strong></span> <span class='ocrx_word' id='word_1_641' title='bbox 3067 4292 3084 4323; x_wconf 85' lang='grc'><strong>‹</strong></span> <span class='ocrx_word' id='word_1_642' title='bbox 3118 4251 3439 4328; x_wconf 84' lang='lat' dir='ltr'><strong>Inconcussa</strong></span> <span class='ocrx_word' id='word_1_643' title='bbox 3471 4271 3654 4344; x_wconf 84' lang='lat' dir='ltr'><strong>itaque</strong></span> <span class='ocrx_word' id='word_1_644' title='bbox 3683 4261 3785 4328; x_wconf 83' lang='lat' dir='ltr'><strong>au-</strong></span> 
     </span>
    </p>
   </div>
   <div class='ocr_carea' id='block_1_90' title="bbox 2189 4353 3788 4436">
    <p class='ocr_par' dir='ltr' id='par_1_90' title="bbox 2189 4353 3788 4436">
     <span class='ocr_line' id='line_1_90' title="bbox 2189 4353 3788 4436; baseline -0.004 -14"><span class='ocrx_word' id='word_1_645' title='bbox 2189 4367 2413 4422; x_wconf 87' lang='lat' dir='ltr'><strong>ctoritas</strong></span> <span class='ocrx_word' id='word_1_646' title='bbox 2460 4360 2674 4422; x_wconf 80' lang='lat' dir='ltr'><strong>divinae</strong></span> <span class='ocrx_word' id='word_1_647' title='bbox 2720 4353 3036 4436; x_wconf 84' lang='lat' dir='ltr'><strong>Scripturae</strong></span> <span class='ocrx_word' id='word_1_648' title='bbox 3085 4380 3182 4420; x_wconf 90' lang='lat' dir='ltr'><strong>nos</strong></span> <span class='ocrx_word' id='word_1_649' title='bbox 3211 4365 3484 4434; x_wconf 90' lang='lat' dir='ltr'><strong>compellit</strong></span> <span class='ocrx_word' id='word_1_650' title='bbox 3533 4363 3788 4428; x_wconf 74' lang='lat' dir='ltr'><strong>credere,</strong></span> 
     </span>
    </p>
   </div>
   <div class='ocr_carea' id='block_1_91' title="bbox 2192 4441 3786 4514">
    <p class='ocr_par' dir='ltr' id='par_1_91' title="bbox 2192 4441 3786 4514">
     <span class='ocr_line' id='line_1_91' title="bbox 2192 4441 3786 4514; baseline -0.002 -2"><span class='ocrx_word' id='word_1_651' title='bbox 2192 4460 2357 4514; x_wconf 90' lang='lat' dir='ltr'><strong>totius</strong></span> <span class='ocrx_word' id='word_1_652' title='bbox 2388 4468 2672 4513; x_wconf 85' lang='lat' dir='ltr'><strong>creaturae</strong></span> <span class='ocrx_word' id='word_1_653' title='bbox 2701 4443 3118 4512; x_wconf 82' lang='lat' dir='ltr'><strong>Universitatem</strong></span> <span class='ocrx_word' id='word_1_654' title='bbox 3162 4457 3213 4512; x_wconf 93' lang='lat' dir='ltr'><strong>in</strong></span> <span class='ocrx_word' id='word_1_655' title='bbox 3251 4455 3427 4513; x_wconf 76' lang='lat' dir='ltr'><strong>Verbo</strong></span> <span class='ocrx_word' id='word_1_656' title='bbox 3467 4441 3560 4512; x_wconf 85' lang='lat' dir='ltr'><strong>Dei</strong></span> <span class='ocrx_word' id='word_1_657' title='bbox 3591 4455 3786 4512; x_wconf 86' lang='lat' dir='ltr'><strong>condi-</strong></span> 
     </span>
    </p>
   </div>
   <div class='ocr_carea' id='block_1_92' title="bbox 504 4543 3783 4623">
    <p class='ocr_par' dir='ltr' id='par_1_92' title="bbox 504 4543 3783 4623">
     <span class='ocr_line' id='line_1_92' title="bbox 504 4543 3783 4623; baseline 0.004 -28"><span class='ocrx_word' id='word_1_658' title='bbox 504 4543 806 4615; x_wconf 70' lang='lat' dir='ltr'><strong>tlieologiae</strong></span> <span class='ocrx_word' id='word_1_659' title='bbox 833 4543 967 4600; x_wconf 89' lang='lat' dir='ltr'><strong>lines</strong></span> <span class='ocrx_word' id='word_1_660' title='bbox 997 4563 1025 4602; x_wconf 88' lang='lat' dir='ltr'><strong>a</strong></span> <span class='ocrx_word' id='word_1_661' title='bbox 1054 4548 1426 4620; x_wconf 88' lang='lat' dir='ltr'><strong>philosophiae</strong></span> <span class='ocrx_word' id='word_1_662' title='bbox 1464 4551 1657 4607; x_wconf 77' lang='lat' dir='ltr'><strong>finibus</strong></span> <span class='ocrx_word' id='word_1_663' title='bbox 1687 4555 1852 4623; x_wconf 89' lang='lat' dir='ltr'><strong>probe</strong></span> <span class='ocrx_word' id='word_1_664' title='bbox 1883 4555 2088 4611; x_wconf 89' lang='lat' dir='ltr'><strong>discer-</strong></span> <span class='ocrx_word' id='word_1_665' title='bbox 2123 4545 2170 4604; x_wconf 84' lang='lat' dir='ltr'><strong>D</strong></span> <span class='ocrx_word' id='word_1_666' title='bbox 2196 4564 2304 4610; x_wconf 87' lang='lat' dir='ltr'><strong>tam</strong></span> <span class='ocrx_word' id='word_1_667' title='bbox 2351 4569 2493 4617; x_wconf 76' lang='lat' dir='ltr'><strong>es:~&#39;e,</strong></span> <span class='ocrx_word' id='word_1_668' title='bbox 2517 4553 2684 4622; x_wconf 88' lang='lat' dir='ltr'><strong>ipsius</strong></span> <span class='ocrx_word' id='word_1_669' title='bbox 2734 4567 2860 4608; x_wconf 89' lang='lat' dir='ltr'><strong>vero</strong></span> <span class='ocrx_word' id='word_1_670' title='bbox 2899 4553 3224 4609; x_wconf 87' lang='lat' dir='ltr'><strong>conditionis</strong></span> <span class='ocrx_word' id='word_1_671' title='bbox 3276 4555 3542 4610; x_wconf 88' lang='lat' dir='ltr'><strong>rationem</strong></span> <span class='ocrx_word' id='word_1_672' title='bbox 3585 4569 3783 4610; x_wconf 83' lang='lat' dir='ltr'><strong>omnes</strong></span> 
     </span>
    </p>
   </div>
   <div class='ocr_carea' id='block_1_93' title="bbox 503 4639 2084 4721">
    <p class='ocr_par' dir='ltr' id='par_1_93' title="bbox 503 4639 2084 4721">
     <span class='ocr_line' id='line_1_93' title="bbox 503 4639 2084 4721; baseline 0.008 -28"><span class='ocrx_word' id='word_1_673' title='bbox 503 4639 605 4706; x_wconf 80' lang='lat' dir='ltr'><strong>nit,</strong></span> <span class='ocrx_word' id='word_1_674' title='bbox 647 4641 942 4709; x_wconf 87' lang='lat' dir='ltr'><strong>respiciens</strong></span> <span class='ocrx_word' id='word_1_675' title='bbox 975 4651 1081 4696; x_wconf 88' lang='lat' dir='ltr'><strong>tam</strong></span> <span class='ocrx_word' id='word_1_676' title='bbox 1123 4644 1404 4704; x_wconf 87' lang='lat' dir='ltr'><strong>amborum</strong></span> <span class='ocrx_word' id='word_1_677' title='bbox 1437 4644 1667 4718; x_wconf 70' lang='lat' dir='ltr'><strong>objecta,</strong></span> <span class='ocrx_word' id='word_1_678' title='bbox 1703 4663 1865 4721; x_wconf 84' lang='lat' dir='ltr'><strong>quam</strong></span> <span class='ocrx_word' id='word_1_679' title='bbox 1917 4650 2084 4706; x_wconf 90' lang='lat' dir='ltr'><strong>animi</strong></span> 
     </span>
    </p>
   </div>
   <div class='ocr_carea' id='block_1_94' title="bbox 503 4723 2084 4816">
    <p class='ocr_par' dir='ltr' id='par_1_94' title="bbox 503 4723 2084 4816">
     <span class='ocr_line' id='line_1_94' title="bbox 503 4723 2084 4816; baseline 0.011 -30"><span class='ocrx_word' id='word_1_680' title='bbox 503 4733 647 4790; x_wconf 86' lang='lat' dir='ltr'><strong>vires</strong></span> <span class='ocrx_word' id='word_1_681' title='bbox 673 4743 727 4789; x_wconf 88' lang='lat' dir='ltr'><strong>et</strong></span> <span class='ocrx_word' id='word_1_682' title='bbox 752 4733 1062 4803; x_wconf 87' lang='lat' dir='ltr'><strong>facultates,</strong></span> <span class='ocrx_word' id='word_1_683' title='bbox 1091 4733 1286 4810; x_wconf 65' lang='lat' dir='ltr'><strong>Quibus</strong></span> <span class='ocrx_word' id='word_1_684' title='bbox 1312 4723 1573 4810; x_wconf 85' lang='lat' dir='ltr'><strong>parantur</strong></span> <span class='ocrx_word' id='word_1_685' title='bbox 1597 4723 1658 4798; x_wconf 20' lang='lat' dir='ltr'><strong>et.</strong></span> <span class='ocrx_word' id='word_1_686' title='bbox 1679 4746 2084 4816; x_wconf 88' lang='lat' dir='ltr'><strong>concipiuntur.</strong></span> 
     </span>
    </p>
   </div>
   <div class='ocr_carea' id='block_1_95' title="bbox 502 4826 2083 4908">
    <p class='ocr_par' dir='ltr' id='par_1_95' title="bbox 502 4826 2083 4908">
     <span class='ocr_line' id='line_1_95' title="bbox 502 4826 2083 4908; baseline 0.009 -27"><span class='ocrx_word' id='word_1_687' title='bbox 502 4826 582 4882; x_wconf 94' lang='lat' dir='ltr'><strong>IIli</strong></span> <span class='ocrx_word' id='word_1_688' title='bbox 617 4828 761 4883; x_wconf 87' lang='lat' dir='ltr'><strong>enim</strong></span> <span class='ocrx_word' id='word_1_689' title='bbox 807 4838 1027 4885; x_wconf 83' lang='lat' dir='ltr'><strong>sanctae</strong></span> <span class='ocrx_word' id='word_1_690' title='bbox 1076 4830 1379 4899; x_wconf 89' lang='lat' dir='ltr'><strong>Trinitatis,</strong></span> <span class='ocrx_word' id='word_1_691' title='bbox 1425 4851 1710 4894; x_wconf 87' lang='lat' dir='ltr'><strong>causarum</strong></span> <span class='ocrx_word' id='word_1_692' title='bbox 1757 4840 2083 4908; x_wconf 90' lang='lat' dir='ltr'><strong>primordia-</strong></span> 
     </span>
    </p>
   </div>
   <div class='ocr_carea' id='block_1_96' title="bbox 503 4914 2086 4997">
    <p class='ocr_par' dir='ltr' id='par_1_96' title="bbox 503 4914 2086 4997">
     <span class='ocr_line' id='line_1_96' title="bbox 503 4914 2086 4997; baseline 0.012 -29"><span class='ocrx_word' id='word_1_693' title='bbox 503 4914 635 4970; x_wconf 90' lang='lat' dir='ltr'><strong>lium</strong></span> <span class='ocrx_word' id='word_1_694' title='bbox 690 4933 979 4989; x_wconf 87' lang='lat' dir='ltr'><strong>rerumque</strong></span> <span class='ocrx_word' id='word_1_695' title='bbox 1037 4931 1380 4996; x_wconf 85' lang='lat' dir='ltr'><strong>aeternarum</strong></span> <span class='ocrx_word' id='word_1_696' title='bbox 1433 4929 1895 4997; x_wconf 88' lang='lat' dir='ltr'><strong>speculationem,</strong></span> <span class='ocrx_word' id='word_1_697' title='bbox 1958 4932 2086 4988; x_wconf 89' lang='lat' dir='ltr'><strong>huic</strong></span> 
     </span>
    </p>
   </div>
   <div class='ocr_carea' id='block_1_97' title="bbox 503 5010 2078 5093">
    <p class='ocr_par' dir='ltr' id='par_1_97' title="bbox 503 5010 2078 5093">
     <span class='ocr_line' id='line_1_97' title="bbox 503 5010 2078 5093; baseline 0.01 -31"><span class='ocrx_word' id='word_1_698' title='bbox 503 5020 636 5064; x_wconf 81' lang='lat' dir='ltr'><strong>vero</strong></span> <span class='ocrx_word' id='word_1_699' title='bbox 665 5023 845 5066; x_wconf 89' lang='lat' dir='ltr'><strong>rerum</strong></span> <span class='ocrx_word' id='word_1_700' title='bbox 879 5010 1142 5068; x_wconf 86' lang='lat' dir='ltr'><strong>factarum</strong></span> <span class='ocrx_word' id='word_1_701' title='bbox 1171 5024 1226 5072; x_wconf 88' lang='lat' dir='ltr'><strong>et</strong></span> <span class='ocrx_word' id='word_1_702' title='bbox 1253 5032 1347 5086; x_wconf 89' lang='lat' dir='ltr'><strong>per</strong></span> <span class='ocrx_word' id='word_1_703' title='bbox 1392 5017 1535 5074; x_wconf 87' lang='lat' dir='ltr'><strong>locos</strong></span> <span class='ocrx_word' id='word_1_704' title='bbox 1559 5030 1613 5074; x_wconf 90' lang='lat' dir='ltr'><strong>et</strong></span> <span class='ocrx_word' id='word_1_705' title='bbox 1644 5029 1887 5091; x_wconf 89' lang='lat' dir='ltr'><strong>tempora</strong></span> <span class='ocrx_word' id='word_1_706' title='bbox 1914 5038 2078 5093; x_wconf 90' lang='lat' dir='ltr'><strong>appa-</strong></span> 
     </span>
    </p>
   </div>
   <div class='ocr_carea' id='block_1_98' title="bbox 504 5100 2084 5180">
    <p class='ocr_par' dir='ltr' id='par_1_98' title="bbox 504 5100 2084 5180">
     <span class='ocr_line' id='line_1_98' title="bbox 504 5100 2084 5180; baseline 0.008 -25"><span class='ocrx_word' id='word_1_707' title='bbox 504 5100 740 5156; x_wconf 82' lang='lat' dir='ltr'><strong>rentium</strong></span> <span class='ocrx_word' id='word_1_708' title='bbox 771 5104 1167 5174; x_wconf 90' lang='lat' dir='ltr'><strong>perceptionem</strong></span> <span class='ocrx_word' id='word_1_709' title='bbox 1191 5116 1245 5161; x_wconf 91' lang='lat' dir='ltr'><strong>et</strong></span> <span class='ocrx_word' id='word_1_710' title='bbox 1272 5107 1738 5180; x_wconf 88' lang='lat' dir='ltr'><strong>investigationem</strong></span> <span class='ocrx_word' id='word_1_711' title='bbox 1787 5114 2084 5180; x_wconf 88' lang='lat' dir='ltr'><strong>adscribit;</strong></span> 
     </span>
    </p>
   </div>
   <div class='ocr_carea' id='block_1_99' title="bbox 504 5191 2086 5271">
    <p class='ocr_par' dir='ltr' id='par_1_99' title="bbox 504 5191 2086 5271">
     <span class='ocr_line' id='line_1_99' title="bbox 504 5191 2086 5271; baseline 0.008 -23"><span class='ocrx_word' id='word_1_712' title='bbox 504 5191 648 5248; x_wconf 86' lang='lat' dir='ltr'><strong>illam</strong></span> <span class='ocrx_word' id='word_1_713' title='bbox 679 5195 1020 5267; x_wconf 89' lang='lat' dir='ltr'><strong>sapientiam,</strong></span> <span class='ocrx_word' id='word_1_714' title='bbox 1048 5213 1186 5268; x_wconf 90' lang='lat' dir='ltr'><strong>quae</strong></span> <span class='ocrx_word' id='word_1_715' title='bbox 1215 5214 1310 5268; x_wconf 90' lang='lat' dir='ltr'><strong>per</strong></span> <span class='ocrx_word' id='word_1_716' title='bbox 1338 5201 1690 5271; x_wconf 87' lang='lat' dir='ltr'><strong>intellectum,</strong></span> <span class='ocrx_word' id='word_1_717' title='bbox 1727 5204 1934 5259; x_wconf 89' lang='lat' dir='ltr'><strong>scilicet</strong></span> <span class='ocrx_word' id='word_1_718' title='bbox 1971 5207 2086 5260; x_wconf 86' lang='lat' dir='ltr'><strong>ani-</strong></span> 
     </span>
    </p>
   </div>
   <div class='ocr_carea' id='block_1_100' title="bbox 501 5287 2086 5362">
    <p class='ocr_par' dir='ltr' id='par_1_100' title="bbox 501 5287 2086 5362">
     <span class='ocr_line' id='line_1_100' title="bbox 501 5287 2086 5362; baseline 0.006 -21"><span class='ocrx_word' id='word_1_719' title='bbox 501 5300 674 5354; x_wconf 86' lang='lat' dir='ltr'><strong>mum,</strong></span> <span class='ocrx_word' id='word_1_720' title='bbox 717 5287 856 5343; x_wconf 89' lang='lat' dir='ltr'><strong>hanc</strong></span> <span class='ocrx_word' id='word_1_721' title='bbox 883 5287 1190 5356; x_wconf 89' lang='lat' dir='ltr'><strong>scientiam,</strong></span> <span class='ocrx_word' id='word_1_722' title='bbox 1219 5307 1356 5361; x_wconf 88' lang='lat' dir='ltr'><strong>quae</strong></span> <span class='ocrx_word' id='word_1_723' title='bbox 1405 5309 1502 5362; x_wconf 89' lang='lat' dir='ltr'><strong>per</strong></span> <span class='ocrx_word' id='word_1_724' title='bbox 1533 5295 1798 5357; x_wconf 81' lang='lat' dir='ltr'><strong>rationem</strong></span> <span class='ocrx_word' id='word_1_725' title='bbox 1847 5310 1939 5350; x_wconf 90' lang='lat' dir='ltr'><strong>seu</strong></span> <span class='ocrx_word' id='word_1_726' title='bbox 1973 5297 2086 5351; x_wconf 90' lang='lat' dir='ltr'><strong>ani-</strong></span> 
     </span>
    </p>
   </div>
   <div class='ocr_carea' id='block_1_101' title="bbox 573 5401 2082 5528">
    <p class='ocr_par' dir='ltr' id='par_1_101' title="bbox 573 5401 2082 5528">
     <span class='ocr_line' id='line_1_101' title="bbox 573 5401 2082 5528; baseline 0.006 -71"><span class='ocrx_word' id='word_1_727' title='bbox 573 5401 650 5528; x_wconf 55' lang='grc' dir='ltr'><strong>ξι)</strong></span> <span class='ocrx_word' id='word_1_728' title='bbox 692 5401 775 5458; x_wconf 84' lang='lat' dir='ltr'><strong>Cf.</strong></span> <span class='ocrx_word' id='word_1_729' title='bbox 823 5403 1163 5460; x_wconf 68' lang='lat' dir='ltr'><strong>Achermann</strong></span> <span class='ocrx_word' id='word_1_730' title='bbox 1195 5425 1205 5460; x_wconf 92' lang='lat'>:</span> <span class='ocrx_word' id='word_1_731' title='bbox 1236 5406 1571 5492; x_wconf 74' lang='lat' dir='ltr'><strong>Christliches</strong></span> <span class='ocrx_word' id='word_1_732' title='bbox 1615 5412 1688 5464; x_wconf 84' lang='lat' dir='ltr'><strong>im</strong></span> <span class='ocrx_word' id='word_1_733' title='bbox 1739 5407 1912 5475; x_wconf 79' lang='lat' dir='ltr'><strong>Plato,</strong></span> <span class='ocrx_word' id='word_1_734' title='bbox 1959 5427 2082 5482; x_wconf 83' lang='lat' dir='ltr'><strong>pag.</strong></span> 
     </span>
    </p>
   </div>
   <div class='ocr_carea' id='block_1_102' title="bbox 501 5473 2086 5616">
    <p class='ocr_par' dir='ltr' id='par_1_102' title="bbox 501 5473 2086 5616">
     <span class='ocr_line' id='line_1_102' title="bbox 501 5473 2086 5616; baseline 0.008 -20"><span class='ocrx_word' id='word_1_735' title='bbox 501 5473 646 5616; x_wconf 32' lang='grc' dir='ltr'><strong>ἓξῗώ</strong></span> <span class='ocrx_word' id='word_1_736' title='bbox 680 5543 760 5601; x_wconf 87' lang='lat' dir='ltr'><strong>Cf.</strong></span> <span class='ocrx_word' id='word_1_737' title='bbox 794 5546 888 5601; x_wconf 82' lang='lat' dir='ltr'><strong>lib.</strong></span> <span class='ocrx_word' id='word_1_738' title='bbox 914 5545 995 5602; x_wconf 88' lang='lat' dir='ltr'>II:</span> <span class='ocrx_word' id='word_1_739' title='bbox 1035 5567 1051 5598; x_wconf 77' lang='grc' dir='ltr'><strong>ι</strong></span> <span class='ocrx_word' id='word_1_740' title='bbox 1083 5545 1236 5602; x_wconf 81' lang='lat' dir='ltr'><strong>Nulla</strong></span> <span class='ocrx_word' id='word_1_741' title='bbox 1268 5548 1407 5603; x_wconf 90' lang='lat' dir='ltr'><strong>enim</strong></span> <span class='ocrx_word' id='word_1_742' title='bbox 1450 5551 1550 5604; x_wconf 88' lang='lat' dir='ltr'><strong>alia</strong></span> <span class='ocrx_word' id='word_1_743' title='bbox 1599 5550 1831 5604; x_wconf 90' lang='lat' dir='ltr'><strong>fidelium</strong></span> <span class='ocrx_word' id='word_1_744' title='bbox 1881 5553 2086 5608; x_wconf 89' lang='lat' dir='ltr'><strong>anima-</strong></span> 
     </span>
    </p>
   </div>
   <div class='ocr_carea' id='block_1_103' title="bbox 503 5617 2089 5695">
    <p class='ocr_par' dir='ltr' id='par_1_103' title="bbox 503 5617 2089 5695">
     <span class='ocr_line' id='line_1_103' title="bbox 503 5617 2089 5695; baseline 0.006 -26"><span class='ocrx_word' id='word_1_745' title='bbox 503 5629 623 5669; x_wconf 83' lang='lat' dir='ltr'><strong>rum</strong></span> <span class='ocrx_word' id='word_1_746' title='bbox 656 5617 796 5672; x_wconf 80' lang='lat' dir='ltr'><strong>salus</strong></span> <span class='ocrx_word' id='word_1_747' title='bbox 821 5626 922 5695; x_wconf 78' lang='lat' dir='ltr'><strong>est,</strong></span> <span class='ocrx_word' id='word_1_748' title='bbox 953 5632 1111 5687; x_wconf 90' lang='lat' dir='ltr'><strong>quam</strong></span> <span class='ocrx_word' id='word_1_749' title='bbox 1142 5621 1213 5695; x_wconf 81' lang='lat' dir='ltr'><strong>de</strong></span> <span class='ocrx_word' id='word_1_750' title='bbox 1237 5636 1342 5673; x_wconf 90' lang='lat' dir='ltr'><strong>uno</strong></span> <span class='ocrx_word' id='word_1_751' title='bbox 1370 5625 1610 5674; x_wconf 91' lang='lat' dir='ltr'><strong>omnium</strong></span> <span class='ocrx_word' id='word_1_752' title='bbox 1638 5623 1919 5692; x_wconf 88' lang='lat' dir='ltr'><strong>principio,</strong></span> <span class='ocrx_word' id='word_1_753' title='bbox 1948 5640 2089 5695; x_wconf 89' lang='lat' dir='ltr'><strong>quae</strong></span> 
     </span>
    </p>
   </div>
   <div class='ocr_carea' id='block_1_104' title="bbox 503 5689 2090 5770">
    <p class='ocr_par' dir='ltr' id='par_1_104' title="bbox 503 5689 2090 5770">
     <span class='ocr_line' id='line_1_104' title="bbox 503 5689 2090 5770; baseline 0.005 -28"><span class='ocrx_word' id='word_1_754' title='bbox 503 5689 1329 5770; x_wconf 34' lang='lat' dir='ltr'><strong>xcre”.prapdjeaptnrcredere.</strong></span> <span class='ocrx_word' id='word_1_755' title='bbox 1378 5701 1432 5745; x_wconf 88' lang='lat' dir='ltr'><strong>et</strong></span> <span class='ocrx_word' id='word_1_756' title='bbox 1461 5707 1597 5760; x_wconf 87' lang='lat' dir='ltr'><strong>quae</strong></span> <span class='ocrx_word' id='word_1_757' title='bbox 1630 5689 1756 5748; x_wconf 79' lang='lat' dir='ltr'><strong>vere</strong></span> <span class='ocrx_word' id='word_1_758' title='bbox 1795 5689 2090 5770; x_wconf 80' lang='lat' dir='ltr'><strong>creduntur</strong></span> 
     </span>
    </p>
   </div>
   <div class='ocr_carea' id='block_1_105' title="bbox 506 5759 2091 5840">
    <p class='ocr_par' dir='ltr' id='par_1_105' title="bbox 506 5759 2091 5840">
     <span class='ocr_line' id='line_1_105' title="bbox 506 5759 2091 5840; baseline 0.009 -27"><span class='ocrx_word' id='word_1_759' title='bbox 506 5759 804 5838; x_wconf 72' lang='lat' dir='ltr'><strong>intelligere</strong></span> <span class='ocrx_word' id='word_1_760' title='bbox 828 5781 874 5814; x_wconf 71' lang='grc' dir='ltr'>ι.</span> <span class='ocrx_word' id='word_1_761' title='bbox 927 5759 990 5816; x_wconf 87' lang='lat' dir='ltr'><strong>Et</strong></span> <span class='ocrx_word' id='word_1_762' title='bbox 1038 5760 1131 5816; x_wconf 86' lang='lat' dir='ltr'><strong>lib.</strong></span> <span class='ocrx_word' id='word_1_763' title='bbox 1160 5761 1214 5818; x_wconf 92' lang='lat' dir='ltr'><strong>l:</strong></span> <span class='ocrx_word' id='word_1_764' title='bbox 1253 5761 1356 5819; x_wconf 68' lang='grc' dir='ltr'>ιιι]</span> <span class='ocrx_word' id='word_1_765' title='bbox 1397 5771 1610 5823; x_wconf 85' lang='lat' dir='ltr'><strong>tantum</strong></span> <span class='ocrx_word' id='word_1_766' title='bbox 1653 5779 1869 5824; x_wconf 78' lang='lat' dir='ltr'><strong>sursum</strong></span> <span class='ocrx_word' id='word_1_767' title='bbox 1917 5769 2091 5840; x_wconf 83' lang='lat' dir='ltr'><strong>respi-</strong></span> 
     </span>
    </p>
   </div>
   <div class='ocr_carea' id='block_1_106' title="bbox 2192 4642 3784 4716">
    <p class='ocr_par' dir='ltr' id='par_1_106' title="bbox 2192 4642 3784 4716">
     <span class='ocr_line' id='line_1_106' title="bbox 2192 4642 3784 4716; baseline 0.001 -17"><span class='ocrx_word' id='word_1_768' title='bbox 2192 4645 2497 4700; x_wconf 89' lang='lat' dir='ltr'><strong>intcllectus</strong></span> <span class='ocrx_word' id='word_1_769' title='bbox 2541 4659 2815 4714; x_wconf 90' lang='lat' dir='ltr'><strong>superare,</strong></span> <span class='ocrx_word' id='word_1_770' title='bbox 2861 4644 3069 4714; x_wconf 90' lang='lat' dir='ltr'><strong>solique</strong></span> <span class='ocrx_word' id='word_1_771' title='bbox 3113 4642 3306 4710; x_wconf 76' lang='lat' dir='ltr'><strong>Verbo,</strong></span> <span class='ocrx_word' id='word_1_772' title='bbox 3335 4644 3388 4700; x_wconf 90' lang='lat' dir='ltr'><strong>in</strong></span> <span class='ocrx_word' id='word_1_773' title='bbox 3421 4660 3528 4716; x_wconf 89' lang='lat' dir='ltr'><strong>quo</strong></span> <span class='ocrx_word' id='word_1_774' title='bbox 3559 4645 3784 4706; x_wconf 80' lang='lat' dir='ltr'><strong>condita</strong></span> 
     </span>
    </p>
   </div>
   <div class='ocr_carea' id='block_1_107' title="bbox 2193 4737 3516 4815">
    <p class='ocr_par' dir='ltr' id='par_1_107' title="bbox 2193 4737 3516 4815">
     <span class='ocr_line' id='line_1_107' title="bbox 2193 4737 3516 4815; baseline -0.002 -22"><span class='ocrx_word' id='word_1_775' title='bbox 2193 4747 2339 4804; x_wconf 88' lang='lat' dir='ltr'><strong>sunt,</strong></span> <span class='ocrx_word' id='word_1_776' title='bbox 2369 4737 2641 4808; x_wconf 79' lang='lat' dir='ltr'><strong>cognitam</strong></span> <span class='ocrx_word' id='word_1_777' title='bbox 2667 4752 2788 4792; x_wconf 87' lang='lat' dir='ltr'><strong>esse</strong></span> <span class='ocrx_word' id='word_1_778' title='bbox 2810 4757 2853 4791; x_wconf 82' lang='grc' dir='ltr'>ι.</span> <span class='ocrx_word' id='word_1_779' title='bbox 3513 4811 3516 4815; x_wconf 27' lang='grc' dir='ltr'><strong>Ι</strong></span> 
     </span>
    </p>
   </div>
   <div class='ocr_carea' id='block_1_108' title="bbox 2225 4826 3786 4906">
    <p class='ocr_par' dir='ltr' id='par_1_108' title="bbox 2225 4826 3786 4906">
     <span class='ocr_line' id='line_1_108' title="bbox 2225 4826 3786 4906; baseline -0.003 -22"><span class='ocrx_word' id='word_1_780' title='bbox 2225 4830 2384 4898; x_wconf 89' lang='lat' dir='ltr'><strong>_Lib.</strong></span> <span class='ocrx_word' id='word_1_781' title='bbox 2427 4828 2512 4893; x_wconf 94' lang='lat' dir='ltr'><strong>lll,</strong></span> <span class='ocrx_word' id='word_1_782' title='bbox 2545 4846 2596 4898; x_wconf 90' lang='lat' dir='ltr'><strong>p.</strong></span> <span class='ocrx_word' id='word_1_783' title='bbox 2646 4827 2751 4884; x_wconf 75' lang='lat'><strong>259</strong></span> <span class='ocrx_word' id='word_1_784' title='bbox 2809 4826 2916 4900; x_wconf 89' lang='lat' dir='ltr'>(III,</span> <span class='ocrx_word' id='word_1_785' title='bbox 2975 4827 3086 4898; x_wconf 90' lang='lat' dir='ltr'><strong>l8).</strong></span> <span class='ocrx_word' id='word_1_786' title='bbox 3141 4847 3158 4880; x_wconf 71' lang='grc' dir='ltr'><strong>ι</strong></span> <span class='ocrx_word' id='word_1_787' title='bbox 3192 4828 3333 4884; x_wconf 89' lang='lat' dir='ltr'><strong>Dicit</strong></span> <span class='ocrx_word' id='word_1_788' title='bbox 3386 4827 3530 4906; x_wconf 89' lang='lat' dir='ltr'><strong>enim</strong></span> <span class='ocrx_word' id='word_1_789' title='bbox 3591 4827 3786 4898; x_wconf 81' lang='lat' dir='ltr'><strong>(sacra</strong></span> 
     </span>
    </p>
   </div>
   <div class='ocr_carea' id='block_1_109' title="bbox 2195 4919 3786 5000">
    <p class='ocr_par' dir='ltr' id='par_1_109' title="bbox 2195 4919 3786 5000">
     <span class='ocr_line' id='line_1_109' title="bbox 2195 4919 3786 5000; baseline -0.001 -22"><span class='ocrx_word' id='word_1_790' title='bbox 2195 4922 2537 4992; x_wconf 89' lang='lat' dir='ltr'><strong>Scriptura):</strong></span> <span class='ocrx_word' id='word_1_791' title='bbox 2572 4921 2625 4974; x_wconf 91' lang='lat' dir='ltr'><strong>In</strong></span> <span class='ocrx_word' id='word_1_792' title='bbox 2673 4922 2936 4993; x_wconf 91' lang='lat' dir='ltr'><strong>principio</strong></span> <span class='ocrx_word' id='word_1_793' title='bbox 2968 4921 3094 4976; x_wconf 79' lang='lat' dir='ltr'><strong>fecit</strong></span> <span class='ocrx_word' id='word_1_794' title='bbox 3134 4921 3285 5000; x_wconf 25' lang='lat' dir='ltr'><strong>Deus.</strong></span> <span class='ocrx_word' id='word_1_795' title='bbox 3315 4919 3527 4978; x_wconf 76' lang='lat' dir='ltr'><strong>eoelum</strong></span> <span class='ocrx_word' id='word_1_796' title='bbox 3571 4927 3627 4976; x_wconf 88' lang='lat' dir='ltr'><strong>et</strong></span> <span class='ocrx_word' id='word_1_797' title='bbox 3667 4927 3786 4976; x_wconf 46' lang='lat' dir='ltr'><strong>tere</strong></span> 
     </span>
    </p>
   </div>
   <div class='ocr_carea' id='block_1_110' title="bbox 2192 5012 3789 5084">
    <p class='ocr_par' dir='ltr' id='par_1_110' title="bbox 2192 5012 3789 5084">
     <span class='ocr_line' id='line_1_110' title="bbox 2192 5012 3789 5084; baseline -0.002 -15"><span class='ocrx_word' id='word_1_798' title='bbox 2192 5030 2346 5080; x_wconf 87' lang='lat' dir='ltr'><strong>ram;</strong></span> <span class='ocrx_word' id='word_1_799' title='bbox 2389 5015 2492 5068; x_wconf 91' lang='lat' dir='ltr'><strong>hoc</strong></span> <span class='ocrx_word' id='word_1_800' title='bbox 2519 5022 2622 5077; x_wconf 89' lang='lat' dir='ltr'><strong>est,</strong></span> <span class='ocrx_word' id='word_1_801' title='bbox 2659 5015 2801 5069; x_wconf 87' lang='lat' dir='ltr'><strong>Dens</strong></span> <span class='ocrx_word' id='word_1_802' title='bbox 2833 5023 2987 5084; x_wconf 90' lang='lat' dir='ltr'><strong>pater</strong></span> <span class='ocrx_word' id='word_1_803' title='bbox 3024 5014 3079 5068; x_wconf 92' lang='lat' dir='ltr'><strong>in</strong></span> <span class='ocrx_word' id='word_1_804' title='bbox 3109 5013 3218 5078; x_wconf 85' lang='lat' dir='ltr'><strong>Deo</strong></span> <span class='ocrx_word' id='word_1_805' title='bbox 3259 5013 3368 5070; x_wconf 92' lang='lat' dir='ltr'><strong>lilio</strong></span> <span class='ocrx_word' id='word_1_806' title='bbox 3405 5012 3789 5074; x_wconf 55' lang='lat' dir='ltr'><strong>universalitae-</strong></span> 
     </span>
    </p>
   </div>
   <div class='ocr_carea' id='block_1_111' title="bbox 2200 5102 3786 5162">
    <p class='ocr_par' dir='ltr' id='par_1_111' title="bbox 2200 5102 3786 5162">
     <span class='ocr_line' id='line_1_111' title="bbox 2200 5102 3786 5162; baseline -0.002 -1"><span class='ocrx_word' id='word_1_807' title='bbox 2200 5116 2309 5162; x_wconf 88' lang='lat' dir='ltr'><strong>tem</strong></span> <span class='ocrx_word' id='word_1_808' title='bbox 2350 5107 2514 5162; x_wconf 90' lang='lat' dir='ltr'><strong>totius</strong></span> <span class='ocrx_word' id='word_1_809' title='bbox 2563 5115 2848 5162; x_wconf 88' lang='lat' dir='ltr'><strong>creaturae</strong></span> <span class='ocrx_word' id='word_1_810' title='bbox 2895 5105 3124 5160; x_wconf 90' lang='lat' dir='ltr'><strong>visibilis</strong></span> <span class='ocrx_word' id='word_1_811' title='bbox 3167 5115 3220 5160; x_wconf 90' lang='lat' dir='ltr'><strong>et</strong></span> <span class='ocrx_word' id='word_1_812' title='bbox 3258 5102 3544 5160; x_wconf 84' lang='lat' dir='ltr'><strong>invisibilis</strong></span> <span class='ocrx_word' id='word_1_813' title='bbox 3589 5102 3786 5160; x_wconf 88' lang='lat' dir='ltr'><strong>condi-</strong></span> 
     </span>
    </p>
   </div>
   <div class='ocr_carea' id='block_1_112' title="bbox 2199 5194 3788 5276">
    <p class='ocr_par' dir='ltr' id='par_1_112' title="bbox 2199 5194 3788 5276">
     <span class='ocr_line' id='line_1_112' title="bbox 2199 5194 3788 5276; baseline -0.004 -23"><span class='ocrx_word' id='word_1_814' title='bbox 2199 5199 2276 5254; x_wconf 89' lang='lat' dir='ltr'><strong>dit</strong></span> <span class='ocrx_word' id='word_1_815' title='bbox 2309 5217 2319 5251; x_wconf 93' lang='lat'>:</span> <span class='ocrx_word' id='word_1_816' title='bbox 2350 5208 2404 5253; x_wconf 90' lang='lat' dir='ltr'><strong>et</strong></span> <span class='ocrx_word' id='word_1_817' title='bbox 2431 5200 2557 5268; x_wconf 92' lang='lat' dir='ltr'><strong>quid</strong></span> <span class='ocrx_word' id='word_1_818' title='bbox 2585 5199 2638 5252; x_wconf 94' lang='lat' dir='ltr'><strong>in</strong></span> <span class='ocrx_word' id='word_1_819' title='bbox 2671 5197 2936 5269; x_wconf 89' lang='lat' dir='ltr'><strong>principio</strong></span> <span class='ocrx_word' id='word_1_820' title='bbox 2965 5214 3082 5265; x_wconf 90' lang='lat' dir='ltr'><strong>suo,</strong></span> <span class='ocrx_word' id='word_1_821' title='bbox 3114 5198 3166 5252; x_wconf 84' lang='lat' dir='ltr'><strong>in</strong></span> <span class='ocrx_word' id='word_1_822' title='bbox 3198 5196 3374 5276; x_wconf 73' lang='lat' dir='ltr'><strong>Verbo</strong></span> <span class='ocrx_word' id='word_1_823' title='bbox 3405 5211 3528 5264; x_wconf 86' lang='lat' dir='ltr'><strong>suo,</strong></span> <span class='ocrx_word' id='word_1_824' title='bbox 3559 5195 3611 5249; x_wconf 92' lang='lat' dir='ltr'><strong>in</strong></span> <span class='ocrx_word' id='word_1_825' title='bbox 3643 5194 3788 5272; x_wconf 79' lang='lat' dir='ltr'><strong>Filio</strong></span> 
     </span>
    </p>
   </div>
   <div class='ocr_carea' id='block_1_113' title="bbox 2198 5273 3788 5363">
    <p class='ocr_par' dir='ltr' id='par_1_113' title="bbox 2198 5273 3788 5363">
     <span class='ocr_line' id='line_1_113' title="bbox 2198 5273 3788 5363; baseline -0.001 -17"><span class='ocrx_word' id='word_1_826' title='bbox 2198 5307 2297 5347; x_wconf 90' lang='lat' dir='ltr'><strong>suo</strong></span> <span class='ocrx_word' id='word_1_827' title='bbox 2328 5291 2600 5363; x_wconf 83' lang='lat' dir='ltr'><strong>unigenito</strong></span> <span class='ocrx_word' id='word_1_828' title='bbox 2625 5290 2786 5346; x_wconf 88' lang='lat' dir='ltr'><strong>Pater</strong></span> <span class='ocrx_word' id='word_1_829' title='bbox 2816 5291 3092 5359; x_wconf 87' lang='lat' dir='ltr'><strong>conderet,</strong></span> <span class='ocrx_word' id='word_1_830' title='bbox 3119 5286 3278 5363; x_wconf 84' lang='lat' dir='ltr'><strong>(Pag.</strong></span> <span class='ocrx_word' id='word_1_831' title='bbox 3303 5273 3448 5362; x_wconf 61' lang='lat' dir='ltr'><strong>XIX)</strong></span> <span class='ocrx_word' id='word_1_832' title='bbox 3493 5289 3633 5361; x_wconf 84' lang='lat' dir='ltr'><strong>quod</strong></span> <span class='ocrx_word' id='word_1_833' title='bbox 3668 5288 3788 5358; x_wconf 84' lang='lat' dir='ltr'><strong>ipse</strong></span> 
     </span>
    </p>
   </div>
   <div class='ocr_carea' id='block_1_114' title="bbox 2192 5403 3798 5489">
    <p class='ocr_par' dir='ltr' id='par_1_114' title="bbox 2192 5403 3798 5489">
     <span class='ocr_line' id='line_1_114' title="bbox 2192 5403 3798 5489; baseline -0.003 -26"><span class='ocrx_word' id='word_1_834' title='bbox 2192 5410 2400 5489; x_wconf 73' lang='lat' dir='ltr'><strong>cientes</strong></span> <span class='ocrx_word' id='word_1_835' title='bbox 2445 5417 2707 5477; x_wconf 87' lang='lat' dir='ltr'><strong>quantum</strong></span> <span class='ocrx_word' id='word_1_836' title='bbox 2765 5425 2824 5464; x_wconf 85' lang='lat' dir='ltr'><strong>se</strong></span> <span class='ocrx_word' id='word_1_837' title='bbox 2867 5405 3034 5463; x_wconf 82' lang='lat' dir='ltr'><strong>infert</strong></span> <span class='ocrx_word' id='word_1_838' title='bbox 3084 5405 3391 5460; x_wconf 89' lang='lat' dir='ltr'><strong>divinorum</strong></span> <span class='ocrx_word' id='word_1_839' title='bbox 3435 5403 3798 5473; x_wconf 63' lang='lat' dir='ltr'><strong>aequiorum</strong></span> 
     </span>
    </p>
   </div>
   <div class='ocr_carea' id='block_1_115' title="bbox 2228 5499 2446 5532">
    <p class='ocr_par' dir='ltr' id='par_1_115' title="bbox 2228 5499 2446 5532">
     <span class='ocr_line' id='line_1_115' title="bbox 2228 5499 2446 5532; baseline 0 0"><span class='ocrx_word' id='word_1_840' title='bbox 2228 5499 2381 5532; x_wconf 66' lang='lat' dir='ltr'><strong>HUIUS</strong></span> <span class='ocrx_word' id='word_1_841' title='bbox 2405 5499 2446 5532; x_wconf 79' lang='grc' dir='ltr'><strong>Ι.</strong></span> 
     </span>
    </p>
   </div>
   <div class='ocr_carea' id='block_1_116' title="bbox 2195 5481 3789 5621">
    <p class='ocr_par' dir='ltr' id='par_1_116' title="bbox 2195 5481 3789 5621">
     <span class='ocr_line' id='line_1_116' title="bbox 2195 5481 3789 5621; baseline -0.013 -4"><span class='ocrx_word' id='word_1_842' title='bbox 2195 5481 2450 5621; x_wconf 36' lang='grc' dir='ltr'><strong>ωιέἱῖῗΐί</strong></span> <span class='ocrx_word' id='word_1_843' title='bbox 2475 5549 2566 5603; x_wconf 93' lang='lat' dir='ltr'><strong>lib.</strong></span> <span class='ocrx_word' id='word_1_844' title='bbox 2595 5548 2658 5602; x_wconf 95' lang='lat' dir='ltr'><strong>Il.</strong></span> <span class='ocrx_word' id='word_1_845' title='bbox 2689 5565 2706 5598; x_wconf 69' lang='grc' dir='ltr'><strong>ι</strong></span> <span class='ocrx_word' id='word_1_846' title='bbox 2734 5546 2922 5604; x_wconf 89' lang='lat' dir='ltr'><strong>Omnis</strong></span> <span class='ocrx_word' id='word_1_847' title='bbox 2945 5557 3122 5603; x_wconf 89' lang='lat' dir='ltr'><strong>autem</strong></span> <span class='ocrx_word' id='word_1_848' title='bbox 3147 5556 3394 5621; x_wconf 85' lang='lat' dir='ltr'><strong>creatura</strong></span> <span class='ocrx_word' id='word_1_849' title='bbox 3423 5546 3789 5621; x_wconf 69' lang='lat' dir='ltr'><strong>incipitessc,</strong></span> 
     </span>
    </p>
   </div>
   <div class='ocr_carea' id='block_1_117' title="bbox 2196 5614 3786 5692">
    <p class='ocr_par' dir='ltr' id='par_1_117' title="bbox 2196 5614 3786 5692">
     <span class='ocr_line' id='line_1_117' title="bbox 2196 5614 3786 5692; baseline -0.004 -19"><span class='ocrx_word' id='word_1_850' title='bbox 2196 5614 2330 5692; x_wconf 78' lang='lat' dir='ltr'><strong>quia</strong></span> <span class='ocrx_word' id='word_1_851' title='bbox 2355 5631 2488 5682; x_wconf 82' lang='lat' dir='ltr'><strong>erat,</strong></span> <span class='ocrx_word' id='word_1_852' title='bbox 2532 5635 2694 5692; x_wconf 77' lang='lat' dir='ltr'><strong>quum</strong></span> <span class='ocrx_word' id='word_1_853' title='bbox 2739 5635 2845 5692; x_wconf 87' lang='lat' dir='ltr'><strong>non</strong></span> <span class='ocrx_word' id='word_1_854' title='bbox 2891 5628 3044 5686; x_wconf 85' lang='lat' dir='ltr'><strong>erat;</strong></span> <span class='ocrx_word' id='word_1_855' title='bbox 3090 5620 3291 5692; x_wconf 83' lang='lat' dir='ltr'><strong>eratin</strong></span> <span class='ocrx_word' id='word_1_856' title='bbox 3330 5618 3512 5692; x_wconf 78' lang='lat' dir='ltr'><strong>causis</strong></span> <span class='ocrx_word' id='word_1_857' title='bbox 3534 5614 3786 5686; x_wconf 76' lang='lat' dir='ltr'><strong>quidem.</strong></span> 
     </span>
    </p>
   </div>
   <div class='ocr_carea' id='block_1_118' title="bbox 2197 5689 3781 5760">
    <p class='ocr_par' dir='ltr' id='par_1_118' title="bbox 2197 5689 3781 5760">
     <span class='ocr_line' id='line_1_118' title="bbox 2197 5689 3781 5760; baseline -0.003 -12"><span class='ocrx_word' id='word_1_858' title='bbox 2197 5689 2303 5748; x_wconf 82' lang='lat' dir='ltr'><strong>non</strong></span> <span class='ocrx_word' id='word_1_859' title='bbox 2351 5705 2467 5746; x_wconf 83' lang='lat' dir='ltr'><strong>erat.</strong></span> <span class='ocrx_word' id='word_1_860' title='bbox 2499 5693 2550 5745; x_wconf 87' lang='lat' dir='ltr'><strong>in</strong></span> <span class='ocrx_word' id='word_1_861' title='bbox 2584 5689 2864 5743; x_wconf 78' lang='lat' dir='ltr'><strong>etleetibus</strong></span> <span class='ocrx_word' id='word_1_862' title='bbox 2897 5709 2909 5745; x_wconf 87' lang='lat'>:</span> <span class='ocrx_word' id='word_1_863' title='bbox 2941 5705 3044 5747; x_wconf 90' lang='lat' dir='ltr'><strong>non</strong></span> <span class='ocrx_word' id='word_1_864' title='bbox 3077 5691 3299 5748; x_wconf 80' lang='lat' dir='ltr'><strong>omnino</strong></span> <span class='ocrx_word' id='word_1_865' title='bbox 3347 5689 3512 5760; x_wconf 67' lang='lat' dir='ltr'><strong>igitur</strong></span> <span class='ocrx_word' id='word_1_866' title='bbox 3539 5701 3667 5742; x_wconf 83' lang='lat' dir='ltr'><strong>vere</strong></span> <span class='ocrx_word' id='word_1_867' title='bbox 3694 5699 3781 5744; x_wconf 66' lang='lat' dir='ltr'><strong>ae-</strong></span> 
     </span>
    </p>
   </div>
   <div class='ocr_carea' id='block_1_119' title="bbox 2199 5763 3031 5822">
    <p class='ocr_par' dir='ltr' id='par_1_119' title="bbox 2199 5763 3031 5822">
     <span class='ocr_line' id='line_1_119' title="bbox 2199 5763 3031 5822; baseline -0.008 0"><span class='ocrx_word' id='word_1_868' title='bbox 2199 5763 2440 5822; x_wconf 88' lang='lat' dir='ltr'><strong>ternitati</strong></span> <span class='ocrx_word' id='word_1_869' title='bbox 2472 5769 2758 5820; x_wconf 85' lang='lat' dir='ltr'><strong>coaeterna</strong></span> <span class='ocrx_word' id='word_1_870' title='bbox 2785 5771 2866 5817; x_wconf 85' lang='lat' dir='ltr'><strong>est</strong></span> <span class='ocrx_word' id='word_1_871' title='bbox 2890 5782 2934 5816; x_wconf 72' lang='grc' dir='ltr'>ι.</span> <span class='ocrx_word' id='word_1_872' title='bbox 3029 5791 3031 5794; x_wconf 94' lang='grc'><strong>-</strong></span> 
     </span>
    </p>
   </div>
  </div>
