4036 5720
189 320 295 375 H7

1188 321 1255 377 IN
1291 320 1553 379 LIBRUM
1592 321 1686 379 DE
1724 321 2434 388 DIVISIONE,NATURE.

3362 330 3466 387 IIS

188 431 368 487 Filius
414 446 524 489 non
568 441 749 500 esset;
796 432 1033 504 alioquin
1102 449 1210 491 non
1278 437 1333 492 in
1387 436 1505 508 ipso
1568 434 1769 493 conde-
1798 439 1846 500 Α
1875 446 2055 492 mente
2080 438 2505 510 seines‘eigenen
2525 437 3295 516 Lebensbegegnett?"Age
3312 459 3464 515 ergo,
3494 440 3497 447 ’

191 531 281 578 ret
308 543 356 578 ι.
386 525 488 595 (α).

266 615 327 671 Si
347 616 725 688 veroErigena
740 616 864 675 aliis
883 616 1015 674 locis
1027 631 1095 672 ex
1117 617 1212 674 cit.
1236 617 1328 674 lib.
1353 618 1441 683 IlI,
1456 635 1508 689 p.
1529 619 1635 675 245
1659 635 1777 691 seq.

192 707 401 779 (Ιίῌθ)
424 708 485 764 8.
508 708 689 764 Builii
714 708 919 773 verbis,
940 708 1266 779 qui(IIomil.
1286 710 1339 774 8,
1361 711 1412 765 in
1433 710 1598 783 Gen.)
1614 713 1778 768 dicit:

197 820 219 853 ι
250 801 504 856 Divinum
548 801 774 857 verbum
818 809 1014 856 natura
1061 811 1147 857 est
1188 805 1412 867 eorum,
1457 819 1594 874 quae
1638 806 1782 860 facta

192 902 371 948 sunt:
407 911 421 947 :
455 891 751 948 secundum
797 908 1015 948 sensum
1064 893 1137 948 ibi
1183 903 1541 950 memoratum
1597 911 1783 951 assen-

194 988 341 1043 tiens
382 987 699 1043 contendit:
734 1007 755 1040 ο
787 988 959 1043 Deum
985 988 1161 1043 creari
1207 990 1263 1044 in
1303 991 1560 1046 omnibus
1582 1010 1631 1056 ι,
1667 992 1783 1047 sive

197 1101 216 1134 ι
238 1082 411 1136 Deum
432 1095 556 1137 esse
578 1084 635 1136 in
659 1095 738 1146 se,
763 1080 889 1137 ﬁeri
905 1082 958 1136 in
979 1084 1245 1137 creaturis
1264 1102 1311 1148 ι,
1340 1084 1571 1149 idemnt
1593 1092 1783 1154 postea
1828 1118 1833 1123 -

190 1170 238 1227 Ι.
270 1172 556 1236 Taulerus,
587 1170 647 1227 S.
678 1171 818 1228 Suso
847 1171 1111 1244 multique
1147 1174 1240 1229 alii
1271 1173 1462 1230 Patres
1491 1174 1780 1231 lectionem

190 1269 405 1317 tantum
459 1262 705 1334 sequitur
754 1261 813 1318 S.
861 1262 1124 1323 Johannis
1195 1264 1455 1337 Tbeologi
1502 1266 1783 1339 (Evange-

190 1355 371 1426 listae)
399 1370 449 1411 c.
479 1356 533 1410 I.
561 1370 613 1408 ν.
653 1356 707 1411 3.
732 1355 783 1409 ὁ.
824 1356 1103 1425 antiquam
1153 1367 1210 1412 et
1254 1359 1543 1414 admodum
1590 1359 1782 1431 vulga-

191 1456 343 1501 tam:
376 1466 395 1497 ι
425 1446 797 1516 Quodcunque
832 1446 1032 1501 factum
1058 1456 1163 1512 est,
1192 1447 1247 1501 in
1290 1449 1407 1519 ipso
1444 1449 1553 1503 vita
1582 1458 1702 1505 erat
1729 1458 1785 1505 et

189 1538 302 1592 vita
333 1546 453 1594 erat
479 1539 569 1592 lux
602 1540 879 1594 hominum
905 1559 952 1593 ι.
985 1538 1249 1595 Similiter
1281 1541 1445 1605 Suso,
1476 1557 1599 1614 pag.
1634 1543 1777 1599 liii:

196 1646 216 1680 ι
245 1629 368 1683 Mle
392 1628 698 1684 Kreaturen
736 1631 878 1685 nach
919 1630 1068 1685 ihrer
1096 1631 1549 1688 innebteibenden
1576 1633 1783 1705 Ausge-

188 1721 505 1778 flossenheit
530 1725 655 1779 sind
696 1724 945 1796 evviglich
971 1724 1026 1779 in
1063 1724 1183 1779 dem
1214 1724 1404 1790 Einen,
1447 1727 1588 1781 naclt
1625 1724 1780 1783 Gott-

1882 527 2047 583 etiam
2076 528 2340 598 Erigonae
2364 528 2762 600 indulgeamus,
2785 531 2984 589 dicenti
3012 552 3026 587 :
3065 553 3085 584 ι
3114 534 3259 590 Deus
3283 543 3368 592 est
3409 536 3465 590 in

1887 633 1968 685 se,
2000 623 2060 674 lit
2089 620 2139 675 in
2178 621 2445 677 creaturis
2465 642 2511 687 ι,
2539 637 2706 693 quum
2737 633 2959 694 propter
2984 625 3267 682 Paulinum
3295 627 3423 682 illud
3447 642 3464 683 :

1892 729 1911 762 ι
1942 711 2033 779 qui
2077 721 2161 767 est
2188 727 2287 783 per
2309 712 2490 768 omnia
2517 720 2572 767 et
2608 713 2661 768 in
2690 715 2942 771 omnibus
2964 735 3009 781 ι,
3043 716 3272 774 alterum
3316 718 3467 790 ejus-

1885 803 2006 857 dem
2050 804 2292 873 Apostoli
2323 823 2339 860 :
2376 825 2396 859 ι
2428 806 2527 874 Qui
2573 818 2658 863 est
2691 823 2852 878 supra
2893 812 3074 867 omnia
3104 832 3153 878 ι,
3200 828 3467 883 nusquam

1885 895 2200 964 neglexerit.
2231 896 2310 968 (d)
2356 898 2694 954 Postremum
2725 915 2856 956 vero
2892 918 3108 966 caveas,
3139 920 3207 960 ne
3250 914 3470 973 quater-

1886 988 2097 1043 narium
2140 998 2389 1057 naturae,
2430 1006 2570 1061 quae
2615 992 2834 1058 dicitur,
2876 997 3016 1064 apud
3054 996 3336 1066 Erigenam
3383 1005 3473 1053 ut-
3556 980 3559 983 l

1883 1086 2009 1148 pote
2057 1077 2338 1136 formalem
2411 1096 2531 1137 cum
2604 1091 2792 1139 sancto
2857 1084 3120 1140 Ternario
3177 1087 3469 1159 dogmatis,

1883 1187 2045 1244 quem
2069 1176 2344 1244 expressis
2369 1177 2551 1233 verbis
2593 1177 2754 1234 docet
2792 1188 2956 1249 atque
3001 1182 3312 1249 confirmat,
3359 1183 3472 1242 ullo

1885 1267 2045 1322 modo
2088 1284 2257 1323 unum
2302 1269 2553 1339 idemque
2596 1286 2719 1328 esse
2773 1274 3074 1330 existimes.
3124 1275 3247 1332 iam
3299 1278 3471 1347 ipsius

1885 1357 2148 1429 Erigenae
2191 1360 2491 1418 declaratio
2514 1363 2581 1418 de
2618 1372 2809 1435 quarta
2841 1374 2901 1421 et
2947 1367 3013 1421 de
3040 1366 3218 1438 prima
3253 1377 3507 1433 natura»

1884 1451 1998 1506 sive
2030 1452 2098 1506 de
2134 1462 2326 1508 natura
2363 1469 2471 1509 non
2502 1463 2686 1511 creata
2719 1471 2897 1527 neque
2925 1468 3172 1525 creante,
3199 1469 3255 1514 et
3279 1461 3346 1515 de
3377 1474 3481 1515 nae

1884 1550 2003 1596 tura
2049 1558 2155 1597 non
2196 1552 2382 1599 creata
2424 1554 2483 1600 et
2524 1555 2767 1611 creante,
2812 1556 3101 1618 utramque
3134 1565 3300 1605 unam
3343 1565 3477 1605 ean-

1882 1636 2117 1705 demque
2140 1651 2263 1692 esse
2303 1646 2578 1703 naturam,
2622 1638 2695 1711 (ο)
2751 1640 3049 1695 secundum
3079 1641 3351 1696 diversum
3392 1655 3474 1697 re-

1883 1737 2127 1798 spectum
2166 1730 2530 1799 processionis
2573 1740 2629 1787 et
2671 1732 2879 1789 reditus
2920 1748 3123 1798 rerum,
3174 1735 3254 1789 sic
3284 1734 3473 1803 appel-

188 1817 479 1885 lelsender,
522 1819 981 1887 Gottwissender,
1038 1821 1455 1878 Gottwesendcr
1503 1822 1776 1893 lstigkeit,
1808 1813 1852 1874 Β
1881 1818 2064 1885 latam,
2111 1821 2245 1879 satis
2271 1821 2633 1890 demonstrat,
2660 1823 2803 1879 hanc
2843 1824 3163 1879 divisionem
3205 1838 3272 1879 ex
3313 1832 3475 1896 parte

185 1911 297 1967 wie
331 1912 429 1967 das
455 1912 808 1985 Evangelium
836 1914 893 1969 in
925 1914 1192 1987 principio
1236 1925 1355 1985 sagt
1389 1933 1405 1968 :
1433 1916 1529 1971 das
1558 1916 1778 1971 tvorden

187 2006 277 2071 ist,
302 2005 402 2061 das
428 2006 498 2062 ist
521 2007 573 2061 in
601 2008 713 2062 ihm
727 2007 975 2079 ewiglicb
992 2022 1241 2077 gewesen
1257 2010 1355 2065 das
1375 2008 1554 2065 Leben
1581 2029 1597 2060 ι
1610 2049 1623 2063 .
1650 2009 1728 2081 (ιι)
1746 2008 1781 2045 ³⁵

187 2095 336 2152 Sane
391 2095 671 2165 iniustum,
698 2097 868 2163 foret,
931 2107 1152 2170 propter
1198 2100 1334 2155 haec
1402 2108 1458 2155 et
1512 2100 1778 2170 ejusmodi

186 2188 356 2242 verba
386 2187 470 2243 vel
507 2187 774 2244 Susonem
813 2189 898 2244 vel
929 2189 1219 2259 Erigenam
1266 2191 1593 2259 pantheismi
1621 2205 1782 2245 accu-

187 2282 342 2335 saret
372 2279 562 2337 Nonne
605 2284 772 2338 etiam
818 2282 1016 2352 pictor,
1049 2282 1141 2351 qui
1182 2283 1328 2354 regis
1367 2283 1655 2355 imaginem
1689 2296 1782 2338 co-

185 2369 399 2427 loribus
432 2372 697 2444 depingit,
744 2374 1029 2443 quaerenti
1060 2375 1188 2445 quid
1230 2373 1411 2438 faciat,
1445 2375 1776 2444 respondet:

186 2462 277 2517 Fit
306 2465 432 2518 rex!
468 2463 559 2520 Sic
584 2466 752 2519 etiam
811 2464 870 2522 S.
918 2465 1252 2536 Augustinus
1285 2482 1298 2521 :
1338 2485 1357 2518 ι
1384 2467 1607 2523 Crescat
1648 2483 1780 2540 ergo

190 2557 367 2619 Deus,
416 2556 510 2626 qui
556 2566 773 2626 semper
820 2556 1094 2626 perfectus
1149 2567 1268 2623 est,
1325 2568 1537 2614 crescat
1593 2560 1645 2613 in
1702 2569 1774 2614 te.

188 2646 405 2713 Quanto
430 2646 574 2702 enim
604 2647 776 2720 magis
797 2647 1056 2720 intelligis
1075 2649 1265 2714 Deum,
1293 2658 1348 2704 et
1377 2661 1582 2720 quanto
1610 2651 1780 2720 magis

190 2740 366 2811 capis,
398 2740 617 2796 videtur
650 2743 705 2796 in
746 2751 799 2797 te
827 2754 1076 2797 crescere
1108 2744 1266 2798 Deus.
1296 2743 1417 2813 Ipse
1459 2752 1638 2799 autem
1672 2759 1778 2799 non

186 2833 409 2901 crescit,
450 2834 547 2891 sed
589 2848 805 2905 semper
830 2833 1104 2905 perfectus
1137 2844 1241 2891 est.
1271 2835 1615 2906 lntelligebas
1661 2836 1778 2891 heri

192 2928 496 2992 modicum,
546 2927 802 2998 intelligis
845 2929 1006 2983 hodie
1049 2929 1300 3000 amplius,
1352 2928 1620 2999 intelliges
1655 2944 1781 2985 cras

190 3016 365 3073 multo
374 3017 605 3088 amplius
622 3036 636 3072 :
654 3018 834 3073 lumen
858 3020 1031 3090 ipsum
1048 3019 1154 3074 Dei:
1167 3020 1364 3075 crescit
1382 3021 1434 3074 in
1457 3027 1530 3085 te,
1546 3021 1620 3073 ita
1635 3020 1780 3075 velut

189 3110 333 3166 Deus
363 3109 585 3177 crescit,
609 3112 701 3182 qui
735 3122 950 3181 semper
976 3110 1251 3181 perfectus
1281 3120 1481 3167 manet.
1508 3109 1776 3177 Quemad-

1885 1924 1945 1970 ut
1986 1915 2336 1985 subjectivam
2395 1927 2602 1976 tantum
2647 1931 2704 1976 et
2751 1920 3033 1978 formalem
3100 1922 3477 1992 accipiendam

1883 2023 2024 2063 esse.
2093 2009 2281 2077 Quod,
2346 2025 2514 2081 quam
2586 2012 2852 2081 Erlgenae
2905 2011 2976 2066 de
3042 2012 3311 2067 'l‘rinitate
3371 2012 3473 2067 do-

1882 2100 2056 2154 ctrina
2127 2102 2373 2171 exposita
2446 2101 2649 2169 fuerit,
2713 2102 3021 2159 evidentius
3067 2104 3233 2158 etiam
3304 2117 3473 2175 appa-

1884 2191 2041 2245 reltit.

1954 2281 2009 2335 b.
2043 2280 2217 2336 Simili
2263 2283 2425 2341 modo
2468 2283 2675 2355 aliquot
2721 2282 2861 2339 alios
2905 2284 3087 2355 operis
3113 2283 3181 2338 de
3208 2284 3475 2340 divisione

1883 2373 2053 2440 locos,
2080 2375 2171 2431 ubi
2199 2376 2266 2430 de
2301 2376 2598 2433 universali
2639 2390 2821 2432 rerum
2866 2376 3259 2431 instauratione
3300 2376 3351 2430 in
3391 2374 3475 2429 al-

1884 2475 2003 2521 tero
2035 2465 2240 2522 Christi
2263 2468 2499 2523 adventu
2527 2467 2709 2524 futura
2735 2477 2792 2525 et
2820 2471 2886 2524 de
2919 2468 3110 2524 ultimo
3127 2467 3336 2537 judicio
3361 2468 3476 2539 agi-

1885 2569 1991 2624 tur,
2032 2561 2214 2617 minus
2242 2563 2539 2619 attendeati
2569 2571 2625 2618 et
2666 2563 3055 2634 cogitationum
3096 2563 3319 2628 seriem,
3350 2577 3471 2618 ver-

1882 2650 2182 2720 borumque
2227 2652 2338 2706 vim
2385 2652 2746 2724 negligentius
2793 2653 3151 2724 perpendenti
3191 2653 3473 2724 pentheu-

1881 2754 2028 2792 mum
2079 2754 2271 2808 sapere
2319 2754 2479 2811 posse
2546 2755 2655 2795 non
2706 2755 2986 2813 negamus.
3034 2740 3237 2799 Verum
3288 2752 3469 2798 tamen

1882 2830 2051 2885 multo
2081 2830 2262 2900 plures
2289 2831 2416 2898 loci,
2440 2832 2535 2903 qui
2558 2832 2898 2891 contrarium
2927 2831 3215 2901 afﬁrmant,
3240 2843 3298 2891 et
3321 2833 3476 2904 quin-

1881 2931 1969 2979 tus
2014 2921 2260 2991 ejusdem
2313 2926 2495 2996 Operis
2554 2925 2691 2982 liber
2741 2941 2915 2996 paene
2965 2934 3110 2982 totus
3155 2925 3478 2996 prudentem

1882 3029 2152 3084 quemque
2195 3014 2452 3072 lectorem
2486 3016 2721 3075 ,omnino
2764 2996 3130 3082 convincent,‘
3166 3018 3472 3075 doctrinam

1883 3105 1949 3161 de
1979 3106 2273 3163 universali
2324 3123 2508 3165 rerum
2532 3110 2775 3165 omnium
2805 3126 2903 3180 per
2930 3110 3099 3167 Deum
3138 3111 3195 3166 in
3220 3125 3475 3168 consum-

193 3203 410 3258 modum
439 3204 484 3259 si
513 3177 777 3259 curentur
807 3177 1087 3273 cujusdam
1122 3204 1261 3259 oculi
1291 3220 1357 3260 ex
1398 3204 1626 3274 pristina
1657 3218 1778 3261 cae—
1806 3177 1851 3239 C
1885 3199 2125 3255 "talione
2170 3199 2340 3257 seculi
2383 3202 2755 3271 absorplione.
2789 3216 2896 3272 qua
2923 3202 3173 3268 intereat.
3204 3218 3313 3259 non
3343 3216 3481 3259 vero

191 3296 371 3357 citate.
402 3303 457 3350 et
480 3293 746 3365 inciperet
776 3296 959 3351 videre
988 3280 1261 3365 paululum
1292 3296 1445 3358 lucis,
1480 3304 1536 3351 et
1562 3295 1666 3352 alia
1694 3297 1785 3354 die

190 3388 312 3459 plus
350 3387 567 3444 videret
607 3396 663 3444 et
693 3389 850 3443 tertia
879 3388 967 3444 die
1001 3388 1230 3459 amplius
1270 3406 1285 3443 :
1318 3390 1531 3446 videtur
1573 3390 1649 3445 illi
1687 3390 1779 3445 In:

192 3480 574 3537 crescerezlux
600 3490 781 3536 tamen
806 3479 1042 3553 perfecta
1061 3490 1163 3547 est,
1178 3483 1291 3538 sive
1312 3482 1427 3553 ipse
1449 3482 1646 3547 videat,
1666 3482 1780 3539 sive

193 3587 297 3628 non
322 3574 525 3629 videat.
560 3573 655 3630 Sic
695 3583 780 3628 est
820 3583 873 3628 et
909 3574 1136 3628 interior
1178 3574 1340 3628 homo
1374 3588 1389 3627 :
1420 3573 1634 3644 proficit
1661 3573 1781 3645 qui-

194 3658 315 3721 dem
345 3667 400 3720 in
434 3666 549 3722 Deo
578 3674 634 3722 et
675 3665 825 3722 Deus
861 3666 915 3721 in
964 3664 1055 3721 illo
1097 3665 1309 3720 videtur
1352 3676 1635 3731 crescere;
1665 3665 1781 3735 ipse

193 3767 372 3814 tamen
398 3759 686 3826 minuitur,
711 3766 769 3814 ut
793 3774 821 3813 a
845 3759 1012 3831 gloria
1036 3774 1132 3814 sua
1154 3758 1367 3813 decidat
1390 3765 1445 3813 et
1472 3759 1524 3812 in
1553 3744 1785 3830 gloriam

193 3848 290 3904 Dei
333 3859 592 3922 surgat».
641 3849 712 3923 (c)
769 3848 879 3905 Nec
925 3849 1103 3904 minus
1150 3848 1214 3903 A.
1243 3846 1493 3904 Giinther
1535 3850 1588 3903 in
1641 3849 1813 3921 libro~

190 3938 427 3996 Thomas
450 3954 480 3995 a
510 3940 799 4012 Scrupulis
830 3955 881 4012 p.
903 3940 1043 3997 2‘23:
1075 3960 1094 3992 ‹
1125 3940 1243 3997 Und
1271 3956 1382 3997 was
1409 3941 1609 3996 konnte
1632 3941 1781 3999 diese

190 4030 357 4089 Liebe
384 4034 584 4089 andres
612 4034 751 4095 sein,
784 4032 1026 4102 alsjene,
1067 4034 1165 4087 mit
1200 4032 1298 4087 der
1324 4032 1441 4087 sich
1487 4032 1613 4087 Gott
1640 4033 1780 4088 auch

189 4125 247 4180 in
277 4123 373 4179 der
397 4123 636 4181 Kreatur
665 4123 826 4190 liebt,
859 4124 979 4180 weil
1007 4138 1071 4179 er
1115 4124 1169 4178 in
1210 4122 1300 4177 ihr
1338 4121 1525 4178 seinen
1571 4123 1778 4195 ewigen

186 4215 478 4274 Gedanken
507 4214 668 4289 (Pag.
694 4214 816 4299 XX)
844 4214 1237 4285 wiederﬁndet,
1259 4216 1313 4271 in
1344 4214 1433 4271 ihr
1455 4216 1631 4271 ciuem
1670 4214 1782 4273 Mo-

184 4459 222 4515 .,
264 4370 669 4513 assist:
692 4372 882 4501 as:
1508 4386 1529 4426 υ
1725 4380 1783 4428 οι

258 4537 450 4610 (ἀχεῖ.
488 4536 972 4610 Ηθὲηνίειιγδιιεθέ
1014 4550 1240 4610 genuum
1287 4539 1556 4610 Amandus
1599 4537 1778 4610 Leitch
1806 4546 1856 4607 D

186 4600 297 4665 und
315 4600 725 4682 (Scltriftetguon‘
746 4609 1000 4664 Melcltior
1014 4600 1414 4682 'Diepenbrock‘.
1441 4610 1476 4664 2
1505 4607 1642 4665 Aul].
1670 4600 1779 4666 Re-

185 4682 475 4763 gensburg.
506 4679 667 4735 I857.

258 4771 328 4844 (ε)
474 4772 697 4844 Gfrgler,
733 4766 1135 4844 IleiligeiKttnS‘t
1162 4772 1255 4826 der
1285 4769 1541 4844 ξζβὺνᾶθν.
1577 4773 1696 4831 Vol.
1732 4773 1774 4829 I.

187 4860 243 4915 ι).
269 4840 368 4900 36.
396 4843 533 4899 Item
561 4840 630 4899 de
662 4842 778 4898 Div.
820 4840 911 4915 lib.
939 4843 1030 4910 IV,
1062 4856 1115 4914 p.
1140 4844 1247 4900 552
1272 4840 1383 4915 (IV,
1408 4845 1465 4905 7)
1499 4864 1517 4896 ι
1551 4847 1688 4900 Hinc
1716 4844 1775 4901 S.

185 4915 557 4988 Augustinus.)
586 4923 762 4988 ¹εει..
804 4914 896 4988 tibi
924 4915 996 4973 _S.
1020 4914 1354 4988 Augustinus
1399 4917 1553 4988 miris
1601 4917 1803 4988 verbis,

185 4978 403 5058 omnino
433 4986 577 5042 idem
618 4986 766 5058 quod
810 4978 1037 5058 Erigcna
1068 4978 1243 5041 docet.
1288 4984 1418 5058 Item
1451 5004 1502 5058 p.
1530 4982 1775 5058 34ld(IV,

187 5056 292 5131 ill}
319 5057 668 5131 Quapropter
694 5056 781 5131 de
829 5056 1099 5131 intellectu
1151 5078 1169 5131 ξ
1198 5066 1305 5114 cet.
1333 5056 1465 5114 [teni
1496 5059 1591 5116 lib.
1626 5056 1688 5114 V.
1725 5075 1781 5131 p.

187 5074 219 5110 υ
273 5076 292 5108 ι
319 5074 435 5126 una
479 5074 668 5129 rupter
713 5074 781 5110 ue
829 5074 1099 5113 intencctu
1151 5078 1169 5110 ι
1198 5074 1305 5114 cet.
1333 5074 1382 5111 ιιι

186 5074 288 5187 ἦε
312 5128 406 5202 (V.
556 5120 914 5196 «(Qttid'enitn
941 5127 1202 5203 sapientia
1226 5147 1245 5180 ι
1278 5136 1382 5183 cet.

255 5221 334 5290 (ά)
363 5220 449 5277 Cf.
480 5219 577 5277 lib.
603 5220 701 5282 IV,
734 5235 789 5288 p.
812 5217 916 5289 520
945 5220 1052 5290 (IV,
1080 5223 1134 5289 5)
1170 5242 1188 5275 ι
1212 5220 1381 5276 Miror
1407 5232 1507 5279 cur
1526 5245 1545 5279 ι
1576 5234 1685 5280 cet.

232 5293 325 5367 .(e)
371 5291 457 5348 cr.
513 5292 610 5349 ιιι».
656 5291 747 5355 tu,
804 5302 857 5360 ρ.
902 5290 1011 5348 248
1066 5293 1182 5366 (ιιι,
1239 5292 1343 5364 es)
1404 5310 1424 5346 ι
1466 5294 1574 5353 Sed
1635 5294 1783 5367 quod

189 5364 346 5419 theol.
371 5384 390 5417 ι
422 5373 530 5419 cet.

232 5500 284 5563 η*
310 5498 503 5556 Latine
520 5501 601 5556 sic
624 5495 781 5553 reddi
827 5509 983 5562 posse
1008 5500 1260 5557 videntur
1285 5516 1298 5552 :
1337 5517 1355 5551 ι
1392 5498 1594 5558 Omnes
1622 5516 1777 5557 crea-

189 5580 359 5640 turae,
391 5579 576 5640 utpote
606 5581 752 5637 quae
776 5564 1029 5640 clllurerc
1059 5574 1393 5639 eaedemque
1426 5573 1772 5635 innnansere,

188 5643 237 5678 in
265 5637 376 5684 ιιισιλ
401 5637 658 5684 ηιξκιε-*9ο
686 5645 835 5680 οιιηὶ-
868 5637 1107 5698 νῖναηιθε,
1136 5646 1189 5688 in
1220 5637 1331 5684 Πρίὶ
1382 5642 1547 5684 “prim
1578 5659 1750 5682 nnnmn

1883 3290 2215 3361 gloriﬁcatur
2238 3299 2295 3347 et
2321 3292 2497 3363 magis
2515 3291 2756 3349 salvetur
2784 3302 3059 3359 creatura,
3080 3309 3115 3350 a
3144 3302 3325 3351 mente
3354 3291 3475 3359 .Eris

1882 3399 2054 3455 genae
2077 3400 2302 3454 prorsus
2327 3385 2559 3442 alienam
2584 3385 2772 3445 fuisse.
2801 3387 3093 3458 Expressis
3114 3387 3263 3445 enim
3287 3385 3474 3447 verbis

1883 3491 1993 3532 non
2021 3475 2192 3531 solum
2225 3476 2410 3547 plures
2452 3477 2510 3532 in
2535 3488 2757 3535 aeterna
2798 3477 3143 3541 beatitudine
3163 3478 3363 3549 gradus
3384 3473 3476 3546 ju—

1882 3576 2092 3623 storum
2137 3568 2349 3634 statuit,
2381 3568 2453 3640 (f)
2496 3569 2589 3640 qui
2636 3570 2689 3629 in
2732 3568 2863 3628 Iesu
2910 3586 3010 3642 pro
3036 3585 3226 3631 eorum
3259 3569 3487 3627 meritis

1882 3662 2114 3733 praevisi
2156 3670 2212 3718 et
2249 3662 2664 3731 praedestinati,
2699 3664 2954 3735 deinceps
2994 3663 3114 3720 sine
3154 3662 3264 3719 ﬁne
3301 3663 3481 3723 Deum.

1881 3753 2162 3821 videbunt,
2200 3770 2391 3810 verum
2421 3754 2587 3811 etiam
2615 3763 2828 3832 certum
2878 3770 3162 3815 numerum
3209 3752 3475 3825 singulari

1883 3846 2055 3918 gratia
2086 3846 2140 3900 in
2162 3845 2563 3902 deiﬁcationem
2583 3862 2744 3919 supra
2769 3861 2985 3905 omnem
3011 3845 3174 3918 (fac.
3200 3844 3344 3914 XXI)

1883 3939 2114 3994 turalem
2142 3939 2400 3995 virtutem
2424 3940 2723 3996 electorum
2747 3954 2868 3999 esse
2896 3940 3053 3997 docet
3076 3948 3240 4010 atque
3269 3938 3473 3995 descri-

1881 4027 1990 4094 bit;
2022 4030 2133 4085 imo
2157 4031 2431 4086 funestum
2461 4031 2608 4088 illum
2636 4018 2903 4099 errorem,
2930 4048 3037 4103 quo
3066 4022 3246 4087 creata
3288 4020 3472 4087 omnia

1882 4122 1936 4177 in
1963 4122 2076 4178 Deo
2120 4126 2355 4193 pereunt
2378 4131 2433 4178 et
2459 4138 2583 4178 cum
2611 4122 2724 4179 Deo
2767 4139 2875 4180 uno
2906 4124 3197 4194 superStite
3243 4121 3483 4189 confun:

1882 4217 2107 4285 duntur,
2134 4215 2249 4289 ipse
2274 4217 2592 4272 nominatim
2620 4216 2878 4288 reprObat
2897 4225 2953 4274 et
2983 4223 3325 4286 aspernatur.
3348 4212 3481 4271 Jam‘

1956 4378 2025 4461 (ί)
2075 4377 2160 4434 Cf.
2202 4377 2295 4461 lib:
2327 4377 2370 4443 I,
2402 4393 2460 4461 ρ.
2554 4376 2736 4461 (1³.8).
2756 4377 2949 4461 (Nam;
2965 4376 3374 4461 unusquisque,
3397 4376 3487 4461 ti"

1882 4449 2150 4514 diximus,
2199 4448 2458 4521 nnigeniti
2490 4448 2648 4506 Verbi
2683 4448 2792 4506 Dei
2839 4451 3086 4509 notitiam
3132 4449 3187 4504 in
3241 4463 3303 4521 se
3352 4448 3469 4518 ipso

1881 4522 2201 4599 possidebit,
2243 4518 2503 4599 quantum
2547 4522 2595 4577 ei
2641 4521 2818 4591 gratia
2868 4521 3226 4599 donabitur...
3259 4518 3482 4599 Quota;

1883 4590 2026 4647 enim
2053 4606 2312 4647 numerus
2340 4590 2665 4655 electorum,
2693 4602 2772 4647 tot
2803 4592 2907 4648 erit
2940 4607 3200 4648 numerus
3232 4590 3471 4646 mansiti-

1842 4678 1851 4681 ‘
1885 4679 2047 4727 num;
2078 4673 2281 4731 quanta
2309 4662 2474 4717 fuerit
2511 4672 2821 4719 sanctarum
2864 4665 3169 4719 animarum
3211 4660 3471 4732 multipli-

1883 4735 2047 4807 catio,
2077 4742 2240 4807 tanta
2279 4734 2384 4807 erit
2429 4734 2728 4807 divinarum
2755 4736 3225 4807 tlteophaniarum
3257 4747 3483 4807 ροεεβος,

1884 4805 1965 4879 sio
1988 4824 2031 4860 ι.
2077 4804 2141 4859 Et
2187 4801 2278 4858 lib.
2308 4804 2373 4879 _V,
2406 4804 2592 4879 p._586
2637 4804 2841 4879 (V,_58)
2870 4801 2925 4859 ε’(
2956 4804 3181 4879 Quando
3207 4801 3329 4879 erit
3366 4801 3473 4871 non

1883 4875 2057 4947 solum
2104 4874 2358 4946 generale
2386 4874 2681 4947 sabbatum
2724 4874 2779 4947 in
2819 4879 3075 4947 omnibus
3113 4874 3473 4947 divinisopef

1885 4946 2065 5009 ribus;
2098 4942 2286 5000 verum
2325 4946 2487 5000 etiam
2534 4956 2588 5001 et
2632 4946 2866 5014 speciale
2897 4949 3182 5003 sabbatum
3222 4942 3490 5005 subita—toi:

1885 5031 2005 5087 rum
2029 5021 2078 5071 in
2111 5018 2313 5071 sanctis
2344 5018 2549 5087 angelis
2579 5016 2887 5087 sanctisque
2916 5018 3256 5082 hominibus;
3286 5026 3342 5071 et
3376 5015 3478 5087 in):

1885 5086 2120 5156 plebitur
2143 5089 2337 5141 domus
2355 5083 2487 5161 Dei;
2516 5090 2569 5145 in
2599 5083 3127 5161 qua___ut_t"usquts¢le,
3147 5087 3353 5161 ordine
3371 5083 3475 5161 sibi

1886 5155 2553 5241 congruo,_constituetttr
2596 5155 2631 5212 :_
2654 5157 2741 5212 alii
2775 5155 3034 5241 inferius;
3069 5158 3163 5216 alii
3208 5155 3473 5241 superilf.

1886 5228 1976 5284 alii
2000 5227 2063 5284 in
2097 5227 2431 5285 sublimitate
2471 5240 2718 5294 naturae,
2744 5228 2837 5283 alii
2880 5240 3046 5294 Super
3072 5240 3291 5286 omnem
3321 5230 3476 5294 natu:

1888 5301 2055 5371 ralem
2087 5302 2343 5355 virtutem
2374 5303 2521 5359 circa
2567 5290 2742 5371 ipsum
2790 5290 2965 5357 Deuni
2989 5323 3036 5358 ι.
3066 5299 3243 5357 Etiam
3271 5309 3326 5366 ρ.
3370 5290 3487 5350 Μῦ

1888 5370 1979 5442 (v,
2005 5372 2099 5444 st)
2120 5380 2175 5425 et
2201 5370 2308 5425 tu
2335 5371 2425 5443 (ν,
2447 5375 2540 5447 et)
2564 5370 2621 5428 et
2645 5370 2751 5426 550
2777 5371 2870 5441 (ν,
2897 5372 3013 5447 se).

1951 5507 2017 5543 "
2048 5505 2240 5579 Latine
2266 5504 2345 5559 sic
2365 5510 2504 5579 verti
2532 5520 2691 5579 posse
2708 5504 2965 5579 videntur
2987 5525 3043 5579 :_t
3066 5503 3136 5559 Et
3152 5499 3243 5555 hic
3256 5466 3489 5579 quidet!1

1881 5591 2036 5660 amor
2069 5578 2317 5660 quisnam
2341 5577 2479 5660 alius
2497 5572 2618 5660 esse
2644 5584 2821 5660 potest
2846 5577 2955 5660 nisi
2987 5577 3096 5639 ille,
3122 5586 3232 5660 quo
3255 5572 3397 5626 Deus
3416 5578 3489 5624 ll

2265 5652 2492 5684 ι-ιδιιιιηιῖε
2540 5652 2592 5684 ἷη
2617 5652 2811 5682 nrlihnn
2839 5657 3050 5680 natant!“
3068 5661 3110 5666 "‘
3134 5652 3143 5661 Σ

1880 5658 2021 5698 anu“
2069 5645 2117 5688 ιὶι
2151 5648 2203 5686 in
2229 5652 2492 5686 ornatu-vi:
2540 5652 2592 5684 ἔτι
2617 5645 2811 5682 nit-"MD-
2839 5657 2992 5680 ’δοιο-
