3984 5344
531 392 635 454 119

1641 398 1703 453 C.
1742 400 1802 453 Β.
1845 398 2275 454 SCllLUETERI
2314 396 2681 454 PRAEFATIO

3672 385 3770 441 120

458 562 463 567 .
532 514 577 569 si
608 514 674 567 ad
701 512 894 566 multas
930 510 1293 582 pulchrasque
1339 513 1606 582 respicere
1633 514 1767 568 velis
1812 513 2103 581 analogias,
2136 518 2184 578 Α
2278 514 2332 568 2.
2366 512 2668 567 llumanam
2694 512 3023 566 voluntatem
3077 523 3198 566 esse
3224 507 3450 563 liberam
3480 504 3548 559 ad
3577 504 3772 575 eligeno

531 606 724 674 quibus
752 604 975 674 Erigena
1010 605 1178 658 utitur
1206 605 1272 659 ad
1323 605 1460 659 hanc
1500 604 1662 659 futuri
1706 605 1871 659 seculi
1906 606 2103 660 θείωσιν

529 694 920 763 quodammodo
961 693 1331 764 explicandam
1376 703 1536 763 atque
1576 695 1993 759 dilucidandam,
2037 695 2103 748 de

529 783 630 838 hac
664 798 722 837 re
759 783 1004 851 protinus
1059 784 1281 838 minime
1324 784 1613 840 dubitabis.
1665 785 1777 840 Hae
1827 786 2104 856 analogiae

526 881 682 938 sunt,
714 873 942 943 exempli
983 875 1178 944 gratia,
1209 873 1276 929 de
1306 874 1450 929 ferro
1486 875 1541 929 in
1578 875 1698 946 igne
1727 877 2100 940 candescente,

525 964 689 1033 quod,
723 973 892 1020 totum
932 966 1070 1038 ignis
1098 966 1331 1032 factum,
1372 968 1719 1024 nihilominus
1759 983 1864 1022 non
1908 968 2106 1022 desinit

524 1066 646 1107 esse
671 1053 905 1120 ferrum;
931 1056 996 1110 de
1021 1070 1146 1112 aere
1166 1056 1487 1122 illuminato,
1510 1058 1602 1126 qui
1631 1066 1771 1112 totus
1795 1057 1887 1112 lux
1910 1058 2104 1113 solaris

526 1139 726 1208 factus,
773 1151 950 1198 tamen
988 1159 1082 1200 aer
1127 1154 1339 1213 manet;
1383 1146 1451 1201 de
1479 1146 1672 1212 stellis,
1714 1161 1854 1216 quae
1889 1148 2103 1202 oriente

525 1235 639 1290 sole
676 1247 1009 1293 evanescunt
1046 1247 1101 1295 et
1129 1247 1308 1294 tamen
1341 1256 1446 1296 non
1488 1240 1741 1294 desinunt
1770 1255 1910 1295 esse.
1956 1240 2105 1307 Quae

525 1327 905 1384 similitudines
943 1330 1085 1400 apud
1133 1344 1320 1386 omnes
1361 1330 1475 1386 fere
1520 1332 1773 1401 probatos
1830 1332 2105 1402 theologos

528 1419 824 1491 primorum
880 1421 1183 1477 seculorum
1232 1423 1543 1493 mediaeque
1609 1424 1805 1479 aetatis
1856 1424 2102 1493 specula-

528 1512 669 1567 tivos
700 1521 930 1582 possunt
963 1514 1210 1583 reperiri,
1238 1528 1336 1568 nec
1360 1514 1568 1569 scilicet
1609 1512 1979 1569 confusionem
2011 1516 2104 1570 Dei

524 1617 652 1659 eum
674 1611 946 1669 creatura,
979 1604 1143 1658 immo
1169 1604 1595 1674 penetrationem
1625 1619 1720 1659 seu
1760 1605 2106 1661 inbabitatiu-

526 1710 651 1751 nem
694 1704 749 1750 et
781 1694 1180 1751 inexistentiam
1223 1695 1503 1750 amborum
1552 1694 1852 1750 clarissime
1897 1696 2103 1766 signiti-

523 1796 670 1842 cant.
698 1787 777 1858 (α)
800 1787 870 1841 At
899 1796 1033 1842 teste
1056 1787 1115 1842 S.
1171 1786 1336 1841 Paulo
1360 1787 1543 1853 homo,
1569 1788 1660 1858 qui
1692 1789 1799 1843 Deo
1824 1791 2100 1855 adhaeret,

2204 605 2331 660 dum
2358 604 2440 660 vel
2484 605 2682 660 bonum
2713 605 2796 659 vel
2826 603 3043 668 malum,
3091 610 3147 658 et
3188 612 3357 673 genus
3382 599 3673 654 humanum
3720 598 3771 649 in

2203 697 2408 751 Adamo
2438 696 2861 767 praevaricatum
2906 694 3173 764 mortique
3211 690 3502 747 obnoxium
3548 688 3773 750 factum,

2205 787 2260 843 in
2285 788 2503 843 Christo
2528 796 2584 843 et
2611 804 2706 858 per
2732 786 3007 843 Christum
3059 784 3323 839 salvatum
3377 796 3499 837 esse
3547 789 3606 836 et
3632 779 3776 834 vitae

2206 888 2456 933 aeternae
2480 879 2742 934 redditum
2774 878 2867 947 (e).

2275 969 2329 1024 5.
2360 969 2677 1040 Superbiam
2709 967 2966 1032 Luciferi,
2997 967 3087 1037 qui
3116 981 3213 1021 sua
3241 965 3438 1020 virtute
3466 962 3612 1018 Deus
3661 974 3779 1016 esse

2205 1060 2473 1130 cupiebat,
2501 1060 2871 1115 detestandum
2901 1058 3105 1113 crimen
3134 1056 3321 1112 fuisse.
3352 1054 3435 1111 Cf.
3462 1053 3556 1108 lib.
3588 1052 3655 1107 γ.

2275 1151 2329 1205 ι.
2362 1151 2527 1206 Deum
2559 1151 2790 1217 eflicere,
2826 1159 2887 1204 ut
2910 1148 3075 1204 multa
3105 1157 3259 1205 extra
3286 1159 3626 1203 communem
3679 1157 3777 1197 na-

2206 1253 2360 1300 turae
2388 1244 2628 1299 ordinem
2656 1244 2928 1308 eveniant,
2955 1258 3063 1313 quo
3085 1241 3350 1305 ostendat,
3378 1254 3438 1295 se
3462 1237 3636 1293 solum
3658 1250 3782 1292 esse

2204 1335 2517 1400 Dominum,
2549 1350 2721 1405 neque
2754 1334 2920 1390 alium
2944 1334 3211 1405 quendam
3236 1363 3313 1416 ‘—
3336 1339 3391 1386 et
3441 1342 3781 1399 consequen-

2207 1436 2312 1494 ter,
2354 1428 2611 1483 miracula
2640 1443 2798 1497 posse
2839 1427 2975 1481 fieri.
3012 1447 3030 1478 ι
3068 1425 3239 1480 Nullis
3272 1444 3322 1490 ι,
3345 1424 3537 1494 inquit,
3575 1441 3596 1473 ι
3655 1435 3784 1477 eou-

2198 1516 2424 1586 jecturis
2451 1519 2615 1572 animi
2640 1516 3043 1589 inquirendum,
3071 1533 3170 1573 cur
3191 1547 3263 1558 —
3286 1530 3375 1571 res
3415 1512 3690 1569 naturales
3709 1540 3784 1553 —-

2206 1624 2273 1663 ex
2302 1608 2660 1665 invisibilibus
2682 1610 2863 1665 causis
2891 1609 2946 1663 in
2990 1609 3042 1662 vi
3070 1609 3334 1664 seminum
3378 1605 3544 1661 semel
3572 1604 3781 1659 consti-

2206 1700 2336 1754 tutis
2363 1715 2469 1755 nou
2496 1700 2674 1762 simul,
2707 1700 2801 1755 sed
2831 1699 3409 1770 temporisintervallis
3436 1707 3490 1754 et
3511 1698 3780 1758 locorum,

2207 1789 2260 1845 in
2300 1790 2502 1846 formas
2548 1791 2829 1847 sensibiles
2872 1792 3070 1849 debent
3114 1793 3422 1863 procedere,
3470 1790 3629 1860 quasi
3675 1804 3783 1843 non

522 1892 664 1934 unus
691 1894 814 1933 cum
855 1878 965 1933 Deo
991 1878 1052 1933 fit
1093 1878 1332 1948 spiritus.
1365 1877 1476 1934 Nec
1510 1879 1794 1950 quisquam
1829 1882 2099 1936 veteribus
2129 1873 2172 1933 Β
2200 1880 2360 1936 aliter
2386 1883 2501 1937 fieri
2537 1892 2778 1952 possent,
2807 1884 2852 1938 si
2879 1883 3091 1938 divinae
3136 1883 3398 1938 voluntati
3452 1881 3611 1936 aliter
3662 1879 3781 1934 fieri

524 1967 787 2039 theologis
816 1969 870 2024 in
898 1968 1223 2039 vituperium
1256 1970 1447 2036 vertit,
1490 1971 1879 2026 enthusiastice
1938 1974 2103 2041 proli-

527 2061 781 2124 tentibus,
811 2078 934 2118 eum
963 2062 1017 2117 in
1045 2063 1203 2118 finem
1230 2063 1398 2117 Deum
1429 2062 1632 2119 factum
1656 2080 1775 2120 esse
1804 2062 2098 2130 hominem,

523 2163 582 2208 ut
611 2154 814 2210 homini
854 2164 1095 2224 potestas
1122 2155 1459 2222 redderetur,
1495 2172 1599 2226 qua
1632 2157 1773 2212 Deus
1806 2159 1976 2221 lieret,
2008 2174 2102 2212 seu

523 2243 906 2299 deificaretur:
941 2263 960 2295 ι
989 2247 1177 2302 Τούτου
1218 2248 1317 2319 γὰρ
1354 2248 1496 2321 γένος
1537 2246 1693 2318 ἴσμεν
1722 2265 1776 2313 ›;
1823 2248 1894 2303 cf.
1922 2249 1942 2303 Ι
1976 2248 2099 2305 Cor.

526 2333 613 2397 Vl,
640 2334 727 2389 l7.
752 2334 1003 2390 Ceterum
1026 2334 1193 2403 locos,
1215 2338 1411 2408 quibus
1436 2339 1842 2408 pantheisticam
1862 2339 1953 2396 Dei
1981 2356 2102 2396 cum

522 2434 768 2480 creatura
793 2426 1069 2492 unionem,
1105 2442 1210 2497 qua
1241 2436 1487 2484 creatura
1518 2430 1874 2485 absorbeatur
1899 2440 1955 2486 et
1983 2446 2104 2501 per-

520 2525 631 2581 eat,
667 2524 858 2573 auctor
903 2527 1088 2574 noster
1111 2518 1469 2577 determinate
1508 2531 1847 2592 aspernatur,
1886 2523 1986 2579 hos
2024 2522 2103 2596 af-

525 2606 672 2663 ferre
698 2606 963 2664 sufﬁciat:

597 2698 720 2754 Lib.
743 2698 829 2766 ιιι,
860 2715 916 2770 ρ.
942 2699 1046 2757 245
1076 2701 1185 2773 (ιιι,
1220 2701 1332 2775 so).
1367 2700 1450 2759 cr.
1480 2712 1535 2760 et
1560 2703 1653 2760 lib.
1677 2703 1721 2760 v
1750 2706 1867 2761 init.

602 2830 620 2863 ι
655 2811 882 2869 Mutatio
906 2814 1087 2884 itaque
1138 2816 1405 2872 humanae
1433 2826 1660 2873 naturae
1691 2819 1744 2873 in
1774 2818 1966 2886 Deum,
1998 2833 2102 2874 non

528 2903 584 2957 in
608 2904 946 2961 substantiae
975 2906 1198 2962 interitu
1230 2908 1559 2963 aestimanda
1580 2916 1682 2975 est,
1714 2910 1807 2966 sed
1842 2910 1895 2965 in
1921 2910 2104 2981 pristi-

526 2994 656 3048 num
686 3004 905 3062 statum,
936 3011 1095 3066 quem
1121 2998 1542 3068 praevaricando
1583 3000 1909 3070 perdiderat,
1936 3002 2103 3055 mira-

523 3087 648 3142 bilis
675 3097 729 3143 et
759 3089 1043 3145 inell‘abilis
1086 3092 1324 3147 reversio
1361 3111 1407 3146 ι.
1435 3122 1507 3134 —
1546 3092 1677 3147 ltem
1704 3110 1718 3146 :
1769 3111 1787 3143 ε
1816 3093 1930 3147 Non
1959 3094 2101 3148 enim

524 3192 653 3232 vera
682 3178 820 3233 ratio
844 3180 975 3235 sinit
1001 3181 1279 3250 superiora
1310 3182 1657 3238 inferioribus
1700 3183 1785 3238 vel
1808 3184 2094 3248 contineri,

524 3269 608 3324 vel
641 3270 865 3337 attrahi,
893 3272 976 3325 vel
999 3274 1263 3327 consumi.
1295 3273 1554 3330 inferiora
1580 3290 1710 3330 vero
1746 3291 1775 3329 a
1806 3276 2099 3345 superiori-

528 3363 630 3417 bus
683 3363 1006 3418 naturaliter
1038 3365 1383 3419 attrahuntur
1431 3374 1485 3421 et
1527 3367 1905 3434 absorbentur,
1957 3384 2099 3434 non,

526 3463 590 3507 ut
630 3469 739 3513 non
786 3456 916 3521 sint,
968 3458 1062 3512 sed
1102 3466 1165 3512 ut
1209 3458 1263 3513 in
1299 3459 1378 3513 eis
1400 3458 1520 3529 plus
1556 3460 1832 3516 salventur
1875 3471 1931 3517 et
1973 3463 2101 3518 sub-

526 3546 719 3603 sistant
743 3556 799 3603 et
822 3564 988 3603 unum
1017 3549 1128 3605 sint
1154 3568 1198 3605 ι.
1236 3550 1389 3615 ltem,
1419 3558 1480 3605 ut
1499 3550 1592 3604 lib.
1622 3549 1664 3604 V
1686 3553 1850 3606 etiam
1879 3564 2098 3609 monet:

534 3656 553 3689 ι
589 3636 707 3693 Non
743 3647 946 3706 autem,
995 3648 1055 3693 ut
1104 3654 1266 3710 saepe
1313 3641 1566 3702 diximus.
1598 3643 1956 3697 essentiarum
2009 3652 2104 3698 aut

528 3729 951 3785 substantiarum
1000 3730 1315 3789 confusione
1362 3742 1456 3787 aut
1510 3732 1728 3789 interitu
1780 3752 1828 3789 ι.
1861 3734 2103 3806 Denique

528 3820 689 3879 etiam
711 3839 768 3895 ιι.
795 3822 901 3879 559
923 3821 1008 3895 (V,
1035 3824 1148 3896 ⁸57).

598 3935 825 4010 Gregor.
865 3936 1138 4011 Nyssenus
1162 3938 1292 3995 ibid.
1326 3956 1342 3997 :

605 4068 624 4102 ι
663 4048 895 4106 Omnino
924 4059 1166 4122 tempore
1192 4051 1627 4119 resurrectionis,
1652 4053 1945 4110 secundum
1967 4056 2104 4112 bene

531 4134 768 4195 futuram
796 4141 1203 4197 conversionem
1236 4141 1288 4197 in
1338 4140 1541 4213 Spiritu
1578 4153 1782 4211 sancto,
1834 4159 1931 4216 per
1980 4162 2105 4218 gra-

531 4231 662 4287 tiam
692 4233 956 4289 incarnati
987 4233 1107 4301 Dei,
1134 4235 1509 4291 absorbebitur
1550 4252 1679 4293 caro
1723 4238 1791 4295 ab
1840 4238 2018 4294 anima
2048 4239 2103 4294 in

528 4324 742 4395 spiritu,
772 4326 950 4380 anima
972 4342 1104 4381 vero
1133 4328 1187 4381 in
1209 4327 1321 4382 Deo
1345 4327 1417 4400 (ὁ)
1456 4347 1502 4384 ι.
1602 4370 1603 4375 η

606 4414 765 4487 (Pag.
785 4416 955 4488 XXII)
968 4418 1206 4487 Denique
1220 4419 1263 4473 si
1277 4418 1505 4489 Erigena
1522 4419 1916 4489 pantheismum
1933 4430 2104 4477 secta-

529 4511 700 4572 retur,
731 4507 924 4562 docere
945 4522 1050 4563 non
1081 4518 1283 4578 posset,
1320 4524 1458 4580 quae
1487 4509 1643 4565 docet
1670 4527 1683 4563 :

2201 1973 2518 2040 videretur,
2576 1989 2717 2042 quae
2786 1975 2931 2029 nulla
2998 1974 3115 2045 lege
3181 1973 3589 2044 constringitur.
3644 1970 3783 2025 Nam

2201 2074 2257 2119 ct
2310 2081 2469 2133 saepe
2507 2077 2694 2121 contra
2749 2078 3067 2122 consuetum
3112 2076 3335 2122 naturae
3374 2079 3594 2121 cursum
3643 2062 3787 2118 mul-

2203 2163 2252 2208 ta
2289 2156 2461 2210 solent
2507 2156 2651 2219 fieri,
2712 2166 2770 2212 ut
2818 2157 2972 2213 nobis
3023 2158 3361 2221 ostendatur,
3395 2155 3540 2226 quod
3597 2155 3783 2208 divina

2201 2248 2537 2317 providentia
2583 2264 2690 2304 non
2742 2264 2871 2313 uno,
2924 2249 3019 2305 sed
3076 2247 3356 2318 multiplici
3414 2246 3572 2301 modo
3619 2255 3785 2315 atque

2204 2340 2412 2394 inﬁnito
2437 2350 2610 2409 potest
2636 2341 2817 2397 omnia
2868 2340 3246 2396 administrare
3272 2358 3317 2393 ι.
3354 2336 3438 2393 Cf.
3468 2336 3562 2391 lib.
3595 2334 3683 2400 ill,
3721 2350 3776 2406 p.

2200 2431 2305 2485 229
2326 2432 2432 2503 (tu,
2474 2432 2576 2503 ιιι).

2273 2522 2327 2576 5.
2359 2522 2641 2580 Notionem
2671 2523 2899 2581 classice
2948 2523 3308 2593 dogmaticam
3337 2520 3584 2577 Ternarii
3608 2519 3779 2576 sancti

2204 2629 2309 2668 non
2340 2616 2611 2685 potuisset
2637 2616 2889 2672 omnibus
2914 2615 3050 2672 locis
3079 2615 3316 2671 retinere
3336 2624 3591 2684 recth
3611 2613 3782 2682 expli-

2202 2721 2348 2763 care.
2380 2706 2576 2764 Verum
2605 2718 2663 2764 ut
2692 2711 2835 2765 hanc
2856 2724 2969 2765 rem
3001 2708 3217 2764 uberius
3239 2721 3591 2779 exponamus,
3621 2706 3782 2762 simul

2203 2799 2537 2870 accingimur
2564 2799 2628 2855 ad
2663 2800 2905 2866 tertiam,
2932 2813 3092 2871 quam
3124 2813 3287 2870 supra
3332 2796 3664 2865 notavimus,
3688 2797 3785 2853 ob-

2197 2887 2487 2959 jectionem
2522 2888 2880 2945 refutandam.

2273 2981 2354 3035 Ad
2385 2980 2469 3035 ιιι.
2500 2980 2641 3037 Sane
2670 2981 2901 3052 Erigena
2944 2993 3185 3041 sanctam
3216 2983 3537 3040 Trinitatem
3570 2984 3625 3039 in
3656 2998 3782 3054 spe-

2205 3070 2491 3135 culativam
2541 3072 2860 3143 theologiam
2891 3074 3187 3130 introduxit
3223 3084 3279 3130 et
3326 3075 3552 3129 eandem
3584 3089 3783 3129 secun-

2205 3163 2331 3217 dum
2360 3162 2658 3234 symbolum
2685 3163 3134 3231 Athanasianum,
3161 3174 3216 3220 ct
3248 3165 3521 3220 notionem
3565 3164 3637 3218 ab
3665 3164 3785 3218 uni.

2199 3268 2355 3307 versa
2416 3252 2657 3308 Ecclesia
2710 3262 2980 3323 receptam
3037 3268 3132 3324 per
3192 3253 3544 3323 sextuplicem
3591 3252 3784 3307 analo-

2200 3345 2342 3414 giam
2372 3344 2680 3415 explicavit.
2706 3346 2852 3413 Quas
2876 3344 3254 3400 similitudines
3271 3344 3590 3415 plerumque
3606 3344 3786 3414 ipsius

2202 3435 2467 3507 dogmatis
2487 3435 2666 3490 verbis
2679 3436 2924 3506 proponit
2937 3436 3407 3504 etinterprctatur,
3421 3435 3610 3488 eadem
3629 3435 3786 3487 mtio—
3810 3502 3819 3507 _

2201 3542 2289 3592 ne,
2304 3542 2408 3596 qua
2424 3526 2480 3579 S.
2497 3525 2958 3592 Bonaventura,S.
2974 3526 3316 3582 Bernhardus
3332 3524 3716 3597 (Pag.XXlll),
3730 3534 3785 3580 et

2197 3615 2309 3685 jam
2334 3626 2458 3671 ante
2492 3632 2585 3671 eos
2604 3624 2658 3672 et
2678 3616 2982 3687 Erigenam,
3001 3615 3058 3670 S.
3083 3616 3412 3687 Augustinus
3449 3614 3783 3686 analogiam,

2204 3716 2434 3762 sumtam
2464 3709 2529 3761 de
2559 3707 2834 3771 memoria,
2870 3706 3138 3762 intellectu
3172 3716 3227 3762 et
3253 3705 3530 3762 voluntate
3571 3706 3786 3760 animae

2203 3800 2487 3867 humanae,
2502 3816 2640 3871 quae
2669 3800 2720 3855 in
2742 3816 2799 3856 se
2822 3816 2926 3856 una
2947 3810 3027 3856 est
3050 3810 3209 3871 atque
3236 3800 3461 3873 simplex
3487 3808 3621 3869 cet.,
3645 3816 3783 3856 eun-

2203 3890 2325 3945 dem
2353 3891 2405 3944 in
2439 3891 2598 3945 ﬁnem
2624 3890 3006 3946 adhibuerunt.
3037 3890 3265 3962 Erigena
3290 3889 3507 3960 quidem
3540 3906 3555 3944 :

2274 3982 2326 4035 1.
2352 3980 2768 4037 Similitudinem
2785 3981 2938 4038 affert
2953 3982 3018 4037 de
3045 3980 3317 4037 communi
3344 3982 3585 4037 omnium
3600 3997 3783 4038 rerum

2204 4080 2510 4127 creatarum
2532 4080 2726 4127 natura
2752 4081 3004 4135 sumtam,
3028 4087 3125 4127 eae
3147 4072 3261 4127 sive
3283 4072 3634 4127 rationabiles
3655 4074 3782 4137 sint,

2204 4161 2320 4217 sive
2340 4162 2758 4219 irrationabiles.
2793 4163 2995 4218 Omnes
3026 4162 3175 4226 enim
3213 4162 3266 4216 in
3300 4161 3401 4217 hoc
3425 4163 3778 4227 conveniunt,

2205 4253 2346 4323 quod
2401 4253 2454 4307 in
2503 4253 2582 4308 eis
2633 4252 2768 4307 haec
2821 4268 2983 4307 unum
3037 4260 3162 4307 sunt
3210 4269 3222 4306 :
3270 4251 3541 4318 Essentia,
3596 4252 3779 4307 Virtus

2203 4353 2262 4400 et
2308 4344 2591 4415 Operatio,
2647 4344 2863 4417 (οὐσία,
2924 4344 3168 4418 δύναμις,
3223 4344 3491 4423 unum),
3545 4359 3777 4414 quorum

2203 4436 2436 4507 primum
2490 4437 2694 4505 absque
2753 4436 3120 4491 intercedente
3174 4444 3415 4507 tempore
3482 4436 3779 4490 secundum

2208 4539 2479 4599 tamquam
2509 4529 2709 4602 gignit;
2761 4530 2978 4585 tertium
3020 4545 3149 4586 vero
3174 4544 3239 4586 ex
3281 4529 3481 4601 primo,
3508 4528 3781 4586 mediante

604 4621 655 4675 l.
688 4620 857 4676 Deum
905 4634 1026 4676 esse
1077 4636 1297 4676 causam
1342 4622 1580 4676 omnium
1627 4636 1791 4692 super
1835 4601 2183 4679 essentia-1)
2209 4623 2460 4690 secundo,
2489 4601 2732 4694 procedit
2759 4631 3037 4693 totumque
3065 4620 3377 4678 manifestat
3402 4621 3495 4693 (n.

532 4718 639 4770 km
668 4712 761 4783 (ε),
791 4726 893 4767 nec
934 4713 1258 4783 categoriam
1298 4715 1567 4769 essentiae
1617 4716 1730 4770 sive
1775 4716 1969 4782 οὐσίας,
1999 4733 2100 4774 nec

529 4815 738 4864 ceteras
817 4819 1009 4861 novem
1082 4807 1387 4878 categorias
1453 4806 1510 4863 in
1584 4805 1753 4863 Deum
1816 4822 1973 4880 posse
2018 4825 2105 4865 ca-

529 4902 657 4958 dere
683 4900 784 4973 (ά).

599 5046 679 5263 g2)
811 5046 912 5174 liii;
928 5047 1015 5114 Ill,
1039 5064 1095 5121 p.
1121 5047 1229 5105 2ιό
1252 5048 1356 5123 (Ill,
1381 5049 1494 5123 20).
1526 5069 1547 5105 ι
1575 5050 1778 5109 Deinde
1823 5067 1957 5123 per»
1986 5064 2095 5112 cet.

622 5120 675 5263 ei
694 5120 1071 5263 ςιῖιίιιξιῆζε
1107 5189 1275 5247 Nemo
1312 5199 1489 5248 tamen
1520 5202 1604 5248 est
1642 5193 1729 5262 pie
1763 5196 2095 5252 credentium

622 5120 675 5263 3
1107 5189 1275 5275 Nemo
1312 5199 1604 5281 tamenest
1642 5193 2096 5281 piedcredentium

2276 4720 2333 4774 Ξ.
2361 4718 2563 4785 Altera,
2595 4732 2733 4788 quae
2760 4717 2928 4773 etiam
2969 4718 3105 4788 apud
3132 4715 3417 4773 nonnullos
3443 4725 3628 4787 patres
3654 4725 3781 4771 ante

2210 4809 2494 4881 Erigenam
2539 4809 2837 4879 reperitur,
2895 4807 3141 4881 analogia
3188 4815 3276 4863 est
3323 4823 3340 4862 :
3389 4806 3557 4873 Esse,
3602 4806 3777 4873 velle,

2210 4899 2379 4967 scire;
2450 4914 2589 4970 quae
2668 4900 2736 4954 ab
2790 4898 3021 4969 Erigena
3072 4898 3141 4954 ad
3188 4899 3427 4971 priorem
3467 4898 3776 4965 reducitur;

2208 5070 2347 5128 quae
2368 5070 2474 5128 non
2505 5062 2631 5128 sunt
2651 5054 3105 5128 circumscribens
3125 5032 3181 5111 δ».

2273 5130 2351 5199 (d)
2383 5122 2503 5182 νεα.
2531 5125 2623 5181 lib.
2648 5126 2745 5183 let
2768 5127 2859 5182 lib.
2887 5125 2952 5181 ll.
2986 5147 3005 5180 ι
3032 5126 3147 5184 Non
3174 5127 3318 5184 enim
3344 5127 3489 5184 Deus
3507 5140 3679 5200 genus
3696 5136 3773 5184 est

2201 5208 2482 5261 creaturae
2515 5216 2533 5248 ι
2559 5205 2668 5251 (εει.

2272 5260 2338 5298 ’4‘
2361 5268 2432 5304 εἰ·
2472 5267 2544 5308 ¹³¹ι
2586 5267 2649 5316 ν-
2677 5282 2729 5320 η.
2758 5266 2854 5319 521
2886 5267 3091 5324 {v.34}.
3113 5287 3133 5318 ι
3165 5260 3389 5316 Videtur
3414 5268 3560 5318 enim
3591 5288 3609 5308 ι
3643 5276 3724 5312 Νι·
