4056 6276
274 311 398 383 ‘m

1269 302 1366 377 'm
1400 317 1663 377 LIBRUM
1700 316 1789 377 DE
1826 310 2166 381 nmsroNn
2204 312 2569 379 auruum;

3448 321 3557 382 ης

291 441 535 498 ostendit
579 416 749 506 enim,
786 434 931 494 Velle
978 436 1044 492 ad
1073 434 1363 501 Virtutem,
1414 434 1568 490 Scire
1596 442 1775 490 autem
1805 435 1873 490 ad
1903 440 1947 497 Α
1977 434 2070 488 sed
2096 433 2147 486 in
2179 432 2370 488 illicito
2394 441 2600 487 tantum
2629 427 2793 500 hujus
2818 428 3111 487 voluntatis
3154 438 3305 488 motu
3327 429 3552 504 ejusque

289 533 676 604 Operationem
704 530 985 591 rationalis
1006 538 1288 586 creaturae
1312 526 1502 583 referri
1524 526 1621 598 (α).

1978 527 2168 591 abusu,
2195 541 2427 595 sequens
2458 524 2515 579 S.
2549 524 2925 594 Augustinum,
2962 524 3113 593 ponit
3139 522 3230 596 (e),
3259 540 3546 595 perperam

364 625 420 679 ὅ.
453 623 636 680 Tertia
666 639 695 678 a
724 632 972 679 creatura
1021 620 1400 685 irrationabili,
1430 636 1461 674 a
1504 620 1705 675 lumine
1728 619 1877 674 scili-
1968 616 2312 689 judicaverit,
2348 615 2575 685 ideoque
2627 612 2755 667 mali
2785 613 3241 669 abominationcm
3272 622 3328 671 et
3376 615 3550 687 turpi-

287 724 381 772 mt
432 717 595 772 solari
640 716 848 786 petita;
903 714 1041 781 Sol,
1078 715 1207 770 solis
1242 714 1467 781 Radius,
1497 721 1552 771 et
1596 713 1870 769 radiorum

289 809 562 880 Splendor
584 810 652 864 ab
672 818 903 879 utroque
927 807 1249 878 procedens.

358 903 420 957 4.
467 902 692 970 Quarta,
733 900 1053 957 rationalem
1098 908 1303 955 tantum
1347 906 1649 955 creaturam
1708 898 1873 969 respi-

286 996 463 1059 ciens,
494 996 549 1051 in
575 996 808 1051 humana
837 995 1015 1050 anima
1044 1003 1097 1049 et
1140 993 1381 1065 ejusdem
1410 994 1644 1048 motibus
1674 1007 1767 1048 seu
1793 993 1869 1049 fa-

283 1089 583 1144 cultatibus
634 1087 1013 1144 manifestatur
1053 1106 1067 1141 :
1107 1086 1414 1143 Intellectus
1469 1102 1562 1140 seu
1599 1086 1865 1154 Animus,

284 1179 470 1245 Ratio,
519 1178 725 1235 Sensus
773 1179 1001 1235 interior
1050 1176 1229 1250 (νοῦς,
1287 1179 1464 1255 λόγος,
1518 1177 1733 1247 διάνοια)
1768 1179 1861 1248 (b).

352 1271 414 1325 5.
440 1270 640 1339 Quinta
685 1270 849 1326 simili
896 1269 1057 1325 modo
1087 1270 1263 1326 elucet
1286 1284 1354 1325 ex
1402 1269 1636 1340 imagine
1685 1271 1866 1327 divina

280 1361 453 1417 animi
487 1379 501 1414 :
538 1360 705 1425 Mens,
740 1360 974 1427 Peritia,
1002 1360 1314 1431 Disciplina.

242 1464 249 1469 '
350 1453 407 1512 6.
438 1452 571 1509 Item
603 1470 617 1507 :
652 1453 822 1519 Mens,
874 1452 1078 1532 Notitia
1128 1454 1247 1522 sui,
1291 1453 1459 1511 Amor
1503 1454 1586 1511 sui
1641 1455 1695 1509 in
1750 1455 1866 1510 ani-

275 1562 369 1602 ma
413 1549 670 1614 humana,
724 1562 864 1618 quae
915 1549 961 1603 si
1014 1549 1081 1603 ad
1122 1549 1304 1605 lumen
1330 1551 1513 1605 omnia
1555 1550 1864 1607 illuminans

275 1641 637 1705 convertitur,
667 1639 1059 1712 perfectissima
1092 1639 1154 1694 fit
1178 1639 1235 1696 S.
1275 1641 1554 1697 Trinitatis
1578 1643 1753 1712 imago
1767 1632 1859 1711 (ὃ).

236 1746 245 1758 τ
348 1733 433 1786 Ad
460 1733 546 1788 IV.
595 1732 673 1788 De
703 1733 909 1789 theoria
941 1732 1068 1788 mali
1095 1733 1251 1789 sane
1293 1750 1399 1790 non
1450 1735 1673 1791 omnino
1702 1736 1858 1791 suffl-

1977 711 2214 765 tudinem
2245 709 2542 780 negaverit,
2573 715 2738 777 atque
2785 706 2959 762 sancti
2992 706 3088 762 Dei
3134 706 3280 778 leges
3315 718 3372 762 et
3398 707 3553 764 insti-

1975 800 2209 855 tutiones
2234 801 2494 855 adversus
2512 799 2654 854 idem
2679 797 2917 852 sancitas
2934 806 2989 851 et
3011 797 3288 852 ordinatas
3303 797 3552 869 neglexe-

1972 892 2046 947 rit
2068 900 2125 948 et
2148 891 2555 963 contempserit.
2586 891 2782 946 Verum
2810 889 2856 946 si
2884 889 3099 959 eloquia
3127 888 3244 959 ejus
3266 888 3369 946 hac
3395 890 3462 946 de
3487 904 3552 948 re

1971 984 2210 1040 breviter
2231 1000 2295 1039 ac
2312 984 2622 1039 summatim
2646 983 2943 1053 concipias,
2960 982 3288 1038 sententiam
3313 982 3552 1052 reperies

1970 1093 2091 1134 cum
2118 1078 2361 1134 doctrina
2392 1076 2633 1149 Dionysii
2671 1075 3028 1146 Areopagitae
3068 1082 3124 1129 et
3171 1073 3230 1129 S.
3265 1073 3549 1144 Augustini

1966 1187 2137 1242 paene
2161 1171 2382 1226 omnino
2410 1184 2726 1241 congruam.
2750 1168 2981 1240 Erigena
3023 1167 3169 1223 enim
3220 1165 3277 1222 in
3320 1166 3423 1222 hac
3464 1182 3552 1223 re-

1966 1267 2143 1338 gione,
2188 1266 2240 1320 in
2270 1279 2432 1334 quam
2475 1265 2639 1319 homo
2673 1260 3100 1333 praevaricando
3143 1258 3438 1331 (depulsus,
3488 1267 3551 1316 ut

1965 1357 2299 1429 Augustinus
2320 1356 2414 1422 ait,
2432 1371 2464 1410 a
2482 1355 2639 1412 bonis
2660 1368 2769 1409 non
2805 1353 2873 1408 ad
2894 1351 3258 1416 mala,verum
3282 1352 3349 1407 ad
3370 1351 3548 1406 minus

1965 1451 2106 1506 bona
2126 1458 2181 1505 et
2209 1465 2239 1505 e
2261 1449 2416 1505 bonis
2441 1447 2705 1517 malisque
2728 1444 2919 1515 mixta)
2943 1446 3009 1500 de
3033 1443 3162 1501 sede
3179 1442 3423 1498 Paradisi
3450 1456 3544 1498 ce-

1965 1541 2115 1608 cidit,
2130 1542 2246 1613 ipsa
2268 1541 2431 1597 etiam
2448 1539 2755 1609 vitia,quae
2784 1536 2896 1592 Deo
2919 1535 3170 1607 quamvis
3187 1550 3295 1591 non
3311 1534 3543 1599 volente,

1963 1635 2524 1706 tamenpcrmittente,
2552 1633 2844 1688 humanam
2880 1637 3130 1685 naturam
3154 1645 3327 1700 usque
3362 1629 3545 1685 defor—

1965 1739 2134 1796 mant,
2149 1744 2256 1784 non
2273 1714 2487 1798 quidem
2502 1727 2555 1782 in
2570 1726 2827 1791 hominis,
2843 1731 3022 1780 tamen
3051 1724 3106 1779 in
3125 1723 3404 1780 Creatoris
3428 1724 3545 1779 lau—

271 1823 477 1889 ciente,
507 1838 668 1893 quam
713 1823 959 1894 sequitur
998 1824 1254 1895 Erigena,
1296 1840 1467 1896 pauca
1517 1834 1722 1881 tantum
1771 1827 1857 1882 hic
1887 1809 1933 1868 Β
1960 1823 2085 1878 dem
2105 1820 2505 1892 quodammodo
2530 1821 2786 1875 vertenda
2802 1817 3014 1889 putavit
3038 1815 3128 1889 (f).
3154 1816 3365 1873 Nullum
3392 1817 3540 1873 enim

271 1913 753 1969 animadvertenda
775 1921 918 1969 sunt.
946 1913 1120 1982 Quum
1149 1915 1292 1970 enim
1322 1923 1515 1971 auctor
1537 1924 1724 1973 noster
1747 1925 1856 1973 tam

271 2004 498 2071 pietate,
531 2018 694 2073 quam
726 2004 1000 2059 hilaritate
1028 2004 1277 2076 insignis,
1305 2005 1419 2060 fere
1448 2020 1554 2061 non
1582 2006 1857 2062 dissimilis

268 2094 505 2159 Adamn,
521 2094 834 2165 priusquam
852 2095 1256 2165 praevaricatus
1273 2103 1439 2161 esset,
1460 2096 1856 2166 quodammodo

269 2184 445 2239 Deum
476 2185 529 2239 in
555 2185 806 2242 omnibus
832 2195 888 2241 et
912 2187 1098 2241 omnia
1129 2187 1183 2242 in
1210 2186 1321 2243 Deo
1366 2186 1567 2253 videat,
1597 2196 1652 2243 et
1683 2203 1854 2259 usque

266 2294 603 2349 cognoscere
645 2279 860 2334 studeat
887 2296 901 2332 :
930 2294 1062 2335 sane
1089 2279 1390 2350 speculatio
1419 2279 1537 2349 ejus
1563 2282 1855 2352 praecipue

266 2370 324 2423 in
353 2368 724 2425 describendis
748 2369 923 2434 bonis,
953 2369 1094 2424 datis
1123 2370 1332 2425 scilicet
1358 2378 1412 2425 et
1443 2370 1598 2426 donis
1632 2370 1851 2439 divinis,

267 2474 370 2529 per
394 2475 536 2529 quae
557 2462 702 2517 Deus
728 2461 781 2515 in
809 2476 972 2531 opere
998 2461 1310 2526 creationis,
1344 2462 1745 2533 redemptionis,
1771 2462 1855 2517 fu-

272 2556 544 2622 turaeqne
566 2551 1049 2613 consummationis
1064 2565 1122 2606 se
1137 2551 1251 2620 ipse
1275 2551 1541 2622 gloriﬁcat
1564 2560 1620 2608 et
1633 2560 1848 2608 creatu-

264 2657 386 2700 ram
411 2643 701 2707 hcatiﬁcat,
717 2657 837 2698 cum
852 2639 1008 2715 (Pag.
1029 2641 1220 2713 XXIV)
1242 2643 1457 2698 sublimi
1481 2644 1853 2700 admirationis

264 2738 578 2808 amorisque
605 2735 984 2793 intellectualis
1029 2737 1225 2806 gaudio
1277 2744 1525 2792 versatur
1549 2734 1649 2809 (ά).
1678 2738 1851 2806 Quam

262 2831 573 2886 obcausam
596 2829 730 2885 nihil
754 2829 824 2884 ab
851 2844 920 2885 eo
944 2830 1117 2902 magis
1137 2830 1370 2886 alienum
1388 2829 1510 2896 fuit,
1527 2846 1686 2900 quam
1704 2830 1848 2885 Dua-

264 2922 463 2978 lismus
487 2924 591 2979 iste
636 2923 808 2979 tristis
826 2933 883 2978 et
921 2923 1073 2995 rigor
1102 2924 1537 2979 Manichaeorum
1563 2924 1846 2980 obscurus.

260 3015 521 3071 Ceterum
561 3015 744 3083 etiam,
785 3016 911 3085 quis
935 3015 1174 3086 negabit,
1222 3015 1277 3070 in
1308 3016 1640 3087 depingenda
1666 3031 1849 3072 rerum

234 3108 624 3187 ‘nniversitatc
651 3107 955 3163 aibedinem
981 3116 1036 3162 et
1061 3108 1396 3178 nigredinem
1425 3109 1629 3179 absque
1652 3109 1848 3164 verita-

1956 1917 2149 1971 vitium
2170 1916 2408 1971 existere
2421 1922 2689 1981 autumat,
2705 1914 2848 1985 quod
2865 1912 3178 1969 non‘umbra
3209 1912 3281 1967 sit
3314 1910 3542 1981 alicujus

1931 2012 1937 2018 ‘
1961 2007 2200 2070 virtutis,
2216 2014 2301 2061 uti
2324 2007 2404 2061 ira
2420 2005 3017 2071 correctionis,luxuria
3030 2004 3229 2076 quietis
3248 2022 3266 2056 ι
3279 2043 3294 2069 ,
3310 2011 3439 2067 cet.,
3453 2001 3540 2058 vel

1955 2115 2021 2156 ex
2048 2100 2206 2172 (Pag.
2221 2099 2390 2167 XXV)
2407 2100 2560 2170 cujus
2580 2100 2985 2172 comparatione
3006 2098 3250 2169 opposita
3270 2097 3321 2153 ei
3341 2096 3535 2163 virtus,

1955 2189 2109 2259 cujus
2139 2189 2380 2245 defectus
2407 2199 2462 2245 et
2488 2189 2723 2260 privatio
2741 2196 2844 2256 est,
2867 2179 3124 2257 majorem
3156 2201 3261 2241 non
3293 2186 3539 2256 acquirat

1954 2280 2168 2336 laudem
2193 2289 2251 2336 et
2276 2281 2449 2352 magis
2476 2280 2766 2336 extollatur
2790 2278 2885 2350 (θ).
2928 2277 3022 2334 Sic
3058 2278 3221 2333 etiam
3252 2276 3537 2347 pulchram

1920 2373 2297 2443 .phantasiam
2326 2373 2478 2439 mali,
2505 2373 2606 2428 sub
2637 2372 2818 2443 specie
2844 2371 2971 2427 boni
3003 2369 3331 2431 coloratam,
3365 2384 3395 2423 a
3426 2368 3538 2424 Deo

1954 2475 2194 2523 creatam
2218 2475 2381 2537 atque
2410 2466 2534 2522 ideo
2560 2466 2757 2521 bonam
2784 2479 2922 2530 esse,
2953 2462 3099 2518 haud
3125 2461 3384 2517 ditlitetnr
3419 2459 3534 2531 (1.),

1952 2574 2061 2614 non
2088 2573 2218 2613 vero
2243 2557 2583 2613 mendacium
2613 2556 2949 2627 malumque,
2987 2553 3131 2624 quod
3162 2554 3265 2608 hac
3291 2551 3393 2607 sub
3415 2564 3539 2621 spe-

1952 2654 2036 2707 cie
2086 2652 2219 2708 latet
2263 2659 2318 2706 et
2361 2651 2527 2707 veluti
2577 2651 2803 2722 abyssus
2846 2663 2942 2719 per
2996 2646 3223 2702 eandem
3270 2644 3533 2716 operitur.

1950 2743 2122 2800 Porro
2173 2745 2225 2799 in
2288 2745 2753 2801 consummatione
2801 2740 2997 2808 seculi,
3044 2740 3260 2811 quando
3304 2746 3536 2795 cunctae

1951 2853 2041 2894 res
2070 2838 2124 2892 in
2153 2837 2322 2894 Deum
2353 2839 2627 2904 redibunt,
2670 2837 2919 2906 Deusque
2961 2834 3145 2890 omnia
3184 2834 3239 2889 in
3281 2833 3535 2889 omnibus

1951 2930 2074 2996 erit,
2104 2945 2336 2991 omnem
2365 2930 2624 2985 malitiam
2653 2928 2950 3000 perituram
2996 2942 3116 2983 esse
3157 2925 3390 3010 afﬁrmat
3436 2926 3530 2997 (ἱ),

1949 3038 2123 3095 neque
2149 3024 2259 3079 Deo
2280 3038 2461 3080 rerum
2488 3023 2894 3080 universitatem
2920 3035 3171 3093 peccare,
3202 3020 3254 3075 id
3281 3031 3383 3084 est,
3413 3019 3534 3075 uni-

1949 3132 2166 3173 versum
2193 3119 2336 3173 hunc
2363 3120 2643 3184 mundum,
2668 3119 2767 3174 sub
2794 3117 3133 3174 aeternitatis
3160 3116 3342 3187 specie
3359 3122 3415 3172 et
3435 3130 3533 3188 per

262 3200 338 3254 tis
367 3183 724 3255 diminutione
738 3198 886 3254 varia
905 3204 1076 3268 atque
1104 3198 1316 3253 diversa
1340 3198 1549 3254 ratione
1575 3200 1842 3269 componi,
1874 3181 1919 3242 Ο
1950 3207 2068 3277 ejus
2108 3224 2300 3265 causas
2347 3181 2744 3266 consideratum
2877 3225 3060 3267 coram
3107 3181 3220 3265 Βθξ)
3253 3208 3410 3264 valde
3434 3181 3533 3265 in.

261 3289 509 3352 misceri,
532 3298 588 3344 et
611 3288 926 3344 alterutram
941 3287 1254 3360 praevalere
1271 3302 1452 3359 posse,
1478 3297 1638 3360 prout
1655 3289 1709 3344 in
1730 3289 1848 3359 phi-

1932 3316 2076 3355 vnum
2103 3316 2224 3356 esse
2253 3300 2350 3372 (Ic),
2383 3302 2546 3356 etiam
2586 3311 2711 3372 post
2751 3301 3271 3372 praevaricationem
3297 3300 3533 3358 hominis

264 3383 496 3452 losOpbo
520 3381 607 3437 V81
659 3382 823 3438 timor
846 3390 1008 3453 atque
1056 3380 1166 3448 lex,
1213 3381 1299 3437 vel
1321 3381 1558 3448 dilectio,
1598 3395 1738 3451 quae
1766 3391 1849 3438 est
1946 3404 2046 3461 per
2073 3391 2271 3448 Christi
2304 3402 2533 3463 grauam
2565 3394 2844 3464 redempti,
2881 3393 3030 3461 Quae
3057 3395 3262 3460 omnia,
3294 3393 3340 3449 εἰ
3384 3402 3534 3449 recte

262 3477 399 3549 legis
425 3476 701 3548 plenitudo
726 3484 783 3532 et
827 3475 1124 3545 sapientiae
1155 3473 1443 3547 perfectio,
1489 3476 1667 3530 locum
1708 3476 1848 3530 obti-

264 3581 393 3625 neat
438 3572 740 3642 potiorem;
782 3581 944 3643 prout
984 3572 1066 3627 vel
1099 3571 1251 3627 dolor
1274 3572 1482 3643 peccati
1526 3580 1584 3627 et
1629 3572 1846 3626 tristitia

260 3670 486 3733 propter
511 3661 665 3719 nefas
711 3664 779 3719 ab
807 3663 1025 3720 homine
1077 3664 1453 3731 commissum,
1481 3663 1567 3718 vel
1594 3663 1848 3733 gaudium

260 3752 621 3808 redemtionis
661 3761 717 3809 et
760 3752 916 3808 beata
966 3753 1299 3819 conscientia
1342 3753 1605 3825 praeclari
1650 3761 1702 3809 et
1755 3753 1847 3808 ad-

259 3843 481 3909 orandi,
515 3844 658 3913 quod
687 3845 829 3901 Deus
858 3845 1022 3902 homo
1061 3846 1413 3917 perpetravit,
1437 3846 1618 3917 operis
1646 3845 1699 3900 in
1728 3846 1847 3917 ejus

260 3943 454 3991 mente
472 3938 893 4008 praeponderet?
937 3945 1008 3992 At
1033 3940 1331 4009 quaeritur,
1365 3953 1490 3992 num
1516 3938 1747 4008 Erigcna
1778 3939 1846 3993 de

264 4034 397 4083 ortu
429 4027 576 4093 mali,
605 4044 763 4101 quem
782 4041 932 4087 recte
970 4046 1145 4102 neque
1193 4032 1246 4085 in
1277 4031 1389 4085 Deo
1431 4044 1606 4100 neque
1641 4030 1693 4083 in
1740 4029 1846 4084 ulla

259 4118 552 4192 principali
574 4122 806 4191 quadam
830 4137 993 4178 causa
1020 4122 1158 4177 mala
1201 4122 1268 4176 ab
1314 4129 1536 4176 aeterno
1565 4121 1841 4186 cxistenti,

263 4229 444 4286 neque
473 4214 528 4270 in
557 4222 827 4283 creatura,
852 4232 957 4288 qua
986 4233 1149 4290 opere
1188 4218 1303 4277 Dei.
1331 4232 1429 4273 nec
1454 4225 1848 4288 consequenter

259 4307 319 4363 in
343 4307 580 4365 hominis
610 4308 695 4366 vel
718 4308 893 4382 angeli
941 4308 1217 4366 voluntate
1257 4324 1363 4381 qua
1414 4308 1671 4365 divinitus
1696 4309 1843 4379 data,

333 4505 411 4577 (α)
443 4503 821 4579 cr._1ib.v,_p.
861 4504 966 4579 509
995 4504 1224 4579 (v.31).
1258 4524 1277 4558 ι
1311 4505 1428 4563 Νοη
1447 4506 1606 4564 aliter
1641 4524 1663 4560 ι

256 4576 409 4650 locos
432 4591 501 4650 es
526 4576 829 4650 Augustino
845 4585 919 4650 et
937 4576 1193 4650 Dionysio
1219 4578 1433 4650 citatos.

332 4648 411 4717 (ὁ)
435 4647 518 4703 Cf.
548 4648 644 4702 lib.
667 4647 732 4712 ll,
758 4663 813 4718 p.
836 4648 938 4704 127
968 4648 1054 4719 (ll,
1078 4647 1175 4717 Ξῖ»)
1201 4658 1256 4707 et
1282 4649 1412 4705 ibid.
1450 4667 1542 4704 ι...
1573 4648 1841 4718 siquidem

256 4719 440 4776 Patris
470 4720 522 4774 in
548 4719 885 4791 animo,Filii
916 4719 969 4774 in
997 4720 1226 4791 ratione,
1257 4721 1317 4777 S.
1341 4720 1575 4791 Spiritus
1599 4721 1653 4775 in
1680 4735 1843 4775 sensu

234 4791 603 4874 ,ερςηιίξξίπεῑει
633 4789 1175 4874 'lts‘escitgimﬁliue'n
1206 4810 1251 4844 »ο
1282 4860 1333 4874 ..
1382 4789 1432 4874 “.

329 4861 402 4932 (c)
424 4860 510 4933 Cf.
538 4861 632 4915 lib.
664 4860 733 4933 ll,
758 4878 813 4931 p.
837 4860 1203 4933 161,017,751),
1234 4860 1335 4933 ubi
1362 4859 1608 4933 etiamAS.
1653 4860 1842 4930 Augu-

253 4931 439 5004 stinus
465 4932 685 4987 citatnr.
718 4932 849 4988 Item
908 4931 1000 4987 lib.
1042 4932 1108 4998 ll,
1134 4948 1187 5003 p.
1218 4932 1323 4986 “3
1363 4931 1449 5004 (ll,
1481 4931 1592 5004 l9),
1639 4941 1694 4986 et
1723 4946 1844 4987 om-
1926 4948 1931 4963 π

254 5006 391 5061 nino
416 5003 614 5059 librum
647 5005 989 5059 secundum-
1021 5063 1025 5067 _
1070 5038 1071 5041 η

329 5075 410 5147 (d)
438 5074 521 5147 βξ.
548 5073 637 5147 lib.
667 5072 739 5147 ‘_l’_,_
766 5089 818 5142 p.
837 5073 948 5147 §38
995 5071 1086 5147 (Υ,
1110 5071 1222 5146 36).
1255 5091 1275 5125 ί
1310 5071 1355 5129 Ο
1382 5077 1642 5147 quantum
1673 5092 1691 5147 ρ
1735 5083 1842 5128 cet.

236 5160 241 5163 '
330 5143 404 5218 (c)
434 5145 517 5200 Cf.
548 5144 643 5199 lib.
672 5144 760 5209 ιγ,
791 5163 810 5196 ‹
837 5143 1074 5218 Et_quia_
1103 5143 1263 5218 omne
1304 5145 1505 5199 malum
1533 5158 1635 5199 nec
1673 5143 1727 5198 in
1752 5158 1844 5207 na-

257 5215 393 5274 tura
407 5229 588 5271 rerum
613 5215 1039 5272 substantialiter
1062 5215 1335 5271 invenitur
1350 5257 1366 5282 ,
1406 5228 1581 5285 neque
1605 5229 1672 5269 ex
1692 5222 1843 5268 certa

256 5303 424 5346 musa
452 5295 510 5342 et
554 5287 788 5341 naturali
812 5286 1092 5354 procedit;
1130 5301 1227 5356 per
1254 5301 1312 5341 se
1354 5286 1497 5342 enim
1533 5285 1844 5340 considera-

257 5370 376 5415 tum
403 5356 625 5413 omnino
653 5358 784 5414 nihil
818 5366 901 5412 est
940 5364 1156 5427 praeter
1184 5356 1606 5412 irmtionabilcm
1635 5365 1688 5409 ct
1723 5370 1842 5423 per-

257 5445 478 5485 versum
496 5428 977 5498 imperfectumque
1000 5428 1337 5483 rationabilis
1353 5438 1576 5481 naturae
1599 5435 1801 5498 motum
1820 5440 1832 5479 :

258 5501 485 5558 nullam
519 5498 683 5553 aliam
732 5500 785 5553 in
824 5496 1075 5555 universa
1116 5508 1365 5555 creatura
1404 5498 1584 5555 sedem
1616 5496 1835 5566 reperit,

258 5572 365 5627 nisi
405 5569 498 5625 ubi
555 5567 762 5624 falsitas
789 5570 1053 5641 possidet;
1096 5571 1308 5641 propria
1356 5579 1536 5623 autem
1590 5567 1841 5641 falsitatis

257 5641 537 5714 possessio
589 5648 675 5714 est
728 5637 920 5695 sensus
964 5637 1256 5714 corporeus
1288 5661 1333 5695 ι.
1380 5641 1447 5714 Et
1493 5654 1657 5714 porro
1705 5637 1837 5691 ibid.

264 5708 473 5784 iCujus
512 5709 962 5784 mulierAsensus,
997 5708 1097 5784 cui
1128 5711 1343 5767 incaute
1366 5708 1596 5784 animus
1617 5708 1663 5778 (ὁ
1703 5715 1840 5784 νᾳᾷς,

258 5778 457 5857 Adam)
493 5781 842 5841 consentiens
880 5782 1124 5846 perditur
1156 5803 1175 5836 ι
1209 5789 1315 5839 cet.
1348 5793 1402 5838 et
1426 5782 1518 5837 lib.
1557 5779 1616 5844 V,
1653 5795 1705 5851 p.
1738 5778 1846 5834 5M

1951 3483 2261 3554 intelligas,
2312 3501 2531 3541 sensum
2581 3483 3104 3541 continent'sanum
3154 3486 3528 3555 probumque;
3624 3548 3627 3549 ν

1948 3575 2077 3647 quin
2110 3578 2249 3648 apud
2277 3578 2591 3651 Dionysium
2614 3578 2993 3651 Are0pagitam
3016 3588 3071 3634 et
3093 3577 3150 3633 S.
3175 3577 3534 3649 Augustinum

1949 3668 2148 3724 multos
2177 3669 2439 3739 ejusmodi
2475 3670 2622 3725 locos
2651 3670 2892 3740 reperire
2918 3684 3120 3739 queas,
3148 3670 3238 3738 qui
3270 3667 3534 3739 suspicio—

1948 3774 2071 3812 nem
2122 3759 2308 3813 eodem
2362 3774 2483 3813 cum
2526 3757 2651 3829 jure
2697 3767 2751 3814 et
2789 3759 2990 3830 justius
3040 3774 3258 3814 movere
3302 3758 3530 3828 possint.

1949 3848 2189 3920 Exempli
2236 3852 2434 3921 gratia,
2466 3867 2631 3921 quum
2681 3851 2770 3906 ille
2818 3870 2837 3903 ι
2885 3851 3088 3907 malum
3122 3852 3354 3908 'omnino
3399 3850 3534 3908 nihil

1933 3940 2066 3998 'esse
2096 3964 2113 3995 ι
2149 3945 2166 4015 (
2182 3944 2250 4012 l),
2283 3946 2347 3997 ad
2372 3943 2779 4014 significandam
2804 3945 2918 4016 ejus
2947 3946 3247 4001 absolutam
3276 3946 3536 4016 impoten-

1949 4031 2079 4085 tiam
2109 4041 2159 4086 et
2188 4033 2502 4097 vanitatem,
2530 4035 2855 4097 contendat;
2883 4035 2973 4089 hic
2995 4035 3308 4089 daemonem
3335 4035 3531 4105 ipsum,

1948 4123 2037 4191 qui
2068 4122 2333 4177 homicida
2361 4124 2429 4177 ab
2459 4123 2612 4177 initio
2639 4124 2976 4179 mendacium
3018 4134 3073 4179 et
3099 4125 3233 4178 dixit
3268 4133 3325 4179 et
3368 4123 3529 4190 fecit,

1948 4213 2147 4268 bonum
2181 4213 2429 4285 appellet,
2455 4223 2721 4284 quatenus
2759 4214 2859 4279 sit,
2893 4214 3006 4269 sive
3038 4230 3158 4271 esse
3203 4214 3528 4286 participct;

1950 4319 2117 4376 quum
2146 4321 2312 4377 porro
2340 4305 2541 4361 malum
2572 4305 2625 4361 in
2652 4306 2837 4362 mundi
2865 4305 3091 4362 historia
3119 4306 3382 4363 dimicans
3407 4320 3533 4361 cum

1710 4515 1841 4574 cet.,
1867 4503 2039 4631 Bg,
2084 4502 2197 4576 56).
2253 4501 2334 4559 Cf.
2391 4502 2555 4558 etiam
2614 4499 2956 4558 Ackermann
3000 4518 3021 4553 ι
3054 4499 3408 4558 Christlicbes
3457 4499 3533 4555 im

1993 4576 2101 4630 lato
2129 4594 2172 4631 ι.
2203 4591 2257 4631 n.
2288 4574 2410 4630 187.

2018 4584 2101 4717 2:30
2115 4574 2413 4711 (ἷίῑιῖἰιίδδζ
2439 4661 2490 4717 ρ.
2516 4643 2622 4717 εεξ
2649 4642 2736 4717 (3/,
2763 4641 3014 4717 δειλῇ
3032 4642 3136 4717 hoc
3158 4650 3242 4698 est
3262 4640 3464 4697 malum
3482 4659 3533 4709 ι,

2468 4715 2638 4788 22(v.
2661 4713 2837 4788 35),“;
2862 4713 3189 4788 Aliudenim
3224 4734 3243 4766 ι
3261 4721 3385 4788 _cet.

1945 4727 2050 4775 cet.
2084 4717 2149 4771 Et
2170 4718 2323 4779 ἰ1›ἱ(1.,
2352 4731 2405 4779 p.

2352 4731 2405 4842 pl.
2433 4731 2638 4788 azztv.
2670 4731 2782 4782 ea).
2819 4734 2837 4766 ε
2862 4731 3015 4768 Αιιιιιι
3046 4731 3189 4768 enim
3224 4734 3243 4766 ι
3278 4731 3385 4769 cet.

2357 4787 2636 4873 Δρ.
2654 4784 2866 4869 (ν,55).
2899 4802 2916 4836 t
2939 4783 3161 4839 Videtur
3187 4785 3332 4840 enim
3360 4804 3379 4838 ι
3423 4792 3531 4873 cet.

2019 4788 2091 4859 (g)
2114 4786 2203 4859 cr,
2235 4788 2326 4859 lib.

1926 4858 2001 4915 et
2032 4857 2084 4929 ρ.
2109 4858 2213 4929 552
2238 4858 2328 4927 (γ,
2357 4858 2446 4929 56)
2475 4867 2531 4929 et
2549 4857 2697 4929 alibi.

2020 4924 2097 5000 (It)
2127 4928 2209 4985 Cf.
2235 4924 2326 4986 lib.
2353 4924 2838 5001 V,’p.540(V,56).
2859 4924 3024 4981 «Nam
3045 4925 3473 4985 luculentissime
3505 4942 3527 4979 ι

1947 5012 2054 5059 cet.

2018 5071 2080 5146 (ἱ)
2112 5070 2194 5127 cr.
2235 5071 2328 5127 lib.
2359 5068 2641 5142 V,p.516
2679 5069 2768 5140 (v,
2796 5067 2911 5141 δι).
2942 5086 2963 5121 ι
2996 5066 3156 5123 Aliud
3192 5074 3277 5123 est
3329 5066 3474 5122 enim
3505 5085 3526 5119 ι

2018 5215 2094 5286 (Ι)
2122 5214 2206 5271 εἴ·
2236 5214 2333 5286 Ιίυε
2353 5212 2420 5276 V.
2447 5212 2639 5286 p.558
2663 5209 2869 5286 (Υεῖιϐ)
2892 5219 2953 5268 et
2973 5209 3316 5268 Ackermann
3337 5223 3393 5279 p.
3423 5207 3532 5265 520

1944 5282 2121 5343 tamen
2148 5296 2202 5341 et
2231 5285 2360 5340 ibid.
2394 5282 2577 5353 p351
2609 5282 2817 5339 et'502.
2851 5282 2857 5284 ⁷
2922 5326 2923 5329 η

2015 5357 2088 5427 (It)
2111 5356 2194 5412 Cf.
2225 5358 2316 5411 lib.
2338 5357 2397 5411 ν.
2425 5371 2478 5424 p.
2504 5355 2601 5427 {$21
2634 5354 2863 5427 (V,35).
2885 5373 2904 5407 ‹
2932 5353 3157 5427 Videtur
3203 5364 3348 5406 enim
3369 5368 3391 5404 ι
3418 5355 3529 5410 cet.

1943 5437 1997 5485 et
2023 5425 2149 5483 ibid.
2180 5444 2232 5498 ῃ.
2260 5429 2365 5482 522
2395 5427 2482 5497 (V,
2508 5425 2839 5498 35).tAliud
2856 5425 3002 5498 enim
3021 5430 3173 5498 reet.
3208 5478 3213 5483 .

2020 5499 2106 5571 (ι)
2133 5490 2214 5554 (2f.
2250 5499 2346 5553 Die
2366 5490 2869 5571 ᾳὶιςειᾳιζεςιιζὶίιεη
2906 5495 3007 5571 ἀεξ-
3028 5490 3532 5571 Areopggitgnﬂio-

1947 5560 2060 5638 hys,
2089 5560 2190 5624 von
2226 5560 2553 5639 Engelhardt
2588 5569 2690 5622 vol.
2726 5560 2921 5639 |,'pag._
2940 5564 3028 5627 97,
3061 5572 3116 5617 et
3138 5560 3530 5639 :Christfiches

1946 5634 2133 5769 gert
2312 5634 2661 5710 'Pltt'losophie
2687 5634 2803 5703 von,
2827 5634 3169 5693 Acltermann
3204 5649 3332 5707 pag.
3361 5634 3429 5703 51
3472 5646 3533 5691 et

2049 5771 2051 5773 .
2078 5729 2108 5769 θ
2270 5750 2285 5766 ι

2049 5729 2133 5773 Fel
2164 5729 2285 5773 ιδι.
