4056 6276
506 292 646 350 ᾶῢ

1267 287 1328 345 C.
1368 287 1431 342 Β.
1472 282 1907 349 SCﬂLUETEBl
1936 278 2316 341 PREFATIO
2350 280 2416 335 IN
2456 280 2585 337 LIB.
2622 280 2716 336 DE
2750 279 2887 345 ΒΝ.
2926 279 3085 338 NAT.

3700 286 3811 345 ηι

534 409 686 466 bono
718 405 1000 463 andtbetis
1024 402 1306 460 rhetorum
1348 404 1656 472 coniparet,
1700 401 1897 471 quibus
1942 413 2123 455 sermo
2151 400 2200 461 Α
2224 397 2438 453 visuros
2481 412 2640 463 esse;
2676 396 2898 466 gloriam
2935 411 3068 461 vero
3095 404 3151 452 et
3175 397 3417 470 gratiam
3448 372 3823 460 deiﬁcationis

538 500 720 557 unctius
740 498 1050 563 oscitatur;
1076 510 1245 566 qiuim
1274 494 1693 559 animadvertat,
1708 480 1820 562 per
1842 490 1986 559 ipsos
2007 504 2123 544 ma-

534 592 625 648 los
647 592 895 647 veritatis
922 598 978 645 et
1008 588 1225 643 virtutis
1250 585 1606 641 sectatoribus
1634 582 1917 638 victoriam
1945 579 2126 651 parari

526 685 805 756 majorem
836 684 913 756 (α)
941 700 956 749 ;
988 696 1157 753 quum
1207 679 1438 749 denique
1472 676 1804 732 assentiente
1827 671 2128 729 Leibnitzio

543 777 610 832 de
636 790 833 847 magna
858 774 1014 839 mali,
1042 773 1187 843 quod
1218 779 1467 834 vocatur,
1496 776 1675 838 parte,
1704 780 1810 821 non
1837 764 1993 820 aliter
2024 770 2130 818 tra-

538 875 673 932 ctet,
707 864 811 921 nisi
830 874 895 920 ut
925 865 991 920 de
1014 864 1195 929 minus
1234 862 1377 917 bono
1398 867 1466 916 ..ει
1507 857 1768 928 perfecto,
1804 856 1892 912 cui
1918 862 2128 910 tantum

543 958 719 1028 major
746 956 888 1011 desit
922 953 1158 1009 realitas.
1186 951 1289 1011 Vix
1334 949 1479 1007 aliud
1510 949 1764 1019 Erigena,
1794 946 1963 1001 Deum
1990 942 2130 998 aﬂir-

542 1062 700 1105 mans
727 1046 925 1102 nullam
955 1053 1226 1106 naturam,
1252 1039 1337 1096 vel
1358 1039 1436 1095 nil
1460 1038 1513 1100 in
1544 1037 1651 1093 ulla
1685 1044 1957 1099 creatura,
1986 1031 2132 1103 quod

543 1141 659 1211 ipse
691 1136 1141 1207 fecerit,punire,
1168 1134 1264 1191 sed
1303 1133 1444 1189 istud
1474 1140 1681 1186 tantum
1711 1128 1845 1185 nihil
1868 1136 1923 1183 et
1949 1127 2132 1182 incau-

532 1231 679 1296 sale,
708 1230 851 1299 quod
876 1234 989 1284 non
1018 1225 1230 1290 fecerit,
1260 1223 1510 1294 quamvis
1536 1220 1925 1291 praesci-verit;
1967 1219 2132 1273 immo

543 1323 670 1387 hoc,
703 1320 903 1375 malum
930 1318 1173 1381 scilicet.
1216 1314 1515 1377 secundum
1556 1322 1810 1371 aeternas
1849 1319 2133 1366 creaturae

548 1411 799 1468 rationali
824 1427 852 1465 a
886 1411 998 1467 Deo
1018 1409 1225 1467 inditas
1248 1407 1400 1477 leges
1426 1422 1484 1461 se
1525 1406 1697 1474 ipsum
1727 1403 1906 1475 potius
1930 1416 2025 1471 per
2055 1401 2131 1455 ir-

530 1506 868 1565 arationalem
888 1490 1311 1559 eti-natantem
1329 1498 1620 1555 voluntatis
1634 1495 1792 1567 (Pag.
1810 1493 1999 1564 xxvn
2017 1508 2133 1564 per-

542 1614 734 1655 versae
780 1607 986 1654 motum
1035 1595 1259 1667 punire,
1304 1608 1472 1662 quum
1520 1606 1690 1661 usque
1739 1590 2050 1655 frustretur,
2078 1596 2134 1645 et

530 1699 727 1745 tamen
772 1704 803 1743 a
850 1687 988 1741 inala
1041 1685 1315 1749 voluntate
1364 1699 1472 1737 non
1513 1692 1687 1739 cesset
1732 1680 1828 1753 (b).
1877 1680 2128 1735 Ceterum

2227 490 2522 546 electorum
2547 489 2838 560 justorum,
2865 504 3163 562 eorumque
3192 492 3584 549 beatitudinem
3624 509 3824 564 repro-

2226 580 2327 635 bos
2348 580 2401 634 in
2428 588 2710 636 aeternum
2742 596 2850 637 non
2877 581 3313 652 participaturos.
3344 582 3483 650 Quin
3504 585 3670 640 etiam
3691 587 3823 640 aliis

2227 671 2362 728 locis
2385 670 2640 739 aﬁirmat,
2666 687 2762 728 eos
2784 682 2903 743 post
2934 683 3165 728 mortem
3190 674 3346 747 vanis
3378 690 3579 741 rerum,
3611 676 3826 746 quibus

2228 764 2394 819 etiam
2427 763 2480 818 in
2514 764 2617 819 hac
2647 764 2757 818 vita
2788 764 3026 835 inquiete
3059 776 3114 820 et
3138 766 3515 833 insatiabiliter
3540 768 3830 825 inhiantes

2204 855 2751 926 circumagebantur,
2772 855 2929 928 (Pag.
2951 856 3160 930 XXVII)
3176 859 3477 931 pbantasiis
3495 869 3552 914 et
3575 861 3828 930 appetitu

2235 948 2490 1003 tantalico
2536 948 2715 1019 puniri
2750 947 2837 1022 (ι’).
2869 948 3210 1027 Postremum
3262 951 3696 1016 animadvertas,
3733 968 3833 1009 se-

2231 1039 2353 1095 culo
2382 1036 2529 1094 nono'
2557 1038 2918 1096 Christianam
2953 1042 3276 1109 doctrinam,
3308 1057 3449 1113 quae
3484 1044 3551 1099 de
3593 1044 3834 1100 damna-

2232 1139 2411 1189 torum
2438 1142 2519 1190 est
2544 1133 2840 1205 suppliciis,
2872 1135 3107 1190 nondum
3137 1145 3247 1191 tam
3267 1145 3523 1194 accurato
3542 1138 3835 1195 Ecclesiae

2232 1226 2483 1296 dogmate
2507 1227 2781 1283 deﬁnitam
2807 1236 2862 1287 et
2882 1229 3153 1284 ﬁrmatam
3175 1228 3364 1296 fuisse,
3379 1245 3541 1301 quam
3564 1231 3835 1302 deinceps

2235 1318 2415 1372 seculo
2459 1334 2555 1373 xm
2604 1334 2699 1388 per
2728 1320 3015 1385 concilium
3053 1320 3421 1387 Lateranense
3455 1336 3712 1393 quartum
3736 1321 3803 1379 Ia

2234 1419 2381 1465 ctum
2409 1422 2512 1465 est.
2555 1410 2709 1478 Quod
2742 1427 2806 1467 ex
2835 1412 3004 1481 ipsius
3028 1412 3291 1485 Erigenae
3311 1414 3494 1470 vabis
3518 1414 3837 1487 clarissime

2234 1510 2382 1572 patet
2422 1502 2515 1574 (g).
2550 1502 2718 1559 lmmo
2756 1512 2975 1573 praeter
3003 1502 3286 1573 Origenem
3318 1504 3482 1583 etiam
3526 1505 3838 1578 Gregorius

2234 1593 2529 1665 Nyssenus,
2563 1593 2856 1667 Gregorius
2880 1596 3282 1665 Nazianzenus,
3326 1597 3590 1666 Basilius,
3626 1610 3685 1655 et
3708 1602 3841 1671 ipse

2235 1685 2555 1742 Ambrosius
2576 1697 2630 1744 et
2652 1688 3011 1761 Hieronymus
3030 1691 3230 1761 passim
3252 1693 3617 1749 universalcm
3641 1709 3839 1750 rerum

549 1782 781 1851 Erigena
802 1787 861 1835 et
897 1779 966 1835 de
995 1777 1249 1847 superbia
1269 1816 1283 1839 ,
1315 1791 1475 1844 quam
1507 1783 1669 1844 caput
1694 1774 1872 1829 omnis
1897 1774 2133 1835 malitiae
2166 1767 2210 1827 Β
2236 1783 2634 1850 apocatastasin
2661 1782 2980 1849 docuerunt,
3008 1785 3172 1843 simul
3196 1800 3321 1843 cum
3348 1801 3412 1840 ea
3442 1786 3603 1842 ﬁnem
3626 1788 3847 1858 suppli-

530 1883 725 1938 .vocat,
775 1883 832 1928 et
879 1880 1198 1943 praesertim
1248 1870 1300 1923 in
1347 1868 1596 1924 Lucifero
1626 1869 1947 1932 detestatur,
1978 1875 2032 1921 et
2070 1868 2136 1923 de

545 1965 678 2021 falso
701 1963 1096 2032 libidinosoque
1118 1960 1409 2015 voluntatis
1432 1967 1579 2013 motu
1607 1967 1768 2027 atque
1790 1956 2023 2012 carnalis
2052 1972 2139 2012 co-

536 2054 697 2127 pulae
728 2052 990 2122 appetitu,
1012 2050 1178 2119 quiin
1200 2047 1410 2103 Adamn
1434 2047 1555 2113 fuit,
1580 2056 1634 2102 et
1660 2047 1727 2102 de
1741 2046 2137 2115 concupiscen-

541 2148 613 2203 tia
638 2144 905 2214 serpentis
930 2143 1103 2209 instar
1131 2140 1394 2215 Evam.id
1430 2150 1532 2205 est,
1568 2156 1791 2195 sensum
1832 2138 2134 2211 (αἴσθησιν),

536 2249 597 2299 et
625 2238 748 2292 dein
780 2251 877 2306 per
906 2236 1043 2290 hanc
1066 2236 1234 2301 etiam
1272 2234 1566 2301 Adamum,
1586 2235 1639 2289 id
1666 2242 1767 2297 est,
1804 2234 2134 2290 intellectum

540 2328 704 2400 (νοῦν)
753 2328 1018 2383 allieiente
1052 2336 1112 2391 et
1153 2327 1446 2383 seducente
1478 2327 1550 2397 (ε)
1570 2367 1585 2392 ,
1616 2327 1888 2382 uberrime
1917 2334 2131 2381 tractat.

542 2421 867 2493 Superbiam
903 2430 961 2474 et
988 2420 1265 2485 libidinem
1296 2419 1586 2474 maximam
1625 2419 1910 2475 stultitiam
1942 2428 2129 2483 vocat,

534 2526 718 2584 neque
748 2511 907 2573 verba
925 2552 939 2577 ,
970 2512 1166 2581 quibus
1194 2511 1356 2581 primi
1386 2519 1637 2581 parentes
1667 2520 1790 2580 post
1830 2520 2129 2581 transgres-

540 2605 754 2667 sionem
784 2602 1026 2665 mandati
1064 2601 1236 2661 .divi.ni
1268 2616 1394 2665 sese
1430 2615 1611 2656 coram
1648 2599 1829 2669 judice
1875 2613 2135 2655 excusare

534 2697 777 2760 student,
812 2694 921 2761 ullo
947 2695 1106 2751 modo
1128 2694 1348 2764 probat.
1397 2692 1475 2749 Ex
1518 2692 1767 2764 originali
1801 2702 1981 2747 autem
2009 2708 2137 2764 pec-
2180 2686 2185 2691 ’

536 2798 666 2849 cato
692 2804 798 2853 non
830 2787 1004 2855 solum
1020 2785 1353 2858 profundam
1380 2786 1593 2863 derivat
1621 2802 1800 2853 rerum
1828 2786 2134 2845 divinarum

540 2880 903 2955 ignorantiam
926 2889 981 2936 et
998 2880 1200 2939 malam
1232 2879 1430 2935 mentis
1454 2878 1966 2949 concupiscentiam,
1993 2895 2139 2934 mor-

532 2980 672 3039 tem,
712 2981 773 3029 et
803 2980 983 3049 cetera
1025 2970 1166 3026 mala
1190 3011 1205 3037 ,
1260 2968 1448 3025 verum
1488 2970 1649 3025 etiam
1679 2985 1875 3041 corpus
1904 2969 2137 3025 hominis
2167 3021 2170 3024 .

533 3063 844 3126 materiale,
877 3061 1023 3133 quod
1051 3059 1153 3117 sub
1180 3060 1377 3116 tunicis
1404 3060 1663 3130 pelliceis,
1700 3074 1835 3129 quas
1864 3059 2006 3119 Deus
2030 3059 2137 3130 pri-

534 3156 648 3223 ,mis
676 3154 991 3227 parentibus
1020 3152 1167 3219 fecit,
1202 3152 1353 3208 inniti
1383 3161 1571 3221 putat;
1598 3152 1761 3209 immo
1780 3160 1835 3205 et
1860 3151 2135 3206 sexualem

538 3247 772 3321 1masculi
802 3257 854 3301 et
882 3246 1115 3301 feminae
1141 3241 1501 3300 dilferentiam
1528 3252 1584 3297 et
1603 3242 1942 3308 divisionem,
1975 3241 2137 3297 simul

536 3359 671 3401 eum
702 3343 915 3420 generis
941 3341 1161 3399 humani
1190 3341 1592 3412 pr0pagatione,
1625 3348 1682 3394 ut
1708 3356 1853 3395 nunc
1877 3349 1982 3408 est,
2020 3342 2138 3396 ani-

542 3436 705 3507 1ιιιιιιί,
735 3447 791 3491 et
818 3436 1039 3493 homine
1067 3434 1306 3505 indigna,
1333 3449 1471 3504 quae
1500 3433 1554 3488 in
1585 3432 1768 3489 futuro
1800 3434 1981 3489 seculo
2021 3450 2136 3491 ces-

540 3529 714 3595 sabit,
747 3528 963 3597 quando
988 3527 1041 3581 in
1069 3526 1361 3581 universali
1392 3540 1570 3580 rerum
1608 3525 1785 3580 reditu
1812 3525 1990 3581 omnis
2020 3541 2135 3583 ma-

534 3620 683 3679 teria
711 3618 875 3675 veluti
904 3617 1122 3683 foenum
1157 3618 1210 3679 in
1240 3615 1454 3671 ﬂamma
1494 3615 1735 3683 ardebit,
1764 3624 2017 3687 totusque
2045 3617 2135 3673 hic

540 3711 783 3780 ,qundus
817 3710 1145 3765 destruetur.
1176 3708 1419 3778 Denique
1446 3708 1510 3762 de
1538 3706 1813 3779 suppliciis
1852 3708 2136 3763 damnato-

544 3819 691 3869 rum,
727 3802 973 3873 quamvis
1000 3803 1142 3873 apud
1169 3801 1457 3872 Erigenam
1485 3801 1684 3872 passim
1716 3799 2136 3872 signiﬁcationes

532 3893 906 3963 reperiantur,
925 3890 1112 3963 quales
1129 3898 1281 3945 sunt:
1306 3907 1326 3942 α
1346 3898 1568 3946 aeterna
1585 3889 1867 3960 supplicia,
1883 3899 2138 3947 aeternae

536 4002 776 4065 poenae,
801 3995 1022 4043 aeterna
1049 3985 1356 4054 damnatio,
1396 3983 1846 4054 inexstinguibilis
1880 3982 2095 4040 ﬂamma
2117 4023 2136 4051 ,

536 4078 900 4151 (irrevocabile
937 4078 1198 4148 judicium
1243 4077 1335 4132 Dei
1379 4076 1460 4148 (d)
1494 4096 1543 4144 ι,
1588 4085 1643 4131 ει
1685 4091 1826 4146 quae
1858 4076 1975 4147 ejus
2014 4083 2138 4130 sunt

536 4172 781 4243 generis,
802 4180 983 4224 tamen
1014 4169 1198 4224 multis
1230 4168 1350 4222 aliis
1376 4167 1508 4221 locis
1535 4167 1806 4222 sententia
1836 4166 2133 4232 contraria,

538 4276 689 4332 .quae
721 4260 930 4317 scilicet
956 4257 1339 4328 suppliciorum
1368 4256 1745 4311 aeternitatem
1773 4256 2031 4320 destruit,
2068 4256 2138 4323 ab

547 4352 734 4410 eodem
760 4352 985 4422 proponi
1012 4351 1244 4404 videtur.
1276 4349 1419 4403 Dicit
1445 4348 1588 4401 enim
1612 4389 1626 4412 ,
1663 4348 1937 4407 neminem
1969 4363 1999 4401 a
2027 4349 2137 4402 Deo

536 4442 747 4515 ,privari
781 4439 1115 4507 naturalibus
1140 4440 1254 4501 sive
1280 4439 1584 4494 concreatis
1604 4438 1766 4495 bonis
1786 4439 1883 4511 (ε),
1910 4449 1965 4495 ει
1988 4440 2134 4505 dam-

550 4544 707 4592 natos
751 4544 995 4604 tempore
1039 4530 1455 4587 resurrectionis
1485 4541 1539 4586 et
1576 4532 1989 4587 restaurationis
2019 4531 2136 4588 uni-

495 4674 502 4681 .
534 4625 793 4689 rvet-salis,
822 4624 910 4678 ubi
939 4621 1118 4679 omnis
1146 4618 1349 4675 malitia
1380 4630 1592 4693 pereat,
1630 4621 1948 4675 innovatum
1980 4637 2136 4676 mun-

548 4719 675 4779 dum
707 4715 851 4770 nulla
881 4730 1104 4785 prorsus
1131 4711 1344 4777 umbra,
1374 4726 1474 4767 nec
1502 4711 1610 4767 ullo
1640 4712 1978 4781 discrepante
2004 4728 2135 4766 con-

534 4797 705 4865 centu
736 4805 1140 4862 dilformaturos
1159 4844 1175 4866 ,
1226 4805 1392 4858 immo
1420 4817 1517 4873 per
1548 4803 1929 4872 tlteophaniam
1965 4817 2138 4872 quan-

538 4884 704 4963 dam,
748 4897 1009 4968 quamvis
1035 4910 1068 4951 a
1107 4895 1319 4952 visione
1360 4893 1611 4949 beatiﬁca
1648 4892 1919 4961 justorum
1970 4893 2137 4947 multo

538 4989 837 5085 fdiversam,
851 4988 1043 5067 Deum,
1060 4996 1189 5043 tunc
1207 4986 1390 5059 omnia
1414 4985 1467 5039 in
1491 4984 1742 5040 omnibus
1763 4991 2135 5054 apparentem,

612 5121 698 5193 (α)
724 5119 927 5201 Cll-lib.
955 5119 1023 5201 γ,
1047 5134 1103 5201 p1
1118 5119 1224 5201 ⁸5ἳ1
1256 5117 1493 5201 0,55):
1514 5116 1949 5201 fifidetur‘enim
1973 5136 1993 5169 ι
2024 5126 2133 5201 (Et;

549 5187 686 5247 cuin
702 5192 857 5248 miris
883 5187 1363 5261 ipsius‘Augus'iini
1385 5187 1565 5244 verbis
1584 5189 1658 5244 ibi
1676 5188 1857 5243 allatis
1874 5195 1930 5243 et
1953 5202 2007 5258 p.
2030 5187 2136 5243 525

549 5263 802 5337 (νη-51)]
830 5262 1323 5337 ρυίᾳ-εηίηῃῌοςε.

538 5330 565 5375 ι’
618 5330 801 5459 (ὸὲῡΐ.
829 5334 920 5389 lib.
948 5333 1013 5399 ν,
1036 5348 1092 5403 p.
1124 5330 1333 5459 543.9,
1366 5330 1478 5413 51).
1514 5350 1531 5382 ι
1558 5330 1741 5413 lmpiis
1761 5344 1891 5385 vero
1911 5348 1930 5382 ι
1956 5337 2060 5385 cet.
2084 5338 2139 5386 et

550 5420 602 5459 n.
641 5404 674 5459 5
717 5406 736 5459 1
767 5403 856 5459 (ν.
888 5404 981 5459 511
1016 5419 1034 5454 ι
1066 5403 1233 5459 Const
1272 5416 1546 5458 eravrmus
1568 5416 1712 5457 enim
1743 5418 1764 5453 ι
1798 5409 1903 5455 εει.

550 5420 602 5475 p.
628 5402 736 5475 :53!
767 5403 856 5475 (V,
888 5404 981 5475 51)
1016 5402 1546 5475 (Consideravimus
1568 5403 1712 5457 enim
1743 5418 1764 5453 ι
1798 5409 1903 5455 εει.

621 5472 692 5547 (c)
722 5472 805 5543 Cf.
834 5476 938 5532 col.
961 5472 1082 5542 129,
1111 5483 1224 5529 not.
1253 5490 1281 5529 e
1304 5482 1360 5528 et
1381 5472 1528 5527 alibi.

619 5629 651 5663 "
677 5629 871 5685 Tribus
895 5643 1026 5685 sane
1055 5626 1329 5683 codicibus
1356 5624 1589 5679 Thomas
1615 5622 1746 5679 Gale
1776 5623 1828 5677 in
1863 5624 2134 5679 adornan-

554 5703 622 5755 da
645 5701 880 5757 editione
903 5702 1073 5771 prima
1104 5714 1234 5771 usus
1262 5707 1367 5771 est,
1397 5696 1584 5771 mutila
1607 5693 1837 5771 Thuani,
1867 5709 1963 5750 suo
2004 5696 2137 5749 inte-

554 5788 671 5843 gro,
706 5787 808 5829 nec
845 5766 951 5828 non
988 5770 1173 5826 codice
1196 5766 1511 5834 Parisiensi,
1534 5766 1586 5822 id
1607 5767 1748 5838 quod
1770 5766 1882 5837 ipse
1914 5774 2138 5823 testatur

2237 1872 2444 1927 ciorum
2475 1873 2832 1931 acternalium
2860 1883 3187 1935 statuentes.

2306 1962 2597 2034 Postquam
2621 1966 2755 2021 haec
2781 1966 2847 2021 de
2877 1966 3141 2037 Erigenae
3165 1968 3296 2034 vita,
3326 1969 3503 2025 indole
3528 1980 3585 2026 et
3607 1965 3849 2042 scriptis

2236 2058 2802 2123 commemoravimus,
2833 2059 3100 2130 simulque
3130 2061 3437 2118 testimonia
3461 2063 3527 2119 de
3554 2079 3618 2120 eo
3648 2078 3678 2117 a
3712 2064 3851 2119 cla-

2236 2149 2469 2205 rissimis
2500 2149 2630 2203 viris
2668 2150 2951 2219 praeteriti
2992 2159 3045 2204 et
3092 2152 3266 2222 magis
3313 2153 3477 2208 etiam
3522 2155 3849 2224 praesentis

2237 2240 2495 2309 temporis
2520 2238 2626 2295 lata
2654 2240 2996 2307 adduximus,
3028 2257 3131 2299 nec
3158 2245 3337 2305 minus
3362 2246 3712 2316 gravissimas
3744 2249 3849 2304 in-

2236 2334 2543 2389 cusationes
2561 2341 2751 2389 contra
2775 2334 2893 2402 ejus
2914 2333 3108 2404 placita
3135 2333 3407 2393 factitatas
3428 2339 3847 2406 recensuimus,

2239 2422 2426 2478 lectori
2456 2422 2718 2478 benevolo
2748 2437 2885 2492 opus
2914 2424 3017 2479 hoc
3046 2426 3406 2493 rarissimum,
3433 2429 3576 2496 quod
3609 2444 3707 2499 pro
3742 2431 3851 2486 vi-

2226 2515 2323 2571 rili
2354 2524 2507 2586 parte
2535 2531 2566 2569 a
2598 2516 3000 2587 typographicis
3024 2502 3235 2574 mendis
3258 2519 3419 2587 primi
3443 2528 3501 2576 et
3530 2520 3695 2577 solius
3722 2538 3849 2578 oo-

2238 2607 2374 2669 dicis
2399 2608 2676 2676 hucusque
2700 2608 2829 2663 editi
2851 2609 2884 2643 ’*
2908 2608 3063 2664 nobis
3086 2623 3216 2662 cura
3239 2607 3342 2663 fuit
3368 2625 3627 2681 purgare,
3655 2614 3853 2669 tradi-

2222 2695 2381 2771 tmkus‘,
2409 2699 2748 2769 potissimum
2770 2715 2896 2765 eum
2928 2701 2981 2754 in
3012 2699 3196 2768 ﬁnem,
3234 2710 3297 2756 ut
3322 2717 3497 2757 novae
3519 2712 3574 2759 et
3597 2718 3852 2765 accura-

2220 2791 2362 2846 .tiori
2393 2791 2726 2861 inquisitioni
2766 2792 2835 2847 de
2863 2794 3083 2849 meritis
3100 2793 3204 2853 viri
3236 2795 3535 2863 praeclari,
3575 2797 3667 2867 qui
3707 2806 3851 2861 tam

2224 2881 2327 2951 ,diu
2371 2897 2586 2937 rumore
2616 2880 2866 2953 flagravit
2910 2883 3166 2950 sinistro,
3212 2900 3400 2945 ansam
3446 2889 3851 2956 praebeamus.

2239 2969 2496 3026 Conferas
2524 2986 2671 3042 ergo,
2707 2973 2964 3027 benevole
2993 2973 3194 3041 lector,
3220 2983 3457 3048 systema
3496 2978 3561 3032 de
3585 2976 3853 3037 Naturae

2222 3061 2507 3121 divisione
2543 3062 2611 3117 ab
2641 3061 2872 3132 Erigena
2900 3064 3234 3134 propositqu
3266 3081 3390 3121 cum
3428 3068 3603 3122 ethica
3633 3066 3855 3136 Spino-

2245 3167 2343 3206 zae
2366 3152 2593 3221 aliisque
2626 3153 2986 3209 recentiorum
3011 3155 3318 3227 systematis
3336 3155 3728 3226 pantlteisticis,
3754 3166 3852 3225 et,

2242 3247 2317 3300 uti
2347 3261 2446 3300 nos
2469 3245 2690 3315 quidem
2716 3247 3030 3316 opinamur,
3060 3248 3484 3315 animadvertes,
3513 3248 3688 3320 specie
3707 3258 3856 3307 tan-

2242 3339 2517 3394 tummodo
2569 3353 2729 3394 verae
2779 3348 2836 3395 et
2885 3340 3150 3411 genuinae
3199 3342 3479 3412 cujusdam
3527 3341 3855 3413 sapientiae

2240 3430 2456 3486 divinae
2483 3439 2591 3485 tam
2622 3431 2792 3487 multa
2831 3440 2996 3503 atque
3030 3432 3310 3503 praeclara
3345 3434 3557 3506 ingenia
3586 3434 3855 3504 potuisse

2237 3521 2421 3575 seduci
2447 3537 2462 3586 ;
2503 3522 2647 3591 quod
2675 3536 2810 3577 sane
2836 3520 3060 3578 minime
3097 3522 3296 3579 factum
3323 3525 3513 3582 fuisset
3531 3564 3547 3592 ,
3575 3525 3677 3580 nisi
3697 3524 3855 3584 Eri-

2239 3626 2409 3683 genae
2440 3611 2781 3683 aliorumque
2820 3621 3119 3685 systemata
3151 3615 3322 3671 multo
3360 3615 3564 3686 majore
3602 3615 3854 3686 profun-

2240 3702 2441 3769 ditate,
2471 3700 2648 3774 copia,
2674 3714 2731 3759 et
2759 3706 2959 3760 mentis
2999 3706 3247 3763 acumine
3266 3707 3495 3781 insignia
3515 3749 3531 3775 ,
3558 3706 3854 3782 simulque

2238 3794 2549 3850 Christiano
2595 3797 2832 3868 dogmati
2876 3798 3050 3870 magis
3086 3814 3344 3871 congrua,
3374 3808 3594 3871 propter
3620 3809 3853 3876 tempq-

2240 3904 2362 3944 rum
2382 3888 2638 3943 invidiam
2667 3898 2774 3945 tam
2799 3889 2999 3946 multos
3027 3891 3332 3963 aequalium
3358 3891 3658 3947 latuissent.
3679 3890 3853 3953 Alio-

2241 3980 2371 4052 quin
2400 3981 2545 4036 enim
2575 3990 2726 4037 certo
2766 3982 2999 4052 Erigena
3038 3982 3239 4054 ingenii
3260 3982 3346 4038 sui
3375 3982 3657 4053 splendore
3688 3981 3851 4053 istqs

2239 4073 2461 4131 vicisset
2506 4082 2561 4129 et
2599 4074 2964 4130 obscurasset.
3015 4073 3308 4145 Speramus
3350 4083 3554 4143 tamen,
3590 4074 3724 4141 fore,
3785 4086 3852 4135 ut

2238 4168 2581 4240 philosophia
2604 4169 2775 4225 nostri
2803 4169 2945 4236 aevi,
2970 4170 3292 4241 praesertim
3322 4185 3408 4235 ea,
3435 4184 3573 4240 quae
3591 4168 3851 4227 maxime

2242 4260 2571 4332 Speculativa
2596 4270 2701 4326 est,
2731 4270 2785 4316 et
2808 4261 3087 4317 «alialectica
3119 4262 3317 4341 virtute
3336 4261 3537 4337 pollet,
3564 4269 3618 4315 et
3650 4274 3847 4330 quae,

2241 4362 2526 4422 postquam
2557 4368 2770 4407 onmem
2800 4353 3033 4421 speciem
3058 4344 3367 4407 sensibilem
3397 4362 3451 4406 et
3487 4368 3667 4407 veram
3707 4354 3849 4409 sin-

2242 4460 2533 4515 ceramque
2582 4444 3057 4515 imaginationem,
3102 4454 3391 4521 naturam,
3438 4445 3713 4513 historiam
3782 4454 3847 4502 et

2242 4536 2434 4607 dogma
2464 4534 2750 4606 positivum
2780 4533 3025 4604 reliquit,
3057 4533 3145 4589 uni
3191 4534 3401 4591 scilicet
3446 4533 3671 4601 rationis
3700 4534 3845 4595 abs-

2242 4639 2450 4684 tractae
2471 4638 2527 4682 ct
2544 4629 2828 4700 αὐτονόμου
2852 4628 3055 4683 notioni
3077 4628 3367 4682 universali
3392 4628 3625 4692 addicta,
3641 4630 3842 4684 omnia

2242 4724 2422 4779 facere
2455 4731 2510 4777 et
2537 4721 2866 4791 excogitare,
2909 4720 3045 4777 nihil
3088 4722 3331 4791 accipere
3376 4731 3430 4775 et
3480 4719 3583 4775 ﬁde
3628 4706 3842 4777 intelli-

2220 4829 2389 4885 gere,
2420 4811 2599 4867 omnia
2632 4811 2843 4877 tollere,
2862 4810 3005 4893 'nibil
3030 4826 3229 4881 ponere
3257 4811 3432 4883 gestit,
3464 4818 3518 4865 et
3534 4808 3646 4878 jam
3673 4809 3728 4863 in
3762 4826 3841 4868 eo

2244 4914 2346 4970 est,
2386 4913 2447 4960 ut
2489 4905 2542 4959 in
2583 4904 2888 4960 absolutum
2915 4903 3500 4967 incidatnihilismum,
3530 4903 3696 4958 etiam
3723 4917 3841 4972 per

2233 4996 2496 5068 Erigenac
2536 4994 2768 5066 placita,
2813 4994 2939 5065 qui,
2982 4992 3192 5048 notioni
3233 4992 3528 5048 universali
3566 5001 3622 5047 et
3660 4992 3838 5052 dialo-

2240 5126 2712 5272 (vwgocrggbﬁv,
2736 5144 2790 5199 p.
2813 5126 2939 5194 sos,
2969 5092 3081 5201 ibid
3115 5142 3172 5199 ιι.
3204 5125 3609 5193 510,552,553
3633 5134 3690 5182 et
3716 5126 3837 5185 558

2218 5266 2258 5299 -‘
2311 5266 3071 5345 (e)Cf.|ib.V,p.510;ibid.
3135 5266 3828 5343 .sssetsat(v,5t.5s.

2313 5342 2382 5396 m
2407 5343 2489 5396 er.
2529 5344 2621 5396 lib.
2658 5342 2722 5396 v.
2753 5357 2805 5396 ι).
2845 5285 3315 5396 505.213.5125.
3355 5340 3461 5396 sic
3498 5339 3690 5396 eum
3728 5268 3828 5396 ni.

2239 5339 2621 5480 Ξρσὲῗΐεόὲίξ).
2658 5339 2725 5409 v;
2753 5357 2805 5413 p.
2845 5340 2981 5410 505,
3013 5339 3315 5407 512,513,
3355 5340 3461 5396 516
3498 5339 3690 5396 eum
3728 5339 3829 5436 (γ,

2313 5486 2387 5557 (g)
2424 5484 2526 5556 (Cf.
2558 5484 2651 5540 lib.
2677 5483 2742 5553 ν,
2766 5499 2820 5558 p.
2854 5485 2996 5553 490;
3040 5483 3170 5541 ibid.
3196 5483 3301 5540 508
3331 5482 3421 5555 (ν,
3451 5482 3543 5539 27.
3568 5482 3682 5554 51).

2243 5631 2296 5758 ig]
2332 5634 2654 5701 testimoniis,
2688 5647 2829 5705 quae
2858 5633 3252 5706 attulit,'supra
3277 5631 3520 5691 excusis.
3547 5633 3824 5699 Amm".

2292 5719 2402 5758 Dl'l‘.

2292 5719 2402 5761 Dl'l‘.
