4056 6276
272 406 381 464 i225

271 525 446 582 cticae
472 520 571 574 arti
598 514 848 589 quamvis

273 618 398 675 ﬁdei
432 616 647 684 dogma,
698 624 798 663 nec
843 602 1079 677 speciem
1116 595 1378 652 visibilem
1409 589 1630 645 omnino
1663 582 1867 640 deserit

274 721 330 768 et
366 679 600 775 abnegat
629 702 710 756 vel
742 699 900 771 (Pag.
925 693 1162 762 XXVIII)
1190 685 1520 748 contemnit,
1551 682 1618 737 ad
1660 679 1865 735 exitum

271 793 557 857 laetiorem
587 793 936 865 perducatur.
971 787 1126 849 Haud
1162 793 1341 838 tamen
1383 777 1716 838 inﬁciamur,
1755 771 1865 827 He-

271 889 405 962 gclii
438 883 894 956 speculationem,
932 877 1221 948 praecipue
1247 872 1292 926 si
1321 885 1439 925 eam
1470 881 1592 922 cum
1635 861 1866 936 philosoJ

273 961 402 1053 phia
433 977 620 1033 critica
657 982 710 1028 et
751 987 873 1027 cum
905 967 1202 1038 subjectivo
1240 961 1518 1017 idealismo
1547 970 1867 1026 compares,

270 1051 342 1128 de
390 1069 698 1127 Christiana
746 1060 1086 1136 philosophia
1127 1067 1182 1113 et
1221 1053 1486 1123 theologia
1518 1051 1719 1121 Optime
1748 1061 1869 1102 esse

270 1164 553 1225 meritam,
587 1168 750 1226 atque
785 1155 948 1209 etiam
981 1151 1243 1220 Erigenae
1285 1145 1502 1215 scriptis
1547 1141 1758 1196 facilius
1795 1138 1871 1192 in-

273 1250 586 1321 telligendis
615 1244 1011 1322 quodammodo
1042 1248 1192 1296 certe
1212 1240 1354 1293 viam
1385 1234 1680 1306 aperuisse.
1716 1229 1871 1284 Deni-

270 1360 385 1415 que
410 1356 601 1398 omnes
631 1339 720 1409 qui
751 1336 990 1392 auctoris
1013 1332 1183 1389 nostri
1213 1329 1430 1385 lectioni
1456 1325 1868 1382 convenientem

271 1452 498 1508 Operam
529 1432 827 1495 navabunt,
844 1430 1074 1485 libenter
1099 1427 1262 1480 etiam
1287 1422 1499 1476 illorum
1524 1415 1872 1473 reminiscen-

279 1541 375 1585 tur
403 1538 729 1600 temporum,
759 1522 958 1594 quibus
986 1529 1094 1574 tam
1142 1517 1243 1571 Iide
1279 1516 1502 1570 credere
1523 1552 1536 1576 ,
1586 1523 1749 1579 quam
1780 1520 1870 1558 ra-

275 1624 432 1676 tione
457 1633 636 1674 rerum
669 1632 865 1672 nexum
891 1623 945 1669 et
973 1626 1162 1666 causas
1189 1607 1537 1676 inuestigare,
1563 1609 1617 1655 et
1642 1600 1871 1653 alterum

278 1713 442 1772 alteri
493 1709 819 1774 conciliare,
866 1705 1175 1763 hominibus
1206 1699 1378 1771 magis
1423 1699 1475 1751 in
1522 1700 1771 1765 promptu
1818 1697 1872 1744 et

234 1879 238 1882 η
274 1815 541 1877 tanquam
591 1801 835 1858 naturale
883 1798 1023 1863 fuit;
1065 1795 1261 1865 quippe
1305 1791 1415 1860 qui,
1455 1793 1872 1858 quantacunque

271 1895 388 1952 fuit
429 1893 569 1949 illius
611 1891 725 1946 aevi
767 1887 1034 1961 asperitas
1071 1894 1124 1939 et
1156 1880 1438 1942 violentia,
1485 1888 1661 1932 tamen
1706 1885 1866 1939 saepe

274 1988 522 2046 divinam
549 1984 822 2058 quandam
852 1979 1240 2036 sublimitatem
1272 1989 1392 2028 eum
1416 1969 1720 2026 humilitate
1741 1965 1872 2034 piis-

273 2079 444 2144 sima,
461 2075 657 2131 mentis
675 2077 1052 2144 paupertatem
1081 2079 1201 2121 eum
1232 2062 1503 2117 uberrima
1528 2067 1870 2112 aeternarum

275 2171 576 2230 veritatum
618 2164 968 2227 abundantia,
1000 2162 1163 2216 vitam
1193 2169 1248 2214 et
1277 2154 1497 2230 grandia
1544 2167 1706 2222 Opera
1747 2163 1869 2201 cum

269 2261 618 2338 cogitatione
665 2257 770 2313 alta
819 2265 872 2313 et
921 2253 1185 2328 profunda
1237 2248 1562 2316 conjungere
1595 2240 1867 2297 sciverint.

276 2331 419 2414 Eam
447 2335 515 2410 ab
540 2367 759 2408 causam
784 2350 890 2407 illis
913 2348 1159 2418 contigit,
1190 2353 1256 2420 ut
1270 2341 1480 2396 facilius
1502 2331 1872 2408 philosophiae

270 2454 342 2504 el
381 2457 616 2522 ροθεεοιε
655 2457 776 2502 cum
816 2440 1078 2511 religione
1122 2436 1408 2496 unionem,
1452 2443 1614 2502 quam
1662 2439 1786 2476 vera
1821 2429 1876 2473 et

811 391 1058 454 exeas.
1101 389 1150 444 ι.
1193 359 1389 443 δοοῒῐ
1428 376 1650 437 SUPER
1685 363 2107 424 lliii.—\itt".lll.t5l
2145 358 2559 417 CAELESTEM
2598 357 2655 414 s.
2696 353 3015 412 DIONYSII.

3413 348 3559 416 ’126

875 511 1071 573 faveat,
1099 517 1274 560 tamen
1305 515 1406 555 nec
1433 493 1737 554 historiam,
1763 502 1862 541 nec
1892 489 1934 546 Α
1969 489 2188 534 aeterna
2220 479 2338 532 idea
2367 475 2692 545 expostulat,
2717 486 2991 543 quamque
3015 469 3260 527 nonnum
3289 470 3556 528 recentio-

1971 588 2090 627 rum
2124 582 2396 642 tamquam
2424 569 2741 640 pr0pbetico
2769 567 3002 634 quodam
3041 578 3232 618 somno
3259 563 3436 619 denuo
3461 563 3554 620 de-

1968 668 2209 724 siderare
2235 647 2547 735 coeperunt,
2581 670 2689 714 tam
2723 661 2776 713 in
2809 658 2938 720 vita,
2971 672 3134 726 quam
3165 657 3217 711 in
3245 657 3464 728 scriptis
3494 671 3555 714 re

1956 774 2095 822 (vera
2121 756 2442 831 exprimere.
2465 750 2759 822 potuerint.
2792 748 2978 816 Itaque
3008 746 3188 815 magni
3221 746 3379 816 hujus
3408 747 3558 816 inge-

1969 851 2044 907 nii
2071 849 2274 917 eiiigies
2301 854 2533 916 ponatur
2551 845 2710 914 juxta
2754 839 3017 910 imagines
3041 835 3221 890 Dantii
3239 875 3254 900 ,
3285 836 3553 890 Bonaven~

1972 953 2143 1006 turae,
2177 940 2228 994 .l.
2259 937 2525 1001 Boehmii,
2551 945 2951 1006 paucorumque
2974 928 3223 992 aliorum,
3245 927 3336 996 qui
3362 925 3556 994 injuria

1970 1033 2286 1102 temporum'
2319 1027 2590 1099 paulisper
2631 1023 2904 1094 oppressi,
2950 1028 3007 1074 et
3051 1017 3159 1073 situ
3195 1016 3470 1071 obscurati
3501 1023 3560 1072 et

1971 1139 2109 1194 pene
2136 1122 2326 1193 ignoti,
2357 1133 2499 1174 nunc
2525 1116 2744 1170 tandem
2772 1129 2856 1177 ea,
2887 1126 2994 1182 qua
3023 1110 3206 1172 decet,
3233 1107 3378 1161 inter
3403 1105 3560 1162 Chri-

1971 1217 2178 1272 stianos
2207 1213 2558 1284 philosophos
2591 1219 2646 1264 et
2681 1217 2866 1280 poetas
2906 1219 3037 1276 prae
3076 1202 3272 1258 ceteris
3323 1200 3562 1256 eminen-

1974 1316 2060 1362 tes
2110 1307 2348 1377 gandent
2392 1303 2567 1374 gratia
2609 1309 2667 1355 et
2711 1297 3037 1354 reverentia.
3091 1293 3210 1347 lam
3252 1269 3578 1362 quicunque.

1973 1400 2153 1456 divina
2181 1409 2236 1454 et
2261 1408 2482 1452 aeterna
2507 1395 2682 1450 adhuc
2705 1389 3255 1460 suspiratis,eamque
3277 1383 3560 1439 sectamini

1975 1504 2030 1548 et
2057 1493 2251 1547 amatis
2278 1490 2636 1561 sapientiam,
2688 1499 2828 1556 quae
2875 1497 3066 1538 omnes
3114 1493 3241 1533 vere
3291 1476 3562 1546 sapientes

1974 1586 2093 1642 luce
2122 1601 2217 1642 sua
2249 1583 2544 1647 illuminat,
2579 1580 2694 1634 sive
2739 1577 2888 1648 parvi
2917 1575 3048 1639 sint,
3077 1573 3192 1627 sive
3231 1569 3444 1638 magni,
3492 1567 3566 1622 sit

1976 1677 2130 1732 vobis
2155 1676 2258 1730 hoc
2284 1674 2546 1742 Erigenae
2577 1674 2986 1725 monumentum
3008 1655 3314 1734 profundae
3342 1667 3398 1712 et
3422 1656 3565 1728 paci-

1976 1769 2126 1824 I'crae
2149 1766 2515 1831 delectationi,
2548 1761 2892 1825 institutioni,
2929 1767 2986 1814 et
3021 1755 3230 1810 validae
3275 1753 3329 1806 in
3373 1757 3564 1806 sancta

1895 1863 1941 1922 B
1971 1861 2076 1917 (Ide
2104 1868 2158 1916 et
2185 1861 2386 1929 pietate
2416 1853 2835 1910 continuationi.
2863 1849 3056 1906 Venite
3075 1856 3130 1902 et
3151 1852 3364 1918 gustate
3399 1855 3566 1913 quam

1978 1954 2160 2009 suavis
2191 1953 2261 2006 sit
2297 1950 2592 2005 Dominus!

2051 2066 2358 2152 Monasterii
2390 2062 2842 2136 Gucstpbalorum
2871 2059 2903 2113 4
2930 2057 3052 2113 Jan.
3087 2053 3242 2109 l858.

2783 2173 2846 2230 C.
2875 2172 2937 2227 B.
2969 2169 3310 2230 SCHLUETEB,

2656 2266 2912 2321 Privatim
2935 2264 3124 2318 docens
3145 2255 3498 2328 philosophiae

2614 2341 2666 2393 in
2732 2337 2872 2405 regia
2928 2325 3212 2405 Academia
3264 2325 3543 2405 liorussica

2566 2437 2573 2444 -
2672 2400 3458 2471 monasteriiGuestphalorum.

310 2574 3566 2648 mw

993 2686 2009 2966 JOANNIS
2147 2760 2859 2926 SCOTI

1225 3109 2397 3276 EXPOSITION
2409 3101 2639 3257 ES

585 3437 949 3604 SUPER
1025 3420 1762 3604 IERARCIIIAM
1841 3413 2502 3570 CAELESTEM
2574 3409 2673 3564 s.
2745 3398 3296 3596 manu].

1391 3801 1627 3858 Ood.\"at.
1653 3801 1761 3860 63"),
1788 3812 1889 3848 sec.
1917 3812 2019 3848 χι..
2052 3834 2064 3846 .
2104 3832 2115 3844 .
2155 3830 2167 3842 .
2206 3831 2218 3842 .
2256 3829 2267 3842 .
2310 3829 2323 3843 .
2363 3829 2372 3840 .
2410 3791 2450 3839 Α

1387 3893 1502 3941 Cod.
1526 3890 1656 3940 Mon.
1690 3901 1780 3937 ms.
1807 3885 1888 3934 lat.
1913 3883 2026 3944 380,
2053 3893 2154 3930 sec.
2183 3889 2265 3927 xu.
2305 3912 2317 3924 .
2358 3914 2370 3925 .
2406 3875 2445 3924 Β

1393 3971 1623 4034 Ejusdem
1645 3972 1825 4020 codicis
1857 3966 2009 4016 altera
2034 3975 2222 4010 manus.
2261 3996 2272 4007 .
2311 3995 2324 4008 .
2362 3995 2374 4008 .
2399 3956 2460 4006 Β*

1485 4083 1546 4095 -
1730 4077 1790 4088 -
1856 4050 2000 4099 tertia
2097 4071 2155 4080 —
2212 4079 2224 4091 .
2265 4079 2276 4089 .
2316 4076 2328 4090 .
2368 4039 2490 4088 .B"

1391 4145 1510 4198 Cod.
1537 4142 1873 4205 Brugcnsisn.
1906 4139 1949 4196 l,
1975 4149 2077 4185 sec.
2109 4147 2185 4182 xw
2211 4127 2292 4178 vel
2315 4143 2378 4178 xv
2403 4127 2478 4189 0.]

1240 4311 2716 4358 ψ

1692 4463 2241 4549 INCIPIUNT

749 4676 1900 4896 EXPOSITIONES
1975 4658 2634 4797 JOANNIS
2693 4652 3152 4787 seen

550 4885 586 4932 ᾖ
897 4892 900 4896 “
1864 4904 2088 4964 SUPER

924 5088 1691 5284 Etracides
1746 5075 2153 5230 sancti
2238 5069 2824 5248 πίοπηβὶἰ

2745 5061 2815 5110 Η
2893 5046 2950 5101 1.

1810 5357 2109 5376 ﬂ

861 5491 1277 5571 _CAP1TULUM
1317 5490 1358 5544 ι.

399 5601 590 5664 Sancti
632 5568 874 5671 Dionysii
917 5586 1275 5660 Areopagitae
1300 5583 1321 5615 '
1352 5580 1560 5656 primus
1607 5575 1767 5639 liber,
1815 5568 1908 5641 qui

1939 5485 1984 5549 (ξ
2017 5469 2330 5529 inscribitur
2376 5464 2446 5521 de
2491 5457 2715 5518 caelesti
2761 5449 3030 5513 terarchia
3055 5487 3072 5515 ,
3118 5461 3187 5502 xv
3233 5439 3594 5514 capitulorum
3633 5465 3640 5472 ρ

2019 5564 2160 5622 serie
2184 5557 2511 5620 contexitur,
2537 5563 2771 5624 quorum
2795 5543 2954 5619 primi
2975 5539 3306 5600 titulusaest:
3335 5528 3601 5602 Quoniam

1570 5688 1850 5776 'VARIAE
1887 5677 2293 5742 LECTIONES.

1935 5782 1974 5800 ,ει

414 5836 535 5910 ut
561 5831 804 5906 dyonisii.
844 5829 926 5884 sic
962 5825 1178 5896 ubique.
1255 5788 1681 5878 δ”άεόῑιίεεεζέῑε
1711 5788 1974 5876 ιιιιίειιιρῖυ
2025 5801 2044 5832 ι
2073 5799 2118 5854 Α
2138 5795 2181 5850 B
2211 5793 2252 5851 c
2280 5790 2619 5862 ariopagitae.
