4056 6276
1530 230 1609 261 "K.

519 349 624 406 {27

1648 336 2149 400 EXPOSITIONES
2183 334 2465 394 JOANNIS
2506 335 2708 395 SCOTI

3682 333 3788 392 128

523 458 691 514 omnis
728 456 908 511 divina
943 452 1263 510 illuminatio
1302 451 1588 509 secundum
1631 453 1907 510 bonitatem
1958 453 2099 507 varie
2124 455 2175 514 Α
2202 464 2270 504 ne
2302 448 2538 514 mireris,
2560 450 2704 521 quod
2732 448 2993 516 diximus,
3024 448 3227 505 nullam
3256 446 3602 506 substitutam
3624 464 3784 507 crea-

517 553 571 604 in
611 567 671 604 ea
695 589 710 611 ,
738 564 869 618 quae
895 547 1133 616 praevisa
1162 555 1305 611 sunt,
1334 546 1658 613 proveniens,
1692 546 1793 600 ltoc
1834 554 1935 610 est,
1966 560 2099 614 quo-

522 640 668 696 niam
696 638 909 693 divinae
936 636 1192 693 bonitatis
1221 636 1396 691 omnis
1424 636 1765 702 illuminatio,
1795 653 1934 707 quae
1963 637 2100 691 mul-

524 731 780 800 tipliciter
813 729 866 783 in
893 743 978 792 ea,
1012 744 1151 797 quae
1192 727 1437 797 praevisa
1484 738 1630 793 sunt,
1680 727 1924 784 facienda
1974 742 2097 796 pro-

519 821 690 884 cedit,
718 827 891 872 manet
922 817 1111 888 simpla
1137 817 1190 871 in
1217 815 1391 881 seipse
1420 816 1460 880 ί,
1490 826 1564 881 et,
1609 817 1736 870 dum
1787 816 2100 871 diffunditur

526 911 906 967 universaliter
929 910 985 965 in
1013 924 1076 964 ea
1099 910 1144 974 ⁸,
1173 924 1311 979 quae
1354 918 1499 974 sunt,
1529 916 1587 963 ut
1629 907 1768 973 sint,
1800 908 1923 976 quia
1956 906 2098 960 nulla

524 1002 630 1056 alia
656 1010 740 1056 est
766 1016 944 1055 rerum
971 999 1211 1054 omnium
1233 999 1565 1054 sensibilium
1598 1006 1653 1053 et
1682 997 2097 1067 intelligibilium

522 1090 866 1147 subsistentia
888 1098 1108 1161 praeter
1133 1089 1346 1145 divinae
1368 1089 1623 1145 bonitatis
1652 1088 2098 1143 illuminationem

519 1191 575 1236 et
603 1180 975 1245 diffusionem,
1005 1195 1112 1236 non
1148 1180 1342 1234 desinit
1371 1195 1491 1235 esse
1532 1179 1584 1233 in
1623 1195 1680 1234 se
1719 1180 1831 1248 ipsa
1872 1179 2098 1249 simplex

521 1281 576 1325 et
621 1270 962 1324 inexhausta.
1013 1269 1108 1325 Est
1137 1269 1281 1323 enim
1312 1268 1433 1324 fons
1462 1283 1567 1323 non
1613 1267 1900 1333 deﬁciens,
1946 1277 2001 1321 et
2043 1268 2099 1322 in

460 1423 463 1426 ἠ
523 1361 726 1424 omnia,
759 1374 898 1428 quae
931 1366 1076 1422 sunt,
1124 1357 1330 1412 inﬁnita
1374 1358 1761 1413 numerositate
1807 1357 2096 1428 proﬂuens.

520 1454 588 1508 Et
617 1467 721 1523 non
754 1450 926 1506 solum
958 1450 1011 1504 in
1041 1450 1220 1504 omnia
1254 1457 1512 1504 manatet
1540 1450 1807 1519 provenit,
1841 1460 1899 1502 ιιι
1925 1450 2100 1503 subsi-

521 1550 696 1607 stant,
731 1556 915 1596 verum
957 1539 1119 1595 etiam
1148 1539 1168 1570 ³
1199 1540 1471 1606 universa,
1504 1555 1643 1609 quae
1673 1555 1739 1594 ex
1786 1540 1900 1608 ipsa
1921 1581 1935 1606 ,
1965 1550 2020 1594 et
2044 1541 2100 1596 in

517 1634 632 1704 ipsa
651 1673 665 1697 ,
696 1641 752 1687 et
793 1646 892 1702 per
921 1631 1093 1701 ipsam
1124 1631 1455 1697 subsistunt,
1484 1631 1536 1685 in
1568 1647 1729 1686 unam
1776 1630 2100 1689 ineﬁ‘abilem

518 1723 858 1779 harmoniam
880 1722 901 1754 ’⁵
929 1731 1166 1793 coaptat,
1191 1722 1262 1776 ita
1288 1722 1418 1777 utin
1446 1723 1796 1778 universitate
1822 1724 2097 1793 multiplex

518 1924 682 1962 unum
714 1907 823 1962 sint
851 1921 949 1977 per
976 1905 1571 1977 incomprehensibilem
1598 1906 2001 1960 adunationem.
2033 1905 2099 1960 Et

424 1997 437 2005 ⁸
516 2000 620 2054 hoc
650 2008 736 2054 est
778 1999 922 2069 quod
966 1998 1043 2053 ait
1070 2015 1085 2052 :
1116 2005 1300 2052 manet
1348 1996 1535 2067 simpla
1564 2004 1618 2051 et
1646 2014 1748 2050 non
1778 1998 1874 2050 hoc
1903 1996 2095 2062 solum,

513 2093 603 2147 sed
641 2092 859 2160 uni/ient
891 2088 1211 2155 illuminata,
1244 2090 1347 2143 hoc
1371 2096 1477 2154 est,
1512 2104 1610 2159 per
1647 2104 1798 2143 suam
1830 2089 2098 2143 illumina-

515 2185 807 2239 tionem-et
834 2182 1238 2254 processionem
1290 2180 1455 2236 facta.
1487 2180 1656 2235 Totus
1694 2182 1880 2251 itaque
1911 2181 2097 2236 titulus

512 2285 594 2330 est
618 2271 776 2345 primi
801 2273 1053 2344 capituli:
1077 2272 1339 2338 Quoniam
1362 2273 1529 2327 omnis
1551 2273 1728 2327 divina
1751 2273 2091 2340 illuminatio,

420 2363 431 2371 ’
512 2363 798 2419 secundum
848 2362 1130 2417 bonitatem
1181 2363 1324 2416 varie
1376 2363 1429 2416 in
1471 2363 1680 2434 provisa
1709 2362 1730 2393 ⁸
1758 2354 2089 2432 ῥνουεηὶεηε,

514 2461 686 2507 manet
716 2450 928 2523 simpla,
955 2459 1003 2506 et
1035 2468 1137 2506 non
1161 2451 1258 2505 hoc
1286 2450 1476 2518 solum,
1503 2451 1593 2506 sed
1639 2451 1857 2521 uniﬁcat
1895 2451 2096 2506 illumi-

517 2554 665 2598 nata.

586 2633 700 2706 δι.
740 2631 918 2703 Ipsum
970 2646 1100 2686 vero
1146 2631 1441 2701 capitulum
1491 2646 1555 2688 ex
1605 2634 1869 2688 sententia
1904 2631 2092 2690 Jacobi

512 2724 742 2798 apostoli
764 2724 999 2780 orditur:
1018 2722 1183 2778 Omne
1202 2723 1384 2777 datum
1397 2723 1674 2793 optimum,
1689 2726 1773 2779 vel
1801 2734 1859 2778 ut
1872 2739 2093 2795 expres-

513 2818 627 2872 sius
656 2817 721 2870 de
746 2816 913 2870 verbo
944 2814 998 2868 in
1046 2814 1267 2869 verbum
1300 2811 1658 2892 transferatur
1689 2832 1702 2868 :
1734 2816 1913 2871 omnis
1942 2816 2089 2872 datio

514 2908 738 2979 Optima,
751 2917 798 2960 et
819 2922 968 2960 omne
982 2905 1175 2959 donum
1187 2904 1472 2975 perfectum
1484 2905 1610 2960 desu
1623 2922 1758 2960 rsum
1771 2917 1866 2972 est,
1879 2907 2093 2961 descen-

511 3000 638 3055 dens
661 3018 693 3054 a
715 3008 862 3070 patre
883 2996 1159 3052 luminum.
1188 2998 1337 3065 Quae
1358 2998 1653 3069 apostolica
1674 3000 1936 3055 sententia
1954 3000 2093 3055 divi-

512 3107 637 3147 nam
659 3091 929 3146 dationem
951 3104 1016 3143 ex
1043 3089 1223 3143 divina
1255 3089 1543 3145 donatione
1572 3090 1807 3146 mirabili
1829 3091 2093 3147 discernit

512 3183 845 3248 diﬁ'erentia,
894 3183 1150 3252 optimam
1201 3182 1416 3252 quidem
1457 3182 1728 3237 dationem
1768 3183 2092 3238 universalis

512 3286 796 3332 creaturae
842 3273 1211 3330 substitutioni
1253 3272 1601 3337 distribuens,
1645 3273 1938 3344 perfectam
1967 3289 2094 3330 vero

519 3367 867 3422 donationem
892 3365 1106 3421 divinae
1121 3364 1329 3434 gratiae
1344 3363 1582 3432 largitati
1598 3380 1613 3430 ;
1632 3367 1884 3433 quoniam
1911 3381 2093 3434 omne,

516 3460 659 3531 quod
689 3467 792 3524 est,
837 3456 1049 3513 duobus
1076 3456 1248 3511 modis
1277 3456 1513 3510 divinam
1561 3457 1851 3526 participat
1880 3458 2096 3513 bonita-

513 3560 639 3615 tem,
663 3564 889 3620 quorum
917 3547 1125 3619 primus
1162 3547 1216 3600 in
1242 3545 1550 3602 conditione
1574 3556 1800 3601 naturae
1823 3557 1928 3612 est,
1960 3548 2098 3603 alter

515 3642 569 3697 in
596 3639 975 3695 distributione
1004 3637 1212 3708 gratiae
1237 3628 1583 3707 perspicitur.
1617 3636 1764 3691 Nihil
1784 3637 1982 3708 quippe
2011 3645 2099 3692 est

512 3742 570 3797 in
624 3736 916 3795 universali
965 3744 1256 3800 creatura,
1305 3734 1451 3804 quod
1497 3733 1583 3790 his
1636 3733 1842 3789 duobus
1889 3743 2093 3788 careat.

511 3832 771 3889 Subsistit
811 3829 957 3887 enim
993 3844 1176 3893 omne,
1226 3828 1369 3897 quod
1399 3834 1515 3893 est,
1548 3841 1611 3881 ac
1639 3815 1872 3881 divinae
1894 3826 2101 3897 gratiae

506 3927 661 3998 juxta
688 3921 1100 3978 convenientem
1130 3918 1231 3974 sibi
1263 3917 1564 3988 analogiam
1587 3917 1861 3987 particeps
1891 3926 1994 3971 est.
2029 3916 2099 3971 Et

515 4013 834 4079 notandum,
869 4011 1011 4082 quod
1038 4026 1144 4066 non
1167 4009 1486 4080 simpliciter
1512 4016 1596 4064 est
1624 4009 1826 4064 dictum
1857 4024 1870 4060 :
1907 4007 2092 4062 Omnis

514 4105 659 4159 datio
685 4104 879 4175 Optima
897 4111 945 4156 et
967 4117 1118 4155 omne
1137 4101 1332 4155 donum
1345 4099 1650 4172 perfectum.
1665 4099 2097 4155 Primordialiter

510 4198 711 4268 quippe
758 4196 813 4250 in
840 4194 1126 4259 omnibus,
1168 4207 1307 4264 quae
1352 4201 1499 4257 sunt,
1544 4193 1821 4262 praecedit
1866 4193 2049 4248 datum
2075 4193 2097 4226 '

510 4298 759 4355 naturale
782 4298 1161 4363 substitutum,
1182 4295 1269 4351 cui
1295 4296 1688 4366 subsequenter
1709 4296 1731 4327 ⁸
1757 4296 2103 4352 distribuitur

509 4395 785 4469 perfectae
806 4395 1111 4452 donationis
1130 4401 1500 4464 augmentum.
1521 4393 1592 4447 Et
1616 4401 1677 4448 ut
1699 4394 1842 4450 scias
1863 4394 2098 4452 dationis

510 4506 565 4555 et
585 4496 889 4553 donationis
908 4494 1403 4551 manifestissimam
1427 4494 1833 4562 discretionem,
1862 4495 2092 4564 intuere,
2121 4521 2175 4584 υ

512 4599 657 4672 quod
690 4599 767 4654 ait
794 4617 807 4653 :
838 4596 1023 4654 Omnis
1043 4597 1190 4652 datio
1216 4597 1437 4669 optima,
1466 4597 1572 4654 hoc
1594 4607 1698 4664 est,
1739 4598 1916 4655 omnis
1939 4614 2092 4656 crea-

513 4714 664 4760 turae
709 4702 1023 4760 substitutio
1052 4702 1208 4757 valde
1253 4702 1430 4769 bona;
1475 4701 1616 4758 sicut
1657 4702 1921 4773 scriptum
1964 4710 2088 4759 est:

515 4823 535 4857 ι
571 4806 639 4862 Et
664 4806 800 4861 vidit
836 4805 1014 4871 Deus,
1042 4814 1098 4860 et
1124 4819 1252 4862 ecce
1279 4804 1461 4859 omnia
1498 4803 1635 4858 bona
1676 4804 1831 4861 valde
1868 4825 1915 4862 ι.
1943 4804 2090 4873 Quo-

510 4909 659 4963 niam
682 4923 809 4963 vero
829 4906 1027 4962 nullius
1042 4906 1351 4962 substitutio
1371 4905 1610 4976 perfecta
1624 4905 1714 4971 sit,
1731 4905 1834 4959 nisi
1857 4905 1923 4960 ad
1938 4903 2096 4960 Crea-

512 5018 687 5065 torem
716 5016 1081 5072 convertatur,
1113 5007 1358 5077 sequitur
1385 5024 1398 5060 :
1426 5016 1476 5060 et
1518 5023 1670 5061 omne
1697 5006 1892 5060 donum
1923 5005 2094 5075 perfe-

510 5122 671 5167 ctum.
698 5110 981 5168 Praecedit
999 5111 1180 5181 itaque
1192 5109 1396 5180 optima
1412 5116 1640 5164 naturae
1655 5108 1987 5172 substitutio,
2005 5105 2096 5163 cui

511 5216 579 5272 ad
608 5215 991 5288 perfectionem
1018 5214 1235 5271 additur
1262 5214 1331 5270 ad
1346 5213 1661 5271 Creatorem
1689 5205 2096 5268 conversio.'Et

2207 551 2418 607 turam,
2468 542 2573 596 nisi
2615 554 2961 599 convertatur
2993 545 3058 598 ad
3103 541 3447 608 Creatorem,
3487 543 3785 613 perfectam

2202 632 2319 687 ﬁeri
2350 649 2526 703 posse.
2564 634 2699 689 Vera
2729 636 2994 705 siquidem
3022 636 3178 689 docet
3208 634 3367 698 ratio,
3396 635 3575 688 omnia
3596 676 3610 699 ,
3643 650 3791 705 quae

2204 734 2350 789 sunt,
2383 726 2448 779 ad
2485 740 2702 781 causam
2737 743 2912 789 suam,
2955 743 3021 781 ex
3052 742 3181 796 qua,
3208 735 3262 780 et
3292 742 3389 795 per
3417 741 3599 795 quam,
3632 737 3690 781 et
3728 729 3787 783 in

2202 830 2307 885 qua
2359 816 2699 882 subsistunt,
2748 826 2808 871 ut
2859 817 3230 886 perficiantur,
3283 818 3573 887 respicere.
3623 819 3793 873 Intel-

2203 906 2453 962 lectualia
2484 908 2697 976 quidem
2750 919 2805 961 et
2854 907 3135 963 rationalia
3180 902 3538 963 immediate"
3563 925 3662 979 per
3704 924 3789 975 se,

2205 997 2477 1051 intellectu
2505 1012 2632 1051 vero
2658 1005 2712 1051 et
2740 997 2950 1053 ratione
2974 995 3214 1051 carentia
3239 995 3471 1067 quadam
3494 980 3794 1053 medietate

2205 1087 2607 1142 rationabilium
2634 1098 2686 1142 et
2713 1087 3129 1159 intelligibilium
3156 1086 3494 1157 interposita,
3526 1087 3590 1141 ad
3619 1104 3794 1141 unum

2207 1179 2577 1234 universitatis
2600 1179 2921 1250 principium
2951 1188 3364 1234 convertuntur.
3396 1176 3579 1233 Omnis
3611 1179 3797 1249 itaque

2205 1273 2351 1326 datio
2399 1273 2616 1341 optima,
2661 1282 2708 1326 et
2759 1272 2927 1327 omnis
2971 1271 3186 1325 donatio
3217 1270 3479 1342 perfecta,
3510 1270 3798 1323 desursum

2204 1372 2301 1428 est,
2344 1361 2398 1416 id
2436 1371 2539 1427 est,
2573 1362 2853 1416 desursum
2885 1360 3193 1425 descendit;
3239 1375 3268 1414 a
3295 1374 3423 1430 quo,
3453 1359 3555 1414 nisi
3582 1375 3609 1413 a
3640 1358 3802 1415 fonte

2207 1453 2459 1508 inelfabili
2493 1454 2735 1507 omnium
2765 1452 3051 1520 bonorutn,
3082 1468 3112 1505 a
3139 1451 3301 1505 Patre
3324 1451 3623 1506 luminum?
3646 1453 3803 1519 Quo-

2207 1561 2420 1617 cunque
2465 1545 2608 1599 enim
2648 1560 2738 1600 seu
2786 1559 2945 1599 sensu
2972 1558 3234 1612 corporeo
3261 1543 3304 1573 ‘°
3337 1542 3801 1608 internuntiante,

2208 1651 2300 1692 seu
2340 1652 2475 1706 puro
2501 1635 2773 1691 intellectu
2803 1635 3180 1706 investigante,
3204 1633 3258 1688 in
3284 1634 3638 1689 universitate
3662 1649 3805 1688 con—

2166 1716 2319 1781 'dita
2371 1727 2439 1781 ad
2486 1726 2748 1796 liquidum
2796 1725 3093 1794 percipitur
3140 1732 3303 1800 atque
3346 1724 3689 1794 cognoscitur
3734 1724 3807 1778 in

517 1813 588 1867 sit
616 1813 636 1844 ⁸
662 1829 758 1883 per
784 1812 1048 1871 inﬁnitam
1070 1811 1595 1882 multiplicationem,
1623 1822 1677 1865 et
1705 1813 1757 1866 in
1784 1813 1897 1882 ipsa
1919 1813 2100 1867 omnia
2126 1801 2175 1860 Β

2203 1817 2680 1872 substitutionibus
2730 1824 2957 1871 naturae
3000 1824 3055 1870 et
3094 1815 3518 1885 perfectionibus
3547 1814 3805 1885 gratiae,
3882 1810 3889 1815 ’

2203 1927 2309 1965 non
2348 1911 2565 1965 aliunde
2613 1911 2716 1965 ttisi
2764 1926 2793 1964 a
2838 1909 2997 1963 Patre
3035 1910 3296 1963 luminum
3333 1908 3594 1979 procedit.
3623 1907 3809 1963 Pater

2204 2010 2384 2057 autem
2421 2001 2682 2056 luminum
2712 2013 2796 2056 est
2823 2001 2983 2055 Pater
3019 1982 3306 2065 caelestis,
3338 1998 3517 2056 lumen
3548 1999 3808 2071 primum

2203 2102 2366 2164 atque
2392 2093 2665 2159 intimum,
2697 2108 2727 2147 a
2756 2107 2863 2162 quo
2890 2092 3068 2146 lumen
3095 2105 3307 2156 verum,
3333 2089 3568 2145 Verbum
3603 2105 3807 2155 suum,

2200 2201 2301 2256 per
2343 2186 2485 2256 quod
2531 2184 2671 2240 facta
2703 2193 2827 2239 sunt
2862 2184 3041 2238 omnia
3061 2224 3077 2249 ,
3107 2194 3161 2237 et
3192 2182 3234 2214 “
3261 2181 3317 2236 in
3339 2196 3445 2252 quo
3494 2181 3812 2236 substituta

2201 2283 2329 2330 sunt
2371 2275 2573 2341 omnia,
2604 2275 2913 2346 unigenitus
2948 2274 3117 2329 Filius
3146 2289 3277 2329 suus
3299 2272 3564 2339 nascitur,
3590 2288 3620 2327 a
3648 2286 3819 2343 quo,

2202 2367 2364 2422 Patre
2395 2354 2538 2432 dico,
2577 2364 2930 2421 coessentiale
2975 2365 3079 2420 sibi
3127 2364 3416 2434 Verboque
3460 2376 3556 2418 suo
3596 2361 3809 2417 lumen

2200 2462 2448 2532 procedit
2488 2461 2530 2491 ι’
2556 2458 2794 2531 Spiritus
2835 2469 3076 2526 sanctus,
3100 2459 3318 2530 spiritus
3356 2457 3530 2512 Patris
3555 2466 3606 2511 et
3632 2457 3809 2524 Filii,

2198 2552 2257 2606 in
2301 2566 2407 2621 quo
2456 2560 2511 2607 et
2551 2567 2650 2622 per
2689 2566 2850 2621 quem
2895 2552 3212 2608 donationes
3255 2550 3551 2619 gratiarum
3599 2548 3814 2604 distri-

2198 2642 2440 2697 buuntur
2476 2644 2529 2698 in
2560 2644 2760 2699 omnia.
2794 2644 2863 2699 Et
2892 2645 3026 2700 haec
3056 2652 3144 2700 est
3184 2643 3326 2698 trina
3371 2642 3492 2707 lux,
3540 2649 3591 2697 et
3639 2641 3810 2698 trina

2196 2733 2431 2800 bonitas,
2473 2743 2583 2790 tres
2630 2735 2963 2796 subStantiae
3005 2735 3060 2790 in
3108 2750 3217 2789 una
3246 2734 3513 2800 essentia,
3538 2732 3697 2788 Pater
3732 2741 3809 2789 et

2196 2822 2367 2880 Filius
2396 2834 2451 2879 et
2477 2822 2711 2894 Spiritus
2751 2833 3002 2891 sanctus,
3034 2838 3174 2879 unus
3214 2822 3379 2889 Deus,
3410 2838 3515 2877 una
3542 2822 3805 2891 bonitas,

2196 2930 2363 2970 unum
2388 2915 2567 2969 lumen
2595 2914 2843 2970 diffusum
2876 2915 2930 2969 in
2955 2915 3158 2979 omnia,
3175 2929 3314 2985 quae
3340 2922 3486 2977 sunt,
3513 2923 3572 2969 ut
3591 2929 3806 2970 essen-

2197 3007 2399 3063 tialiter
2427 3008 2747 3073 subsistant,
2779 3006 3067 3077 splendens
3089 3007 3143 3061 in
3172 3008 3444 3073 omnibus,
3468 3021 3606 3077 quae
3631 3019 3810 3076 sunt,

2197 3108 2259 3154 ut
2287 3100 2340 3153 in
2363 3114 2602 3154 amorem
2625 3109 2680 3154 et
2712 3098 3093 3170 cogitationem
3127 3099 3544 3171 pulchritudinis
3573 3098 3617 3131 ¹³
3648 3115 3812 3157 suae

2202 3200 2590 3248 convertantur
2605 3193 2806 3257 omnia,
2825 3193 3234 3262 supereminens
3253 3192 3460 3259 omnia,‘
3469 3206 3605 3263 quae
3629 3202 3810 3261 sunt,

2202 3296 2262 3342 ut
2288 3285 2638 3357 perfectionis
2682 3300 2811 3341 suae
2859 3286 3193 3356 plenitudine
3221 3284 3472 3340 fruantur
3494 3286 3695 3351 omnia,
3731 3296 3806 3343 et

2202 3378 2255 3433 in
2304 3379 2422 3449 ipso
2464 3379 2647 3433 omnia
2692 3394 2857 3434 unum
2890 3380 3016 3434 sint.
3048 3379 3094 3432 A
3125 3379 3290 3436 Patre
3314 3380 3496 3450 itaque
3517 3379 3809 3440 luminum

2209 3471 2390 3527 omnia
2417 3471 2619 3525 lumina
2653 3472 3005 3527 descendunt.

2276 3563 2382 3619 Sed
2429 3564 2658 3619 fortasse
2684 3564 2807 3634 quis
2832 3562 3028 3625 dixerit
3057 3581 3068 3616 :
3099 3561 3379 3629 Quomodo
3416 3560 3615 3627 omnia,
3642 3577 3811 3631 quae

2205 3665 2352 3721 sunt,
2380 3655 2582 3710 lumina
2610 3656 2767 3710 sunt?
2795 3655 3053 3723 Quamvis
3083 3657 3228 3709 enim
3253 3654 3575 3709 universitas
3599 3670 3810 3712 rerum

2204 3748 2445 3803 omnium
2473 3748 2516 3778 ”
2544 3762 2573 3801 a
2612 3746 2772 3801 Patre
2799 3761 2894 3817 per
2915 3746 3109 3801 Filium
3139 3754 3194 3801 et
3234 3745 3494 3817 Spiritum
3538 3756 3810 3806 sanctum

2205 3841 2417 3895 condita
2440 3839 2530 3903 sit,
2564 3837 2730 3892 Pater
2755 3839 2950 3907 quippe
2983 3837 3117 3903 vult,
3148 3837 3315 3893 Filius
3343 3837 3491 3903 facit,
3524 3853 3809 3909 coopera-

2203 3940 2292 3987 tur
2327 3931 2561 4000 Spiritus
2582 3938 2820 3994 sanctus,
2846 3930 3063 4001 proprie
3094 3938 3272 3983 tamen
3300 3938 3355 3984 et
3384 3930 3689 4000 specialiter
3724 3934 3809 3991 de

2205 4022 2656 4078 intellectualibus
2706 4029 2761 4076 et
2817 4020 3170 4076 rationalibus
3219 4021 3435 4076 condita
3494 4021 3697 4077 lumina
3768 4042 3809 4081 ι

2202 4114 2365 4170 Patre
2404 4113 2673 4169 luminum
2714 4127 2811 4185 per
2856 4114 3095 4183 genitum
3141 4111 3323 4168 lumen
3370 4128 3571 4185 perque
3602 4114 3806 4174 lumen

2203 4207 2504 4277 procedens
2533 4212 2746 4275 oportet
2775 4202 3111 4274 praedicari,
3142 4213 3323 4259 cetera
3352 4220 3481 4259 vero
3513 4205 3632 4275 plus
3661 4206 3808 4263 illu-

2205 4298 2422 4361 minari,
2452 4312 2615 4366 quam
2647 4295 2850 4349 lumina
2877 4310 3015 4358 esse,
3047 4295 3314 4349 credenda
3338 4297 3490 4351 sunt!
3525 4294 3629 4351 Sed
3654 4297 3809 4357 huic

2204 4388 2447 4445 consulta
2500 4388 2708 4443 ratione
2757 4386 2913 4442 facile
2968 4401 3257 4457 possumus
3316 4388 3658 4457 respondere.
3723 4390 3812 4449 Et

2204 4482 2380 4553 primo
2418 4481 2634 4551 quidem
2658 4480 2983 4537 dicendum:
3015 4480 3061 4535 si
3095 4479 3258 4534 Pater
3293 4479 3556 4535 luminum
3596 4496 3696 4552 per
3729 4499 3807 4540 se

2201 4572 2378 4643 ipsum
2405 4569 2493 4625 lux
2524 4578 2625 4635 est,
2655 4586 2830 4641 neque
2857 4570 3008 4625 enim
3045 4569 3209 4625 Pater
3249 4568 3511 4625 luminum
3540 4578 3711 4637 esset,
3743 4574 3804 4631 si

2197 4663 2253 4719 in
2278 4678 2338 4719 se
2372 4662 2487 4733 ipso
2516 4662 2608 4717 lux
2644 4676 2753 4717 non
2779 4663 3119 4728 subsisteret,
3147 4660 3354 4729 omnia,
3385 4677 3523 4731 quae
3550 4660 3704 4728 fecit,
3732 4664 3801 4721 in

2198 4755 2462 4825 sapientia
2492 4768 2588 4810 sua
2617 4753 2764 4819 fecit,
2798 4768 2938 4824 quae
2968 4762 3026 4810 et
3048 4754 3165 4824 ipsa
3190 4753 3282 4808 lux
3321 4753 3483 4820 est",
3514 4754 3796 4824 quoniam

2197 4845 2569 4903 coessentialis
2612 4845 2761 4901 Patri
2812 4845 3076 4901 luminum
3120 4842 3204 4902 est
3248 4864 3262 4900 :
3310 4846 3570 4917 numquid
3620 4844 3800 4905 aliter

2200 4937 2618 4992 existimandum
2649 4937 2751 4993 nisi
2786 4936 2920 5013 ut.“
2948 4937 3131 4992 omnia
3154 4977 3169 5003 ,
3193 4950 3334 5007 quae
3378 4935 3541 4992 Pater
3584 4935 3677 4991 lux
3728 4954 3798 4995 tn

2195 5030 2478 5100 sapientia,
2502 5031 2839 5086 coessentiali
2867 5031 2970 5085 sibi
2994 5030 3114 5085 luce
3135 5030 3394 5097 condidit,
3419 5030 3621 5086 Iumina
3640 5045 3795 5088 oon-

2197 5123 2305 5179 dita
2335 5123 2626 5179 credantur
2671 5131 2727 5178 et
2775 5123 3177 5195 intelligantur?
3222 5122 3384 5178 Pater
3424 5132 3603 5178 autem
3645 5139 3795 5181 suae

2197 5218 2494 5288 sapientiae
2526 5216 2688 5273 Pater
2713 5223 2813 5272 est.
2852 5216 3019 5288 Igitur
3054 5216 3331 5284 omnium,
3381 5232 3520 5288 quae
3574 5216 3629 5271 iit
3676 5232 3793 5275 sua

1785 5392 2041 5450 VARIAE
2077 5391 2478 5452 LECTIONES.

562 5531 604 5588 Δ¹
633 5554 725 5612 Sic
770 5551 882 5611 ΔΒ.
955 5553 977 5586 '
1005 5552 1049 5609 B
1078 5554 1132 5608 in
1171 5569 1233 5608 ea
1254 5541 1633 5606 universaliter.

512 5626 754 5697 ubique,
808 5622 1268 5697 'Bsitmultiples.
1346 5620 1527 5676 ‘SicA
1560 5622 1619 5674 B.

516 5766 709 5823 lumen.
787 5766 903 5824 “A
937 5765 979 5819 Β
1022 5763 1411 5835 pulcritudinis,
1458 5763 1537 5820 sic
1582 5764 1800 5835 ubique.

1721 5548 2181 5605 'Buerumtamen.
2210 5550 2251 5605 C
2276 5560 2330 5603 ut
2360 5549 2714 5605 subsisterent.
2749 5566 2880 5605 vere.
2926 5550 3104 5606 etiam.

1709 5621 1727 5651 τ
1748 5620 1787 5673 Β
1812 5622 2004 5675 donum
2027 5622 2227 5675 datum.

513 5690 675 5762 diale,
714 5695 793 5752 sic
836 5694 952 5751 fere
998 5690 1195 5763 ubique
1236 5693 1291 5746 in
1335 5701 1458 5746 ante
1500 5708 1569 5758 m,
1612 5690 1630 5744 l
1674 5707 1780 5746 non
1830 5692 2183 5745 adsimilatur.

1882 5764 1927 5793 "‘
1960 5763 2000 5816 Β
2030 5764 2259 5819 omnium
2306 5779 2498 5817 rerum.

3191 5549 3215 5581 ⁸
3243 5550 3333 5605 AB
3365 5552 3679 5618 armoniam,
3698 5552 3792 5610 sic

2327 5622 2345 5652 ⁸
2371 5622 2791 5684 B'subsistenter,
2819 5620 2879 5674 Β*
2902 5622 3355 5675 corr.substitulo.
3444 5621 3523 5675 Ἀ
3548 5622 3589 5675 Β
3610 5623 3793 5678 inme-

2276 5692 2317 5723 ²⁰
2347 5709 2590 5759 corporeo
2636 5708 2745 5745 om.
2790 5691 2854 5746 Β.
2955 5694 2995 5723 ¹¹
3026 5703 3072 5745 et
3104 5710 3212 5747 om.
3242 5694 3301 5746 Β.

3408 5693 3449 5724 ’³
3477 5690 3518 5745 Β
3541 5694 3786 5763 procedit

2578 5762 2622 5793 ¹⁸
2661 5772 2735 5818 est
2783 5778 2889 5816 out.
2942 5761 2999 5817 Β.

3080 5763 3124 5794 ¹⁶
3162 5773 3215 5817 ut
3246 5780 3353 5821 om.
3387 5762 3447 5818 Β.
