4056 6276
273 493 379 549 129

1131 491 1357 549 SUPER
1389 494 1813 552 IERARCHIAM
1852 493 2263 553 CAELESTEM
2302 493 2360 550 S.
2401 494 2718 552 DlONYSll.

3418 500 3521 555 150

268 602 534 672 sapientia
557 599 714 668 fecit,
745 603 860 674 ipse
902 603 1064 659 Pater
1092 619 1212 660 esse
1239 621 1461 662 necesse
1488 618 1592 674 est,
1625 609 1836 665 scilicet
1861 611 1914 671 Α
2005 606 2235 663 Pulchre
2255 607 2710 679 igiturtbeologus
2729 607 2895 662 Deum
2914 607 3127 665 Patrem
3148 610 3410 669 luminum
3426 632 3519 686 pa-

266 693 510 750 Patrem.
540 692 696 761 Quod
725 695 887 749 etiam
918 696 1032 765 ipse
1068 697 1327 752 Dominus
1350 699 1627 755 evidenter
1652 702 1848 756 astruit

263 785 495 840 dicens:
538 803 556 835 ι
608 784 884 841 Conﬁteor
931 787 1068 852 tibi,
1126 788 1350 844 Domine
1407 789 1566 847 Pater
1611 791 1744 848 caeli
1791 800 1847 848 et

266 884 452 930 terrae
483 895 528 928 ι.
561 875 657 930 Est
683 885 739 931 et
765 877 869 931 alia
897 879 1066 943 ratio,
1114 896 1254 950 quae
1300 881 1597 938 luculenter
1635 886 1842 951 edocet,

260 967 486 1023 omnino
523 979 826 1023 creaturam
870 969 1137 1025 visibilem
1184 980 1239 1026 et
1291 973 1616 1029 invisibilem
1661 975 1844 1030 lumen

260 1073 386 1113 esse
433 1058 710 1113 conditum
757 1074 786 1112 a
837 1059 996 1115 Patre
1043 1060 1328 1116 luminum.
1363 1062 1420 1118 Si
1449 1065 1593 1119 enim
1633 1080 1844 1121 summa

259 1150 500 1214 bonitas,
523 1165 662 1220 quae
683 1150 825 1204 Deus
844 1160 945 1216 est,
968 1154 1169 1219 omnia,
1185 1169 1325 1223 quae
1344 1155 1535 1222 voluit,
1559 1168 1843 1228 propterea

261 1238 413 1300 fecit,
463 1248 542 1303 ut,
591 1240 847 1309 quoniam
877 1256 975 1310 per
1008 1243 1237 1312 seipsam
1267 1244 1550 1302 invisibilis
1588 1257 1644 1302 et
1689 1247 1840 1304 inac-

259 1331 532 1386 cessibilis
588 1330 676 1386 lux
707 1340 812 1397 est,
869 1347 1082 1404 omnem
1133 1349 1349 1389 sensum
1408 1345 1461 1390 et
1512 1337 1842 1393 intellectum

257 1437 558 1490 superans,
586 1436 682 1492 per
708 1437 793 1488 ea,
825 1438 963 1492 quae
1010 1423 1078 1479 ab
1114 1425 1264 1495 ipsa‘
1306 1425 1446 1482 facta
1489 1437 1633 1493 sunt,
1678 1429 1841 1484 veluti

251 1526 356 1582 per
373 1512 634 1580 quasdam
661 1512 1063 1569 lucubrationes
1078 1515 1098 1544 ²
1115 1515 1167 1568 in
1193 1517 1438 1571 notitiam
1465 1517 1843 1574 intellectualis

255 1612 315 1657 et
339 1604 622 1660 rationalis
641 1614 928 1662 creaturae
950 1609 1123 1677 possit
1145 1609 1491 1674 descendere,
1514 1615 1656 1681 quod
1677 1613 1841 1667 etiam

251 1693 543 1762 Apostolus
589 1697 813 1762 edocet,
860 1699 938 1752 ait
979 1699 1123 1753 enim
1164 1718 1178 1753 :
1235 1719 1254 1750 ‹
1299 1700 1590 1756 lnvisibilia
1638 1701 1756 1770 ejus
1811 1717 1839 1757 a

259 1796 514 1840 creatura
545 1789 730 1842 mundi
755 1804 853 1858 per
885 1804 971 1855 ea,
1019 1806 1158 1860 quae
1201 1791 1343 1846 facta
1386 1803 1542 1857 sunt,
1574 1794 1840 1850 intellecta

251 1879 667 1947 conspiciuntur
701 1900 719 1933 ›
759 1895 774 1933 :
808 1881 937 1952 quid
964 1883 1182 1949 mirum,
1211 1883 1255 1938 si
1298 1900 1479 1950 omne,
1510 1885 1650 1955 quod
1695 1885 1843 1940 inac-

1950 705 2087 752 trem
2101 695 2354 767 appellat,
2373 697 2625 767 quoniam
2649 697 2718 751 ab
2732 697 2848 767 ipso
2870 708 2995 753 sunt
3017 702 3220 768 omnia,
3243 702 3297 757 in
3317 704 3514 774 quibus

1948 796 2003 843 et
2025 803 2121 856 per
2149 801 2287 856 quae
2299 787 2548 842 omnibus
2565 803 2623 843 se
2645 787 2976 854 manifestat,
2999 791 3252 848 etinluce
3277 808 3406 848 suae
3437 812 3522 850 sa-

1946 880 2183 950 pientiae
2201 879 2418 934 luminis
2429 879 2732 935 conformia
2748 879 2970 935 uniﬁcat
2983 881 3198 936 etfacit.
3219 883 3410 938 Beatus
3425 902 3518 940 au-

1951 977 2054 1024 tem
2076 969 2363 1039 Dionysius
2376 971 2580 1024 Athena
2589 987 2706 1025 rum
2726 971 3012 1040 episcopus
3027 973 3092 1026 de
3107 973 3321 1028 caelesti
3346 976 3515 1030 ierar-

1945 1060 2086 1124 cliia,
2103 1060 2206 1114 hoc
2223 1068 2324 1125 est,
2354 1061 2420 1114 de
2440 1060 2657 1116 caelesti
2683 1061 2990 1129 episcOpatu
3019 1063 3516 1130 supermundalium

1948 1151 2228 1216 virtutum,
2245 1151 2505 1220 inquibus
2534 1152 2767 1206 maxime
2789 1161 2844 1206 et
2892 1152 3260 1222 principaliter
3273 1155 3520 1224 postpri-

1946 1243 2237 1299 mordiales
2256 1258 2445 1298 causas
2478 1255 2632 1313 pater
2659 1244 2918 1298 luminum
2946 1245 3067 1299 data
3097 1260 3190 1300 sua
3218 1247 3420 1316 Optima
3465 1255 3522 1302 ει

1946 1333 2084 1388 dona
2116 1349 2211 1387 sua
2231 1332 2467 1402 perfecta
2488 1342 2544 1388 et
2570 1333 2891 1402 multiplicat
2913 1334 2965 1388 in
2993 1334 3284 1399 inﬁnitum,
3314 1335 3440 1389 etin
3464 1349 3525 1390 se

1946 1422 2119 1492 ipsum
2137 1432 2352 1478 revocat
2371 1423 2424 1478 in
2445 1439 2632 1488 unum,
2656 1424 2840 1480 volens
2863 1426 3099 1480 scribere
3116 1425 3358 1495 praefata
3373 1427 3523 1482 theo-

1946 1513 2140 1584 logica,
2157 1513 2418 1568 tbeoriam
2433 1529 2587 1570 orsus
2600 1524 2702 1580 est,
2733 1530 2896 1584 quam
2921 1515 3224 1585 subsequen
3234 1525 3314 1571 ter
3333 1515 3522 1586 expla-

1945 1612 2060 1668 nat,
2087 1604 2306 1660 tlicens:
2333 1603 2439 1657 Sed
2460 1617 2507 1658 et
2535 1605 2700 1658 omnis
2730 1602 2890 1659 Patre
2919 1618 3055 1660 moto
3084 1607 3524 1676 manifestationis

1952 1695 2203 1749 ‘uminum
2229 1696 2510 1765 processio,
2550 1697 2604 1749 in
2633 1713 2726 1750 nos
2751 1698 2939 1766 optime
2956 1697 3176 1768 aclarge
3197 1701 3520 1766 proveniens,

1945 1789 2133 1842 iterum
2146 1799 2200 1843 ut
2227 1789 2423 1857 uniﬁca
2445 1791 2606 1843 virtus
2636 1807 2729 1844 nos
2761 1790 2940 1860 replet,
2970 1803 3015 1844 et
3033 1793 3279 1844 convertit
3305 1791 3373 1844 ad
3395 1808 3513 1845 cono

1945 1882 2204 1950 gregantis
2223 1878 2401 1934 Patris
2423 1882 2463 1911 “
2493 1880 2745 1936 unitatem
2773 1892 2822 1936 et
2852 1884 3091 1951 deiﬁcum
3113 1883 3518 1953 simplicitatem.

256 1969 570 2025 cessibiletn
617 1970 790 2026 lucem
838 1973 1068 2042 quodam
1121 1975 1279 2030 modo
1310 1957 1354 2040 ',
1399 1985 1459 2030 ut
1504 1977 1838 2035 accessibilis
1868 1987 1914 2047 Β
1942 1972 2205 2038 Quoniam
2233 1973 2450 2028 beatum
2484 1973 2743 2030 Jacobum
2779 1975 2845 2030 de
2874 1977 3216 2046 processione
3258 1987 3310 2030 et
3340 1975 3520 2030 multi-

246 2061 346 2125 sit,
375 2062 528 2130 puris
556 2061 922 2119 intellectibus
948 2067 1279 2131 introducit,
1312 2067 1493 2122 lumen
1524 2067 1836 2124 illuminans

245 2151 487 2215 animos,
507 2162 560 2208 et
583 2154 633 2207 in
656 2156 1016 2226 cognitionem
1037 2156 1312 2214 Creatoris
1335 2159 1414 2212 sui
1439 2172 1532 2220 eos
1555 2173 1833 2223 revocans,

243 2242 396 2296 nulla
431 2245 640 2300 ratione
661 2247 1284 2318 obstantcintelligatur?
1317 2249 1475 2305 Verbi
1497 2250 1694 2320 gratia,
1724 2266 1792 2304 ex
1815 2249 1838 2282 ‘

242 2335 461 2389 intimis
478 2344 702 2391 naturae
724 2338 1004 2392 ordinibus
1023 2339 1334 2410 paradigma
1357 2355 1652 2395 sumamus.
1676 2339 1838 2410 Lapis

245 2426 358 2481 iste
393 2428 471 2482 vel
496 2429 598 2482 hoc
625 2428 831 2499 lignum
863 2430 993 2484 mihi
1014 2430 1035 2461 ⁵
1065 2430 1243 2484 lumen
1269 2439 1353 2484 est
1379 2447 1392 2495 ;
1422 2440 1477 2485 ct
1513 2430 1557 2485 si
1598 2431 1835 2501 quaeris,

242 2520 551 2587 quomodo,
579 2521 716 2575 ratio
764 2536 850 2575 me
890 2522 1138 2578 admonet
1169 2521 1208 2584 ⁸,
1245 2530 1302 2575 ut
1335 2521 1427 2576 tibi
1459 2523 1833 2591 respondeam,

244 2609 402 2664 hunc
451 2608 537 2664 vel
580 2610 726 2665 hunc
775 2610 1008 2682 lapidem
1050 2612 1412 2667 consideranti
1441 2613 1460 2643 ⁷
1495 2612 1659 2666 multa
1705 2613 1837 2667 mihi

247 2707 589 2764 occurrunt,
639 2715 778 2769 quae
823 2701 1059 2754 animum
1097 2717 1274 2756 meum
1325 2702 1646 2757 illuminant.
1702 2703 1836 2758 Eum

243 2791 457 2862 quippe
483 2793 854 2848 animadverto
880 2795 1172 2872 subsistere
1199 2796 1402 2850 bonum
1434 2805 1489 2849 ει
1528 2795 1836 2866 pulchrum,

242 2885 551 2941 secundum
571 2889 842 2958 propriam
861 2887 1158 2959 analogiam
1179 2903 1320 2953 esse,
1339 2903 1536 2964 genere
1555 2889 1838 2958 specieque

244 2989 352 3046 per
393 2974 753 3031 differentiam
785 2993 816 3032 a
841 2979 1037 3034 ceteris
1065 2994 1250 3034 rerum
1281 2980 1573 3050 generibus
1611 2988 1668 3033 et
1711 2994 1837 3049 spe-

242 3068 440 3122 ciebus
464 3069 760 3140 segregari,
783 3083 1009 3124 numero
1031 3085 1150 3136 suo,
1175 3086 1282 3142 quo
1309 3088 1472 3126 unum
1498 3070 1696 3140 aliquid
1721 3070 1833 3136 ﬁt“,

243 3161 547 3228 contineri,
575 3161 820 3217 ordinem
855 3178 1010 3218 suum
1037 3178 1142 3217 non
1171 3164 1452 3227 excedere,
1471 3163 1648 3218 locum
1679 3177 1836 3217 suum

234 3251 398 3322 juxta
417 3253 499 3307 sui
523 3254 774 3324 ponderis
800 3254 1113 3324 qualitatem
1139 3265 1344 3326 petere.
1370 3255 1514 3311 Haec
1535 3255 1834 3325 horumque

1941 2063 2232 2134 plicatione
2275 2064 2577 2120 divinorum
2609 2065 2872 2121 luminum
2901 2082 2997 2137 per
3031 2068 3154 2122 data
3207 2078 3434 2123 naturae
3462 2076 3518 2122 et

1941 2156 2080 2208 dona
2110 2154 2316 2225 gratiae
2348 2155 2682 2212 solummodo
2717 2157 2936 2212 videbat
2957 2158 3176 2224 dixisse,
3208 2159 3275 2212 de
3311 2159 3505 2213 aduna‘

1942 2246 2088 2300 tione
2121 2261 2248 2300 vero
2273 2261 2482 2312 eorum,
2543 2247 2704 2318 inque
2755 2247 2958 2304 fontem
2984 2265 3142 2304 suum
3182 2249 3524 2305 restitutione

1941 2338 2174 2405 siluisse,
2211 2341 2404 2395 merito
2457 2340 2598 2394 lianc
2646 2342 2970 2396 sententiam
3029 2341 3312 2396 subnectit.
3351 2341 3426 2395 Ac
3477 2341 3524 2395 si

1941 2432 2143 2486 diceret
2169 2449 2180 2484 :
2213 2431 2330 2488 Non
2373 2433 2545 2488 solum
2573 2434 2698 2488 data
2730 2442 2785 2488 ct
2812 2434 2953 2488 dona
2984 2433 3188 2498 divina,
3216 2449 3354 2502 quae
3402 2442 3526 2502 post

1942 2523 2213 2593 angelicas
2244 2524 2574 2579 substantias
2623 2525 2676 2578 in
2715 2524 2965 2578 humanis
3023 2523 3291 2578 mentibus
3345 2523 3519 2577 adhuc

1941 2618 2158 2671 mortali
2189 2635 2350 2673 carne
2377 2621 2615 2691 gravatis
2655 2619 2890 2673 maxime
2915 2619 3365 2682 ﬁunt,desursum
3393 2626 3523 2670 sunt

1941 2723 1972 2762 a
2004 2719 2158 2778 patre
2187 2709 2448 2765 luminum
2483 2711 2884 2778 descendentia,
2936 2725 3121 2764 verum
3150 2709 3311 2762 etiam
3342 2709 3522 2762 omnis

1940 2802 2218 2870 processio
2249 2801 2463 2856 divinae
2487 2801 2916 2866 illuminationis,
2947 2816 3086 2870 quae
3133 2799 3388 2855 ineffabili
3422 2815 3515 2870 pa-

1941 2897 2097 2944 terno
2127 2899 2273 2945 motu
2299 2891 2354 2945 in
2407 2906 2504 2946 nos
2534 2891 2902 2961 copiosissime
2925 2901 2978 2945 ει
3005 2890 3373 2960 multipliciter
3396 2907 3524 2959 pros

1940 2982 2111 3045 venit,
2141 2982 2333 3036 iterum
2364 2981 2478 3051 ipsa
2523 2989 2906 3051 congruenter,
2936 2981 3059 3035 dum
3099 2981 3168 3035 sit
3199 2980 3370 3034 virtus
3425 2995 3525 3033 nos

1942 3071 2207 3126 uniﬁcans
2237 3081 2399 3142 atque
2435 3073 2744 3136 restituens,
2771 3087 2866 3126 sua
2899 3071 3070 3142 gratia
3112 3068 3294 3140 implet
3319 3079 3372 3122 et
3393 3085 3524 3122 cou-

1938 3163 2100 3216 vertit
2132 3163 2198 3216 ad
2250 3163 2424 3234 ipsum
2453 3161 2686 3227 Patrem,
2737 3164 2828 3232 qui
2854 3164 2919 3216 ad
2951 3177 3008 3216 sc
3038 3169 3345 3232 congregat,
3386 3175 3526 3229 quae

1944 3270 1973 3308 a
2020 3270 2078 3309 sc
2097 3257 2417 3326 procedunt,
2454 3266 2508 3310 ct
2538 3257 2590 3310 in
2619 3271 2678 3310 se
2716 3255 2940 3310 uniﬁcat
2965 3255 3200 3319 diversa,
3227 3264 3281 3309 ct
3307 3253 3522 3308 deiﬁcat

241 3344 446 3399 similia
470 3346 600 3400 dum
638 3347 691 3400 in
733 3346 836 3402 hoc
864 3346 1039 3416 lapide
1069 3362 1256 3413 cerno,
1286 3347 1489 3403 lumina
1519 3348 1648 3402 mihi
1671 3347 1827 3412 ﬁunt,
1860 3347 1906 3406 C
1938 3345 2038 3400 sibi
2069 3345 2391 3414 conformia,
2414 3355 2468 3402 et
2485 3347 2752 3416 simplicat
2777 3348 2818 3377 ¹¹
2859 3347 3021 3401 veluti
3053 3347 3105 3400 in
3134 3346 3398 3401 inﬁnitam
3420 3361 3523 3400 nu-

243 3435 355 3491 hoc
382 3444 488 3500 est,
517 3452 605 3491 me
631 3436 951 3493 illuminant.
982 3437 1230 3510 Cogitare
1265 3440 1407 3495 enim
1451 3439 1671 3510 incipio,
1697 3441 1838 3494 unde

242 3526 302 3581 ei
335 3526 460 3580 talia
492 3535 639 3591 sunt,
673 3540 728 3583 ει
754 3528 989 3596 intueor,
1011 3531 1151 3598 quod
1178 3529 1377 3585 nullius
1421 3540 1704 3586 creaturae
1725 3531 1839 3584 sive

239 3620 482 3675 visibilis
499 3621 614 3675 sive
636 3621 925 3678 invisibilis
939 3625 1356 3695 participatione
1372 3625 1690 3680 naturaliter
1705 3627 1839 3680 haec

243 3710 301 3770 ei
321 3713 527 3777 insunt,
543 3729 610 3768 ac
629 3730 750 3769 mox
776 3716 984 3770 ratione
1007 3717 1143 3772 duce
1164 3732 1326 3787 super
1343 3718 1593 3772 omniain
1618 3733 1838 3774 causam

245 3805 495 3859 omnium
522 3807 852 3875 introducor,
870 3825 934 3864 ex
951 3824 1055 3878 qua
1068 3810 1317 3865 omnibus
1332 3811 1482 3866 locus
1495 3820 1550 3866 et
1569 3811 1722 3875 ordo,
1743 3828 1842 3864 nu-

249 3911 439 3950 merus
458 3905 513 3950 et
537 3898 744 3967 species
770 3914 1058 3970 genusque,
1089 3901 1301 3956 bonitas
1317 3909 1371 3956 et
1396 3901 1840 3971 pulcliritudo’et

252 3989 526 4053 essentia,
555 3999 842 4060 ceteraque
887 3991 1013 4046 data
1041 4001 1096 4046 et
1135 3992 1273 4047 dona
1304 3993 1717 4048 distribuuntur.
1753 3992 1841 4047 Si-

251 4080 467 4136 militer
494 4083 558 4138 de
581 4087 723 4140 omni
754 4095 1022 4152 creatura,
1047 4101 1076 4139 a
1103 4101 1314 4141 summo
1339 4085 1385 4116 ¹⁰
1410 4101 1579 4156 usque
1601 4086 1668 4140 ad
1691 4086 1842 4140 deor-

252 4190 413 4238 sum,
452 4175 552 4230 boc
589 4185 694 4245 est,
724 4178 792 4234 ab
821 4178 1169 4234 intellectuali
1209 4194 1377 4249 usque
1409 4178 1477 4233 ad
1519 4193 1737 4248 corpus,
1770 4177 1837 4232 ad

249 4265 470 4323 laudem
501 4267 774 4326 Creatoris
811 4270 1172 4325 referentibus
1207 4286 1327 4324 eam
1372 4278 1426 4326 et
1474 4285 1532 4325 se
1574 4270 1752 4340 ipsos,
1786 4277 1843 4325 et

255 4356 427 4412 Deum
473 4375 630 4414 suum
674 4361 908 4416 studiose
937 4362 1343 4431 quaerentibus,
1374 4368 1431 4416 et
1468 4361 1521 4415 in
1563 4361 1838 4426 omnibus,

251 4465 396 4518 quae
427 4462 574 4518 sunt,
601 4468 724 4508 eum
754 4453 998 4508 invenire
1020 4454 1353 4519 ardentibus,
1377 4462 1432 4510 et
1457 4469 1618 4525 super
1635 4455 1836 4518 omnia,

253 4557 398 4610 quae
425 4552 572 4608 sunt,
599 4559 720 4599 eum
752 4544 973 4601 laudare
998 4545 1341 4618 diligentibus
1362 4545 1453 4601 lux
1477 4547 1840 4602 introductiva

249 4647 368 4701 est,
396 4639 510 4693 suis
537 4640 836 4696 rationibus
863 4641 1218 4697 consideratis
1237 4683 1254 4710 ,
1282 4643 1592 4713 liquidoque
1642 4644 1840 4698 mentis

1944 3437 2311 3492 merositatem
2369 3437 2736 3506 multiplicata.
2802 3437 2916 3504 Qua
2987 3436 3030 3467 ³³
3083 3446 3259 3490 autem
3315 3436 3523 3491 ratione

1941 3534 2328 3608 πατροκίνητος,
2356 3530 2407 3584 id
2439 3539 2544 3595 est,
2592 3541 2745 3600 pater
2770 3538 2949 3585 motus
2979 3547 3007 3582 a
3035 3528 3258 3584 Graecis
3288 3529 3522 3593 dicatur,

1944 3636 2048 3674 non
2079 3620 2372 3690 incongrue
2399 3620 2695 3688 quaeritur.
2727 3620 3005 3686 Quomodo
3043 3620 3188 3674 enim
3214 3618 3523 3673 immutabi-

1943 3710 2010 3766 lis
2040 3721 2306 3777 movetur,
2335 3711 2420 3766 vel
2449 3729 2481 3767 a
2519 3728 2626 3782 quo
2652 3724 2916 3778 movetur,
2945 3713 3029 3768 vel
3057 3714 3108 3766 in
3135 3713 3262 3782 quid
3292 3711 3339 3743 ¹⁶
3367 3722 3420 3767 ει
3452 3711 3520 3765 ad

1946 3803 2076 3872 quid
2098 3813 2366 3867 movetur,
2399 3819 2505 3859 non
2535 3805 2868 3861 infructuose
2893 3822 2922 3858 a
2947 3806 3282 3876 sapientibus
3305 3805 3524 3861 investi-

1945 3902 2122 3964 gatur.
2152 3894 2330 3951 Movet
2363 3895 2528 3964 igitur
2558 3897 2794 3965 seipsum
2820 3911 2924 3950 non
2956 3895 3222 3962 localiter,
3254 3913 3359 3952 non
3392 3906 3526 3952 tem-

1943 3985 2222 4056 poraliter,
2248 3987 2342 4041 sed
2370 3986 2412 4016 ιδ
2442 3989 2963 4056 superessentialiter
2992 4003 3153 4057 super
3173 3988 3287 4042 loca
3309 3997 3364 4042 et
3389 3995 3523 4040 tem-

1941 4097 2073 4151 pora
2103 4090 2350 4136 movetur
2390 4097 2421 4135 a
2461 4082 2655 4151 seipso.
2690 4080 2842 4134 Nulla
2888 4080 3153 4150 siquidem
3179 4095 3338 4134 causa
3365 4094 3525 4149 prae-

1942 4175 2106 4239 cedit,
2134 4188 2274 4243 quae
2315 4174 2487 4244 ipsum
2533 4183 2763 4238 moveat,
2791 4189 2911 4226 cum
2958 4173 3162 4243 sitipse
3189 4171 3360 4242 prima
3392 4187 3524 4225 una-

1941 4283 2047 4338 que
2073 4282 2238 4322 causa
2251 4267 2492 4322 omnium
2519 4251 2783 4321 motuum.
2813 4266 2929 4336 ipse
2949 4273 3031 4320 est
3052 4274 3230 4320 motus
3251 4272 3305 4318 et
3325 4272 3522 4330 status,

1942 4375 2122 4419 motus
2149 4361 2356 4418 stabilis
2381 4371 2435 4417 et
2472 4371 2643 4416 status
2679 4360 2910 4416 mobilis.
2930 4360 3046 4427 Quo
3065 4367 3406 4430 argumento,
3436 4359 3524 4413 dic

1943 4473 2166 4527 quaeso,
2213 4456 2479 4527 approbas
2531 4455 2860 4510 immobilem
2908 4453 3124 4509 Patrem
3155 4453 3396 4508 moveri?
3445 4452 3523 4506 Ex

1945 4553 2162 4606 nomine
2193 4558 2563 4622 argumentor.
2595 4548 2652 4604 Si
2705 4547 2922 4617 quaeris
2960 4561 3154 4601 nomen
3187 4545 3338 4611 illud,
3373 4544 3518 4598 audi.

1944 4640 2000 4694 ln
2029 4651 2256 4711 utraque
2285 4639 2486 4709 lingua,
2519 4653 2712 4710 graeca
2745 4638 2994 4693 videlicet
3018 4637 3312 4705 latinaque,
3365 4634 3527 4689 Pater

251 4730 500 4783 contuitu
532 4733 852 4802 perspicuis.
881 4732 1020 4788 Hinc
1041 4743 1140 4797 est,
1165 4735 1307 4803 quod
1333 4734 1652 4790 universalis
1675 4735 1834 4805 hujus
1868 4729 1913 4789 D
1940 4746 2196 4798 vocatur;
2217 4741 2270 4785 et
2293 4745 2483 4802 graece
2497 4731 2711 4800 quidem
2735 4730 3074 4799 componitur
3087 4733 3277 4805 πατήρ,
3294 4729 3393 4781 lIOC
3416 4739 3519 4790 (δεῖν

251 4820 443 4874 mundi
460 4819 665 4877 fabrica
687 4823 1175 4878 maximumlumen
1198 4824 1278 4890 ﬁt,
1301 4839 1368 4880 ex
1390 4825 1574 4880 multis
1593 4826 1836 4894 partibus

252 4910 424 4965 veluti
453 4929 519 4968 ex
551 4915 732 4971 multis
763 4916 999 4973 lucernis
1033 4927 1397 4987 compactum,
1429 4919 1496 4974 ad
1527 4919 1837 4990 iutelligibi-

252 5001 391 5057 lium
420 5019 602 5060 rerum
634 5023 798 5078 puras
827 5010 1037 5079 species
1063 5010 1378 5066 revelandas
1407 5019 1462 5066 et
1502 5012 1836 5067 contuendas

254 5095 460 5150 mentis
497 5098 642 5164 acie,
682 5098 865 5154 divina
904 5100 1074 5171 gratia
1109 5110 1164 5156 et
1209 5102 1435 5157 rationis
1461 5116 1563 5173 cpe
1591 5103 1644 5158 in
1673 5104 1836 5159 corde

257 5185 501 5244 fidelium
526 5191 829 5247 sanientum
860 5192 1300 5265 cooperantibus.

1945 4829 2112 4881 πάντα
2136 4833 2302 4897 τηρῶν
2327 4822 2391 4887 ¹⁶,
2416 4823 2468 4877 id
2489 4831 2590 4887 est,
2623 4822 2803 4877 omnia
2833 4835 3071 4877 servans.
3105 4820 3219 4874 Non
3255 4819 3295 4850 ”
3326 4818 3419 4872 tibi
3446 4817 3520 4870 vi-

1947 4917 2105 4969 detur
2157 4928 2303 4969 recte
2332 4913 2553 4979 moveri,
2615 4923 2673 4968 ut
2699 4913 2968 4967 custodiat
2993 4912 3192 4973 onmia,
3218 4909 3310 4980 qui
3339 4918 3522 4964 servat

1944 5015 2000 5060 ει
2029 5004 2198 5058 salvat
2223 5005 2423 5065 omnia,
2479 5017 2618 5073 quae
2668 5003 2721 5056 in
2750 5001 3025 5072 unigenito
3051 5017 3147 5056 suo
3195 4999 3353 5055 fecit?
3378 4998 3513 5052 Audi

1944 5097 2106 5152 etiam
2141 5096 2267 5152 illud
2291 5114 2306 5152 :
2341 5095 2497 5152 Pater
2524 5106 2578 5150 et
2606 5094 2747 5150 Deus
2775 5103 3015 5159 vocatur,
3044 5095 3144 5149 hoc
3162 5102 3262 5155 est,
3298 5090 3422 5151 Θεός
3452 5088 3516 5153 ⁸⁸,

1871 5223 1874 5226 ~
1945 5203 2192 5254 currens,
2242 5202 2439 5242 nomen
2486 5203 2518 5242 a
2548 5185 2713 5243 verbo
2762 5183 2949 5252 eis",
2994 5187 3136 5255 quod
3168 5183 3306 5238 idem
3335 5193 3515 5242 curro,

1533 5376 1788 5455 VARIAE
1825 5396 2227 5454 LECTIONES.

338 5553 357 5586 ¹
379 5555 520 5639 Aea.
548 5554 684 5639 ’AB-
717 5556 1128 5639 t‘u'gttbrationes.
1184 5556 1226 5639 ,δ
1320 5556 1723 5639 quodaminodo.
1790 5553 1890 5639 "hB
1908 5542 2050 5639 .u‘t‘a'b
2073 5566 2139 5623 ea:
2162 5552 2373 5639 .(punct.
2403 5551 2720 5639 indigat,_ex
2734 5544 3026 5639 delendum
3334 5545 3515 5639 micni,

260 5627 346 5682 sic
372 5627 589 5696 ubique.
665 5626 692 5697 ξ
716 5626 803 5681 AB
847 5639 1128 5697 ammonet,
1152 5629 1232 5684 sic
1253 5626 1470 5697 ubique.

263 5698 507 5764 claritudo
536 5712 645 5752 om.
670 5696 731 5751 Β.
837 5697 880 5728 ¹⁰
910 5696 950 5750 Β
971 5715 1199 5753 assumo.

264 5770 445 5822 adscr.
495 5766 572 5821 De
598 5776 744 5821 motu
771 5768 955 5834 patris.
1064 5769 1108 5800 “
1145 5767 1238 5824 Sic
1273 5767 1380 5833 BC,
1410 5769 1454 5823 A
1503 5768 1687 5836 inquit.

263 5849 338 5890 εει
369 5849 697 5906 pautateron.

267 5907 336 5978 (Β
357 5907 476 5980 deo)
510 5926 543 5962 a
569 5922 742 5964 veroo.

715 6002 988 6064 Panos.
1032 6003 1290 6064 CXXII.

1554 5627 1574 5658 "
1604 5624 1759 5679 Corr.
1787 5624 1870 5690 B‘,
1895 5625 1983 5678 AB
2032 5625 2386 5680 considerans.

1305 5699 1345 5729 “
1366 5694 1568 5752 'Patris
1597 5712 1705 5752 om.
1738 5695 2058 5766 ABLmarg.
2093 5696 2270 5766 adscr.
2314 5694 2374 5747 B‘

1769 5766 1815 5797 ¹⁵
1853 5764 1894 5818 Β
1932 5764 2032 5831 set,
2051 5768 2128 5822 sic
2163 5764 2274 5818 fere
2322 5766 2535 5834 ubique.

804 5837 845 5870 "
882 5837 971 5894 AC
999 5836 1163 5894 Nam.
1240 5839 1284 5870 ³⁸
1327 5839 1384 5893 Β·
1435 5832 1813 5909 marg/adscr.
1857 5836 2020 5892 theos.

2478 5622 2499 5654 ⁸
2523 5622 2562 5675 Β
2584 5624 2669 5675 sit.
2766 5621 2787 5652 ⁹
2811 5637 2874 5674 ex.
2904 5635 3005 5687 qua
3045 5616 3282 5688 omnibus
3308 5647 3380 5658 —
3403 5618 3520 5688 put-

2490 5693 2532 5724 “
2571 5692 2658 5748 AC
2710 5686 3026 5761 simpli/ient.
3147 5686 3191 5718 ¹⁸
3231 5687 3290 5741 Β·
3331 5686 3516 5761 marg.

2640 5761 2681 5793 ¹⁶
2721 5761 2782 5815 Β·
2810 5759 3000 5830 'marg.
3028 5761 3204 5830 adscr.
3233 5759 3392 5828 patir,
3425 5759 3521 5811 hoc

2121 5835 2163 5868 ³³
2204 5834 2294 5890 Sic
2320 5827 2446 5891 CB"
2482 5835 2497 5886 (
2507 5835 2562 5887 Β·
2596 5835 2712 5887 tlteo
2745 5847 2842 5902 pro
2870 5827 3018 5902 et»);
3078 5827 3166 5885 AB
3202 5827 3386 5885 nomen
3427 5830 3520 5882 θέω

3090 5996 3127 6059 ὅ
