4028 6274
3697 189 3720 203 σ

457 381 556 437 151
1585 373 1866 431 EXPOSI'I
1888 376 2043 431 IUNE

2155 376 2404 432 O.-\NN|S
2445 375 2640 432 SCOTI
3642 378 3746 434 13:!

455 499 758 554 derivatum
816 494 852 547 ¹.
904 492 1084 548 Currit
1117 494 1138 524 ¹
1165 493 1307 548 enim
1345 506 1441 562 per
1483 492 1684 555 omnia,
1719 492 1948 560 impleas
1999 500 2052 545 et
2080 498 2125 556 Α
2156 494 2341 558 tiones,
2364 502 2619 562 quantum
2643 489 2889 561 possibile
2917 499 3012 556 est,
3048 491 3403 562 respiciamus.
3431 490 3550 547 Jam
3601 509 3746 548 nunc

455 588 896 647 substantillcans
926 587 1131 641 omnia.
1165 585 1231 641 Et
1260 586 1384 658 quis
1430 594 1484 640 et
1542 584 1718 656 qualis
1756 585 1777 616 ⁸
1821 595 1903 639 est
1933 585 2050 655 ejus

453 682 668 739 motus?
701 681 935 736 Verbum
967 698 1122 737 suum
1180 690 1362 736 motus
1391 696 1522 736 suus
1547 691 1652 744 est,
1697 696 1878 736 sermo
1921 697 2050 736 suus

452 787 632 833 motus
662 777 777 847 ejus
805 785 909 836 est,
961 775 1027 829 de
1074 790 1181 845 quo
1228 774 1514 831 Psalmista
1553 776 1632 831 ait
1670 794 1682 829 :
1721 794 1740 827 ι
1783 773 2049 830 Velociter

452 871 623 925 currit
653 885 834 923 sermo
869 867 985 937 ejus
1015 889 1062 932 ι,
1099 876 1153 923 et
1201 868 1315 938 ipse
1343 881 1524 922 sermo
1553 868 1617 921 de
1647 882 1705 922 se
1736 867 1850 938 ipso
1876 883 1888 919 ς
1930 884 1946 916 ι
1983 865 2048 919 Et

452 978 654 1026 sermo,
714 961 910 1029 inquit,
961 975 1119 1030 quem
1174 959 1423 1024 audistis,
1455 967 1679 1014 nonest
1736 973 1906 1021 mens,
1953 961 2046 1011 sed

455 1055 721 1109 mittentis
753 1068 838 1107 me
867 1053 1044 1106 Patris
1070 1073 1112 1105 ι.
1155 1051 1286 1104 Audi
1313 1059 1368 1105 et
1397 1039 1560 1105 alium
1591 1060 1796 1105 motum
1846 1048 2046 1112 Patris,

453 1145 894 1202 eocessentialem
925 1143 1023 1199 sibi
1043 1154 1096 1199 et
1129 1143 1260 1199 Filio
1287 1158 1410 1208 suo,
1431 1144 1520 1212 qui
1545 1156 1723 1198 motus
1752 1141 2049 1212 procedens

453 1238 651 1292 dicitur
710 1236 948 1307 Spiritus
1000 1234 1265 1300 veritatis,
1299 1249 1457 1304 quem
1487 1235 1654 1288 mittit
1685 1233 1846 1287 Pater
1871 1233 1922 1286 in
1953 1247 2048 1287 no-

451 1330 598 1386 mine
627 1329 746 1385 Filii
773 1331 874 1384 sui.
907 1328 1128 1385 Summa
1159 1329 1340 1396 itaque
1372 1325 1616 1382 Trinitas
1645 1329 1821 1382 trinus
1857 1328 2047 1381 immo-

451 1423 579 1479 bilis
624 1432 805 1478 :notus
859 1432 983 1478 est:
1025 1419 1185 1476 Pater
1238 1432 1485 1475 movetur
1534 1421 1800 1492 gignendo
1851 1419 2045 1474 Filium

451 1532 633 1582 suum,
664 1518 716 1570 in
739 1531 846 1586 quo
867 1525 916 1570 et
942 1530 1040 1584 per
1060 1529 1216 1584 quem
1239 1512 1364 1568 l‘ecit
1387 1514 1589 1578 omnia;
1615 1512 1782 1566 Filius
1801 1521 2046 1566 movetur

450 1606 661 1675 faciens
690 1622 829 1678 quae
857 1605 969 1658 vult
999 1605 1180 1668 Pater;
1216 1603 1451 1674 Spiritus
1479 1611 1724 1657 movetur
1752 1616 2048 1672 cooperans

448 1696 587 1752 Filio
613 1707 666 1752 ct
697 1695 873 1751 Patris
907 1694 1185 1747 voluntati.

523 1790 596 1842 lle
628 1798 773 1842 motu
799 1802 1048 1841 summae
1076 1786 1336 1842 bonitatis
1367 1786 1432 1838 ad
1460 1786 1748 1851 servanda,
1777 1786 2041 1851 facienda,

2157 583 2347 651 incipit
2371 583 2440 638 de
2466 581 2793 638 caelestibus
2818 582 3127 650 ierarchlis,
3152 583 3254 647 hoc
3289 592 3395 651 est,
3421 585 3748 656 episcopali-

2154 677 2256 731 bus
2303 685 2554 732 tractare.
2609 676 2672 730 Et
2705 685 2792 731 est
2837 676 2972 733 ordo
3011 678 3304 733 verborum
3338 695 3353 732 :
3397 676 3588 735 Nonne
3613 695 3746 750 ergo

2157 757 2531 840 respicientes,
2554 781 2818 840 quantum
2845 769 3102 840 possibile
3131 780 3236 837 est,
3261 770 3315 826 in
3345 773 3750 828 sacratissimo-

2153 880 2275 919 rum
2309 865 2650 934 eloquiorum
2684 880 2714 919 a
2745 864 2909 920 Patre
2941 865 3168 920 traditas
3193 865 3633 927 illuminationes,
3669 867 3749 921 iu-

2153 964 2414 1010 vocantes
2437 954 2660 1011 Jesum?
2704 953 2910 1011 Sensus
2936 964 3116 1010 autem
3165 956 3289 1012 talis
3318 965 3440 1012 est:
3473 956 3745 1024 Quoniam

2153 1061 2218 1102 ex
2249 1047 2364 1117 ipso
2387 1047 2549 1103 Patre
2592 1048 2772 1104 omnia
2795 1049 3041 1114 veniunt,
3085 1058 3140 1104 et
3173 1049 3227 1104 in
3267 1050 3441 1120 ipsum
3495 1050 3750 1114 redeunt,

2163 1155 2344 1197 nonne
2381 1158 2501 1207 nos,
2526 1142 2616 1212 qui
2647 1142 2962 1198 invocamus
2990 1141 3200 1210 Jesum,
3233 1143 3323 1214 qui
3363 1153 3446 1199 est
3491 1144 3536 1183 ⁸⁵
3565 1152 3752 1214 pater-

2153 1247 2283 1287 num
2329 1232 2533 1299 lumen,
2584 1233 2764 1289 lumen
2814 1233 3064 1291 videlicet
3105 1240 3172 1289 de
3199 1234 3420 1299 lumine,
3478 1243 3533 1290 et
3557 1249 3747 1289 verum

2154 1322 2334 1378 lumen
2391 1325 2458 1380 de
2507 1339 2636 1381 vero
2687 1325 2912 1392 lumine,
2952 1326 3045 1397 qui
3089 1325 3602 1382 illuminatomnctn
3651 1325 3750 1380 bo-

2153 1417 2356 1472 minem
2389 1417 2700 1474 venientem
2731 1419 2784 1473 in
2817 1421 3100 1485 mundum,
3135 1420 3187 1474 in
3217 1421 3332 1491 ipso
3360 1429 3414 1475 et
3443 1435 3543 1490 per
3568 1421 3748 1490 ipsum

2153 1517 2519 1564 restauratum
2552 1509 2618 1576 ¹⁶,
2646 1524 2745 1580 per
2771 1525 2954 1581 quem,
2983 1509 3167 1567 Jesum
3195 1510 3237 1544 ιτ
3258 1510 3487 1576 scilicet,
3512 1513 3580 1567 ad
3597 1513 3748 1582 prin-

2154 1599 2328 1670 cipale
2356 1598 2562 1665 lumen,
2619 1602 2765 1672 quod
2794 1600 2955 1657 Pater
2973 1609 3076 1666 est,
3125 1616 3402 1658 accessum
3438 1602 3748 1666 habuimus,

2154 1695 2572 1765 (inaccessibilis
2599 1696 2742 1751 enim
2772 1708 2891 1752 erat
2915 1698 3072 1754 nobis
3100 1697 3188 1754 illa
3218 1699 3748 1769 incomprehensibi-

2153 1786 2222 1843 lis
2245 1787 2332 1843 lux
2363 1787 2562 1854 Patris,
2587 1791 2902 1862 priusquam
2926 1789 3302 1846 incarnaretur
3322 1799 3377 1844 et
3403 1789 3567 1846 homo
3594 1790 3756 1848 ﬁeret

449 1880 778 1950 perﬁcienda
823 1879 1026 1939 omnia,
1080 1877 1192 1947 ipse
1231 1877 1517 1947 Dionysius
1556 1879 1774 1946 copiose
1803 1877 2044 1934 disserit.
2076 1870 2124 1930 Β
2153 1879 2244 1934 lux
2280 1881 2348 1935 ab
2375 1895 2442 1935 co
2470 1880 2673 1951 genita,
2699 1892 2945 1951 quaeest
2971 1881 3256 1948 Christus;
3288 1882 3402 1951 ipso
3432 1890 3615 1938 autem
3647 1883 3742 1937 hu-

450 1971 554 2027 Sed
587 1972 904 2036 notandum,
939 1972 1081 2040 quod
1143 1971 1194 2024 in
1227 1971 1328 2024 hac
1368 1971 1588 2038 periodo
1638 1970 1677 2032 ³,
1711 1974 1849 2024 sicut
1879 1981 1932 2025 et
1993 1971 2044 2025 in

450 2073 648 2124 Celeris
681 2082 744 2122 ae
771 2080 942 2136 paene
969 2065 1241 2128 omnibus,
1274 2063 1539 2134 simplicia
1586 2065 1748 2118 verba
1777 2079 1874 2134 pro
1922 2065 1943 2095 "
1992 2065 2044 2118 in

449 2159 656 2216 Graeco
717 2157 1032 2225 compositis
1084 2155 1104 2186 δ
1139 2165 1360 2228 propter
1414 2154 1708 2211 faciliorem
1765 2156 2043 2210 introitum

451 2246 888 2305 dillieillimorunt
913 2246 1284 2302 intellectunm
1318 2246 1711 2302 transtulimus.
1743 2264 1839 2317 pro
1884 2269 2046 2321 φωτο·

452 2346 664 2421 γανιίας
695 2342 740 2407 τ’,
780 2342 883 2396 hoc
911 2350 1014 2406 est,
1049 2340 1313 2394 luminum
1370 2339 1744 2410 apparitionis,
1779 2339 2047 2393 illumina-

447 2438 614 2493 tionis
669 2435 1009 2489 solummodo
1069 2445 1352 2503 ponentes,
1385 2441 1436 2487 et
1489 2448 1587 2502 pro
1628 2433 1948 2505 ἀγαθοδότως
1999 2433 2043 2495 ⁸,

447 2529 591 2598 quod
619 2537 700 2582 est
725 2525 1107 2580 adverbialiter
1134 2526 1338 2592 optum:
1367 2521 1409 2586 ’,
1445 2523 1648 2587 dative,
1701 2523 1927 2588 all‘atim,
1960 2524 2043 2577 Vel

446 2623 586 2678 bene
625 2637 686 2674 ac
716 2619 882 2690 large.
911 2617 1041 2671 iliud
1070 2618 1257 2684 etiam,
1295 2617 1438 2686 quod
1464 2617 1702 2671 diximus
1733 2635 1825 2670 nos
1863 2619 2043 2687 replet,

449 2713 706 2783 quoniam
762 2727 827 2766 ex
881 2709 1134 2780 ambiguo
1164 2707 1394 2773 Graeco,
1432 2707 1572 2778 quod
1614 2718 1695 2763 est
1719 2711 1947 2780 ἀναπλᾷν
1980 2709 2046 2776 '°,

450 2808 776 2862 translatum
808 2815 913 2872 est,
938 2822 971 2876 p
998 2814 1116 2858 itest
1139 2814 1187 2858 et
1223 2805 1297 2858 sic
1333 2802 1617 2857 transferri
1648 2820 1661 2857 :
1690 2819 1788 2858 nos
1814 2802 2042 2872 compli-

449 2911 560 2967 eat,
592 2910 648 2954 ut
675 2900 742 2954 sit
773 2913 964 2954 sersns
994 2915 1004 2949 :
1037 2895 1500 2964 Quemadmodum
1526 2895 1744 2950 divinae
1775 2894 2047 2949 illumina-

452 2994 618 3048 tionis
656 2990 934 3062 processio
974 2990 1188 3058 copiose
1234 3004 1328 3043 nos
1359 2987 1682 3058 multiplicat
1711 2989 1763 3042 in
1808 2988 2047 3042 inlinitu-

451 3098 580 3147 tetn,
613 3086 806 3138 iterum
834 3083 1120 3150 complirat
1145 3092 1196 3133 et.
1222 3081 1446 3134 unilicat
1473 3090 1528 3135 et
1556 3079 1797 3136 restituit
1837 3081 1888 3134 in
1916 3081 2043 3136 sitn-

450 3177 644 3249 pliccm
681 3174 1060 3244 congreganlis
1092 3181 1145 3225 et
1188 3172 1490 3228 deiticantis
1541 3187 1637 3226 nos
1662 3171 1843 3226 Patris
1868 3174 2044 3224 unita-

2154 1981 2398 2036 manato,
2426 1981 2481 2028 et
2515 1973 2568 2027 in
2593 1985 2778 2029 nostra
2807 1983 2996 2028 natura
3025 1973 3192 2041 facto,
3246 1989 3528 2031 accessum
3576 1973 3748 2030 habeo

2151 2078 2274 2118 mus
2322 2061 2388 2117 ad
2439 2063 2764 2118 invisibilem
2794 2062 3044 2131 Patrem;
3079 2081 3203 2120 nam
3241 2066 3366 2120 dum
3393 2065 3754 2138 intelligimus

2140 2156 2348 2210 Christi
2377 2157 2792 2222 humanitatem,
2812 2157 3054 2227 profecto
3070 2157 3468 2228 cognoscimus,
3483 2166 3752 2228 quantum

2153 2247 2314 2300 datur
2338 2246 2494 2301 nobis
2534 2262 2883 2318 cognoscere,
2933 2248 3102 2317 ipsius
3134 2258 3187 2303 et
3213 2247 3390 2303 Patris
3426 2255 3481 2302 et
3504 2247 3754 2319 Spiritus

2153 2340 2441 2410 utriusque
2492 2342 2730 2395 abditam
2776 2340 2819 2372 "
2871 2341 3246 2396 divinitatem:
3298 2341 3422 2396 hinc
3467 2351 3567 2405 est,
3601 2340 3752 2413 quod

2153 2433 2266 2500 ipse
2287 2431 2399 2486 ait:
2440 2450 2455 2480 ε
2494 2431 2760 2503 Philippe,
2807 2431 2898 2503 qui
2929 2448 3013 2487 me
3047 2433 3215 2496 videt,
3247 2441 3297 2487 ct
3322 2432 3538 2488 Patrem
3563 2448 3749 2489 meum

2152 2524 2298 2576 videt
2328 2543 2373 2587 ι,
2413 2524 2513 2577 hoc
2536 2532 2619 2578 est
2652 2540 2664 2576 :
2705 2524 2794 2594 qui
2824 2540 2912 2579 mc
2947 2539 3136 2579 verum
3169 2525 3336 2580 Deum
3369 2534 3422 2580 et
3469 2526 3748 2580 hominem

2155 2614 2424 2684 intelligit,
2445 2615 2552 2684 ipse
2575 2614 2789 2668 Patrem
2821 2630 2997 2669 meun‘.
3028 2617 3182 2671 inme
3211 2616 3482 2687 lutclligit,
3503 2616 3625 2686 quia
3645 2630 3750 2685 ego

2155 2707 2206 2760 in
2232 2705 2388 2762 Patre
2410 2719 2463 2763 et
2488 2707 2649 2762 l‘ater
2677 2708 2728 2761 in
2756 2723 2841 2762 me
2872 2718 2927 2762 et
2947 2723 3045 2779 ego
3069 2719 3122 2762 et
3146 2707 3306 2763 Pater
3338 2725 3505 2763 unum
3537 2712 3751 2777 sumus}

2154 2801 2206 2853 iu
2238 2787 3077 2870 sanctissimorutuleloquiorum
3111 2816 3140 2854 a
3190 2800 3350 2857 Patre
3378 2802 3605 2857 traditas
3626 2801 3744 2855 illu-

2159 2892 2509 2955 minationes,
2551 2891 2653 2946 hoc
2682 2900 2784 2954 est,
2816 2891 2866 2944 in
2903 2891 3113 2946 divinas
3135 2892 3390 2957 visiones,
3416 2907 3551 2961 quas
3585 2890 3754 2947 Pater

2154 2985 2311 3042 nobis
2335 2984 2554 3040 tradidit
2582 2985 2632 3038 in
2663 2985 2838 3039 sacris
2867 2984 2906 3014 ’³
2939 2983 3257 3054 Scripturis,
3288 2993 3548 3055 quantum
3575 2984 3744 3055 possi-

2157 3078 2262 3131 bile
2278 3087 2360 3132 est
2378 3078 2556 3132 adhuc
2580 3092 2744 3132 carne
2761 3078 3210 3147 circumscriptis,
3232 3078 3750 3148 rcspiciemusMut,
3775 3106 3782 3111 -

2156 3184 2214 3226 ut
2233 3171 2545 3243 expressius
2562 3173 2612 3225 in
2629 3170 2670 3226 G
2682 3187 2839 3226 raeco
2857 3171 2955 3242 legi
2969 3181 3053 3225 tur
3069 3174 3418 3244 ἀναει-εὸσωμιν
3441 3171 3507 3237 ³⁸,
3526 3170 3628 3225 hoc
3641 3185 3753 3238 est,

450 3276 584 3319 teni.
626 3263 739 3318 lloc
769 3273 950 3316 autem
982 3261 1121 3322 dico,
1173 3261 1425 3330 quoniam
1465 3260 1578 3314 fere
1605 3271 1714 3315 tota
1749 3261 1889 3315 beati
1925 3262 2046 3315 Dio-
2076 3239 2121 3303 (ἶ
2157 3280 2344 3321 initum
2389 3267 2710 3322 interiorum
2763 3267 2805 3296 ¹¹
2850 3267 3028 3321 cordis
3058 3266 3336 3321 oculorum
3368 3266 3640 3334 erigemus
3669 3263 3760 3318 "!

450 3356 590 3428 rq'sii
624 3368 717 3423 per
738 3369 927 3407 mones
958 3353 1055 3406 bos
1082 3351 1494 3406 librosintentio
1541 3360 1622 3406 est
1669 3351 1708 3382 ¹¹
1745 3354 1812 3408 de
1838 3353 2042 3406 infinita

450 3445 842 3502 numerositate
899 3442 1360 3512 multiplicationis
1431 3441 1774 3498 subsistentis
1828 3458 1925 3511 per
1990 3458 2047 3499 se

451 3535 648 3593 summi
682 3535 804 3590 boui
832 3537 881 3588 in
905 3535 1106 3596 omnia,
1132 3549 1270 3604 quae
1301 3548 1394 3602 per
1420 3549 1478 3588 se
1503 3533 1543 3563 "
1573 3535 1686 3604 ipsa
1712 3549 1810 3589 nec
1843 3547 2043 3601 essent,

451 3643 554 3686 nec
581 3629 721 3682 bona
751 3627 1130 3688 subsisterent,
1164 3625 1262 3680 nisi
1299 3626 1715 3696 participatione
1763 3627 1932 3698 ipsius
1958 3643 2042 3683 es-

451 3721 658 3777 sentiae
700 3719 1066 3788 bonitatisque
1115 3729 1315 3784 essent,
1375 3729 1426 3774 et
1459 3719 1595 3773 bona
1629 3731 1834 3785 essent,
1873 3723 2046 3794 deque

455 3814 630 3884 ipsius
657 3811 1006 3866 multiformis
1063 3811 1468 3865 mnuerositatis
1500 3811 1693 3865 iterum
1731 3813 2045 3869 reductioue

449 3908 735 3977 redituque
761 3906 812 3959 in
840 3907 1011 3977 ipsum
1046 3920 1316 3958 summum
1367 3905 1590 3970 bomnn,
1637 3905 1686 3958 iu
1720 3921 1826 3975 quo
1857 3922 2044 3960 nume-

449 4000 649 4058 rositas
675 3998 880 4054 intiuita
909 3998 1068 4051 liuent
1099 3997 1248 4068 ponit
1272 4006 1326 4053 et
1354 4013 1517 4052 unum
1550 4009 1653 4053 est.
1685 3998 1751 4053 Et
1798 3999 1898 4055 hoc
1922 4015 2046 4071 apo-

452 4093 646 4152 stolico
696 4091 943 4162 perbibet
989 4091 1295 4144 testimonio
1330 4090 1550 4145 dicu'us:
1588 4089 1793 4146 Etenim
1839 4109 1900 4145 ea:
1934 4094 2043 4162 ipso

449 4190 626 4244 omnia
655 4197 699 4240 et
726 4187 776 4240 in
810 4187 997 4255 ipsum,
1031 4196 1080 4237 ut
1111 4185 1343 4238 divinum
1386 4186 1456 4237 ait
1513 4186 1739 4239 verbum.
1772 4187 1848 4241 Ac
1878 4187 1920 4241 si
1965 4185 2045 4238 di-

453 4289 602 4335 ceret
631 4295 642 4329 :
672 4275 965 4346 Propterea
991 4275 1167 4328 divina
1198 4275 1368 4328 virtus
1391 4275 1588 4345 colligit
1621 4292 1716 4330 nos
1740 4287 1793 4330 et
1822 4277 2044 4347 compli-

452 4381 543 4426 cat
587 4368 660 4420 ad
721 4366 1100 4436 congregantis
1156 4364 1332 4419 Patris
1387 4366 1649 4420 unitatem
1705 4379 1756 4422 et
1791 4369 2045 4423 deilicant

450 4460 853 4532 simplicitatem
888 4457 954 4523 ιε,
989 4467 1046 4511 ut
1075 4466 1262 4512 sancta
1315 4457 1611 4527 apostolica
1659 4468 1887 4514 testatur
1916 4476 2042 4516 sen-

452 4555 644 4612 tentia.

525 4647 637 4718 δε.
678 4643 973 4715 Sequitur:
1012 4641 1155 4716 Ergo
1185 4643 1365 4699 Jesum
1424 4647 1720 4701 invocantes
1761 4660 2040 4718 paternum

451 4738 649 4801 lumen,
669 4737 808 4808 quod
821 4746 894 4790 est
913 4754 1085 4790 verum
1109 4737 1171 4791 de
1193 4735 1391 4791 lumine
1411 4740 1472 4796 ”.
1495 4743 1628 4805 quod
1656 4741 1916 4796 illuminat
1933 4761 2040 4797 ont-

451 4847 566 4884 uem
598 4830 857 4884 hominem
911 4833 1191 4886 venientem
1247 4834 1298 4885 in
1329 4840 1604 4898 mundum,
1638 4852 1728 4905 per
1772 4854 1922 4908 quem
1974 4839 2042 4890 ad

452 4918 742 4990 principale
769 4919 967 4985 lumen,
1006 4920 1235 4984 Putrem,
1272 4940 1535 4976 arcessunt
1570 4925 1846 4978 habuimus
1881 4928 1931 4979 in
1960 4945 2040 4980 sa-

450 5013 864 5068 cratissimorum
897 5015 1222 5087 cloquiorum
1275 5036 1305 5072 (ι
1341 5016 1499 5074 Patre
1525 5022 1750 5075 traditas
1778 5022 2044 5076 illumina-

2210 3357 2337 3415 'l|0c
2364 3370 2544 3415 autem
2581 3360 2729 3424 dicit,
2757 3360 3012 3430 quoniam
3064 3376 3130 3414 ex
3170 3359 3470 3414 visionibus
3509 3362 3752 3429 prophe-

2154 3454 2296 3519 ticis,
2327 3469 2462 3524 quas
2481 3452 2673 3508 Graeci
2707 3454 2962 3529 θεοφανίας
2992 3452 3038 3484 ’³
3068 3451 3368 3525 appellant,
3413 3451 3463 3506 id
3498 3459 3583 3505 est
3613 3451 3757 3505 divi-

2152 3561 2249 3601 nas
2279 3545 2680 3620 apparitiones,
2711 3545 3023 3600 caelestium
3072 3545 3332 3598 virtutum
3377 3543 3755 3599 ordinationes

2151 3650 2208 3695 et
2236 3639 2646 3708 dispositiones.
2677 3656 2810 3710 quas
2847 3638 3144 3694 icrarchias
3170 3648 3346 3703 vocat,
3379 3638 3614 3694 niaxime
3651 3639 3758 3692 bu-

2152 3732 2327 3787 manis
2372 3732 2642 3787 mentibus
2676 3732 2725 3785 in
2760 3731 3080 3802 quibusdam
3115 3746 3179 3787 ex
3213 3730 3557 3785 sensibilibus
3590 3730 3757 3785 rebus

2152 3824 2674 3882 confortmnionilnts
2727 3824 2992 3879 similibus
3043 3824 3123 3878 vel
3177 3822 3527 3879 dissimilibus
3579 3824 3753 3877 intro-

2153 3920 2345 3973 ductae
2374 3928 2518 3971 snnt.
2548 3917 2613 3970 Et.
2650 3917 2752 3971 hoc
2782 3927 2864 3973 est
2896 3919 3037 3989 quod
3079 3918 3356 3992 subjunvit
3384 3937 3394 3971 :
3430 3929 3476 3972 ct
3509 3918 3576 3972 ab
3621 3918 3749 3986 ipsis

2153 4011 2430 4081 symbolice
2475 4011 2520 4040 “
2569 4010 2717 4070 nobis
2756 4023 2802 4064 et
2848 4013 3131 4082 anagogicc
3176 4012 3538 4081 manifestatas
3578 4012 3744 4066 rae/c-

2151 4101 2309 4155 stium
2335 4101 2633 4154 animorum
2670 4101 2976 4167 iemrcltias,
3001 4113 3252 4171 quantum
3293 4112 3521 4170 potentes
3545 4118 3750 4167 suntm,

2153 4194 2506 4262 inspiciamus,
2541 4195 2642 4249 hoc
2662 4204 2766 4261 est,
2792 4211 2886 4266 per
2911 4195 3054 4266 ipsas
3077 4195 3379 4249 divinorum
3411 4195 3753 4266 eloquiortnn

2156 4286 2600 4352 illuminationes,
2632 4288 2684 4341 in
2707 4286 2979 4342 mentibus
3015 4287 3341 4357 propheticis
3379 4303 3406 4340 a
3439 4287 3546 4342 lteo
3585 4289 3756 4341 tradi-

2157 4388 2256 4440 tas,
2293 4394 2396 4433 non
2429 4395 2524 4450 per
2554 4394 2612 4434 se
2645 4379 2810 4448 ipsas,
2849 4396 3034 4433 verum
3067 4395 3163 4448 per
3193 4381 3429 4451 symbolo
3453 4422 3465 4439 ,
3498 4382 3599 4435 huc
3629 4393 3716 4434 cst
3740 4425 3756 4449 ,

2152 4482 2250 4538 per
2299 4469 2450 4533 signa
2500 4471 2848 4525 sensibilibus
2904 4471 3061 4525 rebus
3107 4472 3336 4536 similia,
3379 4473 3752 4544 aliqnandoca

2153 4573 2311 4630 pura.
2343 4562 2632 4631 aliquando
2662 4563 2943 4618 dissimllia
2976 4575 3026 4618 et
3059 4563 3314 4629 confusa,
3341 4577 3388 4619 et
3427 4583 3520 4635 per
3552 4584 3760 4638 aoago-

2158 4672 2277 4731 gen,
2309 4661 2409 4713 hoc
2435 4672 2536 4724 est,
2565 4676 2658 4729 per
2695 4662 3068 4715 ascensionem
3101 4663 3296 4716 tuentis
3329 4662 3377 4714 in
3414 4660 3593 4715 divina
3638 4677 3759 4729 mv~

2160 4752 2397 4806 steria”
2449 4755 2955 4823 contemplabimur,
3004 4765 3262 4820 quantum
3316 4755 3468 4809 nobis
3531 4756 3754 4822 sinitur,

2160 4841 2533 4896 manifestatas
2583 4845 2895 4899 caelestium
2932 4847 3300 4902 intellecturum
3346 4848 3754 4916 dispositioncs.

2157 4931 2225 4986 Et
2251 4936 2502 5003 quoniam
2535 4935 2859 5008 principium
2903 4948 2954 4991 et
3004 4937 3123 4992 fons
3164 4950 3247 4995 cst
3294 4941 3455 4994 totius
3488 4941 3755 4996 illutuina~

2159 5025 2684 5083 tionisinvisibilium
2714 5031 3297 5106 subsmntiartun,sive
3327 5033 3476 5104 prius
3511 5034 3564 5088 in
3595 5035 3748 5091 tbco.

1763 5179 2016 5236 VABIAE
2053 5182 2442 5242 LECTIONES

523 5329 540 5361 ι
593 5328 651 5381 B'
707 5340 866 5394 supra
906 5325 1080 5379 adscr.
1121 5326 1544 5390 cstderivatum;
1579 5324 1619 5381 C
1645 5332 1788 5394 quod
1820 5337 1894 5379 est
1941 5341 2102 5381 curro
2131 5338 2203 5396 cst
2234 5327 2561 5384 derivatum.

523 5401 685 5451 riorla.
791 5399 812 5429 ⁸
853 5394 962 5448 Pro
1003 5411 1109 5450 om.
1169 5396 1320 5452 ABC.
1374 5397 1554 5450 addidi
1608 5411 1672 5450 ex
1726 5397 1866 5450 coni.
1980 5395 2001 5426 ⁸
2037 5395 2078 5452 C
2119 5400 2386 5452 onuositis.
2485 5399 2503 5428 ⁷
2547 5410 2561 5452 ι¹

2037 5410 2078 5452 υ
2119 5410 2386 5462 opposrtts.

2035 5469 2055 5499 ⁹
2094 5470 2137 5522 Α
2167 5472 2374 5523 obtime.

878 5540 919 5570 ¹²
961 5536 1258 5598 8ἱο·1ἶ(],]ςε
1283 5553 1390 5591 om.
1429 5537 1491 5590 A.
1575 5539 1617 5568 ⁸³
1644 5536 1733 5592 Sic
1757 5539 1816 5602 (1,
1858 5539 2244 5605 simplicitatem
2284 5557 2394 5596 om.
2445 5542 2553 5594 AB.

791 5399 812 5429 ⁸
853 5394 962 5448 Pro
1003 5411 1109 5450 om.
1169 5396 1320 5459 ABC,
1374 5397 1554 5450 addidi
1608 5411 1672 5450 ex
1726 5397 1866 5450 coni.

910 5468 932 5552 ξι
961 5467 1028 5552 λὶς
1063 5483 1233 5552 marg.
1264 5469 1455 5552 adscr.‘
1475 5468 1512 5518 ἱ.
1545 5469 1932 5552 ε’..ῃίξῼςιίίριίιοῐῇ

451 5401 685 5465 pcrioda.

452 5468 806 5534 altotol'auias.

450 5538 630 5605 .ldscc.
665 5539 706 5592 B
730 5542 768 5592 °.

452 5631 506 5664 α.
531 5609 894 5666 Scotiversio.
977 5610 1018 5640 "
1059 5608 1148 5664 Sic
1175 5609 1235 5674 C,
1269 5610 1479 5680 pro_7.ti
1503 5622 1575 5662 est
1604 5609 1692 5663 AB
1743 5609 1866 5680 quc.

455 5847 813 5914 liicopltanius.

1957 5614 1991 5639 ’⁵⁵
2027 5611 2116 5664 ΛΟ
2171 5624 2523 5668 restauratum
2551 5627 2644 5670 est.
2731 5618 2768 5649 ”
2812 5619 2993 5672 Jesum
3024 5635 3130 5675 Ottt.
3163 5620 3218 5671 B.

453 5682 709 5740 additam.
791 5682 833 5712 ¹⁹
863 5681 944 5736 BC
986 5680 1202 5735 sanctis.
1279 5679 1325 5709 ¹⁰
1368 5678 1427 5731 B'
1461 5695 1630 5753 marg.
1665 5678 1845 5736 adscr.
1881 5699 2289 5738 (niaiteusonten.

452 5785 538 5828 ctu
595 5773 650 5825 B‘
688 5775 954 5832 adiecisse
980 5775 1233 5841 videtur),
1262 5771 1304 5830 C
1347 5774 1450 5828 hoc
1471 5784 1557 5828 est
1588 5776 1777 5834 mirum
1813 5775 2131 5830 interiorem.

916 5847 961 5875 “
994 5844 1082 5897 AB
1111 5845 1403 5909 sitnbolicc,
1436 5845 1512 5900 sic
1540 5844 1596 5898 B.
1634 5845 1743 5900 lere
1775 5850 1998 5916 ubique,
2039 5849 2087 5903 Α
2112 5849 2403 5903 interdum.

2651 5331 2674 5402 ’ί
2707 5329 2747 5384 C
2778 5335 3031 5386 Cucurrit.
3113 5332 3131 5364 ³
3175 5335 3216 5387 Α
3246 5337 3491 5402 qualiter.
3598 5339 3619 5367 ‘
3660 5341 3755 5397 AC

2485 5398 3044 5481 'f‘tlr‘Bci-ggmooaviu;
3092 5405 3146 5481 l‘l‘
3209 5398 3379 5477 itterg.
3437 5407 3616 5481 adscr.
3652 5428 3753 5481 pro

2492 5470 2533 5552 ’.ξ
2569 5470 2797 5552 Sic-illi.
2860 5470 2937 5552 l'“
2965 5477 3054 5552 Sic
3078 5477 3145 5530 (2°
3176 5489 3248 5529 est
3279 5470 3387 5532 oni.
3442 5479 3550 5544 AB,
3582 5470 3748 5552 supra

2658 5544 2706 5577 ”
2746 5545 2819 5599 De
2851 5547 3046 5600 lumine
3073 5564 3178 5601 (uti.
3227 5561 3405 5603 textus
3457 5544 3664 5617 graec.-
3695 5565 3753 5607 et

3354 5625 3391 5648 "‘
3434 5621 3522 5676 Sit:
3564 5624 3678 5692 ΜΣ,
3707 5623 3753 5678 Β

2411 5685 2452 5716 ⁸⁸
2495 5687 2652 5748 (Ioni,
2679 5687 2718 5741 A
2750 5689 3102 5753 interiorism,
3147 5689 3532 5746 Biutcrim-isiu
3588 5685 3751 5764 (pitu-

2262 5779 2306 5807 η
2337 5777 2374 5830 B
2403 5780 2684 5880 erigantur,
2708 5781 3061 5854 C'ct‘igcmus.
3187 5786 3232 5817 "
3261 5786 3317 5840 B‘
3360 5777 3532 5861 marg:
3559 5790 3745 5846 adscr.

2262 5849 2403 5903 dum.
2511 5851 2532 5880 "
2559 5851 2596 5904 B
2625 5855 2883 5907 misteria.
2915 5856 3131 5907 ttbiuue.

2625 5866 2883 5921 mtslerttt,
2915 5866 3131 5926 ttbtqtte.
