  <div class='ocr_page' id='page_1' title='image "/cluster/home/n/w/nwhite01/storage/ocr_20150623/122/hvd.32044015471659/104.png"; bbox 0 0 4028 6274; ppageno 0'>
   <div class='ocr_carea' id='block_1_1' title="bbox 233 400 344 463">
    <p class='ocr_par' dir='ltr' id='par_1_1' title="bbox 233 400 344 463">
     <span class='ocr_line' id='line_1_1' title="bbox 233 400 344 463; baseline 0 0"><span class='ocrx_word' id='word_1_1' title='bbox 233 400 344 463; x_wconf 73' lang='grc'><strong>155</strong></span> 
     </span>
    </p>
   </div>
   <div class='ocr_carea' id='block_1_2' title="bbox 1074 352 2687 463">
    <p class='ocr_par' dir='ltr' id='par_1_2' title="bbox 1074 352 2687 463">
     <span class='ocr_line' id='line_1_2' title="bbox 1074 352 2687 463; baseline -0.001 -7"><span class='ocrx_word' id='word_1_2' title='bbox 1074 399 1301 457; x_wconf 68' lang='lat' dir='ltr'><strong>suras</strong></span> <span class='ocrx_word' id='word_1_3' title='bbox 1339 352 1771 459; x_wconf 50' lang='lat' dir='ltr'><strong>lenunculum</strong></span> <span class='ocrx_word' id='word_1_4' title='bbox 1811 395 2227 463; x_wconf 78' lang='lat' dir='ltr'><strong>CAELESTEM</strong></span> <span class='ocrx_word' id='word_1_5' title='bbox 2268 398 2325 454; x_wconf 90' lang='lat' dir='ltr'><strong>s.</strong></span> <span class='ocrx_word' id='word_1_6' title='bbox 2369 396 2687 457; x_wconf 76' lang='lat' dir='ltr'><strong>monvsu.</strong></span> 
     </span>
    </p>
   </div>
   <div class='ocr_carea' id='block_1_3' title="bbox 3426 406 3527 465">
    <p class='ocr_par' dir='ltr' id='par_1_3' title="bbox 3426 406 3527 465">
     <span class='ocr_line' id='line_1_3' title="bbox 3426 406 3527 465; baseline 0 -3"><span class='ocrx_word' id='word_1_7' title='bbox 3426 406 3527 465; x_wconf 68' lang='grc' dir='ltr'><strong>1ὗὶ</strong></span> 
     </span>
    </p>
   </div>
   <div class='ocr_carea' id='block_1_4' title="bbox 233 488 3531 593">
    <p class='ocr_par' dir='ltr' id='par_1_4' title="bbox 233 488 3531 593">
     <span class='ocr_line' id='line_1_4' title="bbox 233 488 3531 593; baseline 0.001 -20"><span class='ocrx_word' id='word_1_8' title='bbox 233 519 483 592; x_wconf 82' lang='lat' dir='ltr'><strong>iugorum</strong></span> <span class='ocrx_word' id='word_1_9' title='bbox 515 515 851 585; x_wconf 82' lang='lat' dir='ltr'><strong>visionibus,</strong></span> <span class='ocrx_word' id='word_1_10' title='bbox 896 514 1013 572; x_wconf 82' lang='lat' dir='ltr'><strong>sive</strong></span> <span class='ocrx_word' id='word_1_11' title='bbox 1048 517 1320 591; x_wconf 74' lang='lat' dir='ltr'><strong>posterius</strong></span> <span class='ocrx_word' id='word_1_12' title='bbox 1368 519 1422 573; x_wconf 92' lang='lat' dir='ltr'><strong>in</strong></span> <span class='ocrx_word' id='word_1_13' title='bbox 1465 518 1827 590; x_wconf 80' lang='lat' dir='ltr'><strong>spiritualium</strong></span> <span class='ocrx_word' id='word_1_14' title='bbox 1856 521 1907 580; x_wconf 81' lang='grc' dir='ltr'>Α</span> <span class='ocrx_word' id='word_1_15' title='bbox 1933 514 2078 589; x_wconf 88' lang='lat' dir='ltr'><strong>ipsos</strong></span> <span class='ocrx_word' id='word_1_16' title='bbox 2100 488 2341 571; x_wconf 86' lang='lat' dir='ltr'><strong>Graecos</strong></span> <span class='ocrx_word' id='word_1_17' title='bbox 2364 532 2464 588; x_wconf 89' lang='lat' dir='ltr'><strong>pro</strong></span> <span class='ocrx_word' id='word_1_18' title='bbox 2494 516 2807 588; x_wconf 76' lang='lat' dir='ltr'><strong>compositis</strong></span> <span class='ocrx_word' id='word_1_19' title='bbox 2843 517 3131 589; x_wconf 81' lang='lat' dir='ltr'><strong>simplicia.</strong></span> <span class='ocrx_word' id='word_1_20' title='bbox 3176 518 3282 593; x_wconf 83' lang='lat' dir='ltr'><strong>ipsi</strong></span> <span class='ocrx_word' id='word_1_21' title='bbox 3330 520 3531 593; x_wconf 78' lang='lat' dir='ltr'><strong>quippe</strong></span> 
     </span>
    </p>
   </div>
   <div class='ocr_carea' id='block_1_5' title="bbox 232 608 1832 681">
    <p class='ocr_par' dir='ltr' id='par_1_5' title="bbox 232 608 1832 681">
     <span class='ocr_line' id='line_1_5' title="bbox 232 608 1832 681; baseline 0.003 -15"><span class='ocrx_word' id='word_1_22' title='bbox 232 612 480 667; x_wconf 84' lang='lat' dir='ltr'><strong>virorum</strong></span> <span class='ocrx_word' id='word_1_23' title='bbox 526 609 839 678; x_wconf 73' lang='lat' dir='ltr'><strong>mentibus,</strong></span> <span class='ocrx_word' id='word_1_24' title='bbox 880 608 1077 681; x_wconf 83' lang='lat' dir='ltr'><strong>quibus</strong></span> <span class='ocrx_word' id='word_1_25' title='bbox 1119 612 1304 667; x_wconf 89' lang='lat' dir='ltr'><strong>datum</strong></span> <span class='ocrx_word' id='word_1_26' title='bbox 1343 620 1427 668; x_wconf 89' lang='lat' dir='ltr'><strong>est</strong></span> <span class='ocrx_word' id='word_1_27' title='bbox 1453 613 1630 669; x_wconf 89' lang='lat' dir='ltr'><strong>divina</strong></span> <span class='ocrx_word' id='word_1_28' title='bbox 1671 628 1832 670; x_wconf 90' lang='lat' dir='ltr'><strong>nosse</strong></span> 
     </span>
    </p>
   </div>
   <div class='ocr_carea' id='block_1_6' title="bbox 232 704 1831 780">
    <p class='ocr_par' dir='ltr' id='par_1_6' title="bbox 232 704 1831 780">
     <span class='ocr_line' id='line_1_6' title="bbox 232 704 1831 780; baseline 0.003 -18"><span class='ocrx_word' id='word_1_29' title='bbox 232 722 439 763; x_wconf 86' lang='lat' dir='ltr'><strong>arcana</strong></span> <span class='ocrx_word' id='word_1_30' title='bbox 468 706 510 774; x_wconf 78' lang='grc' dir='ltr'><strong>ί,</strong></span> <span class='ocrx_word' id='word_1_31' title='bbox 538 714 696 780; x_wconf 88' lang='lat' dir='ltr'><strong>pater</strong></span> <span class='ocrx_word' id='word_1_32' title='bbox 744 704 1006 763; x_wconf 89' lang='lat' dir='ltr'><strong>luminum</strong></span> <span class='ocrx_word' id='word_1_33' title='bbox 1030 746 1048 779; x_wconf 81' lang='lat'><strong>,</strong></span> <span class='ocrx_word' id='word_1_34' title='bbox 1091 722 1123 763; x_wconf 90' lang='lat' dir='ltr'><strong>a</strong></span> <span class='ocrx_word' id='word_1_35' title='bbox 1155 722 1264 780; x_wconf 88' lang='lat' dir='ltr'><strong>quo</strong></span> <span class='ocrx_word' id='word_1_36' title='bbox 1288 708 1470 763; x_wconf 84' lang='lat' dir='ltr'><strong>omnia</strong></span> <span class='ocrx_word' id='word_1_37' title='bbox 1506 709 1831 780; x_wconf 85' lang='lat' dir='ltr'><strong>proveniunt</strong></span> 
     </span>
    </p>
   </div>
   <div class='ocr_carea' id='block_1_7' title="bbox 230 798 1828 873">
    <p class='ocr_par' dir='ltr' id='par_1_7' title="bbox 230 798 1828 873">
     <span class='ocr_line' id='line_1_7' title="bbox 230 798 1828 873; baseline 0 -17"><span class='ocrx_word' id='word_1_38' title='bbox 230 809 287 859; x_wconf 84' lang='lat' dir='ltr'><strong>et</strong></span> <span class='ocrx_word' id='word_1_39' title='bbox 317 801 373 856; x_wconf 90' lang='lat' dir='ltr'><strong>in</strong></span> <span class='ocrx_word' id='word_1_40' title='bbox 404 815 566 873; x_wconf 84' lang='lat' dir='ltr'><strong>quem</strong></span> <span class='ocrx_word' id='word_1_41' title='bbox 609 798 794 856; x_wconf 84' lang='lat' dir='ltr'><strong>omnia</strong></span> <span class='ocrx_word' id='word_1_42' title='bbox 824 806 1150 865; x_wconf 88' lang='lat' dir='ltr'><strong>recurrunt,</strong></span> <span class='ocrx_word' id='word_1_43' title='bbox 1197 807 1483 872; x_wconf 81' lang='lat' dir='ltr'><strong>propterea</strong></span> <span class='ocrx_word' id='word_1_44' title='bbox 1514 798 1828 869; x_wconf 86' lang='lat' dir='ltr'><strong>subjunxit:</strong></span> 
     </span>
    </p>
   </div>
   <div class='ocr_carea' id='block_1_8' title="bbox 228 889 1832 967">
    <p class='ocr_par' dir='ltr' id='par_1_8' title="bbox 228 889 1832 967">
     <span class='ocr_line' id='line_1_8' title="bbox 228 889 1832 967; baseline 0.001 -22"><span class='ocrx_word' id='word_1_45' title='bbox 228 900 278 945; x_wconf 87' lang='lat' dir='ltr'><strong>et</strong></span> <span class='ocrx_word' id='word_1_46' title='bbox 302 889 649 965; x_wconf 67' lang='lat' dir='ltr'><strong>principalem</strong></span> <span class='ocrx_word' id='word_1_47' title='bbox 693 900 744 949; x_wconf 80' lang='lat' dir='ltr'><strong>et</strong></span> <span class='ocrx_word' id='word_1_48' title='bbox 784 890 1290 967; x_wconf 84' lang='lat' dir='ltr'><strong>superprincipalem</strong></span> <span class='ocrx_word' id='word_1_49' title='bbox 1317 891 1480 947; x_wconf 84' lang='lat' dir='ltr'><strong>divini</strong></span> <span class='ocrx_word' id='word_1_50' title='bbox 1512 889 1694 947; x_wconf 83' lang='lat' dir='ltr'><strong>Patris</strong></span> <span class='ocrx_word' id='word_1_51' title='bbox 1723 892 1832 947; x_wconf 87' lang='lat' dir='ltr'><strong>cla-</strong></span> 
     </span>
    </p>
   </div>
   <div class='ocr_carea' id='block_1_9' title="bbox 228 982 1831 1055">
    <p class='ocr_par' dir='ltr' id='par_1_9' title="bbox 228 982 1831 1055">
     <span class='ocr_line' id='line_1_9' title="bbox 228 982 1831 1055; baseline 0.002 -20"><span class='ocrx_word' id='word_1_52' title='bbox 228 982 483 1051; x_wconf 80' lang='lat' dir='ltr'><strong>ritatem,</strong></span> <span class='ocrx_word' id='word_1_53' title='bbox 514 999 649 1054; x_wconf 85' lang='lat' dir='ltr'><strong>quae</strong></span> <span class='ocrx_word' id='word_1_54' title='bbox 674 982 983 1055; x_wconf 70' lang='lat' dir='ltr'><strong>angelorum</strong></span> <span class='ocrx_word' id='word_1_55' title='bbox 1022 982 1170 1037; x_wconf 82' lang='lat' dir='ltr'><strong>nobis</strong></span> <span class='ocrx_word' id='word_1_56' title='bbox 1206 984 1262 1037; x_wconf 85' lang='lat' dir='ltr'><strong>in</strong></span> <span class='ocrx_word' id='word_1_57' title='bbox 1304 982 1545 1053; x_wconf 76' lang='lat' dir='ltr'><strong>ﬁguratis</strong></span> <span class='ocrx_word' id='word_1_58' title='bbox 1584 984 1831 1054; x_wconf 73' lang='lat' dir='ltr'><strong>symbolis</strong></span> 
     </span>
    </p>
   </div>
   <div class='ocr_carea' id='block_1_10' title="bbox 225 1074 1831 1151">
    <p class='ocr_par' dir='ltr' id='par_1_10' title="bbox 225 1074 1831 1151">
     <span class='ocr_line' id='line_1_10' title="bbox 225 1074 1831 1151; baseline 0.002 -22"><span class='ocrx_word' id='word_1_59' title='bbox 225 1075 539 1151; x_wconf 65' lang='lat' dir='ltr'><strong>manifestat</strong></span> <span class='ocrx_word' id='word_1_60' title='bbox 572 1074 900 1131; x_wconf 79' lang='lat' dir='ltr'><strong>beatissimus</strong></span> <span class='ocrx_word' id='word_1_61' title='bbox 931 1076 1244 1142; x_wconf 84' lang='lat' dir='ltr'><strong>ierarchias,</strong></span> <span class='ocrx_word' id='word_1_62' title='bbox 1264 1074 1700 1131; x_wconf 82' lang='lat' dir='ltr'><strong>immaterialibns</strong></span> <span class='ocrx_word' id='word_1_63' title='bbox 1744 1078 1761 1108; x_wconf 82' lang='grc'><em>³</em></span> <span class='ocrx_word' id='word_1_64' title='bbox 1782 1088 1831 1132; x_wconf 88' lang='lat' dir='ltr'><strong>et</strong></span> 
     </span>
    </p>
   </div>
   <div class='ocr_carea' id='block_1_11' title="bbox 228 1167 1831 1243">
    <p class='ocr_par' dir='ltr' id='par_1_11' title="bbox 228 1167 1831 1243">
     <span class='ocr_line' id='line_1_11' title="bbox 228 1167 1831 1243; baseline -0.001 -21"><span class='ocrx_word' id='word_1_65' title='bbox 228 1184 338 1223; x_wconf 79' lang='lat' dir='ltr'><strong>non</strong></span> <span class='ocrx_word' id='word_1_66' title='bbox 366 1168 706 1225; x_wconf 79' lang='lat' dir='ltr'><strong>trementibus</strong></span> <span class='ocrx_word' id='word_1_67' title='bbox 745 1169 932 1224; x_wconf 87' lang='lat' dir='ltr'><strong>mentis</strong></span> <span class='ocrx_word' id='word_1_68' title='bbox 960 1167 1129 1224; x_wconf 75' lang='lat' dir='ltr'><strong>oculis</strong></span> <span class='ocrx_word' id='word_1_69' title='bbox 1156 1168 1492 1243; x_wconf 82' lang='lat' dir='ltr'><strong>recipientes,</strong></span> <span class='ocrx_word' id='word_1_70' title='bbox 1536 1168 1728 1223; x_wconf 82' lang='lat' dir='ltr'><strong>iterum</strong></span> <span class='ocrx_word' id='word_1_71' title='bbox 1765 1184 1831 1223; x_wconf 70' lang='lat' dir='ltr'><strong>er</strong></span> 
     </span>
    </p>
   </div>
   <div class='ocr_carea' id='block_1_12' title="bbox 182 1257 1825 1340">
    <p class='ocr_par' dir='ltr' id='par_1_12' title="bbox 182 1257 1825 1340">
     <span class='ocr_line' id='line_1_12' title="bbox 182 1257 1825 1340; baseline 0.001 -29"><span class='ocrx_word' id='word_1_72' title='bbox 182 1290 193 1340; x_wconf 46' lang='grc' dir='ltr'>ί</span> <span class='ocrx_word' id='word_1_73' title='bbox 226 1258 349 1330; x_wconf 86' lang='lat' dir='ltr'><strong>ipsa</strong></span> <span class='ocrx_word' id='word_1_74' title='bbox 392 1259 449 1314; x_wconf 80' lang='lat' dir='ltr'><strong>in</strong></span> <span class='ocrx_word' id='word_1_75' title='bbox 489 1258 737 1332; x_wconf 76' lang='lat' dir='ltr'><strong>simplum</strong></span> <span class='ocrx_word' id='word_1_76' title='bbox 778 1275 936 1316; x_wconf 86' lang='lat' dir='ltr'><strong>suum</strong></span> <span class='ocrx_word' id='word_1_77' title='bbox 988 1258 1009 1290; x_wconf 82' lang='grc'>³</span> <span class='ocrx_word' id='word_1_78' title='bbox 1048 1257 1373 1314; x_wconf 77' lang='lat' dir='ltr'><strong>restituimur</strong></span> <span class='ocrx_word' id='word_1_79' title='bbox 1410 1259 1434 1290; x_wconf 74' lang='grc'>⁸</span> <span class='ocrx_word' id='word_1_80' title='bbox 1475 1259 1705 1313; x_wconf 86' lang='lat' dir='ltr'><strong>radium.</strong></span> <span class='ocrx_word' id='word_1_81' title='bbox 1743 1258 1825 1313; x_wconf 91' lang='lat' dir='ltr'><strong>ln-</strong></span> 
     </span>
    </p>
   </div>
   <div class='ocr_carea' id='block_1_13' title="bbox 182 1350 1829 1424">
    <p class='ocr_par' dir='ltr' id='par_1_13' title="bbox 182 1350 1829 1424">
     <span class='ocr_line' id='line_1_13' title="bbox 182 1350 1829 1424; baseline 0 -20"><span class='ocrx_word' id='word_1_82' title='bbox 182 1406 189 1413; x_wconf 74' lang='grc'><em>,</em></span> <span class='ocrx_word' id='word_1_83' title='bbox 228 1357 409 1417; x_wconf 85' lang='lat' dir='ltr'><strong>tuere,</strong></span> <span class='ocrx_word' id='word_1_84' title='bbox 442 1352 896 1423; x_wconf 83' lang='lat' dir='ltr'><strong>quemadmodum</strong></span> <span class='ocrx_word' id='word_1_85' title='bbox 931 1351 1336 1424; x_wconf 87' lang='lat' dir='ltr'><strong>processionem</strong></span> <span class='ocrx_word' id='word_1_86' title='bbox 1377 1350 1592 1407; x_wconf 84' lang='lat' dir='ltr'><strong>divinae</strong></span> <span class='ocrx_word' id='word_1_87' title='bbox 1635 1350 1829 1405; x_wconf 87' lang='lat' dir='ltr'><strong>illumi-</strong></span> 
     </span>
    </p>
   </div>
   <div class='ocr_carea' id='block_1_14' title="bbox 222 1440 1829 1511">
    <p class='ocr_par' dir='ltr' id='par_1_14' title="bbox 222 1440 1829 1511">
     <span class='ocr_line' id='line_1_14' title="bbox 222 1440 1829 1511; baseline 0.001 -16"><span class='ocrx_word' id='word_1_88' title='bbox 222 1441 473 1497; x_wconf 88' lang='lat' dir='ltr'><strong>nationis</strong></span> <span class='ocrx_word' id='word_1_89' title='bbox 502 1457 533 1496; x_wconf 90' lang='lat' dir='ltr'><strong>a</strong></span> <span class='ocrx_word' id='word_1_90' title='bbox 562 1441 673 1498; x_wconf 92' lang='lat' dir='ltr'><strong>Deo</strong></span> <span class='ocrx_word' id='word_1_91' title='bbox 698 1440 862 1497; x_wconf 84' lang='lat' dir='ltr'><strong>Patre</strong></span> <span class='ocrx_word' id='word_1_92' title='bbox 899 1443 954 1497; x_wconf 91' lang='lat' dir='ltr'><strong>in</strong></span> <span class='ocrx_word' id='word_1_93' title='bbox 989 1457 1087 1499; x_wconf 92' lang='lat' dir='ltr'><strong>nos</strong></span> <span class='ocrx_word' id='word_1_94' title='bbox 1108 1482 1124 1507; x_wconf 95' lang='lat'><strong>,</strong></span> <span class='ocrx_word' id='word_1_95' title='bbox 1153 1451 1208 1496; x_wconf 92' lang='lat' dir='ltr'><strong>et</strong></span> <span class='ocrx_word' id='word_1_96' title='bbox 1236 1442 1431 1497; x_wconf 85' lang='lat' dir='ltr'><strong>iterum</strong></span> <span class='ocrx_word' id='word_1_97' title='bbox 1460 1456 1524 1496; x_wconf 87' lang='lat' dir='ltr'><strong>ex</strong></span> <span class='ocrx_word' id='word_1_98' title='bbox 1558 1441 1672 1511; x_wconf 88' lang='lat' dir='ltr'><strong>ipsa</strong></span> <span class='ocrx_word' id='word_1_99' title='bbox 1704 1456 1829 1511; x_wconf 88' lang='lat' dir='ltr'><strong>pro-</strong></span> 
     </span>
    </p>
   </div>
   <div class='ocr_carea' id='block_1_15' title="bbox 222 1522 1826 1605">
    <p class='ocr_par' dir='ltr' id='par_1_15' title="bbox 222 1522 1826 1605">
     <span class='ocr_line' id='line_1_15' title="bbox 222 1522 1826 1605; baseline -0.001 -17"><span class='ocrx_word' id='word_1_100' title='bbox 222 1532 481 1589; x_wconf 86' lang='lat' dir='ltr'><strong>cessione</strong></span> <span class='ocrx_word' id='word_1_101' title='bbox 532 1532 799 1589; x_wconf 85' lang='lat' dir='ltr'><strong>claritatis</strong></span> <span class='ocrx_word' id='word_1_102' title='bbox 879 1543 935 1589; x_wconf 91' lang='lat' dir='ltr'><strong>et</strong></span> <span class='ocrx_word' id='word_1_103' title='bbox 998 1522 1449 1605; x_wconf 75' lang='lat' dir='ltr'><strong>multiplicatione</strong></span> <span class='ocrx_word' id='word_1_104' title='bbox 1512 1533 1534 1565; x_wconf 84' lang='grc'><strong><em>⁵</em></strong></span> <span class='ocrx_word' id='word_1_105' title='bbox 1584 1540 1826 1588; x_wconf 90' lang='lat' dir='ltr'><strong>nostram</strong></span> 
     </span>
    </p>
   </div>
   <div class='ocr_carea' id='block_1_16' title="bbox 220 1624 1829 1699">
    <p class='ocr_par' dir='ltr' id='par_1_16' title="bbox 220 1624 1829 1699">
     <span class='ocr_line' id='line_1_16' title="bbox 220 1624 1829 1699; baseline 0.001 -19"><span class='ocrx_word' id='word_1_106' title='bbox 220 1624 632 1681; x_wconf 85' lang='lat' dir='ltr'><strong>restitutionem</strong></span> <span class='ocrx_word' id='word_1_107' title='bbox 679 1626 734 1681; x_wconf 91' lang='lat' dir='ltr'><strong>in</strong></span> <span class='ocrx_word' id='word_1_108' title='bbox 782 1626 1035 1699; x_wconf 88' lang='lat' dir='ltr'><strong>simplum</strong></span> <span class='ocrx_word' id='word_1_109' title='bbox 1084 1626 1253 1698; x_wconf 88' lang='lat' dir='ltr'><strong>ipsius</strong></span> <span class='ocrx_word' id='word_1_110' title='bbox 1300 1626 1646 1699; x_wconf 86' lang='lat' dir='ltr'><strong>procedentis</strong></span> <span class='ocrx_word' id='word_1_111' title='bbox 1693 1627 1829 1682; x_wconf 87' lang='lat' dir='ltr'><strong>lucis</strong></span> 
     </span>
    </p>
   </div>
   <div class='ocr_carea' id='block_1_17' title="bbox 223 1718 1825 1801">
    <p class='ocr_par' dir='ltr' id='par_1_17' title="bbox 223 1718 1825 1801">
     <span class='ocr_line' id='line_1_17' title="bbox 223 1718 1825 1801; baseline 0.001 -27"><span class='ocrx_word' id='word_1_112' title='bbox 223 1718 444 1779; x_wconf 82' lang='lat' dir='ltr'><strong>radium</strong></span> <span class='ocrx_word' id='word_1_113' title='bbox 478 1735 579 1801; x_wconf 90' lang='lat' dir='ltr'><strong>per</strong></span> <span class='ocrx_word' id='word_1_114' title='bbox 607 1720 847 1799; x_wconf 79' lang='lat' dir='ltr'><strong>singulas</strong></span> <span class='ocrx_word' id='word_1_115' title='bbox 874 1722 1064 1778; x_wconf 84' lang='lat' dir='ltr'><strong>edocet</strong></span> <span class='ocrx_word' id='word_1_116' title='bbox 1114 1722 1368 1794; x_wconf 88' lang='lat' dir='ltr'><strong>periodos</strong></span> <span class='ocrx_word' id='word_1_117' title='bbox 1407 1721 1449 1775; x_wconf 80' lang='grc'><strong>⁸.</strong></span> <span class='ocrx_word' id='word_1_118' title='bbox 1496 1720 1591 1777; x_wconf 85' lang='lat' dir='ltr'><strong>Est</strong></span> <span class='ocrx_word' id='word_1_119' title='bbox 1643 1729 1825 1776; x_wconf 87' lang='lat' dir='ltr'><strong>autem</strong></span> 
     </span>
    </p>
   </div>
   <div class='ocr_carea' id='block_1_18' title="bbox 218 1810 1828 1887">
    <p class='ocr_par' dir='ltr' id='par_1_18' title="bbox 218 1810 1828 1887">
     <span class='ocr_line' id='line_1_18' title="bbox 218 1810 1828 1887; baseline 0 -20"><span class='ocrx_word' id='word_1_120' title='bbox 218 1810 395 1884; x_wconf 86' lang='lat' dir='ltr'><strong>bujus</strong></span> <span class='ocrx_word' id='word_1_121' title='bbox 421 1814 441 1846; x_wconf 84' lang='lat'><strong>&#39;</strong></span> <span class='ocrx_word' id='word_1_122' title='bbox 468 1815 675 1887; x_wconf 89' lang='lat' dir='ltr'><strong>periodi</strong></span> <span class='ocrx_word' id='word_1_123' title='bbox 722 1815 1017 1873; x_wconf 81' lang='lat' dir='ltr'><strong>verborum</strong></span> <span class='ocrx_word' id='word_1_124' title='bbox 1041 1812 1315 1870; x_wconf 85' lang='lat' dir='ltr'><strong>ordinatio</strong></span> <span class='ocrx_word' id='word_1_125' title='bbox 1343 1832 1356 1868; x_wconf 89' lang='lat'>:</span> <span class='ocrx_word' id='word_1_126' title='bbox 1390 1823 1445 1869; x_wconf 91' lang='lat' dir='ltr'><strong>et</strong></span> <span class='ocrx_word' id='word_1_127' title='bbox 1488 1813 1828 1869; x_wconf 85' lang='lat' dir='ltr'><strong>restituimur</strong></span> 
     </span>
    </p>
   </div>
   <div class='ocr_carea' id='block_1_19' title="bbox 1934 606 3532 689">
    <p class='ocr_par' dir='ltr' id='par_1_19' title="bbox 1934 606 3532 689">
     <span class='ocr_line' id='line_1_19' title="bbox 1934 606 3532 689; baseline 0.006 -29"><span class='ocrx_word' id='word_1_128' title='bbox 1934 619 2035 676; x_wconf 90' lang='lat' dir='ltr'><strong>pro</strong></span> <span class='ocrx_word' id='word_1_129' title='bbox 2063 606 2321 689; x_wconf 74' lang='grc' dir='ltr'><strong>θιαρχικῷ</strong></span> <span class='ocrx_word' id='word_1_130' title='bbox 2361 606 2407 639; x_wconf 73' lang='grc' dir='ltr'><strong>’θ</strong></span> <span class='ocrx_word' id='word_1_131' title='bbox 2437 606 2599 663; x_wconf 89' lang='lat' dir='ltr'><strong>Patre</strong></span> <span class='ocrx_word' id='word_1_132' title='bbox 2630 610 2753 665; x_wconf 74' lang='grc' dir='ltr'><strong>θεῖον</strong></span> <span class='ocrx_word' id='word_1_133' title='bbox 2795 610 2998 682; x_wconf 71' lang='grc' dir='ltr'><strong>πατέρα</strong></span> <span class='ocrx_word' id='word_1_134' title='bbox 3043 611 3089 642; x_wconf 77' lang='grc'>¹¹</span> <span class='ocrx_word' id='word_1_135' title='bbox 3118 652 3133 676; x_wconf 92' lang='grc'><em>,</em></span> <span class='ocrx_word' id='word_1_136' title='bbox 3181 612 3235 666; x_wconf 90' lang='lat' dir='ltr'><strong>id</strong></span> <span class='ocrx_word' id='word_1_137' title='bbox 3277 619 3363 668; x_wconf 87' lang='lat' dir='ltr'><strong>est</strong></span> <span class='ocrx_word' id='word_1_138' title='bbox 3394 614 3532 669; x_wconf 85' lang='lat' dir='ltr'><strong>divi-</strong></span> 
     </span>
    </p>
   </div>
   <div class='ocr_carea' id='block_1_20' title="bbox 1936 701 3531 781">
    <p class='ocr_par' dir='ltr' id='par_1_20' title="bbox 1936 701 3531 781">
     <span class='ocr_line' id='line_1_20' title="bbox 1936 701 3531 781; baseline 0.004 -26"><span class='ocrx_word' id='word_1_139' title='bbox 1936 716 2063 755; x_wconf 93' lang='lat' dir='ltr'><strong>num</strong></span> <span class='ocrx_word' id='word_1_140' title='bbox 2100 701 2348 766; x_wconf 86' lang='lat' dir='ltr'><strong>Patrem,</strong></span> <span class='ocrx_word' id='word_1_141' title='bbox 2380 711 2432 757; x_wconf 88' lang='lat' dir='ltr'><strong>ct</strong></span> <span class='ocrx_word' id='word_1_142' title='bbox 2468 718 2565 773; x_wconf 90' lang='lat' dir='ltr'><strong>pro</strong></span> <span class='ocrx_word' id='word_1_143' title='bbox 2598 701 2881 780; x_wconf 72' lang='grc' dir='ltr'><strong>φωτοδοσία</strong></span> <span class='ocrx_word' id='word_1_144' title='bbox 2918 703 3185 781; x_wconf 77' lang='grc' dir='ltr'><strong>λαμπριαν</strong></span> <span class='ocrx_word' id='word_1_145' title='bbox 3231 705 3298 770; x_wconf 78' lang='grc'><strong>³¹,</strong></span> <span class='ocrx_word' id='word_1_146' title='bbox 3346 705 3398 759; x_wconf 90' lang='lat' dir='ltr'><strong>id</strong></span> <span class='ocrx_word' id='word_1_147' title='bbox 3446 715 3531 761; x_wconf 91' lang='lat' dir='ltr'><strong>cst</strong></span> 
     </span>
    </p>
   </div>
   <div class='ocr_carea' id='block_1_21' title="bbox 1934 791 3530 867">
    <p class='ocr_par' dir='ltr' id='par_1_21' title="bbox 1934 791 3530 867">
     <span class='ocr_line' id='line_1_21' title="bbox 1934 791 3530 867; baseline 0.004 -19"><span class='ocrx_word' id='word_1_148' title='bbox 1934 791 2267 859; x_wconf 80' lang='lat' dir='ltr'><strong>claritatem,</strong></span> <span class='ocrx_word' id='word_1_149' title='bbox 2321 794 2762 867; x_wconf 83' lang='lat' dir='ltr'><strong>frequentissime</strong></span> <span class='ocrx_word' id='word_1_150' title='bbox 2802 804 3015 867; x_wconf 90' lang='lat' dir='ltr'><strong>ponunt</strong></span> <span class='ocrx_word' id='word_1_151' title='bbox 3042 795 3108 851; x_wconf 79' lang='grc'><strong><em>³⁸.</em></strong></span> <span class='ocrx_word' id='word_1_152' title='bbox 3154 797 3286 867; x_wconf 86' lang='lat' dir='ltr'><strong>Quis</strong></span> <span class='ocrx_word' id='word_1_153' title='bbox 3313 808 3398 854; x_wconf 91' lang='lat' dir='ltr'><strong>est</strong></span> <span class='ocrx_word' id='word_1_154' title='bbox 3429 815 3530 853; x_wconf 90' lang='lat' dir='ltr'><strong>au-</strong></span> 
     </span>
    </p>
   </div>
   <div class='ocr_carea' id='block_1_22' title="bbox 1933 886 3532 967">
    <p class='ocr_par' dir='ltr' id='par_1_22' title="bbox 1933 886 3532 967">
     <span class='ocr_line' id='line_1_22' title="bbox 1933 886 3532 967; baseline 0.006 -28"><span class='ocrx_word' id='word_1_155' title='bbox 1933 893 2041 941; x_wconf 86' lang='lat' dir='ltr'><strong>tem</strong></span> <span class='ocrx_word' id='word_1_156' title='bbox 2076 886 2260 942; x_wconf 85' lang='lat' dir='ltr'><strong>radius</strong></span> <span class='ocrx_word' id='word_1_157' title='bbox 2285 887 2376 951; x_wconf 86' lang='lat' dir='ltr'><strong>ille</strong></span> <span class='ocrx_word' id='word_1_158' title='bbox 2409 887 2636 963; x_wconf 87' lang='lat' dir='ltr'><strong>simplex</strong></span> <span class='ocrx_word' id='word_1_159' title='bbox 2682 896 2941 959; x_wconf 85' lang='lat' dir='ltr'><strong>paternae</strong></span> <span class='ocrx_word' id='word_1_160' title='bbox 2969 888 3262 957; x_wconf 85' lang='lat' dir='ltr'><strong>claritatis,</strong></span> <span class='ocrx_word' id='word_1_161' title='bbox 3292 891 3346 945; x_wconf 92' lang='lat' dir='ltr'><strong>in</strong></span> <span class='ocrx_word' id='word_1_162' title='bbox 3378 891 3532 967; x_wconf 86' lang='lat' dir='ltr'><strong>cujus</strong></span> 
     </span>
    </p>
   </div>
   <div class='ocr_carea' id='block_1_23' title="bbox 1934 979 3529 1055">
    <p class='ocr_par' dir='ltr' id='par_1_23' title="bbox 1934 979 3529 1055">
     <span class='ocr_line' id='line_1_23' title="bbox 1934 979 3529 1055; baseline 0.004 -23"><span class='ocrx_word' id='word_1_163' title='bbox 1934 990 2227 1049; x_wconf 91' lang='lat' dir='ltr'><strong>conspectu</strong></span> <span class='ocrx_word' id='word_1_164' title='bbox 2255 979 2301 1011; x_wconf 78' lang='lat'><strong>&quot;‘</strong></span> <span class='ocrx_word' id='word_1_165' title='bbox 2327 981 2397 1036; x_wconf 88' lang='lat' dir='ltr'><strong>ab</strong></span> <span class='ocrx_word' id='word_1_166' title='bbox 2424 979 2538 1055; x_wconf 86' lang='lat' dir='ltr'><strong>ipsa</strong></span> <span class='ocrx_word' id='word_1_167' title='bbox 2568 982 2816 1037; x_wconf 87' lang='lat' dir='ltr'><strong>claritate</strong></span> <span class='ocrx_word' id='word_1_168' title='bbox 2842 981 3295 1039; x_wconf 85' lang='lat' dir='ltr'><strong>immaterialibus</strong></span> <span class='ocrx_word' id='word_1_169' title='bbox 3328 991 3381 1040; x_wconf 91' lang='lat' dir='ltr'><strong>et</strong></span> <span class='ocrx_word' id='word_1_170' title='bbox 3423 1002 3529 1043; x_wconf 85' lang='lat' dir='ltr'><strong>non</strong></span> 
     </span>
    </p>
   </div>
   <div class='ocr_carea' id='block_1_24' title="bbox 1932 1071 3527 1149">
    <p class='ocr_par' dir='ltr' id='par_1_24' title="bbox 1932 1071 3527 1149">
     <span class='ocr_line' id='line_1_24' title="bbox 1932 1071 3527 1149; baseline 0.004 -23"><span class='ocrx_word' id='word_1_171' title='bbox 1932 1071 2293 1128; x_wconf 84' lang='lat' dir='ltr'><strong>titubantibus</strong></span> <span class='ocrx_word' id='word_1_172' title='bbox 2315 1075 2514 1129; x_wconf 82' lang='lat' dir='ltr'><strong>mentis</strong></span> <span class='ocrx_word' id='word_1_173' title='bbox 2542 1074 2718 1130; x_wconf 89' lang='lat' dir='ltr'><strong>oculis</strong></span> <span class='ocrx_word' id='word_1_174' title='bbox 2746 1073 3019 1130; x_wconf 88' lang='lat' dir='ltr'><strong>intellecta</strong></span> <span class='ocrx_word' id='word_1_175' title='bbox 3055 1076 3386 1149; x_wconf 84' lang='lat' dir='ltr'><strong>reponimus,</strong></span> <span class='ocrx_word' id='word_1_176' title='bbox 3416 1093 3527 1133; x_wconf 83' lang='lat' dir='ltr'><strong>me-</strong></span> 
     </span>
    </p>
   </div>
   <div class='ocr_carea' id='block_1_25' title="bbox 1931 1162 3531 1241">
    <p class='ocr_par' dir='ltr' id='par_1_25' title="bbox 1931 1162 3531 1241">
     <span class='ocr_line' id='line_1_25' title="bbox 1931 1162 3531 1241; baseline 0.005 -24"><span class='ocrx_word' id='word_1_177' title='bbox 1931 1162 2039 1218; x_wconf 89' lang='lat' dir='ltr'><strong>rito</strong></span> <span class='ocrx_word' id='word_1_178' title='bbox 2082 1164 2380 1234; x_wconf 90' lang='lat' dir='ltr'><strong>quaeritur.</strong></span> <span class='ocrx_word' id='word_1_179' title='bbox 2407 1164 2473 1220; x_wconf 86' lang='lat' dir='ltr'><strong>Et</strong></span> <span class='ocrx_word' id='word_1_180' title='bbox 2520 1165 2653 1221; x_wconf 89' lang='lat' dir='ltr'><strong>mihi</strong></span> <span class='ocrx_word' id='word_1_181' title='bbox 2691 1167 2974 1238; x_wconf 85' lang='lat' dir='ltr'><strong>quaerenti</strong></span> <span class='ocrx_word' id='word_1_182' title='bbox 3018 1164 3148 1223; x_wconf 84' lang='lat' dir='ltr'><strong>nihil</strong></span> <span class='ocrx_word' id='word_1_183' title='bbox 3195 1167 3531 1241; x_wconf 83' lang='lat' dir='ltr'><strong>probabilius</strong></span> 
     </span>
    </p>
   </div>
   <div class='ocr_carea' id='block_1_26' title="bbox 1932 1258 3523 1337">
    <p class='ocr_par' dir='ltr' id='par_1_26' title="bbox 1932 1258 3523 1337">
     <span class='ocr_line' id='line_1_26' title="bbox 1932 1258 3523 1337; baseline 0.003 -27"><span class='ocrx_word' id='word_1_184' title='bbox 1932 1258 2175 1311; x_wconf 88' lang='lat' dir='ltr'><strong>occurrit</strong></span> <span class='ocrx_word' id='word_1_185' title='bbox 2214 1258 2281 1312; x_wconf 86' lang='lat' dir='ltr'><strong>ad</strong></span> <span class='ocrx_word' id='word_1_186' title='bbox 2310 1258 2639 1313; x_wconf 86' lang='lat' dir='ltr'><strong>credendum</strong></span> <span class='ocrx_word' id='word_1_187' title='bbox 2668 1266 2724 1314; x_wconf 92' lang='lat' dir='ltr'><strong>et</strong></span> <span class='ocrx_word' id='word_1_188' title='bbox 2757 1259 3199 1337; x_wconf 84' lang='lat' dir='ltr'><strong>intelligendum,</strong></span> <span class='ocrx_word' id='word_1_189' title='bbox 3234 1277 3397 1337; x_wconf 82' lang='lat' dir='ltr'><strong>quam</strong></span> <span class='ocrx_word' id='word_1_190' title='bbox 3430 1262 3523 1316; x_wconf 87' lang='lat' dir='ltr'><strong>Dei</strong></span> 
     </span>
    </p>
   </div>
   <div class='ocr_carea' id='block_1_27' title="bbox 1931 1344 3528 1424">
    <p class='ocr_par' dir='ltr' id='par_1_27' title="bbox 1931 1344 3528 1424">
     <span class='ocr_line' id='line_1_27' title="bbox 1931 1344 3528 1424; baseline 0.004 -21"><span class='ocrx_word' id='word_1_191' title='bbox 1931 1344 2111 1403; x_wconf 89' lang='lat' dir='ltr'><strong>Patris</strong></span> <span class='ocrx_word' id='word_1_192' title='bbox 2137 1347 2374 1404; x_wconf 85' lang='lat' dir='ltr'><strong>Verbum</strong></span> <span class='ocrx_word' id='word_1_193' title='bbox 2399 1348 2479 1417; x_wconf 84' lang='lat'><strong>&quot;,</strong></span> <span class='ocrx_word' id='word_1_194' title='bbox 2509 1350 2653 1424; x_wconf 84' lang='lat' dir='ltr'><strong>quod</strong></span> <span class='ocrx_word' id='word_1_195' title='bbox 2686 1351 2860 1407; x_wconf 89' lang='lat' dir='ltr'><strong>instar</strong></span> <span class='ocrx_word' id='word_1_196' title='bbox 2890 1352 3025 1407; x_wconf 87' lang='lat' dir='ltr'><strong>radii</strong></span> <span class='ocrx_word' id='word_1_197' title='bbox 3063 1353 3131 1408; x_wconf 87' lang='lat' dir='ltr'><strong>ab</strong></span> <span class='ocrx_word' id='word_1_198' title='bbox 3167 1353 3528 1419; x_wconf 87' lang='lat' dir='ltr'><strong>inaccessibili</strong></span> 
     </span>
    </p>
   </div>
   <div class='ocr_carea' id='block_1_28' title="bbox 1933 1439 3526 1513">
    <p class='ocr_par' dir='ltr' id='par_1_28' title="bbox 1933 1439 3526 1513">
     <span class='ocr_line' id='line_1_28' title="bbox 1933 1439 3526 1513; baseline 0.006 -20"><span class='ocrx_word' id='word_1_199' title='bbox 1933 1445 1988 1493; x_wconf 91' lang='lat' dir='ltr'><strong>et</strong></span> <span class='ocrx_word' id='word_1_200' title='bbox 2040 1439 2298 1495; x_wconf 86' lang='lat' dir='ltr'><strong>invisibili</strong></span> <span class='ocrx_word' id='word_1_201' title='bbox 2348 1440 2483 1508; x_wconf 90' lang='lat' dir='ltr'><strong>sole,</strong></span> <span class='ocrx_word' id='word_1_202' title='bbox 2532 1442 2586 1496; x_wconf 92' lang='lat' dir='ltr'><strong>id</strong></span> <span class='ocrx_word' id='word_1_203' title='bbox 2634 1452 2717 1498; x_wconf 91' lang='lat' dir='ltr'><strong>est</strong></span> <span class='ocrx_word' id='word_1_204' title='bbox 2763 1442 2959 1513; x_wconf 84' lang='lat' dir='ltr'><strong>Patre,</strong></span> <span class='ocrx_word' id='word_1_205' title='bbox 3010 1444 3063 1498; x_wconf 93' lang='lat' dir='ltr'><strong>in</strong></span> <span class='ocrx_word' id='word_1_206' title='bbox 3116 1447 3526 1502; x_wconf 83' lang='lat' dir='ltr'><strong>universitatem</strong></span> 
     </span>
    </p>
   </div>
   <div class='ocr_carea' id='block_1_29' title="bbox 1933 1530 3532 1606">
    <p class='ocr_par' dir='ltr' id='par_1_29' title="bbox 1933 1530 3532 1606">
     <span class='ocr_line' id='line_1_29' title="bbox 1933 1530 3532 1606; baseline 0.008 -21"><span class='ocrx_word' id='word_1_207' title='bbox 1933 1530 2207 1587; x_wconf 84' lang='lat' dir='ltr'><strong>sensibilis</strong></span> <span class='ocrx_word' id='word_1_208' title='bbox 2253 1541 2308 1587; x_wconf 91' lang='lat' dir='ltr'><strong>et</strong></span> <span class='ocrx_word' id='word_1_209' title='bbox 2360 1532 2713 1606; x_wconf 87' lang='lat' dir='ltr'><strong>intelligibilis</strong></span> <span class='ocrx_word' id='word_1_210' title='bbox 2745 1546 3061 1602; x_wconf 86' lang='lat' dir='ltr'><strong>creaturae,</strong></span> <span class='ocrx_word' id='word_1_211' title='bbox 3094 1547 3145 1593; x_wconf 88' lang='lat' dir='ltr'><strong>et</strong></span> <span class='ocrx_word' id='word_1_212' title='bbox 3193 1540 3428 1595; x_wconf 83' lang='lat' dir='ltr'><strong>maxime</strong></span> <span class='ocrx_word' id='word_1_213' title='bbox 3467 1555 3532 1597; x_wconf 86' lang='lat' dir='ltr'><strong>ac</strong></span> 
     </span>
    </p>
   </div>
   <div class='ocr_carea' id='block_1_30' title="bbox 1931 1623 3532 1699">
    <p class='ocr_par' dir='ltr' id='par_1_30' title="bbox 1931 1623 3532 1699">
     <span class='ocr_line' id='line_1_30' title="bbox 1931 1623 3532 1699; baseline 0.009 -24"><span class='ocrx_word' id='word_1_214' title='bbox 1931 1623 2305 1694; x_wconf 81' lang='lat' dir='ltr'><strong>principaliter</strong></span> <span class='ocrx_word' id='word_1_215' title='bbox 2354 1627 2407 1679; x_wconf 92' lang='lat' dir='ltr'><strong>in</strong></span> <span class='ocrx_word' id='word_1_216' title='bbox 2461 1628 2734 1699; x_wconf 85' lang='lat' dir='ltr'><strong>angelicos</strong></span> <span class='ocrx_word' id='word_1_217' title='bbox 2789 1639 2843 1685; x_wconf 91' lang='lat' dir='ltr'><strong>et</strong></span> <span class='ocrx_word' id='word_1_218' title='bbox 2901 1631 3166 1687; x_wconf 86' lang='lat' dir='ltr'><strong>humanos</strong></span> <span class='ocrx_word' id='word_1_219' title='bbox 3222 1632 3532 1691; x_wconf 85' lang='lat' dir='ltr'><strong>intellectus</strong></span> 
     </span>
    </p>
   </div>
   <div class='ocr_carea' id='block_1_31' title="bbox 1932 1712 3529 1797">
    <p class='ocr_par' dir='ltr' id='par_1_31' title="bbox 1932 1712 3529 1797">
     <span class='ocr_line' id='line_1_31' title="bbox 1932 1712 3529 1797; baseline 0.008 -29"><span class='ocrx_word' id='word_1_220' title='bbox 1932 1712 2272 1783; x_wconf 78' lang='lat' dir='ltr'><strong>dill‘unditur,</strong></span> <span class='ocrx_word' id='word_1_221' title='bbox 2325 1717 2552 1789; x_wconf 82' lang='lat' dir='ltr'><strong>impleas</strong></span> <span class='ocrx_word' id='word_1_222' title='bbox 2600 1721 2815 1788; x_wconf 87' lang='lat' dir='ltr'><strong>omnia,</strong></span> <span class='ocrx_word' id='word_1_223' title='bbox 2848 1722 3135 1793; x_wconf 86' lang='lat' dir='ltr'><strong>perliciens</strong></span> <span class='ocrx_word' id='word_1_224' title='bbox 3178 1725 3529 1797; x_wconf 84' lang='lat' dir='ltr'><strong>imperfecta,</strong></span> 
     </span>
    </p>
   </div>
   <div class='ocr_carea' id='block_1_32' title="bbox 1930 1808 3530 1889">
    <p class='ocr_par' dir='ltr' id='par_1_32' title="bbox 1930 1808 3530 1889">
     <span class='ocr_line' id='line_1_32' title="bbox 1930 1808 3530 1889; baseline 0.012 -30"><span class='ocrx_word' id='word_1_225' title='bbox 1930 1814 2227 1877; x_wconf 83' lang='lat' dir='ltr'><strong>penetrans</strong></span> <span class='ocrx_word' id='word_1_226' title='bbox 2275 1808 2558 1878; x_wconf 88' lang='lat' dir='ltr'><strong>obstrusa,</strong></span> <span class='ocrx_word' id='word_1_227' title='bbox 2594 1812 2905 1869; x_wconf 87' lang='lat' dir='ltr'><strong>illuminans</strong></span> <span class='ocrx_word' id='word_1_228' title='bbox 2946 1819 3238 1889; x_wconf 85' lang='lat' dir='ltr'><strong>mysteria,</strong></span> <span class='ocrx_word' id='word_1_229' title='bbox 3285 1819 3530 1878; x_wconf 80' lang='lat' dir='ltr'><strong>formans</strong></span> 
     </span>
    </p>
   </div>
   <div class='ocr_carea' id='block_1_33' title="bbox 218 1898 3523 1983">
    <p class='ocr_par' dir='ltr' id='par_1_33' title="bbox 218 1898 3523 1983">
     <span class='ocr_line' id='line_1_33' title="bbox 218 1898 3523 1983; baseline 0.005 -35"><span class='ocrx_word' id='word_1_230' title='bbox 218 1902 447 1973; x_wconf 62' lang='lat' dir='ltr'><strong>iterum,</strong></span> <span class='ocrx_word' id='word_1_231' title='bbox 473 1921 541 1961; x_wconf 63' lang='lat' dir='ltr'><strong>ex</strong></span> <span class='ocrx_word' id='word_1_232' title='bbox 572 1907 690 1981; x_wconf 70' lang='lat' dir='ltr'><strong>ipsa</strong></span> <span class='ocrx_word' id='word_1_233' title='bbox 720 1905 971 1962; x_wconf 53' lang='lat' dir='ltr'><strong>videlicet</strong></span> <span class='ocrx_word' id='word_1_234' title='bbox 998 1903 1284 1976; x_wconf 59' lang='lat' dir='ltr'><strong>multiplici</strong></span> <span class='ocrx_word' id='word_1_235' title='bbox 1317 1905 1567 1973; x_wconf 67' lang='lat' dir='ltr'><strong>(latione,</strong></span> <span class='ocrx_word' id='word_1_236' title='bbox 1604 1906 1659 1965; x_wconf 77' lang='lat' dir='ltr'><strong>in</strong></span> <span class='ocrx_word' id='word_1_237' title='bbox 1691 1906 1823 1963; x_wconf 82' lang='lat' dir='ltr'><strong>sim-</strong></span> <span class='ocrx_word' id='word_1_238' title='bbox 1853 1904 1899 1964; x_wconf 80' lang='grc' dir='ltr'><strong><em>Β</em></strong></span> <span class='ocrx_word' id='word_1_239' title='bbox 1927 1898 2166 1954; x_wconf 89' lang='lat' dir='ltr'><strong>visiones</strong></span> <span class='ocrx_word' id='word_1_240' title='bbox 2197 1899 2251 1954; x_wconf 94' lang='lat' dir='ltr'><strong>in</strong></span> <span class='ocrx_word' id='word_1_241' title='bbox 2285 1900 2638 1959; x_wconf 86' lang='lat' dir='ltr'><strong>interioribus</strong></span> <span class='ocrx_word' id='word_1_242' title='bbox 2669 1906 2921 1963; x_wconf 83' lang='lat' dir='ltr'><strong>sensibus</strong></span> <span class='ocrx_word' id='word_1_243' title='bbox 2954 1907 3324 1981; x_wconf 81' lang='lat' dir='ltr'><strong>thenIOgorum</strong></span> <span class='ocrx_word' id='word_1_244' title='bbox 3346 1949 3365 1977; x_wconf 90' lang='lat'><strong>,</strong></span> <span class='ocrx_word' id='word_1_245' title='bbox 3392 1925 3523 1983; x_wconf 88' lang='lat' dir='ltr'><strong>ape-</strong></span> 
     </span>
    </p>
   </div>
   <div class='ocr_carea' id='block_1_34' title="bbox 214 1994 1828 2070">
    <p class='ocr_par' dir='ltr' id='par_1_34' title="bbox 214 1994 1828 2070">
     <span class='ocr_line' id='line_1_34' title="bbox 214 1994 1828 2070; baseline 0.003 -21"><span class='ocrx_word' id='word_1_246' title='bbox 214 1994 374 2067; x_wconf 87' lang='lat' dir='ltr'><strong>plum</strong></span> <span class='ocrx_word' id='word_1_247' title='bbox 406 1996 577 2068; x_wconf 89' lang='lat' dir='ltr'><strong>ipsius</strong></span> <span class='ocrx_word' id='word_1_248' title='bbox 605 1996 850 2063; x_wconf 87' lang='lat' dir='ltr'><strong>radium,</strong></span> <span class='ocrx_word' id='word_1_249' title='bbox 882 1998 1007 2053; x_wconf 90' lang='lat' dir='ltr'><strong>dum</strong></span> <span class='ocrx_word' id='word_1_250' title='bbox 1064 1997 1357 2070; x_wconf 88' lang='lat' dir='ltr'><strong>recipimus</strong></span> <span class='ocrx_word' id='word_1_251' title='bbox 1393 1997 1415 2029; x_wconf 82' lang='grc'>⁸</span> <span class='ocrx_word' id='word_1_252' title='bbox 1446 1998 1828 2056; x_wconf 66' lang='grc' dir='ltr'><strong>ἱηιιηδιρῑίειὶο</strong></span> 
     </span>
    </p>
   </div>
   <div class='ocr_carea' id='block_1_35' title="bbox 214 2085 1826 2163">
    <p class='ocr_par' dir='ltr' id='par_1_35' title="bbox 214 2085 1826 2163">
     <span class='ocr_line' id='line_1_35' title="bbox 214 2085 1826 2163; baseline 0.002 -21"><span class='ocrx_word' id='word_1_253' title='bbox 214 2085 327 2142; x_wconf 82' lang='lat' dir='ltr'><strong>bus</strong></span> <span class='ocrx_word' id='word_1_254' title='bbox 353 2094 411 2142; x_wconf 90' lang='lat' dir='ltr'><strong>et</strong></span> <span class='ocrx_word' id='word_1_255' title='bbox 437 2103 546 2143; x_wconf 91' lang='lat' dir='ltr'><strong>non</strong></span> <span class='ocrx_word' id='word_1_256' title='bbox 580 2086 938 2145; x_wconf 87' lang='lat' dir='ltr'><strong>trementibus</strong></span> <span class='ocrx_word' id='word_1_257' title='bbox 971 2087 1173 2144; x_wconf 88' lang='lat' dir='ltr'><strong>mentis</strong></span> <span class='ocrx_word' id='word_1_258' title='bbox 1198 2087 1407 2155; x_wconf 88' lang='lat' dir='ltr'><strong>oculis,</strong></span> <span class='ocrx_word' id='word_1_259' title='bbox 1446 2090 1542 2147; x_wconf 88' lang='lat' dir='ltr'><strong>sed</strong></span> <span class='ocrx_word' id='word_1_260' title='bbox 1571 2091 1826 2163; x_wconf 86' lang='lat' dir='ltr'><strong>spiritua-</strong></span> 
     </span>
    </p>
   </div>
   <div class='ocr_carea' id='block_1_36' title="bbox 214 2176 1828 2252">
    <p class='ocr_par' dir='ltr' id='par_1_36' title="bbox 214 2176 1828 2252">
     <span class='ocr_line' id='line_1_36' title="bbox 214 2176 1828 2252; baseline 0.002 -18"><span class='ocrx_word' id='word_1_261' title='bbox 214 2178 372 2234; x_wconf 86' lang='lat' dir='ltr'><strong>libus</strong></span> <span class='ocrx_word' id='word_1_262' title='bbox 398 2187 454 2234; x_wconf 87' lang='lat' dir='ltr'><strong>et</strong></span> <span class='ocrx_word' id='word_1_263' title='bbox 485 2176 720 2236; x_wconf 78' lang='lat' dir='ltr'><strong>inﬁrmis</strong></span> <span class='ocrx_word' id='word_1_264' title='bbox 768 2179 930 2235; x_wconf 90' lang='lat' dir='ltr'><strong>simul</strong></span> <span class='ocrx_word' id='word_1_265' title='bbox 953 2178 975 2211; x_wconf 82' lang='lat'>&#39;</span> <span class='ocrx_word' id='word_1_266' title='bbox 1004 2179 1247 2236; x_wconf 85' lang='lat' dir='ltr'><strong>theoriae</strong></span> <span class='ocrx_word' id='word_1_267' title='bbox 1276 2181 1584 2250; x_wconf 85' lang='lat' dir='ltr'><strong>obtutibus,</strong></span> <span class='ocrx_word' id='word_1_268' title='bbox 1624 2182 1828 2252; x_wconf 88' lang='lat' dir='ltr'><strong>princi-</strong></span> 
     </span>
    </p>
   </div>
   <div class='ocr_carea' id='block_1_37' title="bbox 212 2269 1825 2344">
    <p class='ocr_par' dir='ltr' id='par_1_37' title="bbox 212 2269 1825 2344">
     <span class='ocr_line' id='line_1_37' title="bbox 212 2269 1825 2344; baseline 0.006 -22"><span class='ocrx_word' id='word_1_269' title='bbox 212 2269 403 2341; x_wconf 81' lang='lat' dir='ltr'><strong>palem</strong></span> <span class='ocrx_word' id='word_1_270' title='bbox 464 2278 520 2324; x_wconf 90' lang='lat' dir='ltr'><strong>et</strong></span> <span class='ocrx_word' id='word_1_271' title='bbox 572 2269 1089 2344; x_wconf 88' lang='lat' dir='ltr'><strong>superprincipalem</strong></span> <span class='ocrx_word' id='word_1_272' title='bbox 1122 2311 1137 2339; x_wconf 83' lang='lat'><strong>,</strong></span> <span class='ocrx_word' id='word_1_273' title='bbox 1195 2271 1299 2325; x_wconf 82' lang='lat' dir='ltr'><strong>hoc</strong></span> <span class='ocrx_word' id='word_1_274' title='bbox 1350 2279 1435 2329; x_wconf 88' lang='lat' dir='ltr'><strong>est</strong></span> <span class='ocrx_word' id='word_1_275' title='bbox 1461 2312 1476 2337; x_wconf 87' lang='lat'><strong>,</strong></span> <span class='ocrx_word' id='word_1_276' title='bbox 1537 2272 1825 2344; x_wconf 88' lang='lat' dir='ltr'><strong>plusquam</strong></span> 
     </span>
    </p>
   </div>
   <div class='ocr_carea' id='block_1_38' title="bbox 213 2361 1826 2435">
    <p class='ocr_par' dir='ltr' id='par_1_38' title="bbox 213 2361 1826 2435">
     <span class='ocr_line' id='line_1_38' title="bbox 213 2361 1826 2435; baseline 0.003 -19"><span class='ocrx_word' id='word_1_277' title='bbox 213 2361 582 2435; x_wconf 83' lang='lat' dir='ltr'><strong>principalem</strong></span> <span class='ocrx_word' id='word_1_278' title='bbox 600 2362 767 2419; x_wconf 76' lang='lat' dir='ltr'><strong>divini</strong></span> <span class='ocrx_word' id='word_1_279' title='bbox 783 2361 961 2419; x_wconf 87' lang='lat' dir='ltr'><strong>Patris</strong></span> <span class='ocrx_word' id='word_1_280' title='bbox 985 2362 1314 2431; x_wconf 83' lang='lat' dir='ltr'><strong>claritatem,</strong></span> <span class='ocrx_word' id='word_1_281' title='bbox 1340 2363 1393 2420; x_wconf 92' lang='lat' dir='ltr'><strong>id</strong></span> <span class='ocrx_word' id='word_1_282' title='bbox 1421 2373 1526 2431; x_wconf 90' lang='lat' dir='ltr'><strong>est,</strong></span> <span class='ocrx_word' id='word_1_283' title='bbox 1550 2378 1615 2420; x_wconf 82' lang='lat' dir='ltr'><strong>ex</strong></span> <span class='ocrx_word' id='word_1_284' title='bbox 1642 2366 1826 2421; x_wconf 87' lang='lat' dir='ltr'><strong>divino</strong></span> 
     </span>
    </p>
   </div>
   <div class='ocr_carea' id='block_1_39' title="bbox 212 2444 1825 2531">
    <p class='ocr_par' dir='ltr' id='par_1_39' title="bbox 212 2444 1825 2531">
     <span class='ocr_line' id='line_1_39' title="bbox 212 2444 1825 2531; baseline 0.004 -22"><span class='ocrx_word' id='word_1_285' title='bbox 212 2444 390 2510; x_wconf 80' lang='lat' dir='ltr'><strong>Patre</strong></span> <span class='ocrx_word' id='word_1_286' title='bbox 420 2455 602 2511; x_wconf 84' lang='lat' dir='ltr'><strong>datam</strong></span> <span class='ocrx_word' id='word_1_287' title='bbox 630 2454 1077 2515; x_wconf 87' lang='lat' dir='ltr'><strong>illuminationem</strong></span> <span class='ocrx_word' id='word_1_288' title='bbox 1098 2498 1114 2525; x_wconf 93' lang='lat'><strong>,</strong></span> <span class='ocrx_word' id='word_1_289' title='bbox 1153 2471 1293 2528; x_wconf 88' lang='lat' dir='ltr'><strong>quae</strong></span> <span class='ocrx_word' id='word_1_290' title='bbox 1322 2456 1635 2531; x_wconf 81' lang='lat' dir='ltr'><strong>angelorum</strong></span> <span class='ocrx_word' id='word_1_291' title='bbox 1668 2459 1825 2517; x_wconf 85' lang='lat' dir='ltr'><strong>nobis</strong></span> 
     </span>
    </p>
   </div>
   <div class='ocr_carea' id='block_1_40' title="bbox 212 2546 1825 2625">
    <p class='ocr_par' dir='ltr' id='par_1_40' title="bbox 212 2546 1825 2625">
     <span class='ocr_line' id='line_1_40' title="bbox 212 2546 1825 2625; baseline 0.002 -22"><span class='ocrx_word' id='word_1_292' title='bbox 212 2546 271 2603; x_wconf 89' lang='lat' dir='ltr'><strong>in</strong></span> <span class='ocrx_word' id='word_1_293' title='bbox 312 2548 560 2619; x_wconf 79' lang='lat' dir='ltr'><strong>ﬁguratis</strong></span> <span class='ocrx_word' id='word_1_294' title='bbox 584 2547 847 2623; x_wconf 84' lang='lat' dir='ltr'><strong>symbolis</strong></span> <span class='ocrx_word' id='word_1_295' title='bbox 872 2591 888 2618; x_wconf 91' lang='lat'><strong>,</strong></span> <span class='ocrx_word' id='word_1_296' title='bbox 920 2550 1022 2605; x_wconf 88' lang='lat' dir='ltr'><strong>hoc</strong></span> <span class='ocrx_word' id='word_1_297' title='bbox 1051 2558 1169 2618; x_wconf 89' lang='lat' dir='ltr'><strong>est,</strong></span> <span class='ocrx_word' id='word_1_298' title='bbox 1195 2567 1294 2623; x_wconf 88' lang='lat' dir='ltr'><strong>per</strong></span> <span class='ocrx_word' id='word_1_299' title='bbox 1322 2550 1528 2608; x_wconf 80' lang='lat' dir='ltr'><strong>formas</strong></span> <span class='ocrx_word' id='word_1_300' title='bbox 1551 2552 1825 2625; x_wconf 84' lang='lat' dir='ltr'><strong>signitica-</strong></span> 
     </span>
    </p>
   </div>
   <div class='ocr_carea' id='block_1_41' title="bbox 212 2638 1823 2713">
    <p class='ocr_par' dir='ltr' id='par_1_41' title="bbox 212 2638 1823 2713">
     <span class='ocr_line' id='line_1_41' title="bbox 212 2638 1823 2713; baseline 0.002 -20"><span class='ocrx_word' id='word_1_301' title='bbox 212 2638 381 2710; x_wconf 79' lang='lat' dir='ltr'><strong>tivas,</strong></span> <span class='ocrx_word' id='word_1_302' title='bbox 416 2638 764 2695; x_wconf 89' lang='lat' dir='ltr'><strong>beatissimas</strong></span> <span class='ocrx_word' id='word_1_303' title='bbox 794 2640 1110 2695; x_wconf 81' lang='lat' dir='ltr'><strong>manifestat</strong></span> <span class='ocrx_word' id='word_1_304' title='bbox 1142 2638 1461 2697; x_wconf 82' lang='lat' dir='ltr'><strong>ierarcliias.</strong></span> <span class='ocrx_word' id='word_1_305' title='bbox 1481 2642 1562 2695; x_wconf 87' lang='lat' dir='ltr'><strong>Ac</strong></span> <span class='ocrx_word' id='word_1_306' title='bbox 1589 2643 1633 2697; x_wconf 89' lang='lat' dir='ltr'><strong>si</strong></span> <span class='ocrx_word' id='word_1_307' title='bbox 1664 2642 1823 2713; x_wconf 88' lang='lat' dir='ltr'><strong>plane</strong></span> 
     </span>
    </p>
   </div>
   <div class='ocr_carea' id='block_1_42' title="bbox 213 2733 1822 2809">
    <p class='ocr_par' dir='ltr' id='par_1_42' title="bbox 213 2733 1822 2809">
     <span class='ocr_line' id='line_1_42' title="bbox 213 2733 1822 2809; baseline 0 -20"><span class='ocrx_word' id='word_1_308' title='bbox 213 2733 466 2790; x_wconf 79' lang='lat' dir='ltr'><strong>diceret:</strong></span> <span class='ocrx_word' id='word_1_309' title='bbox 498 2734 635 2790; x_wconf 90' lang='lat' dir='ltr'><strong>Dum</strong></span> <span class='ocrx_word' id='word_1_310' title='bbox 661 2733 1041 2806; x_wconf 87' lang='lat' dir='ltr'><strong>principalem,</strong></span> <span class='ocrx_word' id='word_1_311' title='bbox 1070 2743 1126 2790; x_wconf 89' lang='lat' dir='ltr'><strong>et</strong></span> <span class='ocrx_word' id='word_1_312' title='bbox 1148 2735 1435 2807; x_wconf 86' lang='lat' dir='ltr'><strong>plusquam</strong></span> <span class='ocrx_word' id='word_1_313' title='bbox 1466 2735 1822 2809; x_wconf 85' lang='lat' dir='ltr'><strong>principalem</strong></span> 
     </span>
    </p>
   </div>
   <div class='ocr_carea' id='block_1_43' title="bbox 211 2826 1821 2903">
    <p class='ocr_par' dir='ltr' id='par_1_43' title="bbox 211 2826 1821 2903">
     <span class='ocr_line' id='line_1_43' title="bbox 211 2826 1821 2903; baseline -0.001 -21"><span class='ocrx_word' id='word_1_314' title='bbox 211 2842 291 2882; x_wconf 75' lang='lat' dir='ltr'><strong>ex</strong></span> <span class='ocrx_word' id='word_1_315' title='bbox 323 2827 504 2882; x_wconf 85' lang='lat' dir='ltr'><strong>divina</strong></span> <span class='ocrx_word' id='word_1_316' title='bbox 541 2828 924 2903; x_wconf 82' lang='lat' dir='ltr'><strong>procedentem</strong></span> <span class='ocrx_word' id='word_1_317' title='bbox 958 2826 1208 2882; x_wconf 89' lang='lat' dir='ltr'><strong>claritate</strong></span> <span class='ocrx_word' id='word_1_318' title='bbox 1241 2826 1285 2859; x_wconf 81' lang='grc'><strong>¹⁰</strong></span> <span class='ocrx_word' id='word_1_319' title='bbox 1316 2826 1665 2882; x_wconf 85' lang='lat' dir='ltr'><strong>intellectuali</strong></span> <span class='ocrx_word' id='word_1_320' title='bbox 1702 2827 1821 2882; x_wconf 88' lang='lat' dir='ltr'><strong>visu</strong></span> 
     </span>
    </p>
   </div>
   <div class='ocr_carea' id='block_1_44' title="bbox 212 2918 1819 2993">
    <p class='ocr_par' dir='ltr' id='par_1_44' title="bbox 212 2918 1819 2993">
     <span class='ocr_line' id='line_1_44' title="bbox 212 2918 1819 2993; baseline -0.001 -21"><span class='ocrx_word' id='word_1_321' title='bbox 212 2929 274 2972; x_wconf 90' lang='lat' dir='ltr'><strong>et</strong></span> <span class='ocrx_word' id='word_1_322' title='bbox 308 2918 618 2975; x_wconf 78' lang='lat' dir='ltr'><strong>vacillantis</strong></span> <span class='ocrx_word' id='word_1_323' title='bbox 644 2918 812 2974; x_wconf 89' lang='lat' dir='ltr'><strong>animi</strong></span> <span class='ocrx_word' id='word_1_324' title='bbox 841 2920 1086 2975; x_wconf 84' lang='lat' dir='ltr'><strong>contuitu</strong></span> <span class='ocrx_word' id='word_1_325' title='bbox 1130 2919 1459 2992; x_wconf 88' lang='lat' dir='ltr'><strong>percipimus</strong></span> <span class='ocrx_word' id='word_1_326' title='bbox 1484 2959 1499 2985; x_wconf 97' lang='lat'><strong>,</strong></span> <span class='ocrx_word' id='word_1_327' title='bbox 1535 2933 1630 2989; x_wconf 89' lang='lat' dir='ltr'><strong>per</strong></span> <span class='ocrx_word' id='word_1_328' title='bbox 1657 2934 1819 2993; x_wconf 87' lang='lat' dir='ltr'><strong>quam</strong></span> 
     </span>
    </p>
   </div>
   <div class='ocr_carea' id='block_1_45' title="bbox 212 3013 1820 3091">
    <p class='ocr_par' dir='ltr' id='par_1_45' title="bbox 212 3013 1820 3091">
     <span class='ocr_line' id='line_1_45' title="bbox 212 3013 1820 3091; baseline 0.002 -23"><span class='ocrx_word' id='word_1_329' title='bbox 212 3013 383 3069; x_wconf 88' lang='lat' dir='ltr'><strong>nobis</strong></span> <span class='ocrx_word' id='word_1_330' title='bbox 411 3014 759 3073; x_wconf 85' lang='lat' dir='ltr'><strong>beatissimae</strong></span> <span class='ocrx_word' id='word_1_331' title='bbox 778 3015 1091 3087; x_wconf 79' lang='lat' dir='ltr'><strong>angelorum</strong></span> <span class='ocrx_word' id='word_1_332' title='bbox 1116 3016 1419 3072; x_wconf 85' lang='lat' dir='ltr'><strong>ierarchiac</strong></span> <span class='ocrx_word' id='word_1_333' title='bbox 1439 3030 1539 3086; x_wconf 84' lang='lat' dir='ltr'><strong>per</strong></span> <span class='ocrx_word' id='word_1_334' title='bbox 1555 3017 1820 3091; x_wconf 78' lang='lat' dir='ltr'><strong>quaedam</strong></span> 
     </span>
    </p>
   </div>
   <div class='ocr_carea' id='block_1_46' title="bbox 213 3105 1821 3181">
    <p class='ocr_par' dir='ltr' id='par_1_46' title="bbox 213 3105 1821 3181">
     <span class='ocr_line' id='line_1_46' title="bbox 213 3105 1821 3181; baseline 0.001 -19"><span class='ocrx_word' id='word_1_335' title='bbox 213 3105 469 3179; x_wconf 73' lang='lat' dir='ltr'><strong>symbols</strong></span> <span class='ocrx_word' id='word_1_336' title='bbox 525 3106 962 3176; x_wconf 89' lang='lat' dir='ltr'><strong>manifestantur,</strong></span> <span class='ocrx_word' id='word_1_337' title='bbox 994 3109 1190 3165; x_wconf 89' lang='lat' dir='ltr'><strong>iterum</strong></span> <span class='ocrx_word' id='word_1_338' title='bbox 1236 3124 1336 3181; x_wconf 90' lang='lat' dir='ltr'><strong>per</strong></span> <span class='ocrx_word' id='word_1_339' title='bbox 1375 3109 1548 3181; x_wconf 88' lang='lat' dir='ltr'><strong>ipsam</strong></span> <span class='ocrx_word' id='word_1_340' title='bbox 1594 3108 1649 3163; x_wconf 92' lang='lat' dir='ltr'><strong>in</strong></span> <span class='ocrx_word' id='word_1_341' title='bbox 1693 3110 1821 3165; x_wconf 81' lang='lat' dir='ltr'><strong>sim-</strong></span> 
     </span>
    </p>
   </div>
   <div class='ocr_carea' id='block_1_47' title="bbox 210 3199 1819 3276">
    <p class='ocr_par' dir='ltr' id='par_1_47' title="bbox 210 3199 1819 3276">
     <span class='ocr_line' id='line_1_47' title="bbox 210 3199 1819 3276; baseline 0.002 -22"><span class='ocrx_word' id='word_1_342' title='bbox 210 3199 369 3276; x_wconf 86' lang='lat' dir='ltr'><strong>plum</strong></span> <span class='ocrx_word' id='word_1_343' title='bbox 402 3216 559 3257; x_wconf 91' lang='lat' dir='ltr'><strong>suum</strong></span> <span class='ocrx_word' id='word_1_344' title='bbox 589 3202 799 3258; x_wconf 85' lang='lat' dir='ltr'><strong>radium</strong></span> <span class='ocrx_word' id='word_1_345' title='bbox 824 3210 1215 3259; x_wconf 89' lang='lat' dir='ltr'><strong>restauramur.</strong></span> <span class='ocrx_word' id='word_1_346' title='bbox 1243 3202 1311 3257; x_wconf 89' lang='lat' dir='ltr'><strong>Et</strong></span> <span class='ocrx_word' id='word_1_347' title='bbox 1336 3202 1652 3269; x_wconf 84' lang='lat' dir='ltr'><strong>notandum,</strong></span> <span class='ocrx_word' id='word_1_348' title='bbox 1676 3204 1819 3272; x_wconf 87' lang='lat' dir='ltr'><strong>quod</strong></span> 
     </span>
    </p>
   </div>
   <div class='ocr_carea' id='block_1_48' title="bbox 1931 1990 3528 2076">
    <p class='ocr_par' dir='ltr' id='par_1_48' title="bbox 1931 1990 3528 2076">
     <span class='ocr_line' id='line_1_48' title="bbox 1931 1990 3528 2076; baseline 0.009 -31"><span class='ocrx_word' id='word_1_349' title='bbox 1931 1990 2084 2047; x_wconf 90' lang='lat' dir='ltr'><strong>riens</strong></span> <span class='ocrx_word' id='word_1_350' title='bbox 2112 1991 2421 2049; x_wconf 89' lang='lat' dir='ltr'><strong>intellectus</strong></span> <span class='ocrx_word' id='word_1_351' title='bbox 2451 2012 2545 2051; x_wconf 87' lang='lat' dir='ltr'><strong>eas</strong></span> <span class='ocrx_word' id='word_1_352' title='bbox 2579 1997 2817 2054; x_wconf 87' lang='lat' dir='ltr'><strong>visiones</strong></span> <span class='ocrx_word' id='word_1_353' title='bbox 2854 2014 3118 2071; x_wconf 88' lang='lat' dir='ltr'><strong>quaerere</strong></span> <span class='ocrx_word' id='word_1_354' title='bbox 3142 2011 3198 2057; x_wconf 90' lang='lat' dir='ltr'><strong>et</strong></span> <span class='ocrx_word' id='word_1_355' title='bbox 3220 2002 3528 2076; x_wconf 80' lang='lat' dir='ltr'><strong>intelligere</strong></span> 
     </span>
    </p>
   </div>
   <div class='ocr_carea' id='block_1_49' title="bbox 1929 2084 3528 2171">
    <p class='ocr_par' dir='ltr' id='par_1_49' title="bbox 1929 2084 3528 2171">
     <span class='ocr_line' id='line_1_49' title="bbox 1929 2084 3528 2171; baseline 0.009 -33"><span class='ocrx_word' id='word_1_356' title='bbox 1929 2084 2260 2171; x_wconf 80' lang='lat' dir='ltr'><strong>volentium,</strong></span> <span class='ocrx_word' id='word_1_357' title='bbox 2306 2097 2363 2143; x_wconf 90' lang='lat' dir='ltr'><strong>et</strong></span> <span class='ocrx_word' id='word_1_358' title='bbox 2392 2089 2633 2161; x_wconf 90' lang='lat' dir='ltr'><strong>seipsum</strong></span> <span class='ocrx_word' id='word_1_359' title='bbox 2677 2093 2975 2153; x_wconf 85' lang='lat' dir='ltr'><strong>secundum</strong></span> <span class='ocrx_word' id='word_1_360' title='bbox 3009 2092 3309 2171; x_wconf 85' lang='lat' dir='ltr'><strong>analogiam</strong></span> <span class='ocrx_word' id='word_1_361' title='bbox 3341 2096 3528 2153; x_wconf 83' lang='lat' dir='ltr'><strong>unius-</strong></span> 
     </span>
    </p>
   </div>
   <div class='ocr_carea' id='block_1_50' title="bbox 1929 2174 3524 2249">
    <p class='ocr_par' dir='ltr' id='par_1_50' title="bbox 1929 2174 3524 2249">
     <span class='ocr_line' id='line_1_50' title="bbox 1929 2174 3524 2249; baseline 0.006 -16"><span class='ocrx_word' id='word_1_362' title='bbox 1929 2174 2191 2249; x_wconf 72' lang='lat' dir='ltr'><strong>cujusque</strong></span> <span class='ocrx_word' id='word_1_363' title='bbox 2242 2179 2495 2236; x_wconf 83' lang='lat' dir='ltr'><strong>omnibus</strong></span> <span class='ocrx_word' id='word_1_364' title='bbox 2545 2181 2600 2237; x_wconf 90' lang='lat' dir='ltr'><strong>in</strong></span> <span class='ocrx_word' id='word_1_365' title='bbox 2651 2197 2710 2237; x_wconf 87' lang='lat' dir='ltr'><strong>se</strong></span> <span class='ocrx_word' id='word_1_366' title='bbox 2762 2182 3097 2239; x_wconf 86' lang='lat' dir='ltr'><strong>intuentibus</strong></span> <span class='ocrx_word' id='word_1_367' title='bbox 3148 2185 3524 2243; x_wconf 78' lang='lat' dir='ltr'><strong>manifestans.</strong></span> 
     </span>
    </p>
   </div>
   <div class='ocr_carea' id='block_1_51' title="bbox 1928 2269 3530 2358">
    <p class='ocr_par' dir='ltr' id='par_1_51' title="bbox 1928 2269 3530 2358">
     <span class='ocr_line' id='line_1_51' title="bbox 1928 2269 3530 2358; baseline 0.007 -33"><span class='ocrx_word' id='word_1_368' title='bbox 1928 2269 2083 2339; x_wconf 82' lang='lat' dir='ltr'><strong>Quod</strong></span> <span class='ocrx_word' id='word_1_369' title='bbox 2111 2286 2174 2326; x_wconf 76' lang='lat' dir='ltr'><strong>ex</strong></span> <span class='ocrx_word' id='word_1_370' title='bbox 2208 2274 2600 2353; x_wconf 85' lang='lat' dir='ltr'><strong>consequentia</strong></span> <span class='ocrx_word' id='word_1_371' title='bbox 2653 2276 2958 2347; x_wconf 89' lang='lat' dir='ltr'><strong>praesentis</strong></span> <span class='ocrx_word' id='word_1_372' title='bbox 3003 2276 3223 2358; x_wconf 87' lang='lat' dir='ltr'><strong>capituli</strong></span> <span class='ocrx_word' id='word_1_373' title='bbox 3274 2277 3530 2336; x_wconf 82' lang='lat' dir='ltr'><strong>facillime</strong></span> 
     </span>
    </p>
   </div>
   <div class='ocr_carea' id='block_1_52' title="bbox 1930 2366 3529 2448">
    <p class='ocr_par' dir='ltr' id='par_1_52' title="bbox 1930 2366 3529 2448">
     <span class='ocr_line' id='line_1_52' title="bbox 1930 2366 3529 2448; baseline 0.006 -29"><span class='ocrx_word' id='word_1_374' title='bbox 1930 2366 2052 2437; x_wconf 89' lang='lat' dir='ltr'><strong>quis</strong></span> <span class='ocrx_word' id='word_1_375' title='bbox 2077 2376 2259 2436; x_wconf 85' lang='lat' dir='ltr'><strong>potest</strong></span> <span class='ocrx_word' id='word_1_376' title='bbox 2284 2368 2612 2438; x_wconf 86' lang='lat' dir='ltr'><strong>approbare.</strong></span> <span class='ocrx_word' id='word_1_377' title='bbox 2646 2367 2782 2423; x_wconf 64' lang='lat' dir='ltr'><strong>Nam</strong></span> <span class='ocrx_word' id='word_1_378' title='bbox 2810 2371 3058 2441; x_wconf 82' lang='lat' dir='ltr'><strong>sequitur</strong></span> <span class='ocrx_word' id='word_1_379' title='bbox 3084 2391 3095 2426; x_wconf 87' lang='lat'><strong>:</strong></span> <span class='ocrx_word' id='word_1_380' title='bbox 3126 2369 3337 2431; x_wconf 81' lang='lat' dir='ltr'><strong>Etenim</strong></span> <span class='ocrx_word' id='word_1_381' title='bbox 3366 2389 3529 2448; x_wconf 83' lang='lat' dir='ltr'><strong>neque</strong></span> 
     </span>
    </p>
   </div>
   <div class='ocr_carea' id='block_1_53' title="bbox 1928 2458 3529 2541">
    <p class='ocr_par' dir='ltr' id='par_1_53' title="bbox 1928 2458 3529 2541">
     <span class='ocr_line' id='line_1_53' title="bbox 1928 2458 3529 2541; baseline 0.009 -30"><span class='ocrx_word' id='word_1_382' title='bbox 1928 2458 2038 2533; x_wconf 86' lang='lat' dir='ltr'><strong>ipse</strong></span> <span class='ocrx_word' id='word_1_383' title='bbox 2067 2476 2289 2532; x_wconf 81' lang='lat' dir='ltr'><strong>usquam</strong></span> <span class='ocrx_word' id='word_1_384' title='bbox 2314 2477 2547 2532; x_wconf 82' lang='lat' dir='ltr'><strong>unquam</strong></span> <span class='ocrx_word' id='word_1_385' title='bbox 2589 2479 2631 2541; x_wconf 2' lang='lat' dir='ltr'><strong>ap</strong></span> <span class='ocrx_word' id='word_1_386' title='bbox 2661 2463 2875 2535; x_wconf 83' lang='lat' dir='ltr'><strong>propria</strong></span> <span class='ocrx_word' id='word_1_387' title='bbox 2903 2465 3165 2536; x_wconf 75' lang='lat' dir='ltr'><strong>singulari</strong></span> <span class='ocrx_word' id='word_1_388' title='bbox 3196 2483 3295 2523; x_wconf 75' lang='lat' dir='ltr'><strong>sua</strong></span> <span class='ocrx_word' id='word_1_389' title='bbox 3328 2470 3529 2531; x_wconf 68' lang='lat' dir='ltr'><strong>unitate</strong></span> 
     </span>
    </p>
   </div>
   <div class='ocr_carea' id='block_1_54' title="bbox 1928 2553 3528 2633">
    <p class='ocr_par' dir='ltr' id='par_1_54' title="bbox 1928 2553 3528 2633">
     <span class='ocr_line' id='line_1_54' title="bbox 1928 2553 3528 2633; baseline 0.009 -27"><span class='ocrx_word' id='word_1_390' title='bbox 1928 2553 2210 2620; x_wconf 77' lang='lat' dir='ltr'><strong>deseritur,</strong></span> <span class='ocrx_word' id='word_1_391' title='bbox 2235 2554 2338 2610; x_wconf 87' lang='lat' dir='ltr'><strong>hoc</strong></span> <span class='ocrx_word' id='word_1_392' title='bbox 2355 2563 2459 2620; x_wconf 89' lang='lat' dir='ltr'><strong>est,</strong></span> <span class='ocrx_word' id='word_1_393' title='bbox 2478 2554 2591 2626; x_wconf 87' lang='lat' dir='ltr'><strong>ipsa</strong></span> <span class='ocrx_word' id='word_1_394' title='bbox 2609 2556 2779 2627; x_wconf 88' lang='lat' dir='ltr'><strong>patris</strong></span> <span class='ocrx_word' id='word_1_395' title='bbox 2804 2556 3072 2615; x_wconf 89' lang='lat' dir='ltr'><strong>luminum</strong></span> <span class='ocrx_word' id='word_1_396' title='bbox 3094 2559 3313 2627; x_wconf 82' lang='lat' dir='ltr'><strong>claritas</strong></span> <span class='ocrx_word' id='word_1_397' title='bbox 3327 2560 3374 2591; x_wconf 79' lang='lat'><strong>&quot;</strong></span> <span class='ocrx_word' id='word_1_398' title='bbox 3392 2575 3528 2633; x_wconf 84' lang='lat' dir='ltr'><strong>pure</strong></span> 
     </span>
    </p>
   </div>
   <div class='ocr_carea' id='block_1_55' title="bbox 1929 2642 3524 2722">
    <p class='ocr_par' dir='ltr' id='par_1_55' title="bbox 1929 2642 3524 2722">
     <span class='ocr_line' id='line_1_55' title="bbox 1929 2642 3524 2722; baseline 0.008 -25"><span class='ocrx_word' id='word_1_399' title='bbox 1929 2659 1959 2698; x_wconf 89' lang='lat' dir='ltr'><strong>a</strong></span> <span class='ocrx_word' id='word_1_400' title='bbox 1994 2645 2149 2699; x_wconf 88' lang='lat' dir='ltr'><strong>nobis</strong></span> <span class='ocrx_word' id='word_1_401' title='bbox 2180 2661 2244 2701; x_wconf 88' lang='lat' dir='ltr'><strong>ac</strong></span> <span class='ocrx_word' id='word_1_402' title='bbox 2276 2642 2509 2709; x_wconf 81' lang='lat' dir='ltr'><strong>ﬁrmiter</strong></span> <span class='ocrx_word' id='word_1_403' title='bbox 2538 2647 2808 2711; x_wconf 82' lang='lat' dir='ltr'><strong>intellecta</strong></span> <span class='ocrx_word' id='word_1_404' title='bbox 2849 2650 2903 2711; x_wconf 88' lang='lat' dir='ltr'><strong>in</strong></span> <span class='ocrx_word' id='word_1_405' title='bbox 2950 2651 3200 2722; x_wconf 85' lang='lat' dir='ltr'><strong>simplum</strong></span> <span class='ocrx_word' id='word_1_406' title='bbox 3243 2669 3402 2721; x_wconf 84' lang='lat' dir='ltr'><strong>suum</strong></span> <span class='ocrx_word' id='word_1_407' title='bbox 3438 2671 3524 2717; x_wconf 82' lang='lat' dir='ltr'><strong>ra-</strong></span> 
     </span>
    </p>
   </div>
   <div class='ocr_carea' id='block_1_56' title="bbox 1931 2735 3523 2815">
    <p class='ocr_par' dir='ltr' id='par_1_56' title="bbox 1931 2735 3523 2815">
     <span class='ocr_line' id='line_1_56' title="bbox 1931 2735 3523 2815; baseline 0.007 -25"><span class='ocrx_word' id='word_1_408' title='bbox 1931 2735 2081 2790; x_wconf 89' lang='lat' dir='ltr'><strong>dium</strong></span> <span class='ocrx_word' id='word_1_409' title='bbox 2114 2752 2212 2795; x_wconf 84' lang='lat' dir='ltr'><strong>nos</strong></span> <span class='ocrx_word' id='word_1_410' title='bbox 2249 2739 2524 2806; x_wconf 86' lang='lat' dir='ltr'><strong>restituit,</strong></span> <span class='ocrx_word' id='word_1_411' title='bbox 2552 2742 2808 2810; x_wconf 85' lang='lat' dir='ltr'><strong>quoniam</strong></span> <span class='ocrx_word' id='word_1_412' title='bbox 2838 2743 2954 2814; x_wconf 89' lang='lat' dir='ltr'><strong>ipse</strong></span> <span class='ocrx_word' id='word_1_413' title='bbox 2980 2744 3165 2801; x_wconf 86' lang='lat' dir='ltr'><strong>radius</strong></span> <span class='ocrx_word' id='word_1_414' title='bbox 3197 2746 3345 2809; x_wconf 83' lang='lat' dir='ltr'><strong>nullo</strong></span> <span class='ocrx_word' id='word_1_415' title='bbox 3372 2746 3523 2815; x_wconf 79' lang='lat' dir='ltr'><strong>loco,</strong></span> 
     </span>
    </p>
   </div>
   <div class='ocr_carea' id='block_1_57' title="bbox 1927 2827 3526 2911">
    <p class='ocr_par' dir='ltr' id='par_1_57' title="bbox 1927 2827 3526 2911">
     <span class='ocr_line' id='line_1_57' title="bbox 1927 2827 3526 2911; baseline 0.014 -30"><span class='ocrx_word' id='word_1_416' title='bbox 1927 2827 2079 2883; x_wconf 90' lang='lat' dir='ltr'><strong>nullo</strong></span> <span class='ocrx_word' id='word_1_417' title='bbox 2113 2836 2374 2900; x_wconf 86' lang='lat' dir='ltr'><strong>tempore,</strong></span> <span class='ocrx_word' id='word_1_418' title='bbox 2402 2845 2433 2885; x_wconf 83' lang='lat' dir='ltr'><strong>a</strong></span> <span class='ocrx_word' id='word_1_419' title='bbox 2458 2832 2678 2905; x_wconf 86' lang='lat' dir='ltr'><strong>propria</strong></span> <span class='ocrx_word' id='word_1_420' title='bbox 2713 2842 2770 2894; x_wconf 87' lang='lat' dir='ltr'><strong>et</strong></span> <span class='ocrx_word' id='word_1_421' title='bbox 2797 2833 3062 2906; x_wconf 81' lang='lat' dir='ltr'><strong>singulari</strong></span> <span class='ocrx_word' id='word_1_422' title='bbox 3087 2851 3183 2899; x_wconf 77' lang='lat' dir='ltr'><strong>sua</strong></span> <span class='ocrx_word' id='word_1_423' title='bbox 3218 2838 3451 2911; x_wconf 82' lang='lat' dir='ltr'><strong>unitate,</strong></span> <span class='ocrx_word' id='word_1_424' title='bbox 3469 2843 3526 2903; x_wconf 85' lang='lat' dir='ltr'><strong>id</strong></span> 
     </span>
    </p>
   </div>
   <div class='ocr_carea' id='block_1_58' title="bbox 1928 2916 3543 3003">
    <p class='ocr_par' dir='ltr' id='par_1_58' title="bbox 1928 2916 3543 3003">
     <span class='ocr_line' id='line_1_58' title="bbox 1928 2916 3543 3003; baseline 0.012 -29"><span class='ocrx_word' id='word_1_425' title='bbox 1928 2928 2010 2974; x_wconf 89' lang='lat' dir='ltr'><strong>est</strong></span> <span class='ocrx_word' id='word_1_426' title='bbox 2050 2920 2417 2990; x_wconf 87' lang='lat' dir='ltr'><strong>simplicitate,</strong></span> <span class='ocrx_word' id='word_1_427' title='bbox 2442 2922 2787 2995; x_wconf 86' lang='lat' dir='ltr'><strong>relinquitur.</strong></span> <span class='ocrx_word' id='word_1_428' title='bbox 2816 2924 2956 2999; x_wconf 86' lang='lat' dir='ltr'><strong>Quid</strong></span> <span class='ocrx_word' id='word_1_429' title='bbox 2979 2928 3021 2959; x_wconf 81' lang='grc'><strong>’⁷</strong></span> <span class='ocrx_word' id='word_1_430' title='bbox 3045 2930 3191 2986; x_wconf 90' lang='lat' dir='ltr'><strong>enim</strong></span> <span class='ocrx_word' id='word_1_431' title='bbox 3227 2916 3543 3003; x_wconf 55' lang='lat' dir='ltr'><strong>simplicius</strong></span> 
     </span>
    </p>
   </div>
   <div class='ocr_carea' id='block_1_59' title="bbox 1926 3008 3527 3097">
    <p class='ocr_par' dir='ltr' id='par_1_59' title="bbox 1926 3008 3527 3097">
     <span class='ocr_line' id='line_1_59' title="bbox 1926 3008 3527 3097; baseline 0.012 -33"><span class='ocrx_word' id='word_1_432' title='bbox 1926 3008 2106 3067; x_wconf 76' lang='lat' dir='ltr'><strong>Verbo</strong></span> <span class='ocrx_word' id='word_1_433' title='bbox 2158 3010 2277 3079; x_wconf 88' lang='lat' dir='ltr'><strong>Dei,</strong></span> <span class='ocrx_word' id='word_1_434' title='bbox 2331 3015 2456 3075; x_wconf 86' lang='lat' dir='ltr'><strong>dum</strong></span> <span class='ocrx_word' id='word_1_435' title='bbox 2503 3030 2602 3086; x_wconf 85' lang='lat' dir='ltr'><strong>per</strong></span> <span class='ocrx_word' id='word_1_436' title='bbox 2645 3017 2882 3089; x_wconf 89' lang='lat' dir='ltr'><strong>seipsum</strong></span> <span class='ocrx_word' id='word_1_437' title='bbox 2913 3019 2965 3075; x_wconf 90' lang='lat' dir='ltr'><strong>in</strong></span> <span class='ocrx_word' id='word_1_438' title='bbox 3001 3019 3163 3083; x_wconf 83' lang='lat' dir='ltr'><strong>Patre</strong></span> <span class='ocrx_word' id='word_1_439' title='bbox 3210 3037 3311 3077; x_wconf 91' lang='lat' dir='ltr'><strong>suo</strong></span> <span class='ocrx_word' id='word_1_440' title='bbox 3360 3040 3527 3097; x_wconf 87' lang='lat' dir='ltr'><strong>super</strong></span> 
     </span>
    </p>
   </div>
   <div class='ocr_carea' id='block_1_60' title="bbox 1926 3102 3520 3183">
    <p class='ocr_par' dir='ltr' id='par_1_60' title="bbox 1926 3102 3520 3183">
     <span class='ocr_line' id='line_1_60' title="bbox 1926 3102 3520 3183; baseline 0.009 -25"><span class='ocrx_word' id='word_1_441' title='bbox 1926 3102 2108 3158; x_wconf 82' lang='lat' dir='ltr'><strong>omnia</strong></span> <span class='ocrx_word' id='word_1_442' title='bbox 2161 3104 2449 3175; x_wconf 81' lang='lat' dir='ltr'><strong>cogitatur,</strong></span> <span class='ocrx_word' id='word_1_443' title='bbox 2503 3116 2764 3177; x_wconf 87' lang='lat' dir='ltr'><strong>quantum</strong></span> <span class='ocrx_word' id='word_1_444' title='bbox 2814 3123 2874 3165; x_wconf 90' lang='lat' dir='ltr'><strong>se</strong></span> <span class='ocrx_word' id='word_1_445' title='bbox 2922 3110 3050 3165; x_wconf 90' lang='lat' dir='ltr'><strong>sinit</strong></span> <span class='ocrx_word' id='word_1_446' title='bbox 3093 3113 3352 3183; x_wconf 78' lang='lat' dir='ltr'><strong>cogitari?</strong></span> <span class='ocrx_word' id='word_1_447' title='bbox 3382 3115 3520 3183; x_wconf 86' lang='lat' dir='ltr'><strong>Quid</strong></span> 
     </span>
    </p>
   </div>
   <div class='ocr_carea' id='block_1_61' title="bbox 1926 3195 3523 3281">
    <p class='ocr_par' dir='ltr' id='par_1_61' title="bbox 1926 3195 3523 3281">
     <span class='ocr_line' id='line_1_61' title="bbox 1926 3195 3523 3281; baseline 0.009 -30"><span class='ocrx_word' id='word_1_448' title='bbox 1926 3195 2116 3251; x_wconf 87' lang='lat' dir='ltr'><strong>eodem</strong></span> <span class='ocrx_word' id='word_1_449' title='bbox 2149 3195 2537 3269; x_wconf 87' lang='lat' dir='ltr'><strong>multiplicius,</strong></span> <span class='ocrx_word' id='word_1_450' title='bbox 2569 3199 2694 3261; x_wconf 80' lang='lat' dir='ltr'><strong>dum</strong></span> <span class='ocrx_word' id='word_1_451' title='bbox 2729 3215 2890 3271; x_wconf 85' lang='lat' dir='ltr'><strong>super</strong></span> <span class='ocrx_word' id='word_1_452' title='bbox 2915 3203 3117 3267; x_wconf 88' lang='lat' dir='ltr'><strong>omnia,</strong></span> <span class='ocrx_word' id='word_1_453' title='bbox 3151 3220 3291 3275; x_wconf 87' lang='lat' dir='ltr'><strong>quae</strong></span> <span class='ocrx_word' id='word_1_454' title='bbox 3318 3206 3369 3261; x_wconf 90' lang='lat' dir='ltr'><strong>in</strong></span> <span class='ocrx_word' id='word_1_455' title='bbox 3406 3207 3523 3281; x_wconf 86' lang='lat' dir='ltr'><strong>ipso</strong></span> 
     </span>
    </p>
   </div>
   <div class='ocr_carea' id='block_1_62' title="bbox 212 3270 3523 3369">
    <p class='ocr_par' dir='ltr' id='par_1_62' title="bbox 212 3270 3523 3369">
     <span class='ocr_line' id='line_1_62' title="bbox 212 3270 3523 3369; baseline 0.003 -23"><span class='ocrx_word' id='word_1_456' title='bbox 212 3270 307 3346; x_wconf 79' lang='lat' dir='ltr'><strong>bic</strong></span> <span class='ocrx_word' id='word_1_457' title='bbox 362 3306 612 3362; x_wconf 91' lang='lat' dir='ltr'><strong>quoque,</strong></span> <span class='ocrx_word' id='word_1_458' title='bbox 648 3292 788 3348; x_wconf 87' lang='lat' dir='ltr'><strong>sicut</strong></span> <span class='ocrx_word' id='word_1_459' title='bbox 816 3292 1099 3365; x_wconf 88' lang='lat' dir='ltr'><strong>superius,</strong></span> <span class='ocrx_word' id='word_1_460' title='bbox 1127 3291 1391 3367; x_wconf 89' lang='lat' dir='ltr'><strong>simplicia</strong></span> <span class='ocrx_word' id='word_1_461' title='bbox 1424 3306 1525 3369; x_wconf 92' lang='lat' dir='ltr'><strong>pro</strong></span> <span class='ocrx_word' id='word_1_462' title='bbox 1549 3270 1817 3364; x_wconf 83' lang='lat' dir='ltr'><strong>composi-</strong></span> <span class='ocrx_word' id='word_1_463' title='bbox 1847 3270 1895 3345; x_wconf 59' lang='grc' dir='ltr'><strong>(ἶ</strong></span> <span class='ocrx_word' id='word_1_464' title='bbox 1927 3296 1983 3343; x_wconf 86' lang='lat' dir='ltr'><strong>et</strong></span> <span class='ocrx_word' id='word_1_465' title='bbox 2011 3303 2110 3358; x_wconf 89' lang='lat' dir='ltr'><strong>per</strong></span> <span class='ocrx_word' id='word_1_466' title='bbox 2136 3288 2313 3360; x_wconf 89' lang='lat' dir='ltr'><strong>ipsum</strong></span> <span class='ocrx_word' id='word_1_467' title='bbox 2337 3288 2477 3346; x_wconf 86' lang='lat' dir='ltr'><strong>facta</strong></span> <span class='ocrx_word' id='word_1_468' title='bbox 2498 3300 2644 3359; x_wconf 84' lang='lat' dir='ltr'><strong>sunt,</strong></span> <span class='ocrx_word' id='word_1_469' title='bbox 2671 3294 3018 3365; x_wconf 78' lang='lat' dir='ltr'><strong>expanditur,</strong></span> <span class='ocrx_word' id='word_1_470' title='bbox 3050 3270 3523 3369; x_wconf 66' lang='lat' dir='ltr'><strong>intcllectibusque</strong></span> 
     </span>
    </p>
   </div>
   <div class='ocr_carea' id='block_1_63' title="bbox 212 3384 1816 3459">
    <p class='ocr_par' dir='ltr' id='par_1_63' title="bbox 212 3384 1816 3459">
     <span class='ocr_line' id='line_1_63' title="bbox 212 3384 1816 3459; baseline 0.002 -19"><span class='ocrx_word' id='word_1_471' title='bbox 212 3384 287 3441; x_wconf 75' lang='lat' dir='ltr'><strong>tis</strong></span> <span class='ocrx_word' id='word_1_472' title='bbox 320 3385 700 3442; x_wconf 84' lang='lat' dir='ltr'><strong>transtulimus</strong></span> <span class='ocrx_word' id='word_1_473' title='bbox 728 3387 915 3443; x_wconf 88' lang='lat' dir='ltr'><strong>verba.</strong></span> <span class='ocrx_word' id='word_1_474' title='bbox 940 3386 1047 3443; x_wconf 86' lang='lat' dir='ltr'><strong>Pro</strong></span> <span class='ocrx_word' id='word_1_475' title='bbox 1075 3402 1140 3442; x_wconf 90' lang='lat' dir='ltr'><strong>eo</strong></span> <span class='ocrx_word' id='word_1_476' title='bbox 1168 3386 1312 3442; x_wconf 90' lang='lat' dir='ltr'><strong>enim</strong></span> <span class='ocrx_word' id='word_1_477' title='bbox 1339 3427 1352 3452; x_wconf 90' lang='lat'><strong>,</strong></span> <span class='ocrx_word' id='word_1_478' title='bbox 1383 3387 1525 3458; x_wconf 81' lang='lat' dir='ltr'><strong>quod</strong></span> <span class='ocrx_word' id='word_1_479' title='bbox 1559 3396 1642 3441; x_wconf 88' lang='lat' dir='ltr'><strong>est</strong></span> <span class='ocrx_word' id='word_1_480' title='bbox 1667 3389 1816 3459; x_wconf 82' lang='grc' dir='ltr'><strong>θεαρ-</strong></span> 
     </span>
    </p>
   </div>
   <div class='ocr_carea' id='block_1_64' title="bbox 212 3477 1819 3558">
    <p class='ocr_par' dir='ltr' id='par_1_64' title="bbox 212 3477 1819 3558">
     <span class='ocr_line' id='line_1_64' title="bbox 212 3477 1819 3558; baseline -0.002 -20"><span class='ocrx_word' id='word_1_481' title='bbox 212 3485 377 3556; x_wconf 81' lang='grc' dir='ltr'><strong>χικοῦ</strong></span> <span class='ocrx_word' id='word_1_482' title='bbox 395 3479 588 3558; x_wconf 76' lang='grc' dir='ltr'><strong>πατρὸς</strong></span> <span class='ocrx_word' id='word_1_483' title='bbox 615 3480 681 3547; x_wconf 84' lang='grc'><strong>¹¹,</strong></span> <span class='ocrx_word' id='word_1_484' title='bbox 709 3479 871 3536; x_wconf 81' lang='lat' dir='ltr'><strong>divini</strong></span> <span class='ocrx_word' id='word_1_485' title='bbox 897 3478 1095 3547; x_wconf 84' lang='lat' dir='ltr'><strong>Patris,</strong></span> <span class='ocrx_word' id='word_1_486' title='bbox 1121 3477 1819 3554; x_wconf 72' lang='grc' dir='ltr'><strong>θι¹⁹φωτοδοσίαν,ειανίια-</strong></span> 
     </span>
    </p>
   </div>
   <div class='ocr_carea' id='block_1_65' title="bbox 1925 3381 3522 3454">
    <p class='ocr_par' dir='ltr' id='par_1_65' title="bbox 1925 3381 3522 3454">
     <span class='ocr_line' id='line_1_65' title="bbox 1925 3381 3522 3454; baseline 0.009 -18"><span class='ocrx_word' id='word_1_487' title='bbox 1925 3396 2115 3454; x_wconf 88' lang='lat' dir='ltr'><strong>sapere</strong></span> <span class='ocrx_word' id='word_1_488' title='bbox 2144 3381 2440 3439; x_wconf 88' lang='lat' dir='ltr'><strong>valentium</strong></span> <span class='ocrx_word' id='word_1_489' title='bbox 2472 3399 2765 3445; x_wconf 86' lang='lat' dir='ltr'><strong>numerose</strong></span> <span class='ocrx_word' id='word_1_490' title='bbox 2795 3384 3172 3449; x_wconf 78' lang='lat' dir='ltr'><strong>distribuitur?</strong></span> <span class='ocrx_word' id='word_1_491' title='bbox 3201 3389 3267 3449; x_wconf 81' lang='lat' dir='ltr'><strong>Et</strong></span> <span class='ocrx_word' id='word_1_492' title='bbox 3308 3405 3378 3451; x_wconf 76' lang='lat' dir='ltr'><strong>ne</strong></span> <span class='ocrx_word' id='word_1_493' title='bbox 3409 3392 3522 3451; x_wconf 79' lang='lat' dir='ltr'><strong>exl-</strong></span> 
     </span>
    </p>
   </div>
   <div class='ocr_carea' id='block_1_66' title="bbox 1923 3472 3520 3547">
    <p class='ocr_par' dir='ltr' id='par_1_66' title="bbox 1923 3472 3520 3547">
     <span class='ocr_line' id='line_1_66' title="bbox 1923 3472 3520 3547; baseline 0.009 -19"><span class='ocrx_word' id='word_1_494' title='bbox 1923 3472 2147 3541; x_wconf 90' lang='lat' dir='ltr'><strong>stimes,</strong></span> <span class='ocrx_word' id='word_1_495' title='bbox 2177 3474 2319 3544; x_wconf 88' lang='lat' dir='ltr'><strong>quod</strong></span> <span class='ocrx_word' id='word_1_496' title='bbox 2351 3474 2494 3537; x_wconf 85' lang='lat' dir='ltr'><strong>aliud</strong></span> <span class='ocrx_word' id='word_1_497' title='bbox 2522 3478 2593 3533; x_wconf 89' lang='lat' dir='ltr'><strong>sit</strong></span> <span class='ocrx_word' id='word_1_498' title='bbox 2622 3476 2843 3535; x_wconf 81' lang='lat' dir='ltr'><strong>claritas</strong></span> <span class='ocrx_word' id='word_1_499' title='bbox 2884 3477 3095 3547; x_wconf 86' lang='lat' dir='ltr'><strong>Patris,</strong></span> <span class='ocrx_word' id='word_1_500' title='bbox 3143 3481 3290 3547; x_wconf 81' lang='lat' dir='ltr'><strong>aliud</strong></span> <span class='ocrx_word' id='word_1_501' title='bbox 3331 3486 3520 3547; x_wconf 81' lang='lat' dir='ltr'><strong>radius</strong></span> 
     </span>
    </p>
   </div>
   <div class='ocr_carea' id='block_1_67' title="bbox 214 3564 3519 3651">
    <p class='ocr_par' dir='ltr' id='par_1_67' title="bbox 214 3564 3519 3651">
     <span class='ocr_line' id='line_1_67' title="bbox 214 3564 3519 3651; baseline 0.004 -22"><span class='ocrx_word' id='word_1_502' title='bbox 214 3585 319 3629; x_wconf 85' lang='lat' dir='ltr'><strong>tem</strong></span> <span class='ocrx_word' id='word_1_503' title='bbox 347 3575 649 3645; x_wconf 88' lang='lat' dir='ltr'><strong>posuimus.</strong></span> <span class='ocrx_word' id='word_1_504' title='bbox 673 3572 808 3629; x_wconf 85' lang='lat' dir='ltr'><strong>Nam</strong></span> <span class='ocrx_word' id='word_1_505' title='bbox 837 3576 1112 3651; x_wconf 74' lang='grc' dir='ltr'><strong>θιαρχικός</strong></span> <span class='ocrx_word' id='word_1_506' title='bbox 1143 3574 1187 3604; x_wconf 85' lang='grc'><strong>¹³</strong></span> <span class='ocrx_word' id='word_1_507' title='bbox 1216 3572 1284 3627; x_wconf 88' lang='lat' dir='ltr'><strong>ad</strong></span> <span class='ocrx_word' id='word_1_508' title='bbox 1314 3588 1508 3645; x_wconf 89' lang='lat' dir='ltr'><strong>purum</strong></span> <span class='ocrx_word' id='word_1_509' title='bbox 1535 3572 1816 3627; x_wconf 84' lang='lat' dir='ltr'><strong>transferri</strong></span> <span class='ocrx_word' id='word_1_510' title='bbox 1919 3564 2121 3623; x_wconf 85' lang='lat' dir='ltr'><strong>Patris.</strong></span> <span class='ocrx_word' id='word_1_511' title='bbox 2151 3568 2385 3627; x_wconf 84' lang='lat' dir='ltr'><strong>Claritas</strong></span> <span class='ocrx_word' id='word_1_512' title='bbox 2410 3570 2592 3631; x_wconf 82' lang='lat' dir='ltr'><strong>Patris</strong></span> <span class='ocrx_word' id='word_1_513' title='bbox 2613 3570 2683 3640; x_wconf 79' lang='grc'><strong>⁸⁸,</strong></span> <span class='ocrx_word' id='word_1_514' title='bbox 2730 3573 2918 3633; x_wconf 81' lang='lat' dir='ltr'><strong>radius</strong></span> <span class='ocrx_word' id='word_1_515' title='bbox 2953 3574 3150 3651; x_wconf 76' lang='lat' dir='ltr'><strong>Patris.</strong></span> <span class='ocrx_word' id='word_1_516' title='bbox 3186 3578 3352 3645; x_wconf 82' lang='lat' dir='ltr'><strong>Filius</strong></span> <span class='ocrx_word' id='word_1_517' title='bbox 3386 3576 3519 3643; x_wconf 72' lang='lat' dir='ltr'><strong>Suus</strong></span> 
     </span>
    </p>
   </div>
   <div class='ocr_carea' id='block_1_68' title="bbox 214 3664 1815 3741">
    <p class='ocr_par' dir='ltr' id='par_1_68' title="bbox 214 3664 1815 3741">
     <span class='ocr_line' id='line_1_68' title="bbox 214 3664 1815 3741; baseline -0.004 -16"><span class='ocrx_word' id='word_1_518' title='bbox 214 3685 329 3731; x_wconf 80' lang='lat' dir='ltr'><strong>non</strong></span> <span class='ocrx_word' id='word_1_519' title='bbox 380 3679 578 3741; x_wconf 77' lang='lat' dir='ltr'><strong>potest,</strong></span> <span class='ocrx_word' id='word_1_520' title='bbox 628 3667 727 3725; x_wconf 86' lang='lat' dir='ltr'><strong>nisi</strong></span> <span class='ocrx_word' id='word_1_521' title='bbox 770 3683 867 3741; x_wconf 91' lang='lat' dir='ltr'><strong>per</strong></span> <span class='ocrx_word' id='word_1_522' title='bbox 914 3667 1255 3741; x_wconf 80' lang='lat' dir='ltr'><strong>periphrasin</strong></span> <span class='ocrx_word' id='word_1_523' title='bbox 1299 3664 1377 3729; x_wconf 79' lang='lat'><strong>“‘;</strong></span> <span class='ocrx_word' id='word_1_524' title='bbox 1426 3665 1622 3733; x_wconf 82' lang='lat' dir='ltr'><strong>dicitur</strong></span> <span class='ocrx_word' id='word_1_525' title='bbox 1672 3665 1815 3720; x_wconf 90' lang='lat' dir='ltr'><strong>enim</strong></span> 
     </span>
    </p>
   </div>
   <div class='ocr_carea' id='block_1_69' title="bbox 213 3759 1816 3851">
    <p class='ocr_par' dir='ltr' id='par_1_69' title="bbox 213 3759 1816 3851">
     <span class='ocr_line' id='line_1_69' title="bbox 213 3759 1816 3851; baseline -0.006 -28"><span class='ocrx_word' id='word_1_526' title='bbox 213 3766 497 3851; x_wconf 74' lang='grc' dir='ltr'><strong>θιαρχικὸς</strong></span> <span class='ocrx_word' id='word_1_527' title='bbox 531 3764 576 3796; x_wconf 79' lang='grc'><strong>⁸⁸</strong></span> <span class='ocrx_word' id='word_1_528' title='bbox 605 3762 786 3831; x_wconf 89' lang='lat' dir='ltr'><strong>Pater,</strong></span> <span class='ocrx_word' id='word_1_529' title='bbox 819 3763 946 3833; x_wconf 84' lang='lat' dir='ltr'><strong>quia</strong></span> <span class='ocrx_word' id='word_1_530' title='bbox 996 3763 1159 3818; x_wconf 86' lang='lat' dir='ltr'><strong>totius</strong></span> <span class='ocrx_word' id='word_1_531' title='bbox 1204 3760 1432 3819; x_wconf 87' lang='lat' dir='ltr'><strong>Deitatis</strong></span> <span class='ocrx_word' id='word_1_532' title='bbox 1486 3759 1816 3837; x_wconf 86' lang='lat' dir='ltr'><strong>principium</strong></span> 
     </span>
    </p>
   </div>
   <div class='ocr_carea' id='block_1_70' title="bbox 213 3853 1821 3930">
    <p class='ocr_par' dir='ltr' id='par_1_70' title="bbox 213 3853 1821 3930">
     <span class='ocr_line' id='line_1_70' title="bbox 213 3853 1821 3930; baseline -0.006 -15"><span class='ocrx_word' id='word_1_533' title='bbox 213 3865 327 3925; x_wconf 86' lang='lat' dir='ltr'><strong>est,</strong></span> <span class='ocrx_word' id='word_1_534' title='bbox 366 3857 491 3914; x_wconf 87' lang='lat' dir='ltr'><strong>Filii</strong></span> <span class='ocrx_word' id='word_1_535' title='bbox 539 3872 639 3930; x_wconf 89' lang='lat' dir='ltr'><strong>per</strong></span> <span class='ocrx_word' id='word_1_536' title='bbox 687 3857 1089 3930; x_wconf 81' lang='lat' dir='ltr'><strong>generationem</strong></span> <span class='ocrx_word' id='word_1_537' title='bbox 1120 3854 1186 3922; x_wconf 74' lang='grc'><strong>³⁸,</strong></span> <span class='ocrx_word' id='word_1_538' title='bbox 1220 3853 1457 3924; x_wconf 88' lang='lat' dir='ltr'><strong>Spiritus</strong></span> <span class='ocrx_word' id='word_1_539' title='bbox 1494 3854 1665 3913; x_wconf 83' lang='lat' dir='ltr'><strong>sancti</strong></span> <span class='ocrx_word' id='word_1_540' title='bbox 1723 3867 1821 3923; x_wconf 89' lang='lat' dir='ltr'><strong>per</strong></span> 
     </span>
    </p>
   </div>
   <div class='ocr_carea' id='block_1_71' title="bbox 215 3943 1815 4023">
    <p class='ocr_par' dir='ltr' id='par_1_71' title="bbox 215 3943 1815 4023">
     <span class='ocr_line' id='line_1_71' title="bbox 215 3943 1815 4023; baseline -0.006 -17"><span class='ocrx_word' id='word_1_541' title='bbox 215 3950 651 4023; x_wconf 84' lang='lat' dir='ltr'><strong>processionem.</strong></span> <span class='ocrx_word' id='word_1_542' title='bbox 716 3947 1010 4007; x_wconf 65' lang='grc' dir='ltr'>Φωτοδοσία</span> <span class='ocrx_word' id='word_1_543' title='bbox 1080 3946 1119 3978; x_wconf 72' lang='grc' dir='ltr'><strong>ι’</strong></span> <span class='ocrx_word' id='word_1_544' title='bbox 1207 3961 1336 4001; x_wconf 78' lang='lat' dir='ltr'><strong>vero</strong></span> <span class='ocrx_word' id='word_1_545' title='bbox 1410 3954 1494 4003; x_wconf 80' lang='lat' dir='ltr'><strong>est</strong></span> <span class='ocrx_word' id='word_1_546' title='bbox 1558 3943 1815 3999; x_wconf 85' lang='lat' dir='ltr'><strong>luminum</strong></span> 
     </span>
    </p>
   </div>
   <div class='ocr_carea' id='block_1_72' title="bbox 215 4040 1819 4116">
    <p class='ocr_par' dir='ltr' id='par_1_72' title="bbox 215 4040 1819 4116">
     <span class='ocr_line' id='line_1_72' title="bbox 215 4040 1819 4116; baseline -0.004 -16"><span class='ocrx_word' id='word_1_547' title='bbox 215 4044 377 4100; x_wconf 81' lang='lat' dir='ltr'><strong>datio</strong></span> <span class='ocrx_word' id='word_1_548' title='bbox 406 4085 422 4111; x_wconf 93' lang='lat'><strong>,</strong></span> <span class='ocrx_word' id='word_1_549' title='bbox 466 4059 602 4116; x_wconf 88' lang='lat' dir='ltr'><strong>quae</strong></span> <span class='ocrx_word' id='word_1_550' title='bbox 653 4043 959 4115; x_wconf 83' lang='lat' dir='ltr'><strong>specialiter</strong></span> <span class='ocrx_word' id='word_1_551' title='bbox 1023 4041 1089 4099; x_wconf 91' lang='lat' dir='ltr'><strong>ad</strong></span> <span class='ocrx_word' id='word_1_552' title='bbox 1155 4040 1373 4103; x_wconf 85' lang='lat' dir='ltr'><strong>Patrem</strong></span> <span class='ocrx_word' id='word_1_553' title='bbox 1428 4047 1680 4103; x_wconf 85' lang='lat' dir='ltr'><strong>retertur,</strong></span> <span class='ocrx_word' id='word_1_554' title='bbox 1725 4040 1819 4109; x_wconf 89' lang='lat' dir='ltr'><strong>qui</strong></span> 
     </span>
    </p>
   </div>
   <div class='ocr_carea' id='block_1_73' title="bbox 215 4129 1817 4205">
    <p class='ocr_par' dir='ltr' id='par_1_73' title="bbox 215 4129 1817 4205">
     <span class='ocr_line' id='line_1_73' title="bbox 215 4129 1817 4205; baseline -0.004 -14"><span class='ocrx_word' id='word_1_555' title='bbox 215 4134 472 4195; x_wconf 82' lang='lat' dir='ltr'><strong>omnium</strong></span> <span class='ocrx_word' id='word_1_556' title='bbox 524 4134 779 4199; x_wconf 88' lang='lat' dir='ltr'><strong>luminum</strong></span> <span class='ocrx_word' id='word_1_557' title='bbox 817 4134 977 4193; x_wconf 80' lang='lat' dir='ltr'><strong>dator</strong></span> <span class='ocrx_word' id='word_1_558' title='bbox 1004 4142 1108 4189; x_wconf 91' lang='lat' dir='ltr'><strong>est.</strong></span> <span class='ocrx_word' id='word_1_559' title='bbox 1157 4133 1262 4201; x_wconf 73' lang='lat' dir='ltr'><strong>Pro</strong></span> <span class='ocrx_word' id='word_1_560' title='bbox 1311 4147 1377 4193; x_wconf 84' lang='lat' dir='ltr'><strong>eo</strong></span> <span class='ocrx_word' id='word_1_561' title='bbox 1420 4132 1633 4205; x_wconf 81' lang='lat' dir='ltr'><strong>itaque,</strong></span> <span class='ocrx_word' id='word_1_562' title='bbox 1674 4129 1817 4204; x_wconf 83' lang='lat' dir='ltr'><strong>quod</strong></span> 
     </span>
    </p>
   </div>
   <div class='ocr_carea' id='block_1_74' title="bbox 215 4220 1819 4301">
    <p class='ocr_par' dir='ltr' id='par_1_74' title="bbox 215 4220 1819 4301">
     <span class='ocr_line' id='line_1_74' title="bbox 215 4220 1819 4301; baseline -0.004 -21"><span class='ocrx_word' id='word_1_563' title='bbox 215 4232 404 4299; x_wconf 87' lang='lat' dir='ltr'><strong>potest</strong></span> <span class='ocrx_word' id='word_1_564' title='bbox 423 4240 522 4301; x_wconf 83' lang='lat' dir='ltr'><strong>per</strong></span> <span class='ocrx_word' id='word_1_565' title='bbox 547 4226 807 4288; x_wconf 79' lang='lat' dir='ltr'><strong>ambitum</strong></span> <span class='ocrx_word' id='word_1_566' title='bbox 839 4223 1121 4288; x_wconf 87' lang='lat' dir='ltr'><strong>transferri</strong></span> <span class='ocrx_word' id='word_1_567' title='bbox 1155 4222 1233 4281; x_wconf 88' lang='lat' dir='ltr'><strong>sic</strong></span> <span class='ocrx_word' id='word_1_568' title='bbox 1258 4237 1272 4285; x_wconf 85' lang='lat'><strong>;</strong></span> <span class='ocrx_word' id='word_1_569' title='bbox 1297 4231 1352 4288; x_wconf 82' lang='lat' dir='ltr'><strong>et</strong></span> <span class='ocrx_word' id='word_1_570' title='bbox 1380 4220 1732 4301; x_wconf 83' lang='lat' dir='ltr'><strong>principalem</strong></span> <span class='ocrx_word' id='word_1_571' title='bbox 1764 4230 1819 4275; x_wconf 90' lang='lat' dir='ltr'><strong>et</strong></span> 
     </span>
    </p>
   </div>
   <div class='ocr_carea' id='block_1_75' title="bbox 217 4315 1814 4393">
    <p class='ocr_par' dir='ltr' id='par_1_75' title="bbox 217 4315 1814 4393">
     <span class='ocr_line' id='line_1_75' title="bbox 217 4315 1814 4393; baseline -0.001 -22"><span class='ocrx_word' id='word_1_572' title='bbox 217 4316 509 4393; x_wconf 84' lang='lat' dir='ltr'><strong>plusquam</strong></span> <span class='ocrx_word' id='word_1_573' title='bbox 540 4318 892 4393; x_wconf 83' lang='lat' dir='ltr'><strong>principalem</strong></span> <span class='ocrx_word' id='word_1_574' title='bbox 938 4318 1201 4381; x_wconf 82' lang='lat' dir='ltr'><strong>luminum</strong></span> <span class='ocrx_word' id='word_1_575' title='bbox 1231 4316 1503 4375; x_wconf 80' lang='lat' dir='ltr'><strong>datinnem</strong></span> <span class='ocrx_word' id='word_1_576' title='bbox 1553 4333 1581 4378; x_wconf 83' lang='lat' dir='ltr'><strong>a</strong></span> <span class='ocrx_word' id='word_1_577' title='bbox 1630 4315 1814 4379; x_wconf 83' lang='lat' dir='ltr'><strong>Patre,</strong></span> 
     </span>
    </p>
   </div>
   <div class='ocr_carea' id='block_1_76' title="bbox 218 4409 1815 4487">
    <p class='ocr_par' dir='ltr' id='par_1_76' title="bbox 218 4409 1815 4487">
     <span class='ocr_line' id='line_1_76' title="bbox 218 4409 1815 4487; baseline 0.009 -22"><span class='ocrx_word' id='word_1_578' title='bbox 218 4411 315 4484; x_wconf 88' lang='lat' dir='ltr'><strong>qui</strong></span> <span class='ocrx_word' id='word_1_579' title='bbox 342 4412 395 4469; x_wconf 89' lang='lat' dir='ltr'><strong>in</strong></span> <span class='ocrx_word' id='word_1_580' title='bbox 419 4412 629 4475; x_wconf 83' lang='lat' dir='ltr'><strong>Deitate</strong></span> <span class='ocrx_word' id='word_1_581' title='bbox 658 4413 980 4487; x_wconf 87' lang='lat' dir='ltr'><strong>principium</strong></span> <span class='ocrx_word' id='word_1_582' title='bbox 1002 4420 1106 4481; x_wconf 77' lang='lat' dir='ltr'><strong>est,</strong></span> <span class='ocrx_word' id='word_1_583' title='bbox 1134 4409 1347 4473; x_wconf 85' lang='lat' dir='ltr'><strong>facilius</strong></span> <span class='ocrx_word' id='word_1_584' title='bbox 1369 4410 1525 4477; x_wconf 78' lang='lat' dir='ltr'><strong>nobis</strong></span> <span class='ocrx_word' id='word_1_585' title='bbox 1542 4410 1717 4471; x_wconf 72' lang='lat' dir='ltr'><strong>Visum</strong></span> <span class='ocrx_word' id='word_1_586' title='bbox 1747 4410 1815 4477; x_wconf 65' lang='grc'><strong>³⁸,</strong></span> 
     </span>
    </p>
   </div>
   <div class='ocr_carea' id='block_1_77' title="bbox 218 4502 1820 4579">
    <p class='ocr_par' dir='ltr' id='par_1_77' title="bbox 218 4502 1820 4579">
     <span class='ocr_line' id='line_1_77' title="bbox 218 4502 1820 4579; baseline -0.001 -23"><span class='ocrx_word' id='word_1_587' title='bbox 218 4503 475 4577; x_wconf 82' lang='lat' dir='ltr'><strong>quamvis</strong></span> <span class='ocrx_word' id='word_1_588' title='bbox 510 4502 711 4567; x_wconf 67' lang='lat' dir='ltr'><strong>virtute</strong></span> <span class='ocrx_word' id='word_1_589' title='bbox 735 4504 1021 4565; x_wconf 81' lang='lat' dir='ltr'><strong>verborum</strong></span> <span class='ocrx_word' id='word_1_590' title='bbox 1048 4502 1289 4579; x_wconf 77' lang='lat' dir='ltr'><strong>longius,</strong></span> <span class='ocrx_word' id='word_1_591' title='bbox 1316 4516 1518 4575; x_wconf 86' lang='lat' dir='ltr'><strong>ponere</strong></span> <span class='ocrx_word' id='word_1_592' title='bbox 1546 4521 1557 4555; x_wconf 88' lang='lat'><strong>:</strong></span> <span class='ocrx_word' id='word_1_593' title='bbox 1587 4510 1640 4559; x_wconf 86' lang='lat' dir='ltr'><strong>et</strong></span> <span class='ocrx_word' id='word_1_594' title='bbox 1670 4503 1820 4572; x_wconf 85' lang='lat' dir='ltr'><strong>prin-</strong></span> 
     </span>
    </p>
   </div>
   <div class='ocr_carea' id='block_1_78' title="bbox 215 4586 1817 4667">
    <p class='ocr_par' dir='ltr' id='par_1_78' title="bbox 215 4586 1817 4667">
     <span class='ocr_line' id='line_1_78' title="bbox 215 4586 1817 4667; baseline -0.004 -15"><span class='ocrx_word' id='word_1_595' title='bbox 215 4595 452 4667; x_wconf 88' lang='lat' dir='ltr'><strong>cipalcm</strong></span> <span class='ocrx_word' id='word_1_596' title='bbox 493 4604 550 4651; x_wconf 80' lang='lat' dir='ltr'><strong>et</strong></span> <span class='ocrx_word' id='word_1_597' title='bbox 598 4586 1109 4667; x_wconf 74' lang='lat' dir='ltr'><strong>superprincipalem</strong></span> <span class='ocrx_word' id='word_1_598' title='bbox 1161 4594 1328 4652; x_wconf 86' lang='lat' dir='ltr'><strong>divini</strong></span> <span class='ocrx_word' id='word_1_599' title='bbox 1378 4593 1556 4650; x_wconf 89' lang='lat' dir='ltr'><strong>Patris</strong></span> <span class='ocrx_word' id='word_1_600' title='bbox 1599 4591 1817 4655; x_wconf 83' lang='lat' dir='ltr'><strong>clarita-</strong></span> 
     </span>
    </p>
   </div>
   <div class='ocr_carea' id='block_1_79' title="bbox 1922 3660 3518 3749">
    <p class='ocr_par' dir='ltr' id='par_1_79' title="bbox 1922 3660 3518 3749">
     <span class='ocr_line' id='line_1_79' title="bbox 1922 3660 3518 3749; baseline 0.014 -37"><span class='ocrx_word' id='word_1_601' title='bbox 1922 3670 2026 3726; x_wconf 86' lang='lat' dir='ltr'><strong>est,</strong></span> <span class='ocrx_word' id='word_1_602' title='bbox 2055 3661 2146 3732; x_wconf 90' lang='lat' dir='ltr'><strong>qui</strong></span> <span class='ocrx_word' id='word_1_603' title='bbox 2177 3660 2393 3721; x_wconf 84' lang='lat' dir='ltr'><strong>Patrem</strong></span> <span class='ocrx_word' id='word_1_604' title='bbox 2422 3663 2742 3723; x_wconf 78' lang='lat' dir='ltr'><strong>clariﬁcavit</strong></span> <span class='ocrx_word' id='word_1_605' title='bbox 2767 3668 2989 3734; x_wconf 83' lang='lat' dir='ltr'><strong>mundo,</strong></span> <span class='ocrx_word' id='word_1_606' title='bbox 3021 3672 3112 3740; x_wconf 84' lang='lat' dir='ltr'><strong>qui</strong></span> <span class='ocrx_word' id='word_1_607' title='bbox 3142 3688 3306 3749; x_wconf 77' lang='lat' dir='ltr'><strong>super</strong></span> <span class='ocrx_word' id='word_1_608' title='bbox 3331 3675 3518 3735; x_wconf 79' lang='lat' dir='ltr'><strong>omnia</strong></span> 
     </span>
    </p>
   </div>
   <div class='ocr_carea' id='block_1_80' title="bbox 1924 3752 3519 3839">
    <p class='ocr_par' dir='ltr' id='par_1_80' title="bbox 1924 3752 3519 3839">
     <span class='ocr_line' id='line_1_80' title="bbox 1924 3752 3519 3839; baseline 0.013 -34"><span class='ocrx_word' id='word_1_609' title='bbox 1924 3752 2212 3807; x_wconf 83' lang='lat' dir='ltr'><strong>uniformis</strong></span> <span class='ocrx_word' id='word_1_610' title='bbox 2242 3762 2326 3808; x_wconf 91' lang='lat' dir='ltr'><strong>est</strong></span> <span class='ocrx_word' id='word_1_611' title='bbox 2350 3753 2418 3822; x_wconf 73' lang='lat'><strong>’9,</strong></span> <span class='ocrx_word' id='word_1_612' title='bbox 2448 3764 2505 3810; x_wconf 89' lang='lat' dir='ltr'><strong>et</strong></span> <span class='ocrx_word' id='word_1_613' title='bbox 2531 3754 2703 3811; x_wconf 89' lang='lat' dir='ltr'><strong>forma</strong></span> <span class='ocrx_word' id='word_1_614' title='bbox 2736 3758 2977 3817; x_wconf 86' lang='lat' dir='ltr'><strong>omnium</strong></span> <span class='ocrx_word' id='word_1_615' title='bbox 3005 3759 3071 3839; x_wconf 66' lang='grc' dir='ltr'><strong>³ο,</strong></span> <span class='ocrx_word' id='word_1_616' title='bbox 3106 3773 3160 3819; x_wconf 81' lang='lat' dir='ltr'><strong>et</strong></span> <span class='ocrx_word' id='word_1_617' title='bbox 3187 3762 3238 3818; x_wconf 89' lang='lat' dir='ltr'><strong>in</strong></span> <span class='ocrx_word' id='word_1_618' title='bbox 3263 3765 3519 3831; x_wconf 69' lang='lat' dir='ltr'><strong>omnibus</strong></span> 
     </span>
    </p>
   </div>
   <div class='ocr_carea' id='block_1_81' title="bbox 1923 3842 3520 3927">
    <p class='ocr_par' dir='ltr' id='par_1_81' title="bbox 1923 3842 3520 3927">
     <span class='ocr_line' id='line_1_81' title="bbox 1923 3842 3520 3927; baseline 0.015 -30"><span class='ocrx_word' id='word_1_619' title='bbox 1923 3842 2271 3900; x_wconf 87' lang='lat' dir='ltr'><strong>multiformis</strong></span> <span class='ocrx_word' id='word_1_620' title='bbox 2290 3855 2391 3913; x_wconf 88' lang='lat' dir='ltr'><strong>est,</strong></span> <span class='ocrx_word' id='word_1_621' title='bbox 2418 3856 2471 3903; x_wconf 84' lang='lat' dir='ltr'><strong>et</strong></span> <span class='ocrx_word' id='word_1_622' title='bbox 2496 3847 2902 3909; x_wconf 86' lang='lat' dir='ltr'><strong>multiformitas</strong></span> <span class='ocrx_word' id='word_1_623' title='bbox 2921 3856 3187 3927; x_wconf 74' lang='lat' dir='ltr'><strong>oiliniuni,</strong></span> <span class='ocrx_word' id='word_1_624' title='bbox 3207 3867 3261 3912; x_wconf 90' lang='lat' dir='ltr'><strong>et</strong></span> <span class='ocrx_word' id='word_1_625' title='bbox 3281 3860 3520 3921; x_wconf 70' lang='lat' dir='ltr'><strong>maxime</strong></span> 
     </span>
    </p>
   </div>
   <div class='ocr_carea' id='block_1_82' title="bbox 1923 3936 3518 4021">
    <p class='ocr_par' dir='ltr' id='par_1_82' title="bbox 1923 3936 3518 4021">
     <span class='ocr_line' id='line_1_82' title="bbox 1923 3936 3518 4021; baseline 0.013 -31"><span class='ocrx_word' id='word_1_626' title='bbox 1923 3936 1977 3991; x_wconf 93' lang='lat' dir='ltr'><strong>in</strong></span> <span class='ocrx_word' id='word_1_627' title='bbox 2011 3937 2268 4011; x_wconf 82' lang='lat' dir='ltr'><strong>angelicis</strong></span> <span class='ocrx_word' id='word_1_628' title='bbox 2304 3947 2359 3994; x_wconf 90' lang='lat' dir='ltr'><strong>et</strong></span> <span class='ocrx_word' id='word_1_629' title='bbox 2389 3942 2641 4001; x_wconf 84' lang='lat' dir='ltr'><strong>humanis</strong></span> <span class='ocrx_word' id='word_1_630' title='bbox 2670 3945 2957 4005; x_wconf 73' lang='lat' dir='ltr'><strong>mentibus.</strong></span> <span class='ocrx_word' id='word_1_631' title='bbox 2986 3946 3055 4001; x_wconf 77' lang='lat' dir='ltr'><strong>Et</strong></span> <span class='ocrx_word' id='word_1_632' title='bbox 3082 3948 3185 4011; x_wconf 81' lang='lat' dir='ltr'><strong>hoc</strong></span> <span class='ocrx_word' id='word_1_633' title='bbox 3212 3962 3401 4021; x_wconf 80' lang='lat' dir='ltr'><strong>aperte</strong></span> <span class='ocrx_word' id='word_1_634' title='bbox 3424 3952 3518 4010; x_wconf 77' lang='lat' dir='ltr'><strong>de-</strong></span> 
     </span>
    </p>
   </div>
   <div class='ocr_carea' id='block_1_83' title="bbox 1922 4027 3515 4112">
    <p class='ocr_par' dir='ltr' id='par_1_83' title="bbox 1922 4027 3515 4112">
     <span class='ocr_line' id='line_1_83' title="bbox 1922 4027 3515 4112; baseline 0.011 -30"><span class='ocrx_word' id='word_1_635' title='bbox 1922 4027 2291 4084; x_wconf 82' lang='lat' dir='ltr'><strong>claratdlcens</strong></span> <span class='ocrx_word' id='word_1_636' title='bbox 2316 4031 2430 4084; x_wconf 85' lang='lat' dir='ltr'><strong>:Ad</strong></span> <span class='ocrx_word' id='word_1_637' title='bbox 2457 4035 2803 4105; x_wconf 81' lang='lat' dir='ltr'><strong>anagogicam</strong></span> <span class='ocrx_word' id='word_1_638' title='bbox 2828 4054 2944 4093; x_wconf 76' lang='lat' dir='ltr'><strong>vero</strong></span> <span class='ocrx_word' id='word_1_639' title='bbox 2967 4049 3014 4092; x_wconf 81' lang='lat' dir='ltr'><strong>et</strong></span> <span class='ocrx_word' id='word_1_640' title='bbox 3033 4041 3283 4109; x_wconf 73' lang='lat' dir='ltr'><strong>uni/leam</strong></span> <span class='ocrx_word' id='word_1_641' title='bbox 3306 4058 3515 4112; x_wconf 71' lang='lat' dir='ltr'><strong>eorum.</strong></span> 
     </span>
    </p>
   </div>
   <div class='ocr_carea' id='block_1_84' title="bbox 1921 4122 3513 4207">
    <p class='ocr_par' dir='ltr' id='par_1_84' title="bbox 1921 4122 3513 4207">
     <span class='ocr_line' id='line_1_84' title="bbox 1921 4122 3513 4207; baseline 0.011 -35"><span class='ocrx_word' id='word_1_642' title='bbox 1921 4136 2057 4191; x_wconf 70' lang='lat' dir='ltr'><strong>quae</strong></span> <span class='ocrx_word' id='word_1_643' title='bbox 2082 4122 2290 4191; x_wconf 79' lang='lat' dir='ltr'><strong>provisa</strong></span> <span class='ocrx_word' id='word_1_644' title='bbox 2312 4133 2431 4179; x_wconf 82' lang='lat' dir='ltr'><strong>sunt</strong></span> <span class='ocrx_word' id='word_1_645' title='bbox 2466 4124 2535 4191; x_wconf 72' lang='lat'><strong>“,</strong></span> <span class='ocrx_word' id='word_1_646' title='bbox 2560 4131 3055 4198; x_wconf 76' lang='lat' dir='ltr'><strong>contemperautiam</strong></span> <span class='ocrx_word' id='word_1_647' title='bbox 3084 4136 3274 4202; x_wconf 67' lang='lat' dir='ltr'><strong>optime</strong></span> <span class='ocrx_word' id='word_1_648' title='bbox 3310 4144 3361 4195; x_wconf 67' lang='lat' dir='ltr'><strong>et</strong></span> <span class='ocrx_word' id='word_1_649' title='bbox 3393 4137 3513 4207; x_wconf 75' lang='lat' dir='ltr'><strong>pul-</strong></span> 
     </span>
    </p>
   </div>
   <div class='ocr_carea' id='block_1_85' title="bbox 1925 4213 3514 4296">
    <p class='ocr_par' dir='ltr' id='par_1_85' title="bbox 1925 4213 3514 4296">
     <span class='ocr_line' id='line_1_85' title="bbox 1925 4213 3514 4296; baseline 0.011 -29"><span class='ocrx_word' id='word_1_650' title='bbox 1925 4213 2045 4267; x_wconf 82' lang='lat' dir='ltr'><strong>chre</strong></span> <span class='ocrx_word' id='word_1_651' title='bbox 2093 4214 2471 4286; x_wconf 77' lang='lat' dir='ltr'><strong>multiplicatur</strong></span> <span class='ocrx_word' id='word_1_652' title='bbox 2500 4227 2545 4273; x_wconf 88' lang='lat' dir='ltr'><strong>et</strong></span> <span class='ocrx_word' id='word_1_653' title='bbox 2583 4221 2850 4291; x_wconf 71' lang='lat' dir='ltr'><strong>provenit,</strong></span> <span class='ocrx_word' id='word_1_654' title='bbox 2899 4234 3172 4296; x_wconf 80' lang='lat' dir='ltr'><strong>manetque</strong></span> <span class='ocrx_word' id='word_1_655' title='bbox 3201 4226 3341 4291; x_wconf 72' lang='lat' dir='ltr'><strong>intra</strong></span> <span class='ocrx_word' id='word_1_656' title='bbox 3366 4246 3423 4287; x_wconf 71' lang='grc' dir='ltr'><strong><em>δι</em></strong></span> <span class='ocrx_word' id='word_1_657' title='bbox 3456 4230 3514 4287; x_wconf 78' lang='lat' dir='ltr'><strong>iu</strong></span> 
     </span>
    </p>
   </div>
   <div class='ocr_carea' id='block_1_86' title="bbox 1923 4309 3512 4400">
    <p class='ocr_par' dir='ltr' id='par_1_86' title="bbox 1923 4309 3512 4400">
     <span class='ocr_line' id='line_1_86' title="bbox 1923 4309 3512 4400; baseline 0.011 -39"><span class='ocrx_word' id='word_1_658' title='bbox 1923 4309 2339 4367; x_wconf 81' lang='lat' dir='ltr'><strong>incommutabili</strong></span> <span class='ocrx_word' id='word_1_659' title='bbox 2361 4311 2706 4371; x_wconf 77' lang='lat' dir='ltr'><strong>similitudine</strong></span> <span class='ocrx_word' id='word_1_660' title='bbox 2733 4315 3068 4385; x_wconf 74' lang='lat' dir='ltr'><strong>uniformiter</strong></span> <span class='ocrx_word' id='word_1_661' title='bbox 3087 4319 3250 4388; x_wconf 56' lang='lat' dir='ltr'><strong>litus,</strong></span> <span class='ocrx_word' id='word_1_662' title='bbox 3278 4332 3326 4383; x_wconf 79' lang='lat' dir='ltr'><strong>et</strong></span> <span class='ocrx_word' id='word_1_663' title='bbox 3353 4323 3411 4383; x_wconf 80' lang='lat' dir='ltr'><strong>in</strong></span> <span class='ocrx_word' id='word_1_664' title='bbox 3434 4340 3512 4400; x_wconf 68' lang='lat' dir='ltr'><strong>se,</strong></span> 
     </span>
    </p>
   </div>
   <div class='ocr_carea' id='block_1_87' title="bbox 1921 4404 3517 4483">
    <p class='ocr_par' dir='ltr' id='par_1_87' title="bbox 1921 4404 3517 4483">
     <span class='ocr_line' id='line_1_87' title="bbox 1921 4404 3517 4483; baseline 0.013 -28"><span class='ocrx_word' id='word_1_665' title='bbox 1921 4413 2178 4474; x_wconf 84' lang='lat' dir='ltr'><strong>quantum</strong></span> <span class='ocrx_word' id='word_1_666' title='bbox 2219 4404 2302 4473; x_wconf 77' lang='lat' dir='ltr'><strong>fas</strong></span> <span class='ocrx_word' id='word_1_667' title='bbox 2344 4415 2451 4477; x_wconf 84' lang='lat' dir='ltr'><strong>est,</strong></span> <span class='ocrx_word' id='word_1_668' title='bbox 2494 4408 2819 4478; x_wconf 79' lang='lat' dir='ltr'><strong>respicientes</strong></span> <span class='ocrx_word' id='word_1_669' title='bbox 2863 4415 3325 4483; x_wconf 79' lang='lat' dir='ltr'><strong>proportioualiter</strong></span> <span class='ocrx_word' id='word_1_670' title='bbox 3366 4419 3421 4474; x_wconf 78' lang='lat' dir='ltr'><strong>in</strong></span> <span class='ocrx_word' id='word_1_671' title='bbox 3460 4436 3517 4477; x_wconf 76' lang='lat' dir='ltr'><strong>ss</strong></span> 
     </span>
    </p>
   </div>
   <div class='ocr_carea' id='block_1_88' title="bbox 1923 4495 3517 4577">
    <p class='ocr_par' dir='ltr' id='par_1_88' title="bbox 1923 4495 3517 4577">
     <span class='ocr_line' id='line_1_88' title="bbox 1923 4495 3517 4577; baseline 0.013 -28"><span class='ocrx_word' id='word_1_672' title='bbox 1923 4497 2155 4550; x_wconf 79' lang='lat' dir='ltr'><strong>extendit</strong></span> <span class='ocrx_word' id='word_1_673' title='bbox 2188 4495 2237 4527; x_wconf 75' lang='grc'>⁸⁸</span> <span class='ocrx_word' id='word_1_674' title='bbox 2264 4509 2310 4552; x_wconf 86' lang='lat' dir='ltr'><strong>et</strong></span> <span class='ocrx_word' id='word_1_675' title='bbox 2349 4499 2569 4569; x_wconf 79' lang='lat' dir='ltr'><strong>uuiﬂcat</strong></span> <span class='ocrx_word' id='word_1_676' title='bbox 2603 4502 2892 4563; x_wconf 85' lang='lat' dir='ltr'><strong>secundum</strong></span> <span class='ocrx_word' id='word_1_677' title='bbox 2920 4505 3206 4577; x_wconf 72' lang='lat' dir='ltr'><strong>simplicem</strong></span> <span class='ocrx_word' id='word_1_678' title='bbox 3230 4511 3318 4569; x_wconf 67' lang='lat' dir='ltr'><strong>sui</strong></span> <span class='ocrx_word' id='word_1_679' title='bbox 3346 4512 3517 4569; x_wconf 79' lang='lat' dir='ltr'><strong>unita-</strong></span> 
     </span>
    </p>
   </div>
   <div class='ocr_carea' id='block_1_89' title="bbox 1925 4591 3513 4673">
    <p class='ocr_par' dir='ltr' id='par_1_89' title="bbox 1925 4591 3513 4673">
     <span class='ocr_line' id='line_1_89' title="bbox 1925 4591 3513 4673; baseline 0.01 -29"><span class='ocrx_word' id='word_1_680' title='bbox 1925 4600 2028 4647; x_wconf 87' lang='lat' dir='ltr'><strong>tem</strong></span> <span class='ocrx_word' id='word_1_681' title='bbox 2053 4632 2065 4650; x_wconf 88' lang='lat'><strong>,</strong></span> <span class='ocrx_word' id='word_1_682' title='bbox 2118 4591 2222 4646; x_wconf 87' lang='lat' dir='ltr'><strong>hoc</strong></span> <span class='ocrx_word' id='word_1_683' title='bbox 2260 4598 2387 4649; x_wconf 80' lang='lat' dir='ltr'><strong>est:</strong></span> <span class='ocrx_word' id='word_1_684' title='bbox 2417 4591 2631 4651; x_wconf 85' lang='lat' dir='ltr'><strong>divinus</strong></span> <span class='ocrx_word' id='word_1_685' title='bbox 2672 4595 2896 4664; x_wconf 83' lang='lat' dir='ltr'><strong>radius,</strong></span> <span class='ocrx_word' id='word_1_686' title='bbox 2945 4601 3193 4667; x_wconf 81' lang='lat' dir='ltr'><strong>quamvis</strong></span> <span class='ocrx_word' id='word_1_687' title='bbox 3241 4604 3513 4673; x_wconf 82' lang='lat' dir='ltr'><strong>propriam</strong></span> 
     </span>
    </p>
   </div>
   <div class='ocr_carea' id='block_1_90' title="bbox 220 4659 3514 4759">
    <p class='ocr_par' dir='ltr' id='par_1_90' title="bbox 220 4659 3514 4759">
     <span class='ocr_line' id='line_1_90' title="bbox 220 4659 3514 4759; baseline 0.012 -44"><span class='ocrx_word' id='word_1_688' title='bbox 220 4659 336 4747; x_wconf 48' lang='lat' dir='ltr'><strong>,e&#39;m</strong></span> <span class='ocrx_word' id='word_1_689' title='bbox 372 4686 439 4755; x_wconf 59' lang='grc' dir='ltr'><strong>ιν,</strong></span> <span class='ocrx_word' id='word_1_690' title='bbox 470 4701 536 4743; x_wconf 68' lang='lat' dir='ltr'><strong>ea</strong></span> <span class='ocrx_word' id='word_1_691' title='bbox 565 4659 778 4753; x_wconf 55' lang='grc' dir='ltr'><strong>τωίοηέ</strong></span> <span class='ocrx_word' id='word_1_692' title='bbox 800 4659 954 4749; x_wconf 59' lang='grc' dir='ltr'><strong>συί)ιῖ</strong></span> <span class='ocrx_word' id='word_1_693' title='bbox 968 4726 982 4753; x_wconf 58' lang='grc'><em>,</em></span> <span class='ocrx_word' id='word_1_694' title='bbox 1009 4700 1117 4756; x_wconf 70' lang='lat' dir='ltr'><strong>qua</strong></span> <span class='ocrx_word' id='word_1_695' title='bbox 1150 4700 1314 4755; x_wconf 76' lang='lat' dir='ltr'><strong>saepe</strong></span> <span class='ocrx_word' id='word_1_696' title='bbox 1341 4685 1647 4743; x_wconf 82' lang='lat' dir='ltr'><strong>invenimus</strong></span> <span class='ocrx_word' id='word_1_697' title='bbox 1671 4685 1814 4759; x_wconf 88' lang='lat' dir='ltr'><strong>apud</strong></span> <span class='ocrx_word' id='word_1_698' title='bbox 1847 4659 1894 4720; x_wconf 77' lang='grc' dir='ltr'><strong>θ</strong></span> <span class='ocrx_word' id='word_1_699' title='bbox 1922 4682 2322 4752; x_wconf 81' lang='lat' dir='ltr'><strong>simplicitatem</strong></span> <span class='ocrx_word' id='word_1_700' title='bbox 2374 4691 2430 4740; x_wconf 90' lang='lat' dir='ltr'><strong>et</strong></span> <span class='ocrx_word' id='word_1_701' title='bbox 2482 4685 2810 4758; x_wconf 75' lang='lat' dir='ltr'><strong>singularem</strong></span> <span class='ocrx_word' id='word_1_702' title='bbox 2872 4659 3135 4755; x_wconf 45' lang='lat' dir='ltr'><strong>uni-tatem</strong></span> <span class='ocrx_word' id='word_1_703' title='bbox 3194 4659 3354 4751; x_wconf 71' lang='lat' dir='ltr'><strong>auaui</strong></span> <span class='ocrx_word' id='word_1_704' title='bbox 3404 4659 3514 4753; x_wconf 68' lang='lat' dir='ltr'><strong>non</strong></span> 
     </span>
    </p>
   </div>
   <div class='ocr_carea' id='block_1_91' title="bbox 1519 4841 2210 4900">
    <p class='ocr_par' dir='ltr' id='par_1_91' title="bbox 1519 4841 2210 4900">
     <span class='ocr_line' id='line_1_91' title="bbox 1519 4841 2210 4900; baseline -0.001 -2"><span class='ocrx_word' id='word_1_705' title='bbox 1519 4842 1774 4899; x_wconf 78' lang='lat' dir='ltr'><strong>VARIAE</strong></span> <span class='ocrx_word' id='word_1_706' title='bbox 1810 4841 2210 4900; x_wconf 85' lang='lat' dir='ltr'><strong>LECTIONES.</strong></span> 
     </span>
    </p>
   </div>
   <div class='ocr_carea' id='block_1_92' title="bbox 298 4930 3512 5042">
    <p class='ocr_par' dir='ltr' id='par_1_92' title="bbox 298 4930 3512 5042">
     <span class='ocr_line' id='line_1_92' title="bbox 298 4930 3512 5042; baseline 0.003 -24"><span class='ocrx_word' id='word_1_707' title='bbox 298 4969 313 4998; x_wconf 78' lang='grc'>³</span> <span class='ocrx_word' id='word_1_708' title='bbox 362 4965 453 5027; x_wconf 73' lang='grc' dir='ltr'><strong>ΑΒ</strong></span> <span class='ocrx_word' id='word_1_709' title='bbox 493 4965 755 5042; x_wconf 60' lang='lat' dir='ltr'><strong>«relicuo,</strong></span> <span class='ocrx_word' id='word_1_710' title='bbox 793 4964 872 5042; x_wconf 79' lang='lat' dir='ltr'><strong>sic</strong></span> <span class='ocrx_word' id='word_1_711' title='bbox 906 4964 1021 5042; x_wconf 78' lang='lat' dir='ltr'><strong>fere</strong></span> <span class='ocrx_word' id='word_1_712' title='bbox 1072 4963 1293 5036; x_wconf 89' lang='lat' dir='ltr'><strong>ubique.</strong></span> <span class='ocrx_word' id='word_1_713' title='bbox 1363 4963 1392 5042; x_wconf 62' lang='grc' dir='ltr'><em>ξ</em></span> <span class='ocrx_word' id='word_1_714' title='bbox 1423 4960 1821 5042; x_wconf 41' lang='grc' dir='ltr'><strong>ῌῃιαιονῇᾳηψ</strong></span> <span class='ocrx_word' id='word_1_715' title='bbox 1868 4977 2028 5042; x_wconf 82' lang='lat' dir='ltr'><strong>supra</strong></span> <span class='ocrx_word' id='word_1_716' title='bbox 2060 4963 2241 5042; x_wconf 73' lang='lat' dir='ltr'><strong>adscr.</strong></span> <span class='ocrx_word' id='word_1_717' title='bbox 2274 4962 2430 5042; x_wconf 69' lang='lat' dir='ltr'><strong>libus.</strong></span> <span class='ocrx_word' id='word_1_718' title='bbox 2512 4963 2554 5042; x_wconf 57' lang='lat' dir='ltr'><em>f</em></span> <span class='ocrx_word' id='word_1_719' title='bbox 2583 4962 2655 5023; x_wconf 74' lang='lat' dir='ltr'><strong>In</strong></span> <span class='ocrx_word' id='word_1_720' title='bbox 2678 4980 2783 5042; x_wconf 72' lang='lat' dir='ltr'><strong>non</strong></span> <span class='ocrx_word' id='word_1_721' title='bbox 2807 4930 3512 5042; x_wconf 43' lang='lat' dir='ltr'><strong>tremgmibusQ-gimplum</strong></span> 
     </span>
    </p>
   </div>
   <div class='ocr_carea' id='block_1_93' title="bbox 218 5035 1248 5093">
    <p class='ocr_par' dir='ltr' id='par_1_93' title="bbox 218 5035 1248 5093">
     <span class='ocr_line' id='line_1_93' title="bbox 218 5035 1248 5093; baseline -0.005 0"><span class='ocrx_word' id='word_1_722' title='bbox 218 5056 379 5093; x_wconf 82' lang='lat' dir='ltr'><strong>suum</strong></span> <span class='ocrx_word' id='word_1_723' title='bbox 416 5053 525 5092; x_wconf 90' lang='lat' dir='ltr'><strong>om.</strong></span> <span class='ocrx_word' id='word_1_724' title='bbox 572 5036 631 5091; x_wconf 87' lang='grc' dir='ltr'><strong>Β.</strong></span> <span class='ocrx_word' id='word_1_725' title='bbox 737 5035 836 5090; x_wconf 69' lang='grc' dir='ltr'><strong>’δΑ</strong></span> <span class='ocrx_word' id='word_1_726' title='bbox 882 5035 1248 5090; x_wconf 82' lang='lat' dir='ltr'><strong>restituuntur.</strong></span> 
     </span>
    </p>
   </div>
   <div class='ocr_carea' id='block_1_94' title="bbox 219 5104 1525 5179">
    <p class='ocr_par' dir='ltr' id='par_1_94' title="bbox 219 5104 1525 5179">
     <span class='ocr_line' id='line_1_94' title="bbox 219 5104 1525 5179; baseline -0.002 -13"><span class='ocrx_word' id='word_1_727' title='bbox 219 5109 246 5142; x_wconf 81' lang='grc'><strong><em>⁸</em></strong></span> <span class='ocrx_word' id='word_1_728' title='bbox 291 5109 384 5166; x_wconf 76' lang='lat' dir='ltr'><strong>AC</strong></span> <span class='ocrx_word' id='word_1_729' title='bbox 426 5108 692 5179; x_wconf 78' lang='lat' dir='ltr'><strong>periodus.</strong></span> <span class='ocrx_word' id='word_1_730' title='bbox 812 5106 1025 5179; x_wconf 80' lang='lat' dir='ltr'><strong>&quot;_huius</strong></span> <span class='ocrx_word' id='word_1_731' title='bbox 1068 5122 1177 5162; x_wconf 92' lang='lat' dir='ltr'><strong>om.</strong></span> <span class='ocrx_word' id='word_1_732' title='bbox 1213 5105 1286 5172; x_wconf 87' lang='lat' dir='ltr'><strong>B;</strong></span> <span class='ocrx_word' id='word_1_733' title='bbox 1317 5104 1359 5161; x_wconf 77' lang='grc' dir='ltr'>Ο</span> <span class='ocrx_word' id='word_1_734' title='bbox 1387 5104 1525 5179; x_wconf 78' lang='lat' dir='ltr'><strong>ejus.</strong></span> 
     </span>
    </p>
   </div>
   <div class='ocr_carea' id='block_1_95' title="bbox 217 5175 1735 5255">
    <p class='ocr_par' dir='ltr' id='par_1_95' title="bbox 217 5175 1735 5255">
     <span class='ocr_line' id='line_1_95' title="bbox 217 5175 1735 5255; baseline -0.003 -20"><span class='ocrx_word' id='word_1_735' title='bbox 217 5175 459 5255; x_wconf 82' lang='lat' dir='ltr'><strong>gendum</strong></span> <span class='ocrx_word' id='word_1_736' title='bbox 487 5197 498 5230; x_wconf 89' lang='lat'><strong>:</strong></span> <span class='ocrx_word' id='word_1_737' title='bbox 529 5196 593 5233; x_wconf 79' lang='lat' dir='ltr'><strong>ea:</strong></span> <span class='ocrx_word' id='word_1_738' title='bbox 622 5179 799 5233; x_wconf 81' lang='lat' dir='ltr'><strong>divino</strong></span> <span class='ocrx_word' id='word_1_739' title='bbox 821 5175 983 5255; x_wconf 70' lang='lat' dir='ltr'><strong>Patre</strong></span> <span class='ocrx_word' id='word_1_740' title='bbox 1033 5179 1393 5255; x_wconf 66' lang='lat' dir='ltr'><strong>procedentem</strong></span> <span class='ocrx_word' id='word_1_741' title='bbox 1413 5175 1735 5255; x_wconf 56' lang='lat' dir='ltr'><strong>claritatem.</strong></span> 
     </span>
    </p>
   </div>
   <div class='ocr_carea' id='block_1_96' title="bbox 221 5248 1455 5322">
    <p class='ocr_par' dir='ltr' id='par_1_96' title="bbox 221 5248 1455 5322">
     <span class='ocr_line' id='line_1_96' title="bbox 221 5248 1455 5322; baseline -0.004 -15"><span class='ocrx_word' id='word_1_742' title='bbox 221 5248 406 5307; x_wconf 58' lang='lat' dir='ltr'><strong>adscr.</strong></span> <span class='ocrx_word' id='word_1_743' title='bbox 448 5259 495 5322; x_wconf 79' lang='lat' dir='ltr'><strong>et</strong></span> <span class='ocrx_word' id='word_1_744' title='bbox 536 5265 635 5322; x_wconf 79' lang='lat' dir='ltr'><strong>pro</strong></span> <span class='ocrx_word' id='word_1_745' title='bbox 664 5266 745 5322; x_wconf 21' lang='lat' dir='ltr'><strong>Aeo</strong></span> <span class='ocrx_word' id='word_1_746' title='bbox 786 5250 945 5322; x_wconf 71' lang='lat' dir='ltr'><strong>quod</strong></span> <span class='ocrx_word' id='word_1_747' title='bbox 973 5248 1049 5322; x_wconf 80' lang='lat' dir='ltr'><strong>est</strong></span> <span class='ocrx_word' id='word_1_748' title='bbox 1088 5248 1455 5322; x_wconf 77' lang='lat' dir='ltr'><strong>photodosian.</strong></span> 
     </span>
    </p>
   </div>
   <div class='ocr_carea' id='block_1_97' title="bbox 219 5319 806 5395">
    <p class='ocr_par' dir='ltr' id='par_1_97' title="bbox 219 5319 806 5395">
     <span class='ocr_line' id='line_1_97' title="bbox 219 5319 806 5395; baseline -0.007 -18"><span class='ocrx_word' id='word_1_749' title='bbox 219 5338 329 5395; x_wconf 90' lang='lat' dir='ltr'><strong>pro</strong></span> <span class='ocrx_word' id='word_1_750' title='bbox 338 5322 420 5395; x_wconf 65' lang='lat' dir='ltr'><strong>ph</strong></span> <span class='ocrx_word' id='word_1_751' title='bbox 451 5319 561 5377; x_wconf 79' lang='lat' dir='ltr'><strong>fere</strong></span> <span class='ocrx_word' id='word_1_752' title='bbox 586 5319 806 5395; x_wconf 62' lang='lat' dir='ltr'><strong>ubique;</strong></span> 
     </span>
    </p>
   </div>
   <div class='ocr_carea' id='block_1_98' title="bbox 220 5463 1589 5539">
    <p class='ocr_par' dir='ltr' id='par_1_98' title="bbox 220 5463 1589 5539">
     <span class='ocr_line' id='line_1_98' title="bbox 220 5463 1589 5539; baseline -0.003 -20"><span class='ocrx_word' id='word_1_753' title='bbox 220 5463 317 5539; x_wconf 72' lang='grc' dir='ltr'><strong>λβ</strong></span> <span class='ocrx_word' id='word_1_754' title='bbox 362 5465 621 5539; x_wconf 37' lang='lat' dir='ltr'><strong>t‘la‘rilafe.</strong></span> <span class='ocrx_word' id='word_1_755' title='bbox 658 5535 671 5539; x_wconf 31' lang='grc' dir='ltr'><strong>Α</strong></span> <span class='ocrx_word' id='word_1_756' title='bbox 699 5463 745 5495; x_wconf 78' lang='grc'><strong>³⁸</strong></span> <span class='ocrx_word' id='word_1_757' title='bbox 772 5463 834 5539; x_wconf 73' lang='lat' dir='ltr'><strong>Il‘</strong></span> <span class='ocrx_word' id='word_1_758' title='bbox 868 5478 1037 5539; x_wconf 77' lang='lat' dir='ltr'><strong>marg.</strong></span> <span class='ocrx_word' id='word_1_759' title='bbox 1069 5464 1243 5519; x_wconf 86' lang='lat' dir='ltr'><strong>adscr.</strong></span> <span class='ocrx_word' id='word_1_760' title='bbox 1273 5463 1589 5539; x_wconf 68' lang='lat' dir='ltr'><strong>theam/lico.</strong></span> 
     </span>
    </p>
   </div>
   <div class='ocr_carea' id='block_1_99' title="bbox 220 5532 2531 5618">
    <p class='ocr_par' dir='ltr' id='par_1_99' title="bbox 220 5532 2531 5618">
     <span class='ocr_line' id='line_1_99' title="bbox 220 5532 2531 5618; baseline -0.002 -27"><span class='ocrx_word' id='word_1_761' title='bbox 220 5536 405 5591; x_wconf 86' lang='lat' dir='ltr'><strong>adscr.</strong></span> <span class='ocrx_word' id='word_1_762' title='bbox 433 5534 488 5618; x_wconf 82' lang='lat' dir='ltr'><strong>id</strong></span> <span class='ocrx_word' id='word_1_763' title='bbox 516 5545 589 5589; x_wconf 86' lang='lat' dir='ltr'><strong>est</strong></span> <span class='ocrx_word' id='word_1_764' title='bbox 616 5534 925 5618; x_wconf 56' lang='lat' dir='ltr'><strong>pfiptgdosia</strong></span> <span class='ocrx_word' id='word_1_765' title='bbox 954 5532 1301 5618; x_wconf 52' lang='lat' dir='ltr'><strong>lintptyron,&quot;</strong></span> <span class='ocrx_word' id='word_1_766' title='bbox 1317 5533 1357 5589; x_wconf 92' lang='lat' dir='ltr'>C</span> <span class='ocrx_word' id='word_1_767' title='bbox 1386 5534 1593 5618; x_wconf 71' lang='lat' dir='ltr'><strong>profert</strong></span> <span class='ocrx_word' id='word_1_768' title='bbox 1619 5553 1632 5588; x_wconf 90' lang='lat'><strong>:</strong></span> <span class='ocrx_word' id='word_1_769' title='bbox 1664 5544 1719 5591; x_wconf 84' lang='lat' dir='ltr'><strong>et</strong></span> <span class='ocrx_word' id='word_1_770' title='bbox 1751 5532 2187 5618; x_wconf 35' lang='lat' dir='ltr'><strong>pronpl-t‘ologl‘osia</strong></span> <span class='ocrx_word' id='word_1_771' title='bbox 2217 5532 2531 5618; x_wconf 47' lang='lat' dir='ltr'><strong>lqylpllyl‘mt.</strong></span> 
     </span>
    </p>
   </div>
   <div class='ocr_carea' id='block_1_100' title="bbox 1361 5033 2676 5104">
    <p class='ocr_par' dir='ltr' id='par_1_100' title="bbox 1361 5033 2676 5104">
     <span class='ocr_line' id='line_1_100' title="bbox 1361 5033 2676 5104; baseline 0.001 -17"><span class='ocrx_word' id='word_1_772' title='bbox 1361 5033 1385 5066; x_wconf 83' lang='grc'>⁸</span> <span class='ocrx_word' id='word_1_773' title='bbox 1423 5034 1512 5087; x_wconf 72' lang='lat' dir='ltr'><strong>AG</strong></span> <span class='ocrx_word' id='word_1_774' title='bbox 1548 5033 2056 5104; x_wconf 73' lang='lat' dir='ltr'><strong>multiplicationem,</strong></span> <span class='ocrx_word' id='word_1_775' title='bbox 2106 5034 2149 5087; x_wconf 92' lang='lat' dir='ltr'><strong>B</strong></span> <span class='ocrx_word' id='word_1_776' title='bbox 2192 5034 2676 5104; x_wconf 84' lang='lat' dir='ltr'><strong>multiplicationem</strong></span> 
     </span>
    </p>
   </div>
   <div class='ocr_carea' id='block_1_101' title="bbox 1671 5106 1930 5175">
    <p class='ocr_par' dir='ltr' id='par_1_101' title="bbox 1671 5106 1930 5175">
     <span class='ocr_line' id='line_1_101' title="bbox 1671 5106 1930 5175; baseline -0.012 -13"><span class='ocrx_word' id='word_1_777' title='bbox 1671 5106 1692 5145; x_wconf 77' lang='grc'><strong>⁸</strong></span> <span class='ocrx_word' id='word_1_778' title='bbox 1712 5106 1757 5162; x_wconf 79' lang='grc' dir='ltr'>Α</span> <span class='ocrx_word' id='word_1_779' title='bbox 1784 5121 1930 5175; x_wconf 83' lang='lat' dir='ltr'><strong>reeep</strong></span> 
     </span>
    </p>
   </div>
   <div class='ocr_carea' id='block_1_102' title="bbox 1847 5176 2782 5248">
    <p class='ocr_par' dir='ltr' id='par_1_102' title="bbox 1847 5176 2782 5248">
     <span class='ocr_line' id='line_1_102' title="bbox 1847 5176 2782 5248; baseline 0.003 -18"><span class='ocrx_word' id='word_1_780' title='bbox 1847 5176 1885 5207; x_wconf 85' lang='lat'>“</span> <span class='ocrx_word' id='word_1_781' title='bbox 1917 5176 1977 5230; x_wconf 81' lang='lat' dir='ltr'><strong>B‘</strong></span> <span class='ocrx_word' id='word_1_782' title='bbox 2032 5194 2203 5248; x_wconf 77' lang='lat' dir='ltr'><strong>marg.</strong></span> <span class='ocrx_word' id='word_1_783' title='bbox 2256 5176 2430 5230; x_wconf 86' lang='lat' dir='ltr'><strong>adscr.</strong></span> <span class='ocrx_word' id='word_1_784' title='bbox 2490 5179 2782 5237; x_wconf 69' lang='lat' dir='ltr'><strong>(heare/rice</strong></span> 
     </span>
    </p>
   </div>
   <div class='ocr_carea' id='block_1_103' title="bbox 1594 5247 2627 5319">
    <p class='ocr_par' dir='ltr' id='par_1_103' title="bbox 1594 5247 2627 5319">
     <span class='ocr_line' id='line_1_103' title="bbox 1594 5247 2627 5319; baseline 0.001 -18"><span class='ocrx_word' id='word_1_785' title='bbox 1594 5248 1636 5281; x_wconf 79' lang='grc'>³³</span> <span class='ocrx_word' id='word_1_786' title='bbox 1690 5247 1750 5301; x_wconf 86' lang='lat' dir='ltr'><strong>B&#39;</strong></span> <span class='ocrx_word' id='word_1_787' title='bbox 1808 5264 1982 5319; x_wconf 82' lang='lat' dir='ltr'><strong>marg.</strong></span> <span class='ocrx_word' id='word_1_788' title='bbox 2040 5250 2216 5303; x_wconf 85' lang='lat' dir='ltr'><strong>adscr.</strong></span> <span class='ocrx_word' id='word_1_789' title='bbox 2274 5248 2627 5319; x_wconf 64' lang='lat' dir='ltr'><strong>theme/licus.</strong></span> 
     </span>
    </p>
   </div>
   <div class='ocr_carea' id='block_1_104' title="bbox 904 5318 2310 5393">
    <p class='ocr_par' dir='ltr' id='par_1_104' title="bbox 904 5318 2310 5393">
     <span class='ocr_line' id='line_1_104' title="bbox 904 5318 2310 5393; baseline 0.038 -40"><span class='ocrx_word' id='word_1_790' title='bbox 904 5320 948 5393; x_wconf 75' lang='lat' dir='ltr'><strong>is</strong></span> <span class='ocrx_word' id='word_1_791' title='bbox 978 5321 1037 5374; x_wconf 56' lang='lat' dir='ltr'><strong>Bt</strong></span> <span class='ocrx_word' id='word_1_792' title='bbox 1088 5318 1267 5393; x_wconf 83' lang='lat' dir='ltr'><strong>marg.</strong></span> <span class='ocrx_word' id='word_1_793' title='bbox 1302 5319 1858 5393; x_wconf 75' lang='lat' dir='ltr'><strong>adscr._tliearcliicos_.</strong></span> <span class='ocrx_word' id='word_1_794' title='bbox 1938 5318 1980 5350; x_wconf 71' lang='grc'>¹⁶</span> <span class='ocrx_word' id='word_1_795' title='bbox 2003 5319 2095 5393; x_wconf 69' lang='lat' dir='ltr'><strong>Sic</strong></span> <span class='ocrx_word' id='word_1_796' title='bbox 2124 5319 2194 5393; x_wconf 65' lang='lat' dir='ltr'><strong>Ci</strong></span> <span class='ocrx_word' id='word_1_797' title='bbox 2222 5318 2310 5393; x_wconf 60' lang='lat' dir='ltr'><strong>AB</strong></span> 
     </span>
    </p>
   </div>
   <div class='ocr_carea' id='block_1_105' title="bbox 218 5390 2321 5465">
    <p class='ocr_par' dir='ltr' id='par_1_105' title="bbox 218 5390 2321 5465">
     <span class='ocr_line' id='line_1_105' title="bbox 218 5390 2321 5465; baseline -0.002 -18"><span class='ocrx_word' id='word_1_798' title='bbox 218 5390 543 5465; x_wconf 58' lang='lat' dir='ltr'><strong>proferunt:</strong></span> <span class='ocrx_word' id='word_1_799' title='bbox 573 5390 929 5465; x_wconf 62' lang='lat' dir='ltr'><strong>deitas,_tluoti</strong></span> <span class='ocrx_word' id='word_1_800' title='bbox 958 5407 1129 5465; x_wconf 12' lang='lat' dir='ltr'><strong>sensu,</strong></span> <span class='ocrx_word' id='word_1_801' title='bbox 1166 5390 1338 5465; x_wconf 77' lang='lat' dir='ltr'><strong>caret.</strong></span> <span class='ocrx_word' id='word_1_802' title='bbox 1418 5390 1549 5465; x_wconf 66' lang='lat' dir='ltr'><strong>&quot;li‘</strong></span> <span class='ocrx_word' id='word_1_803' title='bbox 1577 5407 1747 5465; x_wconf 80' lang='lat' dir='ltr'><strong>marg.</strong></span> <span class='ocrx_word' id='word_1_804' title='bbox 1765 5391 1957 5465; x_wconf 60' lang='lat' dir='ltr'><strong>adscr.</strong></span> <span class='ocrx_word' id='word_1_805' title='bbox 1990 5391 2321 5465; x_wconf 74' lang='lat' dir='ltr'><strong>photodosia.</strong></span> 
     </span>
    </p>
   </div>
   <div class='ocr_carea' id='block_1_106' title="bbox 1682 5460 2780 5535">
    <p class='ocr_par' dir='ltr' id='par_1_106' title="bbox 1682 5460 2780 5535">
     <span class='ocr_line' id='line_1_106' title="bbox 1682 5460 2780 5535; baseline 0 -18"><span class='ocrx_word' id='word_1_806' title='bbox 1682 5460 1723 5493; x_wconf 74' lang='lat'>“</span> <span class='ocrx_word' id='word_1_807' title='bbox 1755 5460 1816 5517; x_wconf 79' lang='lat' dir='ltr'><strong>C‘</strong></span> <span class='ocrx_word' id='word_1_808' title='bbox 1851 5460 2023 5535; x_wconf 78' lang='lat' dir='ltr'><strong>marg.</strong></span> <span class='ocrx_word' id='word_1_809' title='bbox 2052 5463 2235 5535; x_wconf 69' lang='lat' dir='ltr'><strong>adscr.</strong></span> <span class='ocrx_word' id='word_1_810' title='bbox 2258 5463 2312 5515; x_wconf 86' lang='lat' dir='ltr'><strong>id</strong></span> <span class='ocrx_word' id='word_1_811' title='bbox 2334 5472 2406 5515; x_wconf 86' lang='lat' dir='ltr'><strong>est</strong></span> <span class='ocrx_word' id='word_1_812' title='bbox 2432 5461 2780 5533; x_wconf 79' lang='lat' dir='ltr'><strong>(ltioupatera,</strong></span> 
     </span>
    </p>
   </div>
   <div class='ocr_carea' id='block_1_107' title="bbox 2700 5035 3508 5112">
    <p class='ocr_par' dir='ltr' id='par_1_107' title="bbox 2700 5035 3508 5112">
     <span class='ocr_line' id='line_1_107' title="bbox 2700 5035 3508 5112; baseline 0.014 -24"><span class='ocrx_word' id='word_1_813' title='bbox 2700 5035 2907 5112; x_wconf 70' lang='lat' dir='ltr'><strong>(punct.</strong></span> <span class='ocrx_word' id='word_1_814' title='bbox 2947 5038 3027 5112; x_wconf 79' lang='lat' dir='ltr'><strong>B‘_</strong></span> <span class='ocrx_word' id='word_1_815' title='bbox 3048 5041 3218 5112; x_wconf 81' lang='lat' dir='ltr'><strong>adjcc.</strong></span> <span class='ocrx_word' id='word_1_816' title='bbox 3252 5035 3508 5112; x_wconf 73' lang='lat' dir='ltr'><strong>videtur).</strong></span> 
     </span>
    </p>
   </div>
   <div class='ocr_carea' id='block_1_108' title="bbox 2762 5108 3510 5177">
    <p class='ocr_par' dir='ltr' id='par_1_108' title="bbox 2762 5108 3510 5177">
     <span class='ocr_line' id='line_1_108' title="bbox 2762 5108 3510 5177; baseline 0.008 -14"><span class='ocrx_word' id='word_1_817' title='bbox 2762 5108 2803 5140; x_wconf 80' lang='grc'><strong>¹⁰</strong></span> <span class='ocrx_word' id='word_1_818' title='bbox 2833 5108 2924 5164; x_wconf 85' lang='lat' dir='ltr'><strong>Sic</strong></span> <span class='ocrx_word' id='word_1_819' title='bbox 2949 5109 3080 5165; x_wconf 70' lang='grc' dir='ltr'><strong>ΑΒΕ</strong></span> <span class='ocrx_word' id='word_1_820' title='bbox 3100 5108 3126 5177; x_wconf 63' lang='grc' dir='ltr'><em>ξ</em></span> <span class='ocrx_word' id='word_1_821' title='bbox 3153 5112 3378 5167; x_wconf 77' lang='lat' dir='ltr'><strong>fortasse</strong></span> <span class='ocrx_word' id='word_1_822' title='bbox 3432 5108 3510 5169; x_wconf 82' lang='lat' dir='ltr'><strong>le-</strong></span> 
     </span>
    </p>
   </div>
   <div class='ocr_carea' id='block_1_109' title="bbox 2858 5183 3503 5257">
    <p class='ocr_par' dir='ltr' id='par_1_109' title="bbox 2858 5183 3503 5257">
     <span class='ocr_line' id='line_1_109' title="bbox 2858 5183 3503 5257; baseline 0.006 -24"><span class='ocrx_word' id='word_1_823' title='bbox 2858 5183 3042 5257; x_wconf 57' lang='lat' dir='ltr'><strong>pigris.</strong></span> <span class='ocrx_word' id='word_1_824' title='bbox 3092 5184 3190 5257; x_wconf 71' lang='lat'><strong>__&quot;</strong></span> <span class='ocrx_word' id='word_1_825' title='bbox 3227 5184 3297 5257; x_wconf 75' lang='grc' dir='ltr'><strong>Β·</strong></span> <span class='ocrx_word' id='word_1_826' title='bbox 3330 5199 3503 5257; x_wconf 80' lang='lat' dir='ltr'><strong>marg.</strong></span> 
     </span>
    </p>
   </div>
   <div class='ocr_carea' id='block_1_110' title="bbox 2771 5250 3513 5329">
    <p class='ocr_par' dir='ltr' id='par_1_110' title="bbox 2771 5250 3513 5329">
     <span class='ocr_line' id='line_1_110' title="bbox 2771 5250 3513 5329; baseline 0.003 -24"><span class='ocrx_word' id='word_1_827' title='bbox 2771 5250 2815 5281; x_wconf 65' lang='grc' dir='ltr'><strong><em>η</em></strong></span> <span class='ocrx_word' id='word_1_828' title='bbox 2859 5250 2947 5305; x_wconf 88' lang='lat' dir='ltr'><strong>AB</strong></span> <span class='ocrx_word' id='word_1_829' title='bbox 2986 5250 3513 5329; x_wconf 65' lang='lat' dir='ltr'><strong>perifrasiu;__sic&#39;f</strong></span> 
     </span>
    </p>
   </div>
   <div class='ocr_carea' id='block_1_111' title="bbox 2357 5318 3506 5393">
    <p class='ocr_par' dir='ltr' id='par_1_111' title="bbox 2357 5318 3506 5393">
     <span class='ocr_line' id='line_1_111' title="bbox 2357 5318 3506 5393; baseline 0.009 -20"><span class='ocrx_word' id='word_1_830' title='bbox 2357 5335 2465 5393; x_wconf 21' lang='lat' dir='ltr'><strong>pro;</strong></span> <span class='ocrx_word' id='word_1_831' title='bbox 2488 5318 2534 5393; x_wconf 63' lang='lat' dir='ltr'><strong>If</strong></span> <span class='ocrx_word' id='word_1_832' title='bbox 2538 5319 2617 5373; x_wconf 85' lang='lat' dir='ltr'><strong>illi</strong></span> <span class='ocrx_word' id='word_1_833' title='bbox 2645 5339 2737 5393; x_wconf 90' lang='lat' dir='ltr'><strong>per</strong></span> <span class='ocrx_word' id='word_1_834' title='bbox 2764 5318 3146 5393; x_wconf 75' lang='lat' dir='ltr'><strong>generationem</strong></span> <span class='ocrx_word' id='word_1_835' title='bbox 3186 5318 3506 5393; x_wconf 70' lang='lat' dir='ltr'><strong>simpliciter</strong></span> 
     </span>
    </p>
   </div>
   <div class='ocr_carea' id='block_1_112' title="bbox 2426 5388 3501 5525">
    <p class='ocr_par' dir='ltr' id='par_1_112' title="bbox 2426 5388 3501 5525">
     <span class='ocr_line' id='line_1_112' title="bbox 2426 5388 3501 5465; baseline 0.011 -23"><span class='ocrx_word' id='word_1_836' title='bbox 2426 5388 2467 5421; x_wconf 71' lang='grc'><strong>³⁸</strong></span> <span class='ocrx_word' id='word_1_837' title='bbox 2498 5389 2560 5443; x_wconf 75' lang='grc' dir='ltr'><strong>Β⁴</strong></span> <span class='ocrx_word' id='word_1_838' title='bbox 2589 5388 2868 5449; x_wconf 58' lang='grc' dir='ltr'><strong>ίηίεειοῖεδι</strong></span> <span class='ocrx_word' id='word_1_839' title='bbox 2901 5393 3097 5450; x_wconf 84' lang='lat' dir='ltr'><strong>visum.</strong></span> <span class='ocrx_word' id='word_1_840' title='bbox 3195 5394 3237 5425; x_wconf 78' lang='lat'><strong>&quot;</strong></span> <span class='ocrx_word' id='word_1_841' title='bbox 3269 5388 3362 5451; x_wconf 84' lang='lat' dir='ltr'><strong>Sic</strong></span> <span class='ocrx_word' id='word_1_842' title='bbox 3395 5396 3501 5465; x_wconf 85' lang='lat' dir='ltr'><strong>BC,</strong></span> 
     </span>
     <span class='ocr_line' id='line_1_113' title="bbox 2432 5461 3501 5525; baseline 0.007 -11"><span class='ocrx_word' id='word_1_843' title='bbox 2432 5461 2780 5525; x_wconf 76' lang='lat' dir='ltr'><strong>lliioupatera.</strong></span> <span class='ocrx_word' id='word_1_844' title='bbox 2884 5465 2928 5496; x_wconf 83' lang='grc'><strong>²²</strong></span> <span class='ocrx_word' id='word_1_845' title='bbox 2958 5464 3049 5523; x_wconf 90' lang='lat' dir='ltr'><strong>Sic</strong></span> <span class='ocrx_word' id='word_1_846' title='bbox 3080 5463 3203 5525; x_wconf 87' lang='lat' dir='ltr'><strong>AB;</strong></span> <span class='ocrx_word' id='word_1_847' title='bbox 3232 5464 3293 5519; x_wconf 77' lang='lat' dir='ltr'><strong>B‘</strong></span> <span class='ocrx_word' id='word_1_848' title='bbox 3328 5484 3501 5525; x_wconf 67' lang='lat' dir='ltr'><strong>mars.</strong></span> 
     </span>
    </p>
   </div>
   <div class='ocr_carea' id='block_1_113' title="bbox 2636 5481 3506 5607">
    <p class='ocr_par' dir='ltr' id='par_1_113' title="bbox 2636 5481 3506 5607">
     <span class='ocr_line' id='line_1_114' title="bbox 2636 5481 3506 5607; baseline 0.001 -16"><span class='ocrx_word' id='word_1_849' title='bbox 2855 5481 2941 5592; x_wconf 63' lang='grc' dir='ltr'><strong>ὁὸ</strong></span> <span class='ocrx_word' id='word_1_850' title='bbox 2958 5481 3303 5607; x_wconf 65' lang='lat' dir='ltr'><strong>ir;</strong></span> <span class='ocrx_word' id='word_1_851' title='bbox 3328 5484 3506 5597; x_wconf 53' lang='lat' dir='ltr'><strong>&quot;is</strong></span> 
     </span>
    </p>
   </div>
   <div class='ocr_carea' id='block_1_114' title="bbox 1934 5104 2655 5161">
    <p class='ocr_par' dir='ltr' id='par_1_114' title="bbox 1934 5104 2655 5161">
     <span class='ocr_line' id='line_1_115' title="bbox 1934 5104 2655 5161; baseline 0 -2"><span class='ocrx_word' id='word_1_852' title='bbox 1934 5107 2089 5161; x_wconf 76' lang='lat' dir='ltr'><strong>imus.</strong></span> <span class='ocrx_word' id='word_1_853' title='bbox 2235 5104 2257 5136; x_wconf 83' lang='grc'><strong>⁹</strong></span> <span class='ocrx_word' id='word_1_854' title='bbox 2283 5104 2325 5159; x_wconf 83' lang='grc' dir='ltr'>Α</span> <span class='ocrx_word' id='word_1_855' title='bbox 2376 5105 2655 5160; x_wconf 81' lang='lat' dir='ltr'><strong>similiter.’</strong></span> 
     </span>
    </p>
   </div>
   <div class='ocr_carea' id='block_1_115' title="bbox 219 5598 3505 5679">
    <p class='ocr_par' dir='ltr' id='par_1_115' title="bbox 219 5598 3505 5679">
     <span class='ocr_line' id='line_1_116' title="bbox 219 5598 3505 5679; baseline 0.002 -17"><span class='ocrx_word' id='word_1_856' title='bbox 219 5616 584 5679; x_wconf 46' lang='lat' dir='ltr'><strong>conspectum;</strong></span> <span class='ocrx_word' id='word_1_857' title='bbox 616 5598 626 5604; x_wconf 73' lang='grc'><em>’</em></span> <span class='ocrx_word' id='word_1_858' title='bbox 652 5605 702 5679; x_wconf 54' lang='grc' dir='ltr'><strong>ξ’</strong></span> <span class='ocrx_word' id='word_1_859' title='bbox 730 5606 938 5679; x_wconf 77' lang='lat' dir='ltr'><strong>Recens</strong></span> <span class='ocrx_word' id='word_1_860' title='bbox 963 5598 1153 5663; x_wconf 66' lang='lat' dir='ltr'><strong>manus</strong></span> <span class='ocrx_word' id='word_1_861' title='bbox 1184 5606 1236 5660; x_wconf 89' lang='lat' dir='ltr'><strong>in</strong></span> <span class='ocrx_word' id='word_1_862' title='bbox 1262 5598 1302 5661; x_wconf 78' lang='grc' dir='ltr'><strong>Β</strong></span> <span class='ocrx_word' id='word_1_863' title='bbox 1326 5598 1499 5679; x_wconf 69' lang='lat' dir='ltr'><strong>marg.</strong></span> <span class='ocrx_word' id='word_1_864' title='bbox 1529 5607 1701 5679; x_wconf 81' lang='lat' dir='ltr'><strong>adscr.</strong></span> <span class='ocrx_word' id='word_1_865' title='bbox 1730 5598 1885 5674; x_wconf 61' lang='grc' dir='ltr'><em>(ᾖτιοᾶ</em></span> <span class='ocrx_word' id='word_1_866' title='bbox 1907 5607 1999 5661; x_wconf 83' lang='lat' dir='ltr'><strong>Dci</strong></span> <span class='ocrx_word' id='word_1_867' title='bbox 2026 5604 2206 5679; x_wconf 64' lang='lat' dir='ltr'><strong>Patris</strong></span> <span class='ocrx_word' id='word_1_868' title='bbox 2244 5598 2461 5679; x_wconf 57' lang='lat' dir='ltr'><strong>Verbum</strong></span> <span class='ocrx_word' id='word_1_869' title='bbox 2492 5606 2545 5658; x_wconf 84' lang='lat' dir='ltr'><strong>in</strong></span> <span class='ocrx_word' id='word_1_870' title='bbox 2570 5598 2972 5679; x_wconf 29' lang='lat' dir='ltr'><strong>universitatem.</strong></span> <span class='ocrx_word' id='word_1_871' title='bbox 2998 5598 3125 5679; x_wconf 37' lang='lat' dir='ltr'><strong>cet.’</strong></span> <span class='ocrx_word' id='word_1_872' title='bbox 3177 5598 3221 5638; x_wconf 68' lang='grc'><strong>⁶⁶</strong></span> <span class='ocrx_word' id='word_1_873' title='bbox 3248 5598 3342 5665; x_wconf 81' lang='lat' dir='ltr'><strong>Sic</strong></span> <span class='ocrx_word' id='word_1_874' title='bbox 3369 5610 3431 5677; x_wconf 87' lang='lat' dir='ltr'><strong>C,</strong></span> <span class='ocrx_word' id='word_1_875' title='bbox 3458 5612 3505 5667; x_wconf 75' lang='grc' dir='ltr'><strong>Δ</strong></span> 
     </span>
    </p>
   </div>
   <div class='ocr_carea' id='block_1_116' title="bbox 223 5674 3502 5755">
    <p class='ocr_par' dir='ltr' id='par_1_116' title="bbox 223 5674 3502 5755">
     <span class='ocr_line' id='line_1_117' title="bbox 223 5674 3502 5755; baseline -0.002 -22"><span class='ocrx_word' id='word_1_876' title='bbox 223 5674 486 5741; x_wconf 75' lang='lat' dir='ltr'><strong>claritatis</strong></span> <span class='ocrx_word' id='word_1_877' title='bbox 507 5719 521 5747; x_wconf 89' lang='lat'><strong>,</strong></span> <span class='ocrx_word' id='word_1_878' title='bbox 552 5674 593 5730; x_wconf 83' lang='grc' dir='ltr'>Β</span> <span class='ocrx_word' id='word_1_879' title='bbox 625 5676 884 5749; x_wconf 67' lang='lat' dir='ltr'><strong>claritatis</strong></span> <span class='ocrx_word' id='word_1_880' title='bbox 929 5680 1144 5755; x_wconf 64' lang='lat' dir='ltr'><strong>(punct.</strong></span> <span class='ocrx_word' id='word_1_881' title='bbox 1166 5679 1338 5755; x_wconf 86' lang='lat' dir='ltr'><strong>adjec.</strong></span> <span class='ocrx_word' id='word_1_882' title='bbox 1368 5674 1474 5749; x_wconf 45' lang='lat' dir='ltr'><strong>B&#39;)’.</strong></span> <span class='ocrx_word' id='word_1_883' title='bbox 1551 5678 1679 5755; x_wconf 71' lang='lat' dir='ltr'><strong>&quot;__ll&#39;</strong></span> <span class='ocrx_word' id='word_1_884' title='bbox 1715 5694 1885 5755; x_wconf 71' lang='lat' dir='ltr'><strong>marg.</strong></span> <span class='ocrx_word' id='word_1_885' title='bbox 1920 5679 2097 5755; x_wconf 68' lang='lat' dir='ltr'><strong>adscr.</strong></span> <span class='ocrx_word' id='word_1_886' title='bbox 2133 5675 2565 5755; x_wconf 43' lang='lat' dir='ltr'><strong>Dejimpllcitate</strong></span> <span class='ocrx_word' id='word_1_887' title='bbox 2588 5689 2635 5733; x_wconf 79' lang='lat' dir='ltr'><strong>et</strong></span> <span class='ocrx_word' id='word_1_888' title='bbox 2660 5677 3045 5751; x_wconf 82' lang='lat' dir='ltr'><strong>multiplicitate</strong></span> <span class='ocrx_word' id='word_1_889' title='bbox 3086 5678 3200 5755; x_wconf 54' lang='lat' dir='ltr'><strong>Dei.</strong></span> <span class='ocrx_word' id='word_1_890' title='bbox 3278 5681 3325 5713; x_wconf 71' lang='grc'>³⁸</span> <span class='ocrx_word' id='word_1_891' title='bbox 3358 5674 3426 5739; x_wconf 67' lang='grc' dir='ltr'><strong>ιη⁷</strong></span> <span class='ocrx_word' id='word_1_892' title='bbox 3456 5682 3502 5737; x_wconf 75' lang='grc' dir='ltr'>Α</span> 
     </span>
    </p>
   </div>
   <div class='ocr_carea' id='block_1_117' title="bbox 222 5744 3505 5834">
    <p class='ocr_par' dir='ltr' id='par_1_117' title="bbox 222 5744 3505 5834">
     <span class='ocr_line' id='line_1_118' title="bbox 222 5744 3505 5834; baseline 0.002 -30"><span class='ocrx_word' id='word_1_893' title='bbox 222 5764 421 5834; x_wconf 56' lang='lat' dir='ltr'><strong>maritis</strong></span> <span class='ocrx_word' id='word_1_894' title='bbox 450 5744 641 5834; x_wconf 71' lang='lat' dir='ltr'><strong>recens</strong></span> <span class='ocrx_word' id='word_1_895' title='bbox 661 5744 1286 5834; x_wconf 44' lang='lat' dir='ltr'><strong>vocein&#39;su&#39;pra.prisci,</strong></span> <span class='ocrx_word' id='word_1_896' title='bbox 1312 5744 1474 5834; x_wconf 67' lang='lat' dir='ltr'><strong>quam</strong></span> <span class='ocrx_word' id='word_1_897' title='bbox 1506 5744 1988 5834; x_wconf 52' lang='lat' dir='ltr'><strong>radiusnautnPater</strong></span> <span class='ocrx_word' id='word_1_898' title='bbox 2012 5748 2266 5834; x_wconf 34' lang='lat' dir='ltr'><strong>legasL‘B&#39;</strong></span> <span class='ocrx_word' id='word_1_899' title='bbox 2304 5744 2477 5834; x_wconf 73' lang='lat' dir='ltr'><strong>adscr.</strong></span> <span class='ocrx_word' id='word_1_900' title='bbox 2499 5744 2669 5834; x_wconf 58' lang='lat' dir='ltr'><strong>fater</strong></span> <span class='ocrx_word' id='word_1_901' title='bbox 2689 5760 2783 5816; x_wconf 85' lang='lat' dir='ltr'><strong>est,</strong></span> <span class='ocrx_word' id='word_1_902' title='bbox 2811 5744 3050 5834; x_wconf 49' lang='lat' dir='ltr'><strong>etma&#39;rg.</strong></span> <span class='ocrx_word' id='word_1_903' title='bbox 3087 5752 3263 5834; x_wconf 61' lang='lat' dir='ltr'><strong>adscr.</strong></span> <span class='ocrx_word' id='word_1_904' title='bbox 3293 5770 3505 5834; x_wconf 78' lang='lat' dir='ltr'><strong>compa-</strong></span> 
     </span>
    </p>
   </div>
   <div class='ocr_carea' id='block_1_118' title="bbox 223 5817 3013 5890">
    <p class='ocr_par' dir='ltr' id='par_1_118' title="bbox 223 5817 3013 5890">
     <span class='ocr_line' id='line_1_119' title="bbox 223 5817 3013 5890; baseline 0.001 -17"><span class='ocrx_word' id='word_1_905' title='bbox 223 5818 540 5877; x_wconf 81' lang='lat' dir='ltr'><strong>ratPatrcm</strong></span> <span class='ocrx_word' id='word_1_906' title='bbox 562 5820 632 5877; x_wconf 81' lang='lat' dir='ltr'><strong>ad</strong></span> <span class='ocrx_word' id='word_1_907' title='bbox 656 5817 970 5888; x_wconf 65' lang='lat' dir='ltr'><strong>claritatem,</strong></span> <span class='ocrx_word' id='word_1_908' title='bbox 991 5820 1184 5876; x_wconf 70' lang='lat' dir='ltr'><strong>Filium</strong></span> <span class='ocrx_word' id='word_1_909' title='bbox 1206 5823 1273 5876; x_wconf 86' lang='lat' dir='ltr'><strong>nd</strong></span> <span class='ocrx_word' id='word_1_910' title='bbox 1303 5817 1530 5876; x_wconf 67' lang='lat' dir='ltr'><strong>radium.</strong></span> <span class='ocrx_word' id='word_1_911' title='bbox 1610 5820 1654 5851; x_wconf 77' lang='grc'><strong>²⁹</strong></span> <span class='ocrx_word' id='word_1_912' title='bbox 1670 5819 1772 5885; x_wconf 83' lang='lat' dir='ltr'><strong>Qui</strong></span> <span class='ocrx_word' id='word_1_913' title='bbox 1802 5818 2011 5876; x_wconf 85' lang='lat' dir='ltr'><strong>Patrem</strong></span> <span class='ocrx_word' id='word_1_914' title='bbox 2035 5817 2695 5890; x_wconf 77' lang='lat' dir='ltr'><strong>clari/icavit—uniformis</strong></span> <span class='ocrx_word' id='word_1_915' title='bbox 2723 5831 2797 5879; x_wconf 86' lang='lat' dir='ltr'><strong>est</strong></span> <span class='ocrx_word' id='word_1_916' title='bbox 2814 5837 2921 5878; x_wconf 90' lang='lat' dir='ltr'><strong>om.</strong></span> <span class='ocrx_word' id='word_1_917' title='bbox 2954 5817 3013 5876; x_wconf 56' lang='lat' dir='ltr'><strong>BQ</strong></span> 
     </span>
    </p>
   </div>
   <div class='ocr_carea' id='block_1_119' title="bbox 3092 5822 3503 5887">
    <p class='ocr_par' dir='ltr' id='par_1_119' title="bbox 3092 5822 3503 5887">
     <span class='ocr_line' id='line_1_120' title="bbox 3092 5822 3503 5887; baseline -0.005 -8"><span class='ocrx_word' id='word_1_918' title='bbox 3092 5823 3136 5856; x_wconf 78' lang='grc'>³⁸</span> <span class='ocrx_word' id='word_1_919' title='bbox 3153 5822 3258 5880; x_wconf 88' lang='lat' dir='ltr'><strong>Pro</strong></span> <span class='ocrx_word' id='word_1_920' title='bbox 3271 5822 3503 5887; x_wconf 75' lang='lat' dir='ltr'><strong>omnium</strong></span> 
     </span>
    </p>
   </div>
   <div class='ocr_carea' id='block_1_120' title="bbox 225 5890 2048 5975">
    <p class='ocr_par' dir='ltr' id='par_1_120' title="bbox 225 5890 2048 5975">
     <span class='ocr_line' id='line_1_121' title="bbox 225 5890 2048 5975; baseline 0.001 -27"><span class='ocrx_word' id='word_1_921' title='bbox 225 5890 273 5948; x_wconf 86' lang='lat' dir='ltr'><strong><em>C</em></strong></span> <span class='ocrx_word' id='word_1_922' title='bbox 306 5892 594 5949; x_wconf 73' lang='lat' dir='ltr'><strong>hominum.</strong></span> <span class='ocrx_word' id='word_1_923' title='bbox 669 5891 714 5924; x_wconf 80' lang='grc'><strong>⁸⁸</strong></span> <span class='ocrx_word' id='word_1_924' title='bbox 756 5891 798 5945; x_wconf 83' lang='grc' dir='ltr'><strong>Β</strong></span> <span class='ocrx_word' id='word_1_925' title='bbox 836 5910 969 5964; x_wconf 85' lang='lat' dir='ltr'><strong>quae</strong></span> <span class='ocrx_word' id='word_1_926' title='bbox 998 5905 1116 5949; x_wconf 82' lang='lat' dir='ltr'><strong>sunt</strong></span> <span class='ocrx_word' id='word_1_927' title='bbox 1143 5896 1402 5961; x_wconf 79' lang='lat' dir='ltr'><strong>praecisa.</strong></span> <span class='ocrx_word' id='word_1_928' title='bbox 1481 5891 1524 5922; x_wconf 78' lang='lat'>“</span> <span class='ocrx_word' id='word_1_929' title='bbox 1554 5890 1597 5944; x_wconf 84' lang='grc' dir='ltr'><strong>Β</strong></span> <span class='ocrx_word' id='word_1_930' title='bbox 1626 5890 1856 5975; x_wconf 68' lang='lat' dir='ltr'><strong>extendit</strong></span> <span class='ocrx_word' id='word_1_931' title='bbox 1894 5894 1948 5947; x_wconf 85' lang='lat' dir='ltr'><strong>in</strong></span> <span class='ocrx_word' id='word_1_932' title='bbox 1976 5901 2048 5949; x_wconf 83' lang='lat' dir='ltr'><strong>s&#39;e.</strong></span> 
     </span>
    </p>
   </div>
   <div class='ocr_carea' id='block_1_121' title="bbox 1547 5994 1688 6011">
    <p class='ocr_par' dir='ltr' id='par_1_121' title="bbox 1547 5994 1688 6011">
     <span class='ocr_line' id='line_1_122' title="bbox 1547 5994 1688 6011; baseline -0.007 -3"><span class='ocrx_word' id='word_1_933' title='bbox 1547 5994 1688 6011; x_wconf 57' lang='grc' dir='ltr'><strong>τηρ-,-</strong></span> 
     </span>
    </p>
   </div>
   <div class='ocr_carea' id='block_1_122' title="bbox 1706 6014 1867 6044">
    <p class='ocr_par' dir='ltr' id='par_1_122' title="bbox 1706 6014 1867 6044">
     <span class='ocr_line' id='line_1_123' title="bbox 1706 6014 1867 6044; baseline -0.012 -3"><span class='ocrx_word' id='word_1_934' title='bbox 1706 6021 1772 6041; x_wconf 57' lang='grc' dir='ltr'><strong>σκν</strong></span> <span class='ocrx_word' id='word_1_935' title='bbox 1784 6014 1867 6044; x_wconf 51' lang='grc' dir='ltr'><strong>ές.-</strong></span> 
     </span>
    </p>
   </div>
  </div>
