3984 5524
520 439 625 496 155

1613 432 2117 493 EXPOSITIONES
2155 430 2437 491 JOANNIS
2478 426 2679 486 SCOTl
2760 428 2767 433 ’

3688 430 3787 485 156

516 555 732 612 deserat
759 590 775 617 ,
814 547 1039 622 pulchre
1085 556 1262 605 tamen
1314 548 1699 620 multiplicatur
1747 558 1804 604 et
1855 549 2101 620 procedit
2126 549 2181 611 Α
2204 555 2410 609 nostra,
2439 558 2545 614 qua
2566 542 2727 599 rebus
2747 541 3093 598 sensibilibus
3121 541 3497 609 adhaeremus,
3528 542 3796 599 reductio-

516 651 573 705 iu
625 642 903 715 ca,quae
952 644 1169 715 provisa
1216 643 1234 674 ⁸
1278 630 1432 707 sunt,
1477 643 1545 697 ad
1605 657 1792 699 eorum
1848 642 2100 713 anagogi-

517 758 637 799 cam
665 749 720 796 et
757 739 1011 794 uniﬁcam
1051 736 1571 808 contemperantiam
1602 778 1618 803 ,
1651 736 2098 792 coadunationem

514 833 662 889 illam
736 829 1019 893 videlicet,
1075 844 1213 899 quae
1259 843 1473 883 sursum
1531 828 1678 882 ducit
1722 828 1743 857 ¹
1790 836 1845 882 et
1882 824 2102 881 uniﬁcat

514 921 718 975 omnia.
773 917 890 973 Non
929 916 1073 973 enim
1128 918 1309 971 omnia
1350 918 1734 984 subsisterent,
1791 931 1965 986 neque
1990 956 2005 982 ,
2039 931 2102 971 ac

521 1013 683 1067 veluti
714 1013 835 1080 quis
862 1010 1059 1066 dixerit
1084 1025 1099 1064 :
1128 1027 1233 1081 qua
1258 1010 1466 1065 ratione
1493 1018 1547 1064 et
1575 1025 1672 1065 cur
1709 1008 1935 1078 simplex
1968 1008 2103 1062 mul-

518 1105 830 1177 tiplicatur?
866 1104 932 1160 ad
978 1104 1301 1175 principium
1340 1120 1494 1159 suum
1520 1145 1535 1171 ,
1583 1104 1725 1174 quod
1758 1119 1967 1158 sursum
2001 1111 2103 1167 est,

517 1198 734 1254 Patrem
786 1198 1025 1253 omnium
1074 1198 1232 1263 dico,
1266 1198 1538 1263 redirent,
1578 1197 1624 1252 si
1661 1212 1766 1252 non
1807 1196 1989 1250 radius
2019 1194 2106 1249 ille

520 1288 809 1345 iuetl'abilis
857 1286 1247 1343 dill'underetur
1287 1288 1340 1342 in
1380 1288 1595 1352 omnia,
1646 1295 1708 1342 ut
1750 1285 2108 1341 subsisterent

520 1379 703 1436 omnia
723 1419 737 1445 ,
771 1388 827 1434 et
857 1377 908 1432 in
948 1377 1068 1449 ipso
1100 1394 1266 1433 unum
1319 1376 1592 1433 efﬁcerent
1621 1378 1676 1444 ³,
1710 1392 1914 1447 suoque
1942 1392 2107 1449 copu-

520 1472 768 1528 larentur
803 1471 978 1527 initio.
1019 1470 1089 1526 Et
1126 1473 1250 1527 dum
1286 1471 1510 1541 pulchre
1545 1469 1930 1541 multiplicatur
1963 1479 2017 1526 et
2052 1471 2107 1526 in

517 1565 702 1619 omnia
724 1562 992 1635 procedit,
1021 1572 1204 1619 manet
1227 1563 1281 1618 in
1303 1563 1502 1633 seipse,
1527 1572 1780 1619 movetur
1803 1556 2107 1635 incommu-

520 1658 729 1721 tabilis.
755 1658 838 1713 sui
866 1655 1025 1712 simul
1051 1654 1338 1711 uniformis
1374 1655 1542 1721 ﬁxus,
1572 1664 1627 1711 et
1656 1671 1749 1710 eos
1771 1696 1785 1720 ,
1818 1656 1909 1725 qui
1939 1655 1994 1711 in
2025 1670 2104 1721 se,

519 1757 782 1820 quantum
813 1746 895 1801 fas
915 1754 1020 1811 est,
1048 1747 1153 1801 hoc
1180 1754 1287 1810 est,
1319 1755 1581 1816 quantum
1611 1746 1739 1801 licet
1763 1746 1953 1816 eisque
1980 1760 2107 1801 con-

517 1840 745 1905 ceditur,
765 1837 1079 1910 reSpiciunt,
1098 1835 1253 1906 juxta
1278 1836 1490 1892 illorum
1507 1838 1779 1908 propriam
1803 1837 2107 1907 analogiam

2205 652 2328 693 nem
2367 653 2465 709 per
2498 635 2864 706 intelligibiles
2900 644 3141 701 aetates,
3172 634 3369 705 quibus
3400 648 3497 705 per
3528 634 3793 690 actionem

2203 740 2258 809 et
2272 730 2556 787 scientiam
2583 727 2862 782 rationalis
2890 727 3069 781 anima
3090 726 3312 791 crescit,
3341 726 3513 782 donec
3538 740 3795 780 occurra-

2202 840 2324 879 mus
2355 824 2406 877 iu
2434 824 2611 879 virum
2649 820 2971 893 perlectum,
3014 819 3118 876 hoc
3156 829 3260 887 est,
3317 820 3371 875 in
3424 818 3797 889 plenissimam

2203 917 2427 984 Christi,
2453 916 2544 987 qui
2567 923 2651 971 est
2682 913 2804 970 ﬁnis
2831 914 3178 984 perfectionis
3205 921 3440 978 nostrae,
3467 912 3798 982 contempla-

2207 1010 2429 1074 tionem,
2461 1017 2516 1064 et
2545 1007 2729 1078 inipso
2754 1016 2809 1062 et
2838 1020 2961 1061 cum
2988 1006 3104 1075 ipso
3131 1003 3586 1076 perfectissimam
3600 1004 3800 1059 aduna-

2210 1104 2427 1159 tionem.
2459 1100 2643 1172 Itaque
2676 1100 2720 1132 ¹¹
2749 1107 2804 1155 et
2833 1100 2947 1171 ipsa
2986 1113 3194 1153 summa
3228 1113 3291 1153 ac
3317 1105 3503 1152 sancta
3532 1094 3796 1159 Trinitas,

2208 1205 2263 1252 et
2282 1198 2324 1228 “
2340 1195 2646 1266 specialiter
2660 1194 2773 1265 ipse
2785 1191 2975 1256 Filius,
2991 1204 3284 1259 omnesque
3297 1189 3560 1246 caelestes
3574 1190 3801 1243 virtutes

2208 1288 2263 1344 in
2286 1288 2605 1359 quibusdam
2644 1283 3084 1341 Similitudinibus
3122 1282 3319 1338 divinis
3348 1296 3654 1352 apparuere
3680 1296 3801 1351 pro-

2209 1385 2408 1455 phetis,
2446 1384 2759 1438 inhumana
2788 1378 3038 1434 videlicet
3067 1378 3239 1450 elligie
3259 1419 3274 1443 ,
3306 1377 3357 1431 in
3392 1377 3630 1442 leonina,
3665 1377 3802 1429 vitu-

2210 1476 2614 1548 lina,aquilina,
2643 1474 2837 1546 equina
2865 1474 2931 1539 ³³,
2960 1471 3158 1527 diversi
3188 1470 3403 1533 coloris,
3429 1469 3607 1540 ignea,
3638 1468 3804 1522 nebu-

2209 1572 2346 1636 losa,
2373 1569 2657 1633 electrina,
2682 1565 2902 1629 ﬂuviali,
2938 1563 3115 1628 rotali,
3144 1562 3393 1618 celeriter
3421 1560 3690 1623 currenti,
3718 1573 3802 1613 ce-

2213 1665 2451 1733 terisque
2473 1663 2516 1694 “
2545 1659 2794 1717 similiter
2812 1658 3052 1729 ﬁguratis
3065 1655 3323 1728 symbolis
3338 1655 3664 1710 formantur.
3679 1653 3736 1708 ln
3759 1650 3803 1683 ¹⁸

2210 1755 2454 1827 sequenti
2495 1762 2675 1808 autem
2724 1751 2865 1806 libro
2923 1765 3020 1820 per
3080 1756 3424 1803 sacramenta
3477 1745 3714 1801 visibilia
3749 1755 3802 1800 et

2214 1843 2518 1915 corporalia
2549 1840 2763 1896 Veteris
2792 1838 3037 1909 Novique
3057 1838 3387 1893 Testamenti
3418 1837 3558 1892 idem
3593 1836 3687 1891 Dei
3716 1852 3803 1890 ra-

519 1933 571 1987 iu
601 1947 659 1988 se
690 1933 865 2002 ipsum
894 1931 1166 1996 extendit,
1195 1931 1301 1985 hoc
1338 1940 1450 1996 est,
1476 1930 1550 1985 ad
1575 1944 1633 1986 se
1660 1930 1832 2001 ipsum
1863 1930 2026 2001 erigit
2054 1937 2109 1984 et
2138 1917 2185 1977 Β
2214 1935 2359 2001 dius,
2384 1934 2639 1998 Verbum,
2670 1932 3038 2002 caelestesque
3059 1931 3283 1985 virtutes
3308 1939 3528 2000 propter
3555 1943 3658 1983 nos
3678 1923 3804 1983 eon-

515 2025 740 2081 nniﬁcat
763 2039 858 2080 eos
884 2024 951 2079 ad
977 2021 1390 2079 similitudinem
1421 2036 1550 2077 suae
1568 2021 1830 2093 simplicis
1858 2021 2103 2076 unitatis.

516 2115 623 2172 Sed
655 2117 778 2186 quia
797 2116 912 2186 ipse
944 2114 1148 2180 radius,
1174 2128 1272 2184 per
1301 2129 1359 2170 se
1386 2114 1560 2183 ipsum
1584 2113 2105 2182 incomprehensibi-

515 2209 607 2273 lis,
634 2206 956 2272 iuvisibilis,
988 2205 1381 2262 inacccssibilis
1408 2214 1491 2261 est
1518 2204 1665 2259 omni
1688 2214 1994 2271 creaturae,
2035 2203 2108 2259 si-

524 2300 747 2372 quidem
775 2313 970 2355 sensus
995 2313 1187 2356 omnes
1212 2312 1508 2367 omnesque
1533 2307 1753 2368 superat
1780 2297 2104 2363 intellectus,

520 2407 633 2447 non
672 2390 850 2462 potuit
885 2389 1137 2445 omnibus
1161 2430 1176 2455 ,
1208 2390 1261 2445 in
1301 2389 1498 2460 quibus
1525 2387 1928 2459 multiplicatur,
1945 2402 2110 2457 appa—

504 2474 663 2552 rere,
692 2484 798 2541 nisi
826 2500 925 2557 per
952 2484 1214 2556 quaedam
1232 2483 1500 2539 velamina
1532 2481 1687 2537 nobis
1714 2479 2104 2544 connaturalia,

515 2579 712 2650 quibus
738 2591 861 2634 sese
900 2575 1079 2633 adhuc
1105 2576 1158 2630 in
1189 2575 1293 2631 hac
1331 2588 1496 2630 carne
1535 2574 1845 2629 constitutis
1867 2587 2112 2643 quoquo-

515 2672 678 2728 modo
713 2668 1066 2726 manifestare
1088 2667 1276 2723 voluit.
1318 2666 1578 2737 Sequitur
1612 2681 1628 2721 :
1675 2665 1745 2720 Et
1769 2667 1905 2720 enim
1948 2681 2112 2736 neque

518 2760 764 2833 possibile
784 2770 895 2827 est,
921 2759 1074 2815 aliter
1100 2759 1246 2813 nobis
1276 2757 1449 2812 lucere
1479 2757 1711 2812 divinum
1737 2756 1977 2821 radium,
2011 2753 2113 2809 nisi

519 2852 771 2907 varietate
799 2866 1070 2906 sacrarunt
1113 2848 1425 2904 velaminum
1464 2847 1745 2918 anagogice
1772 2845 2113 2901 circumvela-

518 2954 654 3010 tum,
684 2954 732 2999 et
778 2943 860 2997 Itis
888 2941 932 3008 ⁸,
964 2958 1098 3015 quae
1127 2939 1413 2996 secundum
1437 2957 1529 2994 nos
1559 2947 1700 3005 sunt,
1723 2954 1815 3009 per
1832 2936 2113 3008 providen-

519 3038 650 3091 tiam
675 3044 949 3108 paternam
970 3034 1386 3113 connaturaliter
1405 3042 1455 3087 et
1480 3034 1687 3103 proprie
1719 3043 2109 3102 praeparatum.

517 3127 597 3183 Ac
639 3128 685 3182 si
718 3127 921 3183 diceret
949 3145 962 3180 :
994 3125 1224 3182 Paterna
1259 3124 1627 3196 providentia,
1658 3132 1715 3179 et
1738 3121 2007 3179 ineffabile
2029 3123 2113 3179 di-

517 3218 630 3272 vini
657 3218 859 3274 amoris
890 3232 1018 3288 erga
1053 3216 1280 3271 salutem
1315 3224 1369 3271 et
1422 3215 1790 3271 reductiouem
1820 3214 1845 3246 ⁸
1872 3223 2112 3271 nostram

521 3311 591 3363 ad
616 3323 703 3375 ea,
728 3324 869 3379 quae
888 3285 1166 3379 peccando
1183 3307 1542 3372 deseruimus,
1574 3307 1837 3371 studium,
1872 3307 2114 3365 invisibi-
2144 3285 2191 3350 (ἶ

521 3401 629 3457 lem
655 3400 677 3432 θ
700 3416 799 3472 per
832 3417 892 3457 se
939 3400 1111 3472 ipsum
1151 3400 1360 3455 radium
1402 3400 1568 3456 variis
1620 3414 1684 3456 ac
1714 3400 1735 3431 '
1760 3402 1931 3457 sacris
1970 3402 2116 3457 vela-

523 3489 926 3562 minibusjuxta
950 3491 1195 3548 rationes
1219 3507 1495 3565 anagogae
1509 3492 1943 3560 circumvelavit,
1974 3503 2029 3549 et
2052 3510 2116 3551 ex

524 3586 644 3653 his,
670 3602 810 3658 quae
849 3586 1224 3642 connaturalia
1254 3587 1411 3642 nobis
1439 3594 1566 3641 sunt
1607 3595 1663 3641 et
1684 3582 1685 3585 “
1706 3586 1946 3657 propria,
1977 3595 2032 3641 et
2059 3595 2121 3642 ut

530 3677 1038 3749 comprehensibilis
1060 3678 1214 3734 nobis
1238 3687 1403 3746 esset,
1431 3678 1524 3748 qui
1546 3677 1705 3733 aliter
1733 3679 2119 3750 comprehendi

519 3786 629 3827 non
651 3779 828 3851 pqtest
847 3813 863 3839 ,
885 3772 1102 3828 modum
1129 3772 1399 3842 quendam
1442 3771 1795 3843 apparitionis
1828 3762 2121 3844 praepara-

517 3863 618 3922 vit.
652 3864 728 3918 De
774 3863 971 3933 quibus
998 3863 1361 3918 velamirtibus
1394 3874 1450 3917 et
1480 3863 1535 3917 in
1578 3862 1682 3918 hoc
1706 3862 1877 3930 libro,
1908 3866 2001 3936 qui
2036 3874 2121 3921 est

527 3952 595 4009 de
624 3952 844 4009 caelesti
874 3953 1165 4021 ierarchia,
1186 3961 1242 4008 et
1267 3953 1321 4007 in
1350 3953 1623 4024 sequenti,
1652 3953 1741 4023 qui
1769 3954 2026 4010 scribitur
2052 3957 2118 4011 de

525 4044 894 4102 ecclesiastica
918 4047 1207 4113 ierarchia,
1237 4062 1338 4103 nec
1359 4063 1462 4102 non
1489 4055 1542 4101 et
1565 4047 1617 4101 in
1643 4048 1803 4104 tertio
1830 4049 1895 4105 de
1920 4051 2118 4106 divinis

521 4135 830 4193 nominibus
862 4135 1143 4194 allluenter
1166 4147 1446 4194 tractatur.
1473 4137 1578 4193 Sed
1607 4139 1651 4193 si
1681 4140 1917 4210 quaeris,
1940 4158 2116 4212 pauca

523 4226 593 4283 de
617 4226 863 4299 pluribus
904 4238 1127 4299 propter
1154 4230 1458 4301 praesentis
1490 4229 1697 4299 periodi
1727 4234 2115 4290 reseratiouem

522 4319 1018 4388 praegustabimus.
1089 4320 1146 4375 1n
1195 4321 1218 4353 ⁸
1269 4321 1370 4377 hoc
1415 4322 1600 4393 itaque
1647 4322 1782 4379 libro
1824 4325 2116 4394 velamina,

524 4410 722 4479 quibus
741 4409 1386 4468 divinuscircumvelatur
1406 4414 1611 4479 radius,
1636 4422 1692 4469 et
1715 4430 1813 4486 per
1838 4425 2117 4486 paternam

526 4500 922 4571 providentiam
946 4512 1166 4572 propter
1187 4520 1285 4559 nos
1307 4514 1677 4575 praeparatur,
1727 4508 2075 4579 propheticae
2094 4512 2116 4542 ⁹

525 4593 766 4649 visiones
790 4602 951 4661 sunt,
980 4610 1120 4665 quae
1148 4611 1244 4667 per
1272 4598 1544 4668 angelicas
1576 4599 1806 4657 virtutes
1834 4601 1889 4657 in
1920 4606 2113 4661 simili-

531 4682 774 4738 tudinem
797 4697 981 4739 rerum
1007 4684 1359 4752 sensibilium,
1383 4688 1685 4746 inﬁrmitati
1704 4701 1925 4750 nostrae
1946 4697 2122 4755 adhuc

531 4772 782 4832 sensibus
807 4777 1084 4849 corporeis
1132 4780 1505 4837 succumbenti
1554 4782 1600 4814 ¹⁰
1644 4785 1967 4842 naturaliter
1992 4803 2121 4845 con-

532 4866 874 4936 gruentium,
925 4869 978 4923 in
1026 4867 1397 4942 theologorum
1426 4875 1711 4951 {memoria
1750 4874 2137 4953 conformatae,

532 4966 680 5019 sunt.
723 4961 793 5016 ad
838 4960 1217 5018 eruditionem
1243 4962 1503 5033 nostram,
1552 4973 1607 5020 et
1652 4966 1721 5023 ab
1768 4967 2117 5030 inlantilitate

2210 2027 2431 2084 formari
2480 2025 2759 2081 docentur.
2810 2022 2967 2078 Verbi
3015 2024 3212 2095 gratia,
3262 2022 3315 2075 iu
3364 2018 3713 2075 tabernaculo
3760 2016 3807 2048 “

2208 2131 2327 2179 erat
2361 2136 2485 2178 arca
2526 2120 2567 2152 "
2612 2119 2920 2176 testamenti
2956 2119 3008 2173 in
3051 2119 3218 2189 ﬁgura
3247 2115 3339 2171 Dei
3385 2112 3547 2169 Verbi
3590 2122 3809 2184 propter

2210 2230 2311 2271 nos
2341 2214 2639 2278 incarnati;
2671 2221 2829 2268 erant
2871 2212 2978 2267 duo
3004 2209 3298 2266 Cberubim
3342 2208 3387 2241 ⁸⁸
3432 2208 3578 2263 circa
3623 2222 3807 2261 arcam

2209 2308 2341 2364 hinc
2378 2308 2503 2364 inde
2530 2306 2819 2362 volitantes
2857 2304 2900 2337 “
2932 2305 2987 2360 in
3016 2302 3368 2360 similitudine
3397 2302 3441 2333 ’°
3468 2298 3809 2370 supercaele-

2212 2401 2373 2455 stium
2412 2398 2870 2461 substantiarum,
2919 2410 3061 2467 quae
3099 2395 3240 2450 circa
3292 2391 3581 2447 Dominum
3622 2389 3805 2446 Iesum

2212 2492 2485 2549 Christum
2514 2502 2736 2548 aeterno
2754 2499 2810 2546 et
2832 2488 3150 2558 intelligibili
3180 2487 3357 2543 volatu
3393 2485 3806 2542 circumvolant.

2215 2585 2480 2640 Similiter
2510 2584 2704 2638 iterum
2732 2584 2785 2637 in
2816 2580 3015 2652 templo
3037 2580 3226 2636 eadem
3249 2593 3375 2633 arca
3408 2575 3808 2646 Cherubimque

2214 2680 2450 2734 erantin
2489 2678 2677 2734 eodem
2726 2688 2873 2751 typo,
2903 2685 3192 2745 ceteraque
3233 2673 3424 2744 legalia
3454 2673 3722 2745 symbola.
3755 2672 3806 2725 In

2216 2769 2368 2826 Novo
2390 2769 2433 2800 ’ί
2458 2784 2590 2824 vero
2616 2768 2664 2801 “
2695 2774 3034 2823 sacramenta
3062 2765 3425 2836 baptismatis,
3452 2764 3667 2829 altaris,
3692 2764 3810 2819 cali-

2218 2860 2316 2923 cis,
2347 2859 2482 2925 vini,
2513 2858 2704 2931 panis,
2731 2858 3105 2922 sacerdotum,
3146 2865 3202 2912 et
3227 2856 3438 2928 mystici
3471 2856 3803 2921 chrismatis,

2218 2960 2528 3019 ceteraque,
2545 2964 2683 3018 quae
2700 2949 2751 3003 in
2779 2947 2949 3020 ﬁgura
2969 2947 3171 3005 Christi
3193 2957 3467 3019 ponuntur
3485 2989 3501 3014 ,
3524 2949 3595 3004 de
3619 2949 3808 3019 quibus

2221 3031 2457 3096 tractare
2485 3056 2628 3095 nunc
2652 3050 2706 3096 et
2732 3040 2951 3113 longum
2978 3049 3061 3098 est
3086 3050 3143 3098 et
3171 3042 3522 3112 superﬂuum,
3552 3042 3803 3112 quoniam

2222 3137 2275 3191 in
2305 3135 2540 3193 secundo
2561 3137 2931 3209 copiosissime
2946 3138 3261 3193 actitautur.
3288 3137 3342 3191 In
3368 3153 3433 3193 eo
3459 3135 3507 3169 ”
3534 3152 3700 3203 vero,
3722 3134 3806 3208 qui

2222 3237 2305 3282 est
2333 3227 2401 3282 de
2428 3227 2623 3283 divinis
2647 3228 2975 3293 nominibus,
3008 3228 3426 3298 peripetesmata
3447 3226 3494 3259 “
3527 3226 3669 3282 radii
3691 3233 3807 3283 sunt

2223 3319 2549 3390 principales
2592 3334 2810 3385 causae,
2860 3321 3012 3377 verbi
3054 3323 3228 3393 gratia
3273 3323 3510 3389 bonitas,
3553 3322 3804 3386 essentia,

2222 3410 2356 3477 vita,
2388 3411 2676 3482 sapientia,
2707 3412 2932 3478 veritas,
2961 3408 3153 3479 virtus,
3179 3422 3232 3469 et
3258 3413 3479 3468 similia.
3506 3413 3575 3468 Et
3611 3424 3672 3469 ut
3696 3414 3810 3469 bre-

2220 3502 2360 3558 viter
2397 3503 2593 3570 dicam,
2647 3518 2838 3560 omnes
2888 3505 3097 3575 species
3146 3505 3372 3561 visibilis
3423 3516 3478 3563 et
3527 3506 3808 3563 invisibilis

2223 3602 2504 3651 creaturae
2523 3635 2539 3661 ,
2571 3610 2867 3667 omnesque
2894 3596 3181 3669 allegoriae
3200 3639 3215 3663 ,
3243 3598 3358 3653 sive
3388 3599 3443 3653 in
3481 3597 3645 3653 factis
3664 3639 3680 3664 ,
3703 3599 3811 3654 sive

2222 3684 2277 3740 in
2305 3686 2485 3753 dictis,
2509 3702 2606 3758 per
2638 3702 2854 3743 omnem
2886 3697 3130 3745 sanctam
3168 3689 3449 3759 utriusque
3478 3687 3811 3745 Testamenti

2224 3776 2592 3847 Scripturam,
2630 3778 2896 3833 velamina
2936 3780 3146 3850 paterni
3199 3779 3334 3834 radii
3382 3790 3547 3847 sunt,
3593 3789 3652 3835 et
3704 3780 3811 3851 ipse

2224 3867 2411 3922 radius
2430 3868 2725 3924 secundum
2741 3885 2961 3925 carnem
2978 3886 3132 3926 suam
3148 3871 3343 3927 suimet
3358 3873 3662 3927 secundum
3689 3873 3807 3927 Dei-

2230 3970 2394 4015 tatem
2437 3961 2732 4017 maximum
2757 3963 3002 4019 velamen
3029 3973 3112 4020 est
3150 3964 3409 4034 nobisque
3436 3965 3807 4021 connaturale.

2295 4052 2325 4125 ᾗ
2370 4053 2425 4108 '5.
2464 4053 2763 4125 Sequitur:
2794 4053 3016 4127 Propter
3051 4057 3191 4128 quod
3225 4066 3273 4111 et
3300 4058 3694 4111 sanctissimam
3729 4073 3811 4111 no-

2220 4154 2383 4199 stram
2406 4146 2715 4200 ierarchiam
2743 4146 3050 4224 τιλετάρχις
3077 4147 3125 4180 ’⁸
3145 4165 3415 4203 sacrorum
3437 4150 3632 4220 positio
3649 4148 3810 4204 caele-

2220 4235 2377 4289 stium
2410 4236 2790 4291 ierarchiarum
2826 4238 3259 4308 supermundana
3282 4239 3577 4293 imitatione
3601 4240 3809 4311 dignam

2212 4325 2336 4396 jndi
2347 4344 2491 4391 cans,
2507 4339 2553 4382 et
2573 4329 2742 4383 dictas
2761 4329 3134 4385 intmateriales
3151 4331 3440 4386 ierarcltias
3455 4331 3811 4385 materialibtts

2226 4419 2415 4490 ﬁguris
2429 4429 2478 4473 et
2494 4419 2799 4489 formalibus
2814 4420 2859 4452 "
2878 4421 3334 4492 compositionibus
3356 4422 3639 4492 vari/imus
3653 4422 3813 4476 tradi-

2224 4509 2475 4567 dit.0rdo
2490 4512 2776 4568 verborum
2789 4512 2858 4566 "z
2873 4511 3105 4584 Propter
3119 4513 3260 4583 quod
3276 4512 3812 4589 ιηάἰόὶιτιλετᾶρχις

2226 4619 2502 4660 sacrorum
2532 4605 2752 4675 positio,
2778 4605 2877 4661 hoc
2911 4613 3014 4671 est,
3053 4605 3456 4661 teletarcbicum
3491 4604 3539 4636 ³⁸
3570 4608 3813 4661 sacerdo-

2231 4696 2394 4763 tium,
2440 4704 2497 4751 et
2550 4696 2954 4752 sanctissimam
3009 4706 3250 4752 nostram
3301 4695 3631 4751 ierarchiam
3673 4694 3811 4766 judi-

2223 4804 2354 4845 cans
2400 4790 2621 4861 dignam
2684 4790 3121 4862 supcrmundana
3162 4791 3466 4847 imitatione
3499 4789 3808 4846 caelestium

2222 4881 2651 4947 ierarchiarum,
2709 4891 2766 4939 et
2823 4884 3115 4960 variﬁcans
3187 4884 3358 4940 dictas
3424 4882 3810 4938 immateriales

2220 4976 2522 5033 ierarchias
2540 4975 2914 5033 materialibus
2942 4976 3131 5048 ﬁguris
3157 4985 3214 5032 et
3240 4972 3560 5033 formalibus
3587 4974 3637 5009 "
3663 4990 3810 5033 com-

1815 5084 2071 5143 VARIAE
2106 5089 2513 5150 LECTIONES.

609 5191 628 5225 ¹
657 5190 751 5250 Sic
783 5189 937 5248 ABG.
1061 5194 1082 5226 ²
1109 5193 1152 5249 Β
1180 5210 1387 5250 sursum
1413 5202 1511 5259 est,
1537 5196 1702 5251 ducit.

536 5263 961 5329 redemptionem.
1091 5265 1114 5296 ³
1153 5262 1331 5329 Com,
1386 5264 1517 5321 ABG
1544 5266 1717 5320 studio
1762 5268 2027 5327 invisibili.

535 5335 634 5422 {ioc
663 5333 814 5422 libro.
856 5406 868 5422 '
1057 5351 1243 5422 'l‘narg.
1300 5336 1477 5391 adscr.
1534 5335 1609 5422 De
1659 5341 1959 5422 praphetica
1982 5345 2239 5393 eisin"...
2369 5348 2381 5366 -

533 5404 579 5459 Β
630 5405 1010 5473 subcumbenti,
1057 5407 1118 5461 B‘
1174 5404 1319 5463 corr.
1363 5405 1717 5461 succumbens:

537 5476 924 5524 ammritinnum
1056 5478 1102 5511 η
1136 5475 1180 5522 R
1203 5493 1265 5518 nr
1392 5476 1434 5498 ’³
1462 5475 1498 5484 ﬁ

1834 5200 1856 5232 ³
1886 5200 1951 5256 Β’
1982 5217 2127 5259 corr.
2182 5207 2522 5278 e/ﬁcerentur.

1834 5271 2027 5327 visibili.
2171 5276 2192 5307 ⁷
2232 5293 2295 5332 ac
2319 5294 2428 5333 om.
2457 5277 2548 5333 AC

2232 5293 2295 5332 ac
2319 5294 2428 5334 om.
2457 5293 2566 5333 Al).

3418 5206 3441 5239 ⁸
3478 5203 3573 5264 Sic
3606 5205 3730 5274 AC;
3769 5206 3806 5262 Β

2646 5207 2668 5239 ⁸
2701 5207 2918 5280 sziis,
2968 5210 3047 5266 sic
3094 5208 3310 5280 ubique2

2702 5279 2723 5310 ⁸
2761 5278 2824 5332 Β·
2856 5294 3027 5334 mare.
3058 5277 3237 5332 adscr.
3282 5277 3359 5332 De
3382 5278 3576 5334 auibus
3622 5279 3729 5364 agit
3753 5278 3805 5368 in
