3984 5608
443 366 551 428 189
608 368 611 375 ’

1566 369 2070 431 EXPOSITIONES
2106 365 2391 425 JOANNIS
2427 363 2627 422 SCOTI

3627 359 3733 417 ιιι

447 484 621 545 sibilis
659 481 1080 560 pulchritudinis
1122 490 1539 562 imaginatiottes
1584 504 1726 557 esse,
1766 504 1863 561 per
1897 502 2035 559 quas
2062 495 2113 557 Α
2139 494 2259 535 mus
2286 478 2407 534 fons
2434 476 2599 533 totius
2622 475 2941 546 sapientiae,
2970 474 3062 544 qui
3093 482 3176 529 est
3200 472 3470 538 Christus,
3498 472 3736 542 undique

446 581 627 637 divina
672 579 1013 636 Providentia
1061 582 1116 636 in
1164 583 1334 654 ipsam
1374 596 1565 653 puram
1616 590 1671 638 et
1710 581 2035 638 invisibilem

445 673 899 743 pulchritudinem
948 674 1114 745 ipsius
1169 676 1435 743 veritatis,
1485 692 1648 749 quam
1682 686 1850 743 amat,
1881 685 1936 732 et
1970 676 2037 732 ad

445 780 605 834 quam
639 765 809 819 tendit
846 780 1008 822 omne
1043 768 1186 837 quod
1226 778 1375 825 amat
1423 771 1536 827 sive
1571 771 1749 825 sciens
1784 770 1897 825 sive
1937 784 2036 824 ne-

446 858 691 925 sciens',
732 858 996 913 humanos
1037 861 1248 917 animos
1294 871 1535 919 revocat.
1578 861 1840 917 Similiter
1875 867 1929 915 et
1969 861 2037 915 de

445 949 663 1013 ceteris,
696 962 836 1019 quae
872 958 1192 1019 sequuntur,
1210 952 1613 1025 intelligendum
1644 952 1688 1007 '.
1722 952 1788 1006 Et
1819 951 2037 1005 sensibi-

445 1040 522 1096 les
553 1041 835 1096 suavitates
860 1041 1060 1112 ﬁguras
1082 1041 1361 1100 invisibilis
1384 1046 1786 1110 distributionis,
1821 1059 1848 1099 a
1878 1058 2035 1114 supe-

444 1132 686 1188 rioribus
727 1132 976 1187 subditur
1007 1150 1020 1186 :
1058 1133 1349 1191 arbitrans.
1409 1135 1703 1193 Sensibiles
1742 1134 2038 1192 suavitates

442 1223 579 1279 dicit
603 1239 894 1295 corporeus
931 1222 1148 1289 odores,
1180 1242 1318 1298 quos
1353 1228 1639 1286 olfaciendi
1684 1245 1876 1285 sensus
1900 1231 2036 1283 ι’εεί-

442 1316 526 1388 pit
551 1320 604 1371 in
637 1317 864 1389 ﬁguram
910 1317 1192 1375 invisibilis
1222 1320 1640 1389 distributionis,
1680 1331 1759 1389 ut,
1780 1323 2038 1394 quemada

446 1408 669 1466 modum
713 1410 734 1441 ³
758 1424 859 1480 per
879 1411 1208 1468 exteriorem
1234 1425 1453 1468 sensum
1484 1414 1696 1468 narium
1723 1429 1915 1469 suaves
1941 1426 2037 1469 seu

438 1501 700 1559 insuaves
721 1504 1082 1560 discernimus
1105 1506 1332 1561 odorum
1357 1506 1661 1577 qualitates,
1698 1508 1772 1562 ita
1810 1509 1864 1563 in
1894 1508 2036 1563 intes

445 1593 577 1650 riori
625 1608 788 1651 sensu
842 1594 1232 1668 intelligibilem
1289 1598 1551 1655 virtutum
1601 1600 2034 1655 distributionem

446 1702 546 1759 per
565 1689 807 1762 singulas
825 1691 1033 1762 species
1052 1692 1397 1750 discretionis
1410 1695 1621 1749 Virtute
1637 1696 2035 1760 discernamus,

444 1790 647 1855 Easque
676 1780 1087 1852 diligentissimo
1130 1786 1361 1842 rationis
1388 1788 1631 1843 contuitu
1669 1790 1738 1845 ab
1774 1790 2037 1861 oppositis

434 1869 620 1968 'vitiis,
643 1881 737 1928 aut
766 1886 860 1930 eas
890 1874 1023 1931 falsa
1071 1875 1457 1948 imaginatione
1509 1879 1708 1936 imitari
1741 1879 1765 1914 ⁸
1791 1882 2036 1937 conanti-
2067 1906 2114 1968 Β

378 2038 398 2053 ’λ
443 1963 548 2020 bus
582 1979 950 2039 segregemus.
1006 1968 1144 2025 Hinc
1182 1970 1204 2003 ⁸
1231 1978 1333 2038 est,
1364 1972 1507 2043 quod
1537 1981 1592 2028 et
1629 1974 2035 2029 sanctissimum

444 2055 759 2113 chrismatis
785 2070 1204 2126 sacramentum,
1250 2062 1421 2117 thuris
1448 2066 1611 2119 etiam
1651 2064 1951 2137 fumigatio,
1981 2065 2035 2120 iu

447 2155 580 2220 typo
596 2147 825 2205 intimae
851 2150 1116 2206 virtutum
1144 2154 1427 2210 suavitatis
1457 2162 1512 2210 et
1546 2156 1806 2211 virtutum
1838 2156 2034 2211 dividi.

445 2239 679 2301 cationis
705 2239 727 2272 ‘
755 2256 785 2295 a
815 2243 1190 2301 sacerdotibus
1238 2246 1604 2303 coniiciuntur
1643 2248 1928 2305 ecclesiae.
1970 2247 2038 2301 Et

444 2329 814 2386 immaterialis
841 2331 1156 2389 luculentiae
1183 2337 1461 2408 imaginem
1482 2338 1782 2393 matcrialia
1812 2339 2033 2403 lumina,

402 2453 420 2465 ο
447 2422 707 2479 subaudis
733 2422 981 2480 similiter
1020 2440 1049 2479 a
1079 2429 1448 2497 superioribus
1483 2449 1496 2486 :
1522 2432 1815 2487 arbitrans.
1848 2432 1904 2486 In
1935 2433 2037 2489 hoc

446 2513 570 2569 loco
596 2528 696 2586 pro
737 2516 1056 2589 φωτοδοσίαι-
1079 2521 1122 2585 ⁷,
1155 2522 1208 2577 id
1228 2530 1313 2577 est
1343 2523 1604 2579 luminum
1635 2518 1868 2581 datlonis
1889 2526 1933 2590 ⁸,
1960 2526 2039 2578 lu-

446 2606 718 2664 ententiae
740 2609 762 2641 ’
792 2612 1091 2680 posuimus.
1125 2612 1421 2671 Materialia
1454 2616 1494 2648 ιο
1516 2617 1736 2683 lumina,
1764 2617 1878 2673 sive
1899 2634 2038 2689 quae

449 2696 773 2755 naturaliter
806 2702 850 2733 ¹¹
896 2703 951 2757 in
991 2704 1315 2763 caelestibus
1359 2700 1548 2778 spatiis
1594 2712 1842 2764 ordinata
1892 2720 2037 2777 sunt,

448 2789 564 2844 sive
591 2804 732 2860 quae
760 2791 815 2847 in
841 2794 1003 2848 terris
1031 2796 1266 2852 humano
1290 2798 1522 2853 artiﬁcio
1547 2799 1873 2867 eillcinntur,
1913 2803 2041 2856 ima-

447 2880 601 2951 gines
654 2890 781 2937 sunt
830 2884 1242 2956 intelligibilium
1296 2890 1593 2955 luminum,
1647 2906 1809 2962 super
1854 2894 2038 2948 omnia

451 2971 619 3042 ipsius
657 2989 816 3029 verae
861 2975 1016 3042 lucis,
1048 2992 1188 3048 quae
1222 2980 1488 3037 illuminat
1514 2997 1730 3037 onmem
1764 2986 2039 3040 imminent

450 3068 753 3124 venientem
780 3071 833 3124 in
880 3071 1160 3138 mundum,
1194 3088 1335 3144 quae
1373 3090 1587 3147 semper
1619 3085 1673 3132 et
1711 3078 2040 3148 inextingui-

422 3176 425 3181 ·
450 3159 632 3216 biliter
645 3163 699 3216 in
721 3163 979 3233 angelicis
995 3173 1047 3219 et
1070 3166 1123 3219 in
1146 3162 1188 3198 ¹⁸
1210 3167 1463 3224 humanis
1483 3168 1843 3225 intellectibus
1861 3170 2034 3225 ardet.

2138 588 2233 644 per
2274 573 2516 628 diversas
2559 568 2861 639 theologiae
2913 565 3311 636 streculationes
3360 566 3624 622 insinuat.
3670 566 3735 623 Et

2139 664 2385 721 fortassis
2433 666 2538 719 hoc
2580 670 2695 727 est,
2750 660 2897 733 quod
2946 674 3044 731 per
3066 658 3410 715 Psalmistam
3462 658 3533 714 de
3575 658 3732 714 beato

2138 760 2255 814 viro
2307 758 2549 814 dicitur:
2612 774 2631 807 ι
2670 755 2738 809 Ει
2781 752 2888 809 erit
2961 763 3217 822 tanquam
3284 750 3526 820 lignum,
3596 749 3737 819 quod

2138 852 2436 922 plantatum
2485 856 2569 904 est
2617 861 2773 903 secus
2801 845 3062 901 decursus
3109 856 3372 913 aquarum
3406 862 3454 907 ι,
3483 842 3592 897 hoc
3634 852 3735 907 est,

2137 946 2278 999 sicut
2298 942 2549 999 Christus
2589 941 2713 1006 erit,
2740 941 2797 995 in
2844 937 2997 1005 cujus
3020 936 3468 1008 signiﬁcationem
3498 935 3737 1006 typieatn

2138 1050 2327 1091 omnes
2354 1034 2628 1090 naturales
2657 1042 2826 1093 artes,
2878 1033 3018 1087 intra
3044 1045 3271 1101 quarum
3314 1029 3579 1084 terminos
3627 1036 3736 1084 tota

2139 1128 2322 1183 divina
2389 1126 2732 1183 concluditur
2782 1123 3107 1194 Scriptura,
3161 1131 3517 1178 concurrunt.
3586 1120 3740 1176 Nulla

2138 1219 2283 1275 enim
2338 1232 2492 1275 sacra
2545 1217 2826 1288 Scriptura
2872 1225 2977 1280 est,
3019 1230 3157 1285 quae
3195 1212 3398 1285 regulis
3433 1212 3738 1269 liberalium

2138 1319 2325 1366 careat
2373 1308 2771 1380 diciplinarum.
2824 1305 2892 1361 Et
2932 1306 3153 1361 adunati
3199 1305 3268 1359 ad
3326 1305 3507 1359 divina
3552 1312 3604 1357 et
3659 1318 3739 1355 or-

2140 1403 2309 1457 dinati
2342 1402 2553 1456 habitus
2616 1416 2798 1455 earum
2825 1440 2841 1465 ,
2886 1415 3022 1470 quae
3050 1398 3133 1452 hic
3153 1406 3297 1462 sunt,
3329 1395 3737 1466 dispositionum

2139 1496 2367 1549 ordines.
2397 1492 2511 1550 Hoc
2532 1501 2616 1548 est
2640 1509 2655 1546 :
2678 1507 2871 1547 omnes
2888 1491 3108 1546 ordines
3135 1487 3577 1558 dispositionum,
3605 1499 3740 1554 quas

2139 1588 2223 1643 vel
2251 1603 2317 1643 ex
2346 1594 2541 1641 natura
2566 1584 2650 1640 vel
2692 1594 2761 1639 ex
2791 1583 3094 1653 sapientum
3124 1580 3402 1636 hominum
3429 1575 3735 1633 rationabili

2138 1678 2451 1734 inventione
2488 1677 2534 1709 ³¹
2585 1684 2640 1731 et
2685 1674 3004 1746 operatione
3052 1671 3109 1727 in
3167 1672 3326 1726 rebus
3386 1666 3740 1724 sensibilibus

2138 1771 2445 1842 praesentis
2484 1768 2644 1838 hujus
2673 1767 2817 1823 vitae
2863 1766 3131 1821 humanus
3160 1763 3376 1819 animus
3403 1760 3735 1822 considerat,

2140 1863 2403 1935 imagines
2427 1877 2547 1918 esse
2577 1859 2878 1915 arbitrandi
2908 1865 3038 1914 sunt
3076 1857 3342 1913 educatae
3372 1862 3429 1910 et
3457 1852 3738 1908 ordinatae

2140 1952 2472 2010 babitudinis
2524 1950 2838 2023 spiritualis,
2870 1963 2978 2020 qua
3013 1948 3252 2003 humana
3299 1944 3482 2000 anima
3528 1943 3733 1998 incom-

2139 2046 2469 2102 mutabiliter
2500 2044 2701 2099 divinis
2736 2042 2999 2098 adhaeret
3042 2039 3353 2095 virtutibus.
3406 2034 3678 2106 Sequitur
3713 2049 3731 2088 :

2139 2137 2206 2190 Et
2227 2137 2356 2191 Jesu
2376 2136 2423 2167 ³⁸
2447 2134 2872 2205 participationts
2904 2132 2950 2164 ’³
2978 2133 3146 2203 ipsum
3168 2127 3528 2184 diuinissimae
3549 2124 3736 2181 euelle-

2139 2229 2319 2283 ristiae
2340 2227 2769 2297 assumptionent.
2790 2222 3088 2289 intuere",
3117 2234 3281 2293 quam
3306 2218 3553 2290 pulchre,
3575 2229 3735 2287 quam

2137 2334 2392 2390 expresse
2424 2318 2637 2383 asserit,
2664 2316 2929 2373 visibilem
2960 2316 3101 2371 hanc
3140 2312 3549 2373 eucharistiam,
3576 2324 3734 2380 quam

2138 2412 2379 2483 quotidie
2405 2410 2775 2466 "sacerdotes
2794 2406 3067 2465 Ecclesiae
3092 2406 3146 2462 in
3176 2403 3333 2461 altari
3354 2401 3656 2459 conﬁcth
3671 2413 3733 2455 ex

2139 2504 2382 2561 sensibili
2430 2503 2655 2559 materia
2688 2502 2846 2572 penis
2869 2510 2924 2556 et
2953 2499 3084 2566 vini,
3109 2511 3385 2569 quamque
3424 2491 3731 2551 confectam

2138 2607 2194 2653 et
2236 2597 2630 2654 sanctiﬁcatum
2672 2593 3031 2665 corporaliter
3070 2592 3362 2662 accipiunt,
3411 2587 3652 2660 typieatu
3688 2585 3730 2617 “

2139 2707 2261 2748 esse
2281 2690 2691 2748 similitudinem
2718 2686 3017 2759 spirituaiis
3039 2680 3472 2757 participationis
3506 2679 3549 2710 ³⁷
3581 2677 3727 2743 Iesu,

2139 2798 2301 2854 quem
2327 2783 2373 2815 ’⁸
2399 2781 2630 2839 ﬁdeliter
2652 2778 3053 2836 solointellecttt
3078 2783 3382 2847 gustamus,
3406 2773 3638 2835 hoeest,
3658 2770 3734 2824 in-

2141 2876 2453 2946 telligimus,
2479 2876 2641 2945 inque
2663 2873 2709 2904 "
2732 2882 2952 2928 nostrae
2974 2879 3202 2926 naturae
3226 2867 3488 2924 interiora
3520 2864 3731 2921 viscera

2140 2970 2428 3035 sumimus,
2449 2967 2516 3024 ad
2534 2975 2773 3023 nostram
2786 2964 3037 3030 salutem,
3055 2971 3110 3019 et
3131 2958 3412 3032 spirituale
3430 2958 3738 3014 incremen-

2144 3071 2257 3116 tum
2282 3099 2297 3127 ,
2346 3070 2401 3116 et
2450 3058 2778 3115 iuetl‘abilem
2828 3055 3246 3113 dedicationem.
3299 3051 3529 3122 Oportet
3583 3064 3732 3121 ergo,

2142 3153 2338 3222 inquit,
2380 3153 2675 3207 humanum
2704 3151 2969 3215 animum,
2992 3164 3060 3203 ex
3089 3145 3435 3203 sensibilibus
3480 3146 3648 3200 rebus
3685 3144 3736 3198 in

420 3272 429 3279 λ
451 3252 738 3323 Sequitur:
757 3256 824 3310 Et
839 3259 1124 3312 secundum
1141 3260 1456 3316 intellectum
1487 3263 1916 3329 contemplatione
1926 3265 2036 3335 ple-

2145 3244 2464 3300 caelestium
2511 3240 2770 3298 virtutum
2813 3240 3226 3299 similitudinem
3252 3247 3306 3295 et
3346 3236 3735 3307 aequalitatem

453 3346 708 3401 nitudinis
720 3351 920 3418 pervias
951 3367 1130 3405 sacras
1147 3352 1452 3424 disciplinas
1470 3373 1487 3420 ;
1512 3356 1600 3411 hic
1614 3371 1828 3426 quoque
1840 3358 2039 3413 subau-

450 3437 536 3492 dis
554 3438 597 3469 ¹³
610 3439 903 3507 arbitrans;
926 3440 1189 3513 imagines
1206 3458 1326 3500 esse
1343 3446 1382 3477 “
1401 3447 1624 3501 subaudi
1640 3449 1931 3504 arbitrans.
1947 3447 2039 3503 Se-

449 3536 601 3598 ptem
629 3524 964 3601 disciplinas,
1001 3548 1137 3603 quas
1150 3535 1454 3607 philosophi
1471 3537 1722 3595 liberales
1735 3540 2003 3610 appellant
2021 3583 2035 3605 ,

449 3619 803 3693 intelligibilis
820 3628 1275 3695 contemplativae
1303 3629 1734 3699 "plenitudinis,
1759 3646 1864 3702 qua
1899 3632 2038 3688 Dens

450 3721 509 3772 et
520 3722 769 3771 creatura
798 3719 1084 3789 purissime
1098 3724 1460 3793 cognoscitur,
1478 3726 1901 3794 signiﬁcationes
1918 3743 2038 3784 esse

452 3813 665 3869 astruit.
714 3813 862 3885 lpsas
906 3824 1087 3873 autem
1126 3832 1311 3876 sacras
1345 3821 1659 3893 disciplinas
1686 3824 1963 3893 διιξοδικᾶς
1996 3827 2039 3858 ¹⁶

453 3903 716 3971 nominat,
772 3905 874 3963 hoc
914 3916 998 3963 est
1036 3910 1269 3981 pervias,
1318 3915 1573 3984 quoniam
1618 3917 2038 3989 intelligentibus

420 3998 544 4053 ‘eas
587 3998 804 4069 perviae
849 4010 975 4057 sunt
1010 4011 1064 4058 et
1100 4003 1314 4076 planae,
1362 4008 1445 4063 vel
1474 4011 1729 4081 quoniam
1774 4013 2036 4083 quaedam

450 4090 570 4147 viae
610 4102 755 4158 sunt,
806 4108 905 4165 per
952 4110 1086 4166 quas
1135 4097 1469 4171 ingredimur
1504 4117 1685 4160 rerum
1730 4106 2032 4160 scientiam.

419 4182 732 4250 -Λιιξαδικὰς
756 4184 798 4219 ’⁷
825 4186 952 4243 item
983 4186 1027 4220 “
1054 4189 1367 4261 disciplinas
1409 4194 1622 4250 notiore
1645 4195 1690 4227 ¹⁹
1719 4195 2039 4267 interpreta-

420 4288 425 4293 ‘
450 4275 597 4331 tione
625 4277 993 4335 deeursativas
1020 4295 1307 4349 possumus
1334 4287 1598 4357 accipere.
1632 4287 1702 4342 Ut
1730 4289 1873 4343 enim
1900 4291 2039 4344 mul-

451 4372 539 4421 tae
564 4380 739 4438 aquae
759 4385 824 4424 ex
866 4371 1094 4429 diversis
1121 4373 1361 4432 fontibus
1403 4380 1456 4447 in
1478 4380 1638 4435 unius
1679 4379 1913 4437 ﬂuminis
1961 4382 2038 4435 al-

450 4474 610 4514 veum
657 4461 931 4519 conﬂuunt
966 4472 1132 4537 atque
1159 4471 1476 4539 decurrunt,
1538 4476 1611 4530 ita
1642 4476 1917 4532 naturales
1983 4487 2039 4532 et

449 4550 704 4608 liberales
728 4554 1043 4627 disciplinae
1084 4561 1138 4615 in
1165 4577 1269 4618 una
1301 4565 1603 4637 eademque
1629 4568 1875 4624 internae
1901 4585 2033 4625 con-

2144 3336 2530 3392 asceudentem
2579 3335 2867 3399 arbitrari,
2898 3332 3293 3388 divinissimam
3343 3328 3735 3386 eucharistiam

2140 3428 2428 3493 visibilem,
2451 3428 2505 3482 in
2523 3427 2764 3483 Ecclesia
2790 3424 3183 3483 coniormatam
3206 3422 3274 3489 3°,
3293 3421 3530 3476 maxime
3553 3430 3734 3491 typum

2137 3537 2259 3578 esse
2285 3520 2714 3593 participationis
2740 3519 2924 3591 ipsius,
2958 3532 3065 3587 qua
3091 3525 3145 3570 et
3172 3530 3316 3571 nunc
3344 3512 3734 3585 participath

2137 3615 2323 3673 Jesum
2371 3631 2469 3687 per
2500 3615 2681 3679 ﬁdem,
2711 3623 2767 3668 et
2812 3614 2863 3667 in
2905 3610 3087 3667 futuro
3137 3607 3588 3680 partieipahimus
3640 3619 3734 3675 per

2140 3710 2398 3780 speciem,
2418 3708 2576 3779 eique
2602 3706 2960 3761 adunabituur
2988 3717 3087 3774 per
3111 3702 3416 3756 caritatem.
3444 3697 3587 3766 Quid
3606 3711 3733 3768 ergo

2138 3804 2204 3857 ad
2235 3804 2375 3857 hanc
2402 3801 2581 3872 magni
2605 3799 2833 3870 theologi
2860 3796 3102 3869 Dionysii
3128 3791 3625 3867 praeclarissimam
3654 3801 3732 3845 tu-

2139 3897 2262 3950 bam
2326 3893 2693 3964 respondent,
2742 3892 2834 3961 qui
2888 3886 3153 3943 visibilem
3208 3883 3601 3941 eucharistiam
3662 3878 3732 3936 nil

2139 3987 2285 4043 aliud
2332 3986 2640 4057 signiﬁcare
2666 3990 2882 4055 praeter
2913 3995 2973 4036 se
3015 3978 3184 4050 ipsam
3228 3975 3415 4032 volunt
3456 3987 3728 4037 asserere,

2141 4084 2268 4137 dum
2298 4079 2600 4135 clarissime
2632 4075 2872 4148 praefata
2905 4073 3030 4129 tuba
3063 4071 3105 4102 ³¹
3130 4071 3345 4135 clamat,
3378 4083 3484 4123 non
3524 4066 3616 4121 illa
3644 4081 3727 4120 sa,

2138 4184 2419 4232 crementa
2450 4171 2680 4228 visibilia
2729 4168 2977 4233 colenda,
3009 4180 3186 4236 neque
3228 4179 3329 4234 pro
3356 4162 3590 4217 veritate
3619 4174 3730 4215 atu-

2141 4270 2405 4340 plexanda
2432 4306 2448 4333 ,
2479 4266 2605 4335 quia
2654 4262 3011 4335 signiﬁeativa
3052 4258 3300 4315 veritatis
3340 4265 3506 4318 sntit,
3554 4267 3728 4323 neque

2140 4372 2361 4435 propter
2386 4377 2446 4416 se
2474 4362 2588 4431 ipsa
2624 4359 2866 4423 inventa,
2887 4356 3144 4426 quoniam
3172 4354 3226 4408 in
3252 4352 3380 4422 ipsis
3424 4348 3727 4419 intelligen-

2140 4457 2251 4514 tiae
2294 4456 2419 4511 ﬁnis
2449 4454 2496 4487 "
2526 4469 2635 4509 non
2689 4461 2808 4515 est,
2840 4450 2932 4506 sed
2980 4458 3200 4525 propter
3259 4442 3728 4514 incomprehensi-

2137 4550 2301 4607 bilem
2341 4549 2386 4582 ³³
2435 4547 2683 4605 veritatis
2729 4545 3007 4609 virtutem,
3035 4557 3139 4613 qua
3172 4539 3218 4572 ⁸⁵
3246 4539 3497 4595 Christus
3541 4546 3628 4592 est
3679 4536 3729 4589 in

450 4642 812 4717 templationis
837 4646 1231 4721 signiﬁcatione
1251 4656 1299 4689 “
1322 4627 1630 4718 adunatitur
1702 4676 1861 4733 quam
1890 4672 2038 4719 sum.‘
2070 4645 2353 4719 Dunitate
2402 4644 2675 4699 humanae
2728 4636 3051 4705 divinaeque
3106 4632 3153 4664 ³⁸
3206 4646 3339 4687 suae
3393 4627 3731 4686 substantias

1751 4843 2002 4900 VARIAE
2038 4840 2441 4899 LECTIONES.

438 5052 451 5057 η
517 5008 539 5046 ⁸
590 5010 639 5067 Α
690 5011 1045 5067 nesciesciens.

444 5076 488 5138 Β
522 5080 735 5137 mutari.

442 5154 801 5223 photodost'as.

903 5154 925 5185 ⁸
948 5153 1041 5208 Sic
1083 5144 1214 5216 CB‘,
1254 5149 1344 5205 AB
1370 5150 1600 5204 datione.
1715 5146 1735 5178 θ
1766 5144 1857 5201 Sic
1886 5145 1926 5200 C
1945 5187 1959 5210 ,

444 5316 507 5372 Β·
547 5299 1037 5389 ῃᾱῇρεηνᾼὶᾶθίιιῦ.)”

444 5316 507 5372 Β·
547 5316 716 5389 adice.
746 5316 1005 5384 videtur.)
1110 5316 1154 5344 "
1189 5316 1280 5368 Sir
1307 5316 1431 5378 AC;
1471 5316 1724 5380 imagines
1753 5327 1862 5363 esse
1890 5325 2000 5364 om.
2024 5316 2085 5365 Β.
2164 5316 2208 5342 ³⁵
2239 5316 2330 5367 Sic
2358 5316 2398 5367 (1
2424 5323 2481 5368 et
2505 5316 2599 5367 lltu

444 5388 620 5471 tionis.
701 5385 745 5421 ¹⁶
772 5386 836 5442 B‘
868 5400 1037 5510 marg;
1077 5385 1253 5467 adscr.
1287 5382 1624 5463 dyexodicas.
1700 5381 1741 5413 "
1773 5380 1833 5463 Βς
1864 5395 2036 5447 mare.
2065 5383 2242 5438 adscr.
2276 5385 2599 5439 diexodicas.

447 5467 599 5510 inter.
679 5458 722 5491 ε’
755 5458 846 5510 Sic
883 5459 953 5510 (2:
1060 5470 1256 5509 uocrcte
1286 5457 1301 5510 l
1317 5469 1455 5510 uuae
1485 5467 1586 5505 vos
1615 5459 1685 5505 tta
1725 5461 1924 5510 scripta
1954 5462 2054 5510 est.
2088 5464 2142 5508 ut
2194 5455 2259 5508 ad
2307 5470 2495 5510 vocem
2545 5472 2599 5509 nc

1060 5456 1256 5509 uocicie
1286 5452 1455 5524 (qitae
1485 5467 1586 5505 vox
1615 5453 1685 5505 ita
1725 5452 1924 5574 scripta
1954 5462 2054 5517 est,
2088 5464 2142 5508 ut
2194 5455 2259 5508 ad
2307 5470 2495 5510 vocem
2545 5455 2744 5509 notiore
2784 5452 3029 5521 proxime
3066 5452 3346 5521 accedat),
3389 5454 3429 5505 Α
3472 5452 3725 5505 notieione

1060 5527 1346 5574 irationem.
1449 5522 1617 5574 “Sic
1658 5523 1781 5574 AC:
1893 5523 2183 5574 inventione
2229 5528 2327 5558 νηί·
2661 5526 2669 5530 “
2736 5523 2783 5538 ³·
2860 5523 2889 5534 "
3007 5522 3018 5530 ”
3082 5539 3085 5541 -
3139 5522 3149 5539 ε
3198 5522 3207 5533 ·
3251 5522 3314 5542 οε·
3366 5538 3416 5544 --
3536 5520 3578 5540 η
3634 5518 3647 5522 δ

445 5460 599 5546 ate
755 5458 846 5546 ae
883 5459 953 5541 ορ

612 5528 713 5552 ·”’
759 5528 841 5570 ΑΒ
891 5522 1347 5606 signiﬁcationem.
1449 5523 1495 5608 ’ξ
1526 5522 1781 5608 SicoAC;

1147 5008 1167 5039 ’
1190 5009 1251 5083 Β*
1281 5008 1461 5083 adscr.
1506 5016 1601 5061 est.
1645 5002 1685 5060 C
1717 5001 2105 5083 intelligendum
2150 5011 2243 5083 est.

836 5080 858 5114 ⁵
876 5080 936 5136 Β⁶
963 5096 1132 5153 marg.
1159 5081 1336 5136 adscr.
1365 5079 1441 5132 De
1464 5084 1789 5133 sacramento
1817 5067 2099 5135 crismatis,
2128 5081 2175 5126 et
2202 5071 2561 5143 fumigationis
2590 5067 2777 5127 thuris.
2856 5070 2878 5100 “
2907 5068 2997 5124 Sic
3016 5067 3163 5125 ABG.
3240 5068 3260 5099 "
3278 5067 3340 5121 B‘
3360 5082 3534 5138 marg.
3552 5071 3725 5124 aliter.

903 5154 925 5185 ⁸
948 5153 1041 5199 Sin
1084 5152 1213 5199 CB‘-
1254 5149 1344 5199 AB
1370 5150 1600 5199 datione.
1715 5146 1735 5178 θ
1766 5144 1857 5199 Sic
1886 5145 1926 5199 C
1945 5187 1959 5199 .
2014 5143 2102 5198 ΛΒ
2128 5142 2434 5199 luculenter.
2547 5145 2584 5174 ¹⁰
2625 5144 2711 5197 ΑΒ
2741 5140 3099 5199 mat/terialia,
3126 5140 3204 5194 sic
3237 5138 3281 5193 A
3312 5154 3491 5199 saepe,
3520 5141 3560 5195 Β
3587 5155 3725 5193 rare.

446 5213 491 5258 δι
517 5223 560 5278 Β
585 5241 596 5277 :
621 5240 762 5295 quae
785 5224 1077 5278 luculenter
1103 5213 1415 5277 naturaliter
1434 5224 1658 5291 (puncta
1688 5218 1744 5272 Β·
1776 5217 1947 5287 adjee.
1976 5213 2228 5283 videtur).
2310 5214 2351 5245 "
2382 5214 2446 5269 In
2472 5232 2579 5271 om.
2615 5213 2723 5269 AC.

1110 5313 1154 5344 "
1189 5312 1280 5368 Sir
1307 5310 1431 5378 AC;
1471 5311 1724 5380 imagines
1753 5327 1862 5363 esse
1890 5325 2000 5364 om.
2024 5311 2085 5365 Β.
2164 5311 2208 5342 ³⁸
2239 5311 2330 5367 Sic
2358 5314 2398 5367 (1
2424 5323 2481 5368 et
2505 5311 2702 5367 litteris
2727 5310 2964 5364 minimis
2992 5324 3133 5363 corr.
3164 5307 3236 5373 B;
3292 5308 3381 5362 AB
3410 5308 3727 5380 sententiain;

2346 4998 2368 5033 ⁸
2399 5000 2491 5058 Sic
2520 5000 2627 5067 AC,
2679 4997 3260 5072 ιμιεηιιιαῃιοάιιῃιᾼοῐηζ
3279 4990 3341 5072 l_3.
3447 4991 3470 5025 ⁵
3505 4990 3725 5072 SicAC,

2547 5145 2584 5174 ¹⁰
2741 5140 3111 5221 ηιαῄιζις-ιςὶίιιίμὲ
3126 5140 3209 5221 sic
3237 5138 3281 5193 A
3308 5154 3491 5221 saepe,
3587 5155 3725 5193 rare.

2823 5212 2866 5243 ¹³
2892 5210 2983 5266 Sic
3026 5211 3144 5278 AC;
3172 5212 3212 5265 Β
3238 5210 3490 5281 subaudis
3521 5212 3722 5282 (punct.

2704 5382 2745 5413 ιε
2770 5382 2859 5435 Sic
2881 5380 2922 5435 Ο
2946 5388 3002 5433 et
3037 5380 3305 5449 admarg.
3344 5396 3488 5435 corr.
3518 5380 3580 5434 B‘
3599 5421 3613 5444 ,
3646 5379 3727 5432 ΑΒ

1893 5523 2183 5578 inventione
2229 5528 2327 5558 νηί·
