3984 5432
491 337 598 393 145

1585 328 2082 388 EXPOSITIONES
2120 331 2403 390 JOANNIS
2441 329 2642 402 SCOTl

3636 333 3737 388 1-H

485 448 782 521 aequaliter
825 461 944 501 cum
1002 445 1204 516 angelis
1253 443 1306 498 in
1358 443 1807 514 simplicissimam
1849 458 2062 512 puram-
2088 452 2426 514 Aquentant
2478 444 2520 475 ιθ
2569 444 2780 499 actione
2835 452 2889 498 et
2937 443 3182 498 scientia.
3259 442 3458 498 Deinde
3501 442 3738 497 caelestes

485 561 594 617 que
643 538 1092 598 incommutabilis
1163 537 1407 592 veritatis
1470 537 1906 607 speculationem.
1959 538 2065 591 Sed

488 635 734 692 fortassis
761 631 1046 703 prolixius,
1073 645 1234 700 quam
1267 644 1354 685 res
1382 630 1570 698 exigit,
1600 630 1832 698 primum
1861 631 2066 696 cupitu-

487 729 600 783 lum
655 725 1031 797 exposuimus;
1094 733 1293 791 quanta
1362 731 1542 776 tamen
1613 722 1665 774 in
1719 722 2066 789 sequentibus

489 820 716 891 aperiat,
744 817 1015 873 studiosus
1042 814 1230 877 lector,
1255 813 1308 868 ni
1345 812 1520 876 fallor,
1555 812 1809 866 inveniet.
1838 810 2066 865 Erlicil

491 920 745 968 tractatus
769 909 832 963 de
859 909 1027 980 primo
1073 903 1299 976 capitulo
1329 904 1367 956 ‘.
1419 903 1610 973 Incipit
1653 903 1716 956 de
1759 902 2002 956 secundo.

1029 1037 1423 1096 CAPITULUM
1460 1037 1522 1091 ll.

562 1173 795 1232 Secundi
839 1171 1061 1244 capituli
1098 1174 1393 1247 ἐπίγραμμα
1425 1171 1446 1200 ⁸
1487 1177 1572 1225 est
1607 1184 1622 1222 :
1654 1168 1913 1234 Quoniam
1955 1169 2070 1239 pul-

489 1269 612 1322 chre
654 1266 829 1320 divina
859 1274 906 1318 et
955 1263 1194 1316 caelestia
1224 1262 1380 1315 etiam
1406 1277 1498 1331 per
1526 1259 1800 1314 dissimilia
1836 1258 2070 1330 symbola

490 1359 914 1428 manifestantur.
961 1354 1170 1419 Divina,
1215 1355 1408 1423 inquit,
1448 1362 1500 1407 et
1522 1353 1792 1416 caelestia,
1827 1353 1927 1406 hoc
1964 1359 2068 1416 est,

493 1451 755 1507 caelestes
789 1449 1050 1512 virtutes,
1103 1446 1282 1518 [quas]
1329 1447 1348 1477 ³
1397 1445 1624 1516 theologi
1673 1446 1725 1498 in
1778 1455 1888 1499 tres
1936 1443 2072 1496 divi—

493 1547 626 1601 dunt
657 1543 972 1605 ierarchias,
1023 1541 1161 1594 sicut
1191 1541 1241 1594 in
1268 1555 1520 1608 processu
1552 1537 1852 1608 praesentis
1889 1536 2069 1604 operis

491 1635 858 1691 declarabitur
879 1673 894 1698 ,
925 1631 1144 1702 pulchre
1200 1645 1297 1700 per
1338 1628 1577 1699 symbola
1603 1669 1618 1692 ,
1661 1627 1905 1697 quamvis
1934 1625 2014 1679 eis
2047 1627 2069 1654 ⁴

491 1725 770 1782 dissimilia
802 1724 928 1787 sint,
969 1720 1384 1776 manifestautur
1412 1719 1568 1773 nobis
1597 1727 1649 1772 et
1677 1717 2065 1788 signiﬁcantur.

2167 539 2452 592 ierarchias
2521 537 2740 590 laudare
2793 536 3074 590 secundum
3137 537 3371 604 ipsarum
3424 537 3480 589 in
3526 534 3738 604 eloquiis

2169 629 2663 697 inani/testationem,
2697 627 2952 682 subaudis
2979 643 3008 680 a
3056 627 3425 696 superioribus
3457 644 3469 680 :
3510 636 3738 696 oportet.

2169 721 2244 774 Ac
2273 721 2314 773 si
2363 721 2567 774 diceret
2605 737 2617 773 :
2650 718 2777 772 Post
2819 718 3086 789 generalis
3133 718 3430 772 ierarchiae
3455 758 3471 782 ,
3521 717 3743 787 ejusque

2171 811 2463 865 formarum
2507 821 2561 864 et
2587 810 2906 878 specierum,
2954 819 3010 864 et
3039 809 3283 864 utilitatis
3330 809 3746 878 uniuscujusque

2170 918 2354 956 earnm
2400 902 2595 956 divinis
2628 900 3012 964 laudatoribus,
3044 900 3145 954 hoc
3190 909 3271 955 est
3299 899 3401 964 his,
3448 900 3539 968 qui
3572 901 3748 954 divina

2171 1001 2372 1047 cammt
2424 991 2681 1046 interiore
2725 1001 2777 1044 et
2809 992 3076 1046 exteriore
3104 991 3279 1052 laude.
3327 992 3747 1060 speculationem

2172 1093 2565 1152 consequenter
2604 1092 2812 1151 oportet
2839 1083 3098 1137 caelestes
3161 1083 3455 1137 ierarchias
3504 1081 3748 1145 laudare,

2173 1173 2474 1243 gloriﬁcare
2513 1171 2761 1226 videlicet
2809 1181 2863 1226 et
2904 1172 3235 1240 praedicare,
3267 1169 3420 1238 juxta
3471 1186 3567 1225 sua
3621 1173 3676 1224 in
3709 1168 3751 1203 "

2173 1266 2367 1320 divinis
2395 1265 2621 1335 eloquiis
2667 1263 2929 1335 symbola,
2967 1277 3061 1333 per
3113 1279 3270 1334 quae,
3320 1264 3568 1332 quamvis
3597 1263 3754 1318 dissi-

2173 1359 2320 1412 milia
2351 1358 2478 1420 sint,
2531 1358 2684 1411 nobis
2731 1357 3159 1411 manifestantur.
3203 1355 3755 1426 Consequenterque"

2173 1451 2254 1503 bis
2289 1449 2459 1502 dicere
2478 1490 2492 1512 ,
2519 1449 2758 1519 qualibus
2789 1450 2975 1502 divinis
3001 1449 3399 1518 formationibus
3429 1449 3675 1501 caelestes
3694 1449 3758 1516 fi-

2174 1549 2364 1608 gurant
2383 1540 2590 1592 ordines
2613 1539 2933 1607 eloquiorum
2956 1555 3137 1592 sacrae
3152 1539 3516 1608 descriptiones
3535 1537 3598 1590 ¹⁹.
3623 1537 3754 1590 Dum

2176 1631 2309 1685 haec
2333 1671 2347 1693 ,
2378 1629 2572 1699 inquit,
2596 1646 2732 1698 quae
2764 1631 3145 1699 praediximus,
3167 1631 3511 1699 consequenti
3540 1640 3759 1684 natura-

2177 1720 2320 1789 lique
2369 1719 2558 1773 ordine
2615 1718 2810 1772 fuerint
2863 1719 3197 1773 considerata
3223 1760 3236 1783 ,
3279 1728 3490 1788 oportet
3534 1719 3755 1782 dicere,

488 1815 642 1870 Nulla
669 1813 930 1884 siquidem
975 1810 1241 1865 sensibilis
1283 1810 1487 1880 species
1523 1816 1642 1872 est,
1692 1822 1829 1876 quae
1850 1807 2071 1861 omnino
2100 1813 2148 1873 Β
2175 1811 2362 1882 quales
2399 1811 2611 1864 divinas
2659 1810 3007 1865 formationes
3063 1819 3370 1865 sanctorum
3419 1810 3757 1880 eloquiorum

490 1904 908 1976 intelligibilium
963 1900 1368 1955 similitudinem
1445 1908 1782 1969 assequatur.
1847 1896 2075 1968 Longe'

489 1998 631 2053 enim
679 2013 708 2050 a
755 2011 812 2050 se
858 1994 1186 2062 discrepant,
1243 2000 1296 2045 et
1343 1991 1552 2060 penitus
1604 1989 1882 2045 dissimilia
1928 1996 2071 2054 sunt,

491 2103 632 2159 quae
662 2102 823 2142 sensu
855 2098 1118 2154 corporeo
1169 2081 1540 2145 extrinsecus,
1569 2081 1652 2134 vel
1682 2095 1821 2148 quae
1851 2080 1870 2110 ⁸
1899 2081 2071 2148 phan-

491 2180 679 2235 tastice
747 2177 975 2232 interius
1037 2182 1337 2244 apparent,
1385 2181 1442 2226 ut
1506 2182 1632 2228 sunt
1678 2173 1912 2227 visiones
1964 2172 2075 2226 sive

493 2269 941 2338 sompniantium,
985 2281 1078 2321 seu
1126 2265 1321 2320 mentis
1345 2279 1650 2327 excessum,
1693 2279 1852 2332 quem
1885 2261 2074 2316 Graeci

499 2362 794 2418 ἕκστασιντ
841 2369 1072 2421 vocant,
1126 2358 1443 2428 patientium
1494 2359 1547 2411 iu
1594 2357 1806 2427 spiritu,
1859 2365 1917 2412 et
1963 2369 2026 2408 ea
2055 2355 2077 2385 ⁸

491 2468 631 2523 quae
661 2468 794 2522 puro
821 2461 875 2506 et
922 2450 1110 2504 intimo
1158 2449 1352 2503 mentis
1395 2449 1665 2510 contuitu,
1718 2446 1863 2501 nulla
1907 2448 2078 2516 phan~

495 2545 630 2598 tasia
662 2558 756 2598 seu
810 2540 1045 2596 sensibili
1095 2538 1276 2609 specie
1324 2538 1662 2608 interposita,
1709 2551 1806 2606 per
1856 2551 1915 2590 se
1966 2537 2076 2604 ipsa

495 2635 886 2705 intelliguntur.
930 2632 1001 2686 At
1038 2647 1166 2687 vero
1204 2632 1458 2700 quoniam
1499 2640 1680 2685 noster
1726 2629 1979 2695 animus,
2020 2638 2081 2684 ut

496 2725 763 2796 superiori
791 2725 1025 2793 capitulo
1053 2724 1255 2779 dictum
1298 2732 1400 2785 est,
1457 2724 1522 2778 ad
1565 2724 1734 2794 ipsam
1789 2722 2031 2776 intimam
2056 2722 2076 2750 ’

497 2818 918 2889 intelligibilium
963 2832 1141 2871 rerum
1187 2815 1604 2886 speculationem
1647 2831 1753 2869 non
1801 2815 2075 2879 continuo,

497 2911 639 2965 nulla
673 2909 942 2964 mediante
972 2909 1389 2979 intercapedine,
1421 2917 1596 2980 potest
1622 2909 1933 2974 ascendere,
1958 2907 2078 2977 pul-

498 3004 626 3058 chre
667 3002 844 3057 divina
875 3000 1217 3056 Providentia
1249 3000 1526 3055 dissimilia
1562 3001 1802 3070 symbola
1845 3001 2081 3069 interpo-

499 3094 626 3157 suit,
655 3091 850 3147 similia
880 3092 1094 3162 quidem
1132 3091 1286 3146 nobis
1320 3092 1494 3146 adhuc
1520 3093 1792 3161 corporeis
1836 3092 2080 3146 sensibus

2181 1919 2367 1960 sacrae
2397 1904 2782 1974 descriptiones
2817 1903 2886 1967 ὀ,
2932 1905 3032 1958 hoc
3082 1914 3183 1969 est,
3233 1912 3415 1959 sancta
3464 1903 3760 1958 formarum

2180 1997 2496 2051 assimilatio
2526 1999 2591 2051 ad
2639 1995 2896 2052 caelestes
2943 1998 3160 2052 ordines
3200 1996 3582 2067 signiﬁcandos
3629 1995 3764 2062 ﬁgu-

2181 2097 2304 2142 rant
2330 2097 2488 2156 atque
2515 2086 2875 2152 conformant,
2904 2098 3081 2141 utrum
3112 2087 3387 2141 absolutae
3415 2087 3521 2140 sint
3552 2097 3610 2142 et
3635 2103 3664 2140 a
3701 2100 3761 2142 se

2182 2179 2411 2233 invicem
2471 2179 2808 2233 naturalibus
2854 2178 3170 2233 differentiis
3232 2178 3520 2236 discretae.
3568 2187 3629 2232 ut
3676 2184 3760 2234 est

2182 2271 2416 2324 hominis
2439 2270 2664 2340 efﬁgies,
2698 2283 2788 2324 seu
2822 2269 3009 2332 leonis,
3048 2284 3138 2322 seu
3171 2268 3401 2339 aquilae,
3433 2284 3501 2322 an
3532 2267 3758 2322 diversis

2181 2361 2504 2416 naturalium
2558 2377 2736 2416 rerum
2790 2363 3110 2433 imaginibus
3139 2377 3240 2415 una
3283 2361 3547 2432 quaedam
3593 2361 3755 2414 mixta

2181 2462 2236 2507 et
2255 2454 2548 2522 composita
2578 2453 2888 2523 imaginatio
2916 2453 2984 2506 sit
3009 2453 3073 2515 ⁹¹,
3105 2463 3162 2506 ιιι
3191 2461 3305 2506 rota
3332 2453 3384 2506 in
3415 2461 3557 2516 rota,
3590 2451 3757 2505 mixta

2181 2559 2394 2613 quoque
2425 2554 2655 2614 quatuor
2702 2543 2976 2609 animalia,
3007 2543 3109 2597 sibi
3158 2543 3385 2598 invicem
3433 2543 3484 2596 in
3540 2541 3758 2612 singulis

2182 2650 2446 2690 connexa.
2483 2635 2744 2704 Sequitur
2775 2651 2787 2687 :
2837 2645 2884 2687 et
2918 2635 2985 2686 ad
3015 2633 3220 2703 qualem
3252 2641 3449 2702 oportet
3484 2634 3760 2686 ascendere

2181 2743 2272 2796 per
2312 2724 2508 2795 formas
2545 2726 2809 2778 veritatem
2849 2725 2917 2789 ",
2961 2723 3106 2778 velut
3146 2723 3192 2754 ⁸³
3219 2723 3528 2792 expressius
3582 2733 3757 2776 trans-

2183 2818 2309 2872 ferri
2341 2826 2519 2886 potest
2561 2835 2573 2869 :
2601 2831 2698 2886 per
2726 2816 2978 2885 ﬁgmenta
3020 2815 3071 2868 in
3120 2830 3224 2869 non
3260 2814 3592 2884 ﬁgmentum.
3625 2813 3761 2869 Con-

2183 2926 2412 2980 sequens
2441 2918 2539 2972 est.
2576 2909 2766 2979 inquit,
2812 2909 3011 2971 dicere,
3045 2909 3108 2962 ad
3131 2907 3343 2978 qualem
3376 2916 3430 2961 et
3471 2923 3634 2976 quam
3665 2921 3760 2975 pu-

2185 3019 2299 3059 ram
2340 3011 2396 3058 et
2465 3003 2732 3057 sinceram
2784 3000 3195 3072 intelligibilium
3248 3015 3427 3054 rerum
3482 3001 3764 3053 veritatem

2182 3097 2330 3151 omni
2382 3097 2636 3166 ﬁgmento
2677 3103 2948 3148 carentem
2993 3101 3206 3164 oportet
3256 3108 3353 3148 nos
3397 3091 3544 3146 claro
3570 3091 3767 3145 mentis

501 3185 1046 3247 detentis,dissimilia
1067 3183 2075 3253 veropurisintellectibus,adquorum
2105 3178 2150 3240 C
2182 3190 2425 3245 contuitu
2463 3187 2772 3244 ascendere.
2825 3187 2890 3241 Et
2934 3201 3038 3256 qua
3092 3185 3302 3240 ratione
3346 3183 3606 3239 debemus
3658 3193 3765 3237 tam

501 3275 1006 3344 contemplationem
1043 3288 1138 3344 per
1164 3273 1252 3326 illa
1281 3284 1465 3328 noster
1501 3274 1714 3328 ducitur
1749 3274 2074 3329 intellectus.

573 3363 603 3434 §
642 3369 694 3417 1.
729 3361 942 3433 Oportet
973 3363 1152 3433 igitur,
1182 3372 1238 3416 ut
1267 3364 1504 3429 aestimo,
1550 3365 1776 3434 primum
1803 3381 2078 3434 exponere,

502 3473 660 3526 quam
707 3455 915 3527 quidem
965 3441 1074 3509 esse
1121 3455 1526 3525 speculationem
1579 3459 1747 3512 omnis
1791 3459 2082 3512 ierarchiae

502 3549 859 3604 aestimamus.
887 3548 1002 3605 Hoc
1023 3557 1106 3604 est
1132 3568 1144 3603 :
1167 3551 1298 3605 ordo
1327 3566 1504 3606 rerum
1528 3551 1717 3623 exigit,
1742 3560 1799 3606 ut
1825 3552 2078 3618 arbitror,

503 3641 817 3711 priusquam
847 3641 914 3696 ad
956 3642 1345 3711 expositionem
1383 3641 1424 3673 ³⁸
1451 3643 1786 3698 dissimilium
1823 3643 2084 3716 symbolo-

507 3745 652 3795 rum,
683 3746 780 3800 per
806 3746 945 3800 quae
973 3733 1037 3786 ad
1063 3747 1252 3802 puram
1281 3733 1590 3788 caelestium
1636 3734 1890 3789 virtutum
1921 3735 2083 3790 visio-

504 3834 630 3876 nem
659 3810 888 3874 animus
939 3821 1332 3885 introducitur,
1387 3823 1665 3878 veniamus
1713 3823 1755 3854 “
1790 3863 1805 3888 ,
1851 3823 2082 3894 primum

504 3913 812 3982 etplanare,
843 3914 1055 3984 qualem
1102 3915 1558 3986 speculationem,
1613 3915 1666 3970 id
1702 3925 1823 3983 est,
1872 3918 2082 3986 qualem

507 4002 881 4060 deﬁnitionem
925 4007 1230 4077 judicamus
1275 4022 1394 4063 esse
1439 4009 1616 4064 omnis
1658 4009 1977 4076 ierarchiae,
2029 4009 2082 4065 id

507 4106 593 4151 est
617 4097 937 4152 universalis
967 4098 1281 4153 ierarchiae.
1314 4099 1408 4153 Est
1434 4099 1577 4154 enim
1606 4099 1872 4167 generalis
1915 4101 2084 4155 ierar-
2141 4101 2148 4107 '

507 4188 649 4252 chia,
687 4203 848 4256 quam
876 4189 918 4218 "
947 4189 1268 4258 generaliter
1296 4199 1509 4260 oportet
1552 4191 1760 4246 deﬁniri
1787 4232 1802 4258 ,
1833 4193 2084 4262 quoniam

507 4279 867 4334 subdividitur
889 4279 940 4332 in
964 4281 1158 4334 multas
1189 4282 1506 4347 ierarchias,
1529 4298 1668 4352 quae
1691 4284 1852 4338 veluti
1882 4285 2088 4353 species

507 4373 680 4442 ipsius
721 4381 866 4434 sunt,
904 4386 1136 4440 suasque
1174 4373 1434 4442 speciales
1477 4374 1820 4429 deﬁnitiones
1865 4377 1932 4430 ab
1975 4375 2088 4428 lau-

512 4460 808 4515 datoribus.
844 4459 909 4512 Et
939 4459 984 4491 ¹³
1008 4460 1131 4530 quid
1158 4477 1496 4531 unaquaeque
1522 4503 1536 4528 ,
1584 4463 1791 4532 species
1825 4463 2089 4534 generalis

2181 3282 2287 3336 alte
2364 3279 2690 3335 ascendere?
2733 3279 2991 3348 Sequitur
3035 3297 3048 3332 :
3099 3287 3154 3331 ut
3203 3294 3304 3331 non
3357 3286 3405 3330 et
3452 3292 3546 3330 nos
3589 3276 3768 3330 eodem

2181 3371 2336 3426 modo
2372 3370 2502 3425 velut
2531 3370 2709 3424 multis
2736 3370 2783 3400 “
2811 3369 3075 3423 immunda
3124 3368 3475 3423 existimemus
3518 3365 3768 3422 caelestes

2175 3459 2230 3516 et
2251 3461 2530 3531 deiformes
2552 3463 2756 3516 animos
2778 3460 3082 3531 multipedes
3102 3459 3562 3531 essequosdam,et
3579 3459 3770 3512 multo-

2172 3552 2300 3607 rum
2317 3553 2570 3617 vultuum,
2594 3563 2641 3606 et
2666 3553 2734 3606 ad
2754 3554 2907 3607 boum
2928 3552 3454 3622 pecudalitatem,aut
3473 3551 3542 3604 ad
3560 3550 3768 3604 leonum

2184 3644 2446 3697 bestialem
2473 3643 2898 3712 imaginationem
2921 3641 3174 3712 formatos
3197 3641 3264 3706 ",
3289 3651 3336 3695 et
3365 3641 3434 3694 ad
3463 3639 3768 3710 aquilarum

2185 3749 2340 3788 curvo
2382 3743 2550 3787 rostro
2595 3733 2812 3802 speciem
2840 3773 2855 3798 ,
2885 3743 2978 3786 aut
3023 3733 3091 3785 ad
3135 3731 3423 3786 volatiliunt
3450 3731 3765 3801 tripertitam

2185 3825 2388 3880 alarum
2428 3825 2819 3878 commotionem
2871 3823 3194 3894 efﬁguratos.
3255 3823 3332 3878 Ea
3383 3821 3524 3878 ratio
3548 3830 3654 3887 est,
3693 3821 3770 3876 in-

2187 3917 2321 3989 quit,
2353 3929 2492 3986 quae
2516 3929 2614 3970 nos
2639 3914 2892 3969 admonet
2913 3915 2958 3945 “
2980 3954 2995 3980 ,
3021 3913 3160 3969 ultra
3210 3927 3398 3969 omnes
3424 3913 3769 3984 propheticas

2187 4007 2420 4062 visiones
2469 4013 2522 4060 et
2564 4003 2916 4059 formationes
2962 4004 3157 4059 mentis
3196 4003 3437 4058 contuitu
3465 4002 3768 4072 supervoli-

2189 4109 2326 4162 tare,
2355 4113 2423 4153 ne
2451 4106 2506 4152 et
2535 4112 2636 4153 nos
2663 4099 2849 4153 eodem
2898 4097 3095 4163 modo,
3144 4096 3284 4151 sicut
3310 4103 3366 4150 et
3391 4094 3549 4150 multi
3579 4110 3769 4152 carm-

2190 4195 2312 4250 liter
2339 4193 2638 4264 spiritualia
2669 4193 2985 4262 cogitantes,
3038 4198 3092 4246 et
3117 4189 3257 4246 ultra
3288 4203 3352 4243 ea
3374 4229 3390 4254 ,
3438 4203 3578 4258 quae
3609 4203 3768 4243 sensu

2188 4301 2448 4355 corporeo
2497 4285 2833 4354 percipiunt,
2879 4281 3012 4337 nihil
3061 4281 3104 4313 "'
3154 4296 3275 4337 esse
3319 4279 3612 4335 immundis
3661 4279 3771 4335 suis

2188 4375 2600 4446 cogitationibus
2628 4376 2673 4406 ’⁸
2705 4382 2976 4446 putantes,
3004 4373 3372 4428 existimemus
3392 4413 3406 4436 ,
3437 4370 3646 4426 similes
3668 4370 3770 4425 illis

2193 4466 2342 4530 facti,
2379 4464 2643 4520 caelestes
2685 4473 2738 4518 et
2787 4462 3076 4519 deiformes
3106 4461 3467 4530 angelicarum
3509 4459 3766 4513 virtutum

512 4551 831 4614 ierarchiae,
868 4550 1055 4604 divinis
1108 4551 1219 4606 suis
1269 4553 1464 4622 profuit
1523 4553 1567 4584 “
1618 4554 1981 4609 laudatoribus
2026 4555 2094 4624 ι’,
2127 4543 2172 4602 Ι)
2198 4558 2424 4622 animos,
2457 4554 2716 4626 quosdam
2768 4554 2985 4624 quidem
3031 4551 3228 4608 multos
3262 4551 3423 4621 pedes
3452 4549 3772 4604 naturaliter

513 4641 618 4695 hoc
663 4649 761 4701 est,
819 4640 1032 4709 qualem
1073 4649 1131 4696 et
1157 4653 1409 4712 quantam
1456 4643 1907 4714 pulchritudinem
1953 4661 2091 4702 con-

516 4731 636 4786 tulit
663 4732 769 4796 his,
798 4734 887 4802 qui
912 4748 1010 4803 per
1052 4749 1172 4790 eam
1201 4744 1256 4791 et
1306 4737 1360 4791 in
1407 4750 1473 4792 ea
1520 4737 1728 4794 divinas
1772 4737 1961 4794 laudes
1987 4740 2094 4794 fre-

2198 4647 2436 4714 habere,
2493 4648 2617 4703 dum
2674 4645 3038 4702 membrorum
3108 4657 3364 4712 compage
3409 4639 3770 4712 corporalium

2197 4739 2420 4794 omnino
2448 4745 2649 4799 carent,
2692 4737 2953 4805 quosdam
2982 4747 3110 4790 vero
3138 4733 3334 4789 multas
3364 4731 3574 4800 species
3618 4728 3771 4785 simul

1806 4867 2063 4924 VARIAE
2097 4866 2498 4925 LECTIONES.

591 4981 609 5010 ⁸
649 4977 876 5050 capitulo
906 4994 1026 5054 om:
1085 4979 1305 5054 Βς-ΑΒΪ
1363 4995 1536 5054 marg.
1589 4982 1768 5039 adscr.
1816 4983 1988 5038 titulo.

518 5053 709 5134 {quas
742 5050 1053 5134 ouk‘ABC,
1094 5051 1270 5134 addidi
1315 5068 1382 5108 ex
1407 5050 1569 5134 coni.
1611 5124 1623 5134 ι
1675 5053 1697 5084 ⁸
1734 5054 1775 5108 Β
1808 5071 1888 5134 ea.

517 5139 618 5177 ms.
745 5139 766 5151 ν
805 5139 847 5174 υ
873 5139 886 5142 ν
916 5139 1088 5192 marg.
1121 5139 1296 5176 adscr.
1326 5139 1350 5176 η

518 5194 561 5248 i.
617 5209 666 5245 e.
715 5191 958 5263 extasint,
1009 5190 1050 5263 (ξ
1099 5202 1350 5263 extasym.

519 5278 682 5316 mum.
790 5260 836 5293 ¹⁶
876 5259 968 5316 Sic
1015 5261 1079 5326 C,
1125 5262 1213 5316 AB
1248 5259 1662 5331 expositionum.

522 5341 675 5414 texta
705 5345 893 5415 graec:
928 5340 983 5385 et
1021 5333 1228 5415 versit);
1282 5332 1384 5415 Αβ,
1417 5333 1578 5415 idem,
1628 5333 1669 5388 C
1713 5335 1751 5386 i.
1793 5351 1845 5415 ς.

526 5419 570 5432 nn
577 5418 627 5432 Δ.
656 5419 708 5432 ..ι
713 5421 752 5432 Α.

874 5402 1114 5432 ἕΑιιΔιιι-Ιέ.
1163 5402 1415 5432 iss-lumbi-
1452 5402 1626 5432 Anna...
1687 5404 1882 5432 ,μην-ι’..ἓι

1453 5192 1556 5264 θξΒ
1601 5197 1617 5213 ‘
1659 5209 1832 5264 marg.
1887 5194 2063 5264 adscr.
2098 5192 2282 5250 'Notat
2330 5195 2395 5248 de
2459 5194 2609 5247 tertio
2656 5207 2854 5264 genere;
2876 5192 3108 5264 visionis.

1810 5264 1850 5295 ¹¹
1887 5263 2040 5335 Conj.
2067 5304 2082 5331 ,
2133 5265 2263 5320 ABG
2311 5265 2598 5335 humanus.

1998 5328 2076 5365 ἰδ’
2119 5335 2315 5405 profuit
2359 5350 2466 5389 om.
2512 5333 2621 5396 AB,
2674 5331 2740 5386 ad
2783 5347 2956 5401 marg.
3007 5333 3182 5385 adscr.
3227 5328 3268 5381 Β

1926 5402 2282 5432 Ι.....ι,.ι,...;ι...-
2412 5403 2456 5432 16
2495 5402 2586 5432 αέα
2631 5400 2670 5432 Ρ
2751 5401 2776 5432 Α
2836 5401 3225 5432 ΐιιηη....ιηηιηιο

2100 4984 2120 5016 ¹
2155 4985 2217 5040 Β⁴
2273 4998 2451 5054 marg.
2498 4981 2673 5054 adscr.
2731 4997 3008 5054 epygrama
3059 4987 3134 5054 est
3172 4978 3230 5054 _i.
3277 4994 3327 5033 e.
3379 4977 3771 5054 superscriptio.

2003 5054 2026 5086 ⁵
2057 5054 2138 5109 B‘
2189 5070 2360 5123 marg.
2389 5045 2566 5108 adscr.
2615 5045 3580 5123 Notat'iiic_distrinctionens‘triplicis
3626 5047 3776 5123 visio-

744 5121 766 5151 ⁸
805 5120 889 5195 Βξ
916 5137 1088 5195 marg.
1121 5121 1296 5176 adscr.
1326 5124 1623 5195 nota_quod
1661 5125 1862 5178 extasin
1905 5135 2050 5195 uocat
2097 5120 2430 5195 fantasticam
2479 5123 2747 5195 visionem.

2792 5174 2796 5178 .
2845 5123 2864 5153 "
2905 5120 2994 5174 AB
3027 5122 3246 5185 ὲξτασιν,
3277 5118 3317 5171 Β
3343 5117 3359 5138 ⁶
3393 5116 3773 5186 ιιιειδςκθόεοτ.

3209 5187 3363 5287 ’.ἓῐὲ
3383 5185 3478 5287 fit.
3517 5184 3777 5287 38.."sz

3605 5255 3650 5287 ”
3688 5255 3778 5310 Sic

3515 5325 3560 5357 is
3595 5325 3638 5380 ο
3663 5342 3776 5395 φρ,

2495 5402 2586 5432 αἶ,-
2631 5400 2670 5432 Γ
2751 5401 2776 5432 Α
2836 5395 3225 5432 (“nt-“Amenanus
3302 5397 3343 5432 Π
3385 5395 3777 5432 {canna-alantur

2720 5261 2766 5349 ξ’
2815 5261 2971 5316 Corr.
3015 5261 3094 5349 Bl'
3118 5263 3135 5281 ⁶
3158 5299 3172 5325 ,
3379 5273 3497 5327 que.
