3984 5314
145 419 152 426 .
205 367 312 426 145

1040 378 1264 435 SUPER
1295 379 1721 448 IERARCHIAM
1759 383 2168 443 CAELESTEM
2209 386 2268 441 S.
2309 380 2620 442 DlONYSli.

3329 382 3460 440 ’146

193 488 547 556 committas,
575 506 697 548 cum
725 494 872 549 omni
900 496 1078 566 specie
1104 497 1322 564 visibili,
1352 498 1466 554 sive
1508 500 1741 557 discreta
1765 543 1782 568 ,
1811 509 1860 567 Α
1887 503 2018 572 ipsis
2049 502 2424 566 intellectibus,
2453 517 2680 572 quorum
2707 501 2946 573 symbola
2962 507 3119 568 ‘snnt,
3153 500 3306 570 quasi
3345 501 3460 570 ipsa

203 581 321 634 sive
340 581 568 637 confusa
601 582 829 639 absoluti
846 585 973 650 sint,
987 587 1248 656 quosdam
1270 588 1324 644 in
1343 587 1516 660 effigie
1535 591 1695 646 boum
1713 590 1788 646 ir-

202 670 631 740 rationabilium,
648 677 907 745 quosdam
930 678 983 732 in
1008 679 1240 750 imagine
1255 681 1512 737 ferocium
1551 684 1782 753 leonum,

201 763 470 832 quosdam
500 766 552 819 in
574 767 753 836 specie
786 768 1110 838 aquilarum,
1129 787 1356 842 quarum
1382 776 1630 832 naturale
1657 792 1785 847 pro-

199 861 383 923 prium
408 865 494 910 est
520 859 683 912 rostri
710 869 1022 927 curvatura,
1045 867 1306 933 quosdam
1334 881 1426 922 sex
1451 866 1564 923 alas
1587 868 1788 924 habere

199 944 472 1012 volatiles,
491 963 718 1017 quarum
745 950 1000 1008 triformis
1022 953 1329 1011 distributio
1351 965 1452 1020 est,
1477 965 1529 1011 et
1545 974 1647 1012 una
1672 958 1790 1028 qui-

198 1036 322 1090 dem
348 1037 403 1090 in
426 1038 558 1093 duas
579 1039 780 1094 vultum
795 1043 1042 1098 animalis
1056 1045 1294 1101 velantes
1317 1049 1356 1112 ³,
1391 1047 1558 1100 altera
1578 1048 1629 1102 in
1653 1049 1785 1104 duas

195 1128 442 1197 ejusdem
457 1132 704 1187 animalis
721 1135 887 1203 pedes
907 1145 1164 1207 tegentes,
1181 1139 1336 1194 tertia
1355 1140 1406 1194 in
1426 1140 1557 1196 duas
1573 1156 1783 1196 sursum

155 1215 160 1218 ’
200 1232 419 1286 semper
443 1223 695 1292 expansis
722 1225 913 1293 pennis
953 1228 1255 1284 volitantes.
1297 1229 1441 1286 Haec
1473 1231 1617 1285 enim
1660 1241 1785 1286 sunt

200 1304 486 1359 dissimilia
518 1309 760 1379 sytnbola
809 1311 862 1365 in
925 1315 1254 1384 propheticis
1296 1317 1613 1381 visionibus,
1659 1318 1714 1371 itt
1763 1318 1784 1348 '

199 1412 390 1452 eorum
420 1402 804 1470 prophetarum
837 1405 1028 1473 spiritu
1057 1408 1519 1464 administratione
1545 1408 1784 1478 angelica

200 1489 490 1558 plasmata,
515 1493 581 1546 ad
615 1501 853 1548 nostram
879 1496 1233 1552 eruditionem
1259 1509 1314 1553 et
1335 1499 1782 1554 introductionem

202 1582 268 1635 ad
297 1585 622 1651 purissimas
651 1588 966 1644 caelestium
995 1593 1352 1647 essentiarum
1378 1593 1432 1646 in
1455 1593 1780 1663 semetipsis,

203 1684 412 1728 remota
441 1677 587 1731 omni
639 1679 974 1748 pltantastica
1023 1682 1044 1712 ⁸
1093 1682 1467 1750 plasmatione,
1519 1684 1782 1754 cognitio-

205 1779 299 1817 nes
346 1764 389 1818 ⁸.
419 1765 572 1833 Quae
627 1767 650 1799 '
689 1771 1002 1839 prophetica
1042 1772 1296 1843 ﬁgmenta
1325 1775 1369 1830 si
1400 1776 1522 1845 quis
1570 1777 1784 1831 incaute

1886 594 2032 659 sint,
2083 594 2434 663 accipiantur,
2483 602 2692 662 oportet
2735 594 3066 659 ascendere,
3115 592 3345 663 ﬁctaque
3389 607 3458 648 ex

1885 684 2028 739 veris
2062 699 2366 754 segregare.
2416 683 2709 753 Sequitur:
2748 675 2956 737 Etenim
3001 683 3148 738 valde
3199 684 3458 754 artiﬁcia-

1886 774 2001 829 liter
2037 776 2080 807 ’³
2132 776 2387 846 theologia
2449 775 2664 844 factitiis
2727 775 2892 828 sacris
2951 774 3346 844 formationibus
3403 777 3458 830 in

1887 883 1990 920 non
2033 866 2270 935 ﬁguratis
2310 865 2651 920 intellectibus
2692 883 2788 919 usa
2831 875 2930 930 est,
2975 875 3230 930 nostrum,
3275 876 3331 920 ut
3379 867 3461 921 di-

1886 968 2025 1011 ctum
2047 968 2142 1022 est,
2177 959 2409 1011 animum
2442 957 2696 1022 relevans,
2724 967 2769 1011 et
2784 958 2880 1027 ipsi
2901 958 3112 1028 propria
3139 966 3186 1011 et
3207 967 3461 1011 connatu-

1885 1050 1986 1105 rali
2032 1052 2329 1104 reductiona
2371 1050 2644 1120 providens
2675 1089 2690 1113 ,
2737 1058 2783 1103 et
2837 1049 2904 1102 ad
2945 1049 3114 1118 ipsum
3169 1047 3460 1116 reformans

1885 1141 2194 1210 anagogicas
2221 1156 2400 1192 sacras
2432 1138 2757 1208 Scripturas.
2776 1136 3075 1206 Siquidem,
3103 1135 3295 1206 inquit,
3328 1135 3462 1190 mul-

1885 1239 1997 1284 tum
2039 1229 2331 1286 artiﬁciose
2384 1229 2644 1298 theologia
2669 1271 2683 1295 ,
2740 1229 2829 1284 illa
2881 1228 3125 1285 videlicet
3157 1229 3328 1283 virtus
3373 1229 3462 1298 ",

1885 1337 2023 1392 quae
2051 1323 2367 1376 naturaliter
2402 1323 2650 1376 humanis
2680 1323 2819 1376 inest
2862 1321 3132 1376 mentibus
3160 1322 3226 1376 ad
3257 1321 3465 1378 divinas

1885 1414 2120 1468 rationes
2146 1413 2506 1482 quaerendas,
2543 1413 2969 1482 investigandas,
3001 1412 3462 1483 contemplandas,

1885 1505 2161 1569 amandas,
2191 1504 2431 1566 laetitiis,
2465 1504 2565 1558 hoc
2596 1512 2697 1565 est,
2726 1504 2865 1559 ﬁctis
2890 1503 3091 1558 sanctis
3121 1503 3462 1574 imaginatio-

1886 1597 2068 1662 nibus,
2097 1597 2162 1650 ad
2205 1595 2583 1665 signiticaudos
2612 1594 2821 1649 divinos
2860 1593 3178 1659 intellectus,
3208 1594 3298 1664 qui
3317 1594 3462 1648 omni

1885 1688 2056 1759 ﬁgura
2082 1697 2136 1741 et
2167 1687 2337 1741 forma
2379 1687 2579 1755 scripta
2607 1695 2661 1739 et
2687 1685 2927 1740 sensibili
2977 1693 3182 1749 carent,
3215 1699 3310 1738 usa
3358 1691 3462 1750 est,

1887 1780 1976 1833 tali
2008 1794 2238 1848 namque
2266 1789 2384 1833 arte
2412 1778 2458 1808 "
2480 1777 2722 1832 ﬁctarum
2755 1777 3045 1847 imaginum
3085 1776 3323 1830 animum
3365 1791 3462 1830 no-

202 1855 542 1923 cogitaverit,
573 1859 646 1913 ita
675 1861 813 1916 utin
847 1863 925 1919 eis
973 1863 995 1895 ⁸
1030 1866 1190 1920 linem
1234 1867 1554 1937 cognitionis
1603 1883 1732 1924 suae
1758 1869 1780 1901 "
1812 1870 1858 1930 Β
1886 1883 2056 1927 strum
2110 1872 2372 1935 relevans,
2402 1870 2546 1925 velut
2578 1869 2882 1938 expressius
2933 1868 3208 1923 transferri
3256 1875 3460 1938 potest,

204 1945 520 2013 constituat,
550 1958 606 2004 et
635 1965 740 2005 non
793 1952 930 2007 ultra
960 1968 1023 2009 ea
1075 1956 1332 2011 ascendat
1369 1957 1420 2010 in
1451 1957 1785 2027 contempla-

204 2033 406 2090 tionem
436 2053 619 2094 rerum
663 2039 1110 2112 intelligibilium,
1141 2061 1366 2116 quarum
1402 2047 1489 2101 il'a
1527 2048 1786 2119 imagines

204 2140 354 2196 sunt,
383 2148 491 2187 non
519 2133 693 2189 solum
720 2135 888 2207 ipsius
908 2138 1120 2193 animus
1142 2155 1246 2194 non
1274 2150 1534 2211 pttrgatur
1557 2151 1612 2195 et
1633 2157 1788 2197 exer-

204 2227 403 2284 citatur
427 2271 442 2296 ,
472 2245 664 2286 verum
691 2233 854 2288 etiam
885 2234 1193 2304 turpissime
1219 2235 1475 2304 polluitur
1501 2243 1556 2289 et
1584 2234 1788 2290 stultis-

204 2319 344 2374 sime
393 2323 736 2391 opprimitur.
785 2324 844 2378 ln
897 2326 1094 2395 quibus
1157 2336 1334 2381 autem
1404 2325 1785 2396 prepltetarum

207 2411 344 2466 tales
392 2412 626 2469 visiones
669 2415 955 2486 leguntur,
1009 2417 1332 2486 superﬂuum
1382 2426 1465 2472 est
1513 2416 1786 2481 inserere,

205 2501 461 2570 quoniam
491 2503 745 2560 omnibus
793 2521 981 2560 sacrae
1019 2507 1042 2538 ⁸
1093 2505 1407 2576 Scripturae
1433 2506 1622 2576 peritis
1669 2505 1788 2560 luce

204 2593 410 2651 clarius
456 2607 767 2653 occurrunt.
822 2597 1079 2670 Sequitur
1127 2615 1141 2654 :
1191 2599 1260 2653 Et
1303 2608 1441 2654 rotas
1487 2597 1787 2670 quasdam’

204 2692 388 2760 igneas
416 2707 570 2761 super
602 2692 805 2746 caelum
833 2695 1197 2764 imaginemus,
1238 2693 1281 2724 ¹⁰
1304 2702 1352 2747 et
1385 2693 1598 2747 thronos
1625 2701 1789 2746 mate-

206 2781 371 2836 riales
399 2782 683 2838 Divinitati
731 2785 799 2838 ad
841 2786 1125 2840 recubitum
1179 2786 1516 2850 necessarios,
1560 2785 1787 2854 etlequos

205 2875 462 2945 quosdam
489 2876 860 2944 multicolores,
890 2888 938 2931 et
982 2877 1254 2946 armiferos
1284 2876 1689 2946 archistrategos
1720 2875 1784 2940 “,

205 2977 257 3020 et
286 2983 619 3039 quaecunque
649 2967 755 3023 alia
792 2987 856 3024 ea:
878 2969 1094 3039 eloquiis
1131 2968 1277 3023 nobis
1321 2984 1470 3022 sacre
1507 2975 1555 3021 et
1589 2966 1790 3036 forma-

208 3059 381 3113 biliter
436 3060 491 3113 in
552 3061 799 3114 varietate
860 3060 1359 3129 manifestativorum
1436 3057 1788 3130 symbolarum

205 3151 406 3205 tradita
430 3161 566 3205 sunt.
613 3151 672 3206 In
716 3153 963 3208 erunibus
1010 3152 1168 3223 hujus
1193 3151 1238 3184 “
1287 3152 1492 3223 periodi
1540 3151 1672 3206 colis
1723 3149 1789 3214 “,

1888 1965 2068 2018 animo
2097 1973 2280 2018 nostro
2323 1961 2608 2017 consulens
2631 2002 2644 2025 ,
2688 1961 2895 2031 ipsique
2942 1961 3122 2014 animo
3155 1960 3371 2032 propria
3409 1968 3463 2013 et

1888 2055 2224 2110 connaturali
2258 2054 2569 2108 reductione
2593 2094 2606 2117 ,
2639 2068 2774 2120 quae
2807 2052 3054 2106 videlicet
3100 2051 3372 2120 ingeniose
3408 2051 3461 2105 in

1888 2144 2208 2215 imaginibus
2239 2161 2418 2199 rerum
2453 2143 2782 2198 sensibilium
2815 2142 3102 2206 formatur,
3133 2157 3272 2212 quae
3304 2142 3460 2197 nobis

1887 2241 2061 2294 adhuc
2088 2239 2140 2292 in
2168 2252 2329 2293 carne
2357 2236 2680 2292 constitutis
2709 2235 3087 2291 connaturales
3122 2244 3340 2306 prapter
3364 2235 3461 2290 de-

1887 2332 2014 2388 licta
2045 2339 2226 2386 nostra
2254 2330 2302 2362 "*
2324 2340 2469 2397 sunt,
2492 2331 2800 2401 providens,
2823 2330 2891 2383 ad
2917 2331 3114 2400 ipsum,
3143 2329 3241 2384 hoc
3265 2337 3370 2394 est,
3395 2327 3465 2383 ad

1889 2425 2057 2495 ipsius
2105 2423 2268 2478 animi
2317 2424 2706 2488 reductionem,
2743 2431 2957 2477 sanctas
3016 2420 3324 2491 Scripturas
3369 2435 3466 2477 an-

1888 2517 2158 2590 ag0gicas,
2190 2531 2401 2572 sursum
2434 2515 2638 2572 scilicet
2665 2516 2902 2570 animum
2931 2515 3206 2576 ducentes.
3253 2512 3469 2569 confor-

1888 2609 2073 2662 mavit.
2125 2608 2201 2662 Ac
2251 2607 2295 2662 si
2346 2616 2528 2678 aperte
2573 2607 2810 2662 diceret:
2862 2603 3321 2672 Quemadmodum
3376 2619 3466 2660 ars

1871 2689 2098 2768 poetica
2143 2713 2240 2768 per
2286 2696 2439 2752 ﬁctas
2489 2696 2696 2751 fabulas
2753 2695 3170 2766 allegoricasque
3218 2693 3469 2748 similitu-

1889 2788 2043 2842 dines
2073 2785 2326 2841 moralem
2363 2786 2658 2841 doctrinam
2685 2799 2777 2840 seu
2807 2784 3080 2856 physicam
3118 2783 3390 2852 componit
3419 2780 3467 2814 "

1890 2883 1956 2938 ad
1986 2883 2342 2936 humanorum
2365 2880 2665 2934 animorum
2694 2878 3171 2941 exercitationem,
3201 2877 3302 2931 hoc
3322 2875 3466 2930 enim

1889 2975 2165 3046 proprium
2213 2983 2296 3028 est
2344 2972 2682 3027 heroicorum
2734 2979 3049 3040 poetarum,
3097 2968 3188 3038 qui
3230 2968 3466 3021 virorum

1892 3063 2105 3119 fortium
2146 3063 2286 3117 facta
2327 3071 2380 3116 et
2413 3076 2590 3116 mores
2635 3059 2860 3131 ﬁgurate
2903 3058 3155 3112 laudant:
3198 3057 3270 3112 ita
3321 3057 3470 3112 theo-

1894 3156 2063 3226 logica
2101 3154 2266 3210 veluti
2316 3153 2578 3223 quaedam
2610 3152 2818 3221 poetria
2863 3158 3100 3204 sanctam
3132 3147 3467 3216 Scripturam

208 3242 339 3296 dum
375 3241 445 3296 sit
487 3243 778 3298 tetracolon
802 3285 816 3309 ,
867 3259 895 3297 a
944 3242 1311 3314 superioribus
1356 3242 1601 3312 aperitur
1634 3242 1792 3296 intel-
1819 3225 1865 3286 (ἶ
1897 3225 2602 3318 Ιὶειίεῐιιιεείιιειίοιιίὺυεεά
2623 3242 2924 3298 consultum
2943 3241 3112 3295 nostri
3135 3240 3372 3293 animiet
3394 3253 3471 3292 re-

207 3335 382 3391 lectus
424 3336 529 3391 sic:
582 3337 648 3393 Et
674 3345 861 3392 utnon
894 3337 1248 3406 imaginemus
1283 3335 1358 3400 ”,
1409 3346 1559 3390 rotas
1605 3336 1792 3406 igneas

209 3449 376 3504 super
395 3435 624 3501 caelum,
657 3436 758 3491 hoc
785 3443 885 3499 εει,
910 3437 963 3490 in
991 3435 1478 3506 supercaelestibus
1517 3433 1789 3498 essentiis,

211 3526 303 3580 ubi
340 3525 384 3558 "
409 3525 584 3581 nullus
607 3527 746 3598 ignis
769 3527 1037 3583 sensibilis
1065 3534 1168 3591 est,
1207 3534 1261 3580 et
1288 3533 1350 3579 ιιι
1397 3539 1502 3579 non
1533 3523 1793 3594 imagine-

211 3631 335 3672 mus
365 3615 409 3648 “
435 3617 633 3673 ibidem
664 3619 885 3673 thronos
911 3616 1236 3681 materiales,
1265 3616 1370 3670 hoc
1396 3622 1500 3680 est,
1533 3615 1687 3669 sedes
1726 3629 1794 3669 ex

212 3710 482 3779 corporali
514 3711 737 3765 materia
767 3709 1076 3776 fabricatas,
1103 3710 1169 3766 ad
1196 3710 1494 3766 recubitum
1519 3707 1795 3764 Divinitati

213 3802 584 3864 necessarios,
637 3801 782 3856 velut
817 3802 1122 3873 expressius
1170 3800 1495 3856 transfertur
1536 3811 1792 3870 opportu-

214 3909 315 3949 nos
349 3893 389 3926 ι’
415 3893 498 3949 vel
527 3902 825 3963 coaptatos,
858 3904 910 3948 et
936 3903 993 3948 ut
1021 3908 1127 3948 non
1154 3892 1509 3962 imaginemus
1535 3892 1579 3922 ’⁸
1608 3892 1660 3945 in
1687 3891 1796 3961 ερὶ-

215 3987 500 4044 ritualibus
531 3990 738 4043 naturis
767 3989 1054 4043 armiferos
1083 3988 1520 4058 archistrategos,
1551 3988 1649 4041 hoc
1676 3995 1793 4054 est,

217 4082 515 4151 armigeros
555 4081 721 4136 duces
760 4082 1062 4152 principum
1091 4079 1379 4135 exercitus.
1416 4081 1799 4153 Ἀρχιστρατη-

215 4177 306 4251 γός
330 4175 374 4206 ¹⁹
397 4177 538 4231 enim
565 4175 763 4230 dicit-ur
776 4176 924 4245 quasi
953 4178 1134 4252 ἀρχῶν
1152 4181 1241 4229 τοῦ
1264 4180 1490 4247 στρατοῦ
1511 4174 1708 4243 ἡγεμών
1729 4171 1795 4236 ⁹⁰,

218 4268 360 4339 quod
410 4276 534 4334 est,
582 4267 886 4337 principum
937 4266 1204 4320 exercitus
1242 4265 1367 4318 dux.
1419 4263 1534 4331 Quo
1582 4263 1799 4317 nomine

220 4360 594 4430 signiﬁcantur
643 4358 890 4413 caelestis
952 4357 1221 4411 exercitus
1264 4345 1565 4426 principum
1613 4355 1794 4409 duces.

219 4451 336 4505 Non
386 4453 548 4522 igitur
595 4450 932 4506 solummodo
958 4449 1226 4519 principes
1280 4447 1529 4504 caelestis
1575 4447 1798 4502 militiae

221 4550 367 4608 sunt,
398 4543 490 4597 sed
518 4543 686 4597 etiam
711 4542 960 4611 'ipsorum
989 4541 1291 4611 principum
1320 4541 1499 4596 duces.
1532 4538 1608 4593 Ne
1636 4539 1798 4609 igitur

1896 3343 2199 3398 ductionem
2229 3336 2598 3408 corporalibus
2625 3335 2874 3391 sensibus
2896 3333 3275 3396 exterioribus,
3305 3330 3468 3386 veluti

1896 3451 1962 3490 ex
1989 3433 2218 3504 quadam
2249 3431 2558 3501 imperfecta
2582 3429 2834 3500 pueritia,
2873 3427 2926 3482 in
2961 3442 3141 3482 rerum
3168 3424 3473 3495 intelligibl-

1897 3527 2026 3582 lium
2045 3525 2333 3596 perfectam
2359 3522 2739 3592 cognitionem,
2768 3529 3022 3589 tanquam
3051 3518 3104 3572 in
3125 3518 3396 3588 quandam
3427 3516 3473 3548 "

1896 3616 2170 3673 interioris
2194 3615 2238 3647 "'
2263 3614 2498 3669 hominis
2523 3611 2980 3684 grandaevitatem
3004 3607 3324 3665 conformat.
3354 3606 3472 3662 Non

1895 3721 2038 3776 enim
2093 3720 2139 3752 "
2205 3721 2470 3774 humanus
2511 3717 2722 3770 animus
2766 3722 2990 3784 prepter
3045 3711 3282 3767 divinam
3327 3709 3476 3766 Scri-

1895 3831 2112 3894 pturam
2173 3819 2349 3876 factus
2384 3829 2487 3884 est,
2545 3815 2694 3885 cujus
2756 3813 2905 3870 nullo
2961 3813 3122 3867 modo
3177 3812 3472 3883 indigeret,

1897 3924 2078 3980 sinon
2131 3929 2423 3992 peccaret;
2477 3919 2570 3973 sed
2630 3925 2852 3986 propter
2890 3917 3184 3972 humanum
3235 3915 3474 3970 animum

1897 4033 2080 4082 sancta
2110 4021 2389 4092 Scriptura
2419 4021 2472 4073 in
2497 4017 2728 4072 diversis
2750 4016 3008 4088 symbolis
3029 4027 3192 4087 atque
3213 4015 3476 4070 doctrinis

1898 4130 2149 4178 contexta
2184 4119 2228 4151 ’⁸
2258 4119 2463 4174 scilicet
2493 4125 2595 4181 est,
2626 4123 2684 4169 ut
2715 4130 2810 4184 per
2833 4115 3000 4184 ipsius
3027 4115 3474 4169 introductionem

1899 4222 2232 4281 rationabilis
2288 4229 2471 4276 nostra
2515 4227 2749 4284 natura,
2792 4232 2930 4286 quae
2976 4204 3362 4286 prevaricando
3411 4231 3478 4271 ex

1900 4325 2349 4396 contemplatione
2378 4320 2622 4377 veritatis
2667 4319 2815 4390 lapsa
2861 4325 2981 4383 est,
3029 4318 3218 4372 iterum
3264 4317 3319 4372 itt
3375 4317 3480 4388 pri-

1900 4434 2099 4491 stinam
2153 4444 2320 4501 purae
2382 4422 2850 4495 contemplationis
2897 4421 3245 4477 reduceretur
3294 4417 3475 4475 altitu-

1903 4537 2102 4593 dinem.

1831 4589 1878 4650 D

224 4633 347 4690 talis
392 4634 705 4705 imaginatio
747 4641 856 4686 tam
889 4632 1062 4686 inanis
1087 4642 1141 4684 et
1170 4639 1418 4702 proterva
1446 4631 1646 4685 nostris
1677 4631 1801 4685 sub-
1831 4615 1878 4650 ν
1979 4629 2078 4702 92.
2097 4626 2389 4696 Sequitur:
2417 4621 2478 4678 Si
2513 4622 2598 4676 cui
2629 4629 2800 4675 autem
2822 4618 3046 4684 videtur,
3073 4633 3252 4672 sacras
3272 4615 3483 4705 quidem

221 4725 451 4795 repserit
478 4704 859 4789 intellectibus,
906 4739 1066 4794 super
1089 4723 1270 4778 omnia
1303 4723 1556 4788 visibilia,
1586 4723 1801 4778 veritati
1909 4723 2066 4791 recipi
2116 4715 2509 4790 compositiones
2557 4723 2807 4784 tanquam
2838 4710 3153 4781 simplicium
3198 4707 3254 4760 in
3301 4704 3486 4776 seipsis

221 4831 403 4871 rerum
457 4814 873 4888 intelligibilium
923 4814 1201 4871 dissimilia
1250 4814 1521 4887 symbola,
1569 4829 1638 4869 ne
1705 4829 1802 4884 pro
1909 4815 2304 4885 ignotorumque
2345 4809 2492 4865 nobis
2540 4816 2589 4862 et
2641 4803 3172 4877 incontemplabilium
3207 4800 3490 4856 subsisten-

1529 4925 1782 4983 VARIAE
1825 4924 2226 4983 LECTIONES.

294 5053 312 5083 ί
337 5049 445 5120 ⁴δίε
475 5049 516 5104 C
535 5056 591 5103 et
614 5063 758 5102 corr.
789 5043 874 5120 B‘,
905 5046 993 5100 ΛΒ
1023 5042 1273 5120 uolantes.
1312 5113 1330 5120 Δ
1375 5042 1692 5120 :_B'nmarg.
1721 5042 1898 5120 adscr.
1927 5040 2063 5120 quod
2080 5036 2640 5120 .similitudine‘anuae
2658 5031 2798 5116 ﬁunt
2819 5028 2876 5120 in
2884 5025 3177 5120 “spiritibus
3211 5023 3494 5120 ligari/ﬂii:-

224 5091 1273 5192 rumfii’un’tvin‘inist'enio'
1311 5113 1342 5192 ’_
1374 5091 1467 5168 Sic
2037 5091 2366 5192 phantasica,
2401 5102 2446 5157 B
2469 5091 2726 5187 'fa'ntasi'a.
2768 5170 2793 5192 Δ
2825 5091 3158 5192 *ἐξεπιδί
3204 5091 3500 5192 ἑξ.

226 5162 858 5259 3535;}!'E'Zoéiiliiﬁﬁé;
893 5162 1224 5240 “ius;
1278 5162 2000 5224 Max:.;.:;:;:.n.;.;..;.n.
2729 5170 2793 5206 ημι
2842 5168 3159 5202 summ-um
3211 5162 3496 5202 ιηιηηάπηυ

224 5263 523 5314 η”γμΙιοοεηρ
547 5264 597 5300 in
631 5263 819 5294 ονιλνεορι
