3984 5528
565 357 665 415 147

1652 361 2056 420 EXPOSITION
2065 362 2148 418 ES
2185 360 2303 418 10A
2313 361 2470 417 NNlS
2507 355 2706 419 SCOTI
3743 372 3829 428 ηε

562 468 716 547 tium,
749 479 1162 534 inconvenientes
1197 493 1318 533 vero
1361 479 1601 533 aestimat
1643 489 1947 533 sanctorum
1994 476 2147 532 intel-
2173 482 2222 541 Α
2251 475 2380 531 Etsi
2408 475 2519 541 ille,
2551 476 2743 546 inquit,
2775 477 2865 549 qui
2896 483 3115 535 sanctae
3147 477 3460 552 Scripturae
3490 483 3829 556 imaginatio-

559 573 785 629 lectuum
825 574 879 626 in
930 571 1148 644 eloquiis
1201 585 1379 626 sacros
1425 573 2144 644 descriptiones.'l‘ostquam

559 664 906 735 reprehendit
955 677 1086 730 eos,
1141 665 1230 734 qui
1282 665 1461 720 divina
1534 666 1774 737 symbola
1827 667 2142 736 divitiasque

557 758 988 829 imaginationes,
1019 757 1214 830 quibus
1241 768 1425 814 sancta
1451 759 1728 829 Scriptura
1777 773 1997 831 propter
2044 775 2141 817 nos

556 850 800 909 ceufecta
833 859 936 919 est,
968 853 1256 908 carnaliter
1286 870 1347 909 ac
1392 855 1621 926 turpiter
1650 855 1939 924 accipiunt,
1993 854 2138 909 arbi-

556 956 762 1002 trames
785 948 896 1017 ipsa
919 946 1156 1017 symbola
1187 947 1435 1018 ipsasque
1462 948 1874 1017 in'tagiuatioues
1919 963 2096 1018 neque
2119 949 2136 980 ¹

555 1038 969 1110 imaginatioues
1000 1055 1119 1096 esse
1143 1055 1238 1094 nec
1257 1039 1517 1110 symlmla,
1536 1040 1627 1094 sed
1649 1041 1790 1110 ipsas
1804 1041 2140 1110 supercaele-

552 1144 661 1188 stes
675 1134 898 1190 virtutes
914 1147 1008 1205 per
1024 1133 1307 1204 seipsasdn
1327 1135 1436 1188 suis
1453 1135 1683 1204 propriis
1700 1134 2137 1204 naturalil'ntsque

551 1225 757 1288 formis,
806 1239 946 1297 quae
987 1243 1015 1280 a
1065 1227 1344 1282 conditore
1391 1228 1628 1282 ontnium
1673 1227 1847 1281 factae
1892 1238 2036 1290 sunt,
2081 1227 2135 1284 in

548 1317 828 1386 spiritibus
868 1317 1181 1387 apparuisse
1225 1317 1582 1388 propheticis,
1627 1318 1700 1371 ita
1731 1328 1788 1371 ut,
1835 1318 2036 1372 nullum
2079 1319 2131 1372 in

547 1411 678 1480 ipsis
714 1409 1140 1480 :q'iparitiouilms
1181 1412 1463 1483 mysticum
1491 1421 1539 1465 et
1578 1412 1925 1482 allegorieum
1957 1411 2132 1482 inqui-

546 1515 720 1569 ratur,
755 1505 846 1560 sed
881 1505 1045 1560 veluti
1079 1505 1215 1559 nuda
1243 1507 1506 1574 (praedam
1551 1514 1602 1558 et
1643 1504 1868 1575 simplex
1908 1505 2131 1560 historia

548 1617 722 1653 rerum
756 1601 1074 1654 naturaliter
1106 1598 1390 1664 factarum,
1434 1600 1698 1652 convertit
1741 1615 1798 1653 se
1843 1599 2129 1670 perspicax

542 1692 800 1760 magister
836 1697 890 1744 et
934 1691 1042 1761 agit
1087 1693 1345 1744 adversus
1371 1708 1480 1751 eos,
1508 1691 1597 1760 qui
1643 1707 1745 1744 nou
1791 1702 2003 1761 negant,
2034 1692 2128 1746 sed

543 1783 699 1850 plane
749 1781 1106 1847 arbitrantur,
1141 1793 1357 1836 sanctas
1403 1782 1728 1850 conquisitas
1773 1779 2125 1837 formationes

2248 580 2343 622 nes
2365 568 2565 623 sanctis
2595 561 2950 625 lntellectibus
2971 569 3229 640 angelicis
3251 573 3694 632 inconvenientes
3715 592 3830 635 esse

2245 660 2538 727 existimat,
2581 661 2874 732 theologos,
2908 662 3177 734 perfectos
3207 666 3473 734 videlicet,
3514 665 3641 724 dum
3671 685 3739 725 ex
3760 669 3830 726 al-

2247 752 2474 808 titudine
2503 751 2716 810 divinae
2745 751 3214 826 contemplationis
3241 757 3574 816 descendunt
3608 761 3678 816 ad
3708 778 3825 817 cor-

2245 851 2462 914 poream
2512 847 2802 915 facturam,
2848 847 3163 921 torporilnts
3203 843 3243 883 ³⁵
3276 849 3524 909 videlicet
3574 854 3826 924 similem,

2244 937 2620 993 universaliter
2665 939 3104 1011 iucorporalium,
3136 941 3235 999 hoc
3278 951 3381 1011 est,
3407 943 3630 1002 ommno
3662 946 3831 1004 incor-

2241 1029 2505 1097 poralium
2547 1032 2839 1098 virtulmn,
2885 1031 3125 1090 volentes
3180 1027 3230 1090 In
3288 1035 3609 1107 quibusdam
3677 1037 3828 1096 simi-

2240 1122 2556 1180 litudinibus
2584 1141 2761 1181 rerum
2787 1127 3145 1194 sensibilium,
3175 1129 3316 1198 quod
3343 1139 3560 1185 sensum
3591 1139 3824 1202 superat,

2240 1216 2566 1286 significare,
2624 1219 2874 1275 debuisse
2918 1236 3001 1285 ea,
3038 1216 3393 1292 incorporalia
3427 1222 3661 1289 scilicet,
3703 1238 3824 1294 pro-

2237 1311 2369 1378 priis
2424 1318 2516 1377 et,
2570 1320 2832 1383 quantmu
2889 1313 3144 1384 possibile
3210 1313 3289 1370 eis
3341 1314 3604 1387 theologis
3653 1327 3825 1384 esset,

2236 1405 2480 1476 cognatis
2514 1404 2556 1436 ¹³
2586 1447 2600 1470 ,
2646 1406 2746 1460 hoc
2799 1416 2882 1460 est
2927 1407 3366 1462 conuaturalibus
3416 1407 3827 1479 ﬁgurationibus

2235 1496 2473 1553 formare
2501 1497 2564 1552 νο.
2601 1497 2769 1555 Vacat
2801 1499 2846 1531 ¹⁵
2878 1499 3021 1554 enim
3069 1518 3121 1554 re
3167 1497 3221 1554 in
3275 1501 3376 1556 hoc
3426 1499 3541 1557 loco
3575 1543 3591 1567 ,
3635 1513 3690 1556 et
3731 1519 3825 1572 pro

2237 1589 2472 1647 formare
2519 1591 2805 1662 reformare
2837 1594 3033 1664 posuit.
3090 1589 3348 1649 Formarc
3394 1594 3612 1666 quidem
3658 1597 3822 1665 prius,

2234 1683 2286 1738 in
2311 1685 2590 1754 spiritibus
2621 1685 2752 1751 suis,
2781 1685 2832 1740 in
2876 1687 3073 1756 quibus
3103 1685 3524 1757 primordialiter
3547 1687 3716 1742 veluti
3754 1689 3823 1741 vi.

2234 1775 2414 1830 sibilos
2475 1773 2839 1846 angelicarum
2899 1779 3159 1833 virtutum
3219 1781 3430 1850 species
3475 1779 3822 1836 administra-

539 1873 751 1929 divinae
784 1875 1097 1945 Seripturae
1134 1876 1184 1930 in
1221 1877 1384 1945 figura
1430 1876 1750 1946 simplicium
1801 1877 2128 1930 substantia-
2159 1868 2203 1926 B
2236 1869 2378 1923 tione
2407 1868 2450 1899 ¹⁶
2491 1867 2655 1924 divini
2689 1881 2853 1925 nutus
2887 1865 3218 1941 figurantur;
3262 1866 3530 1942 Ροδῐθΐῖυδ
3560 1886 3690 1926 Vero
3715 1886 3825 1927 111³⁸

539 1986 676 2036 rum,
710 1985 847 2040 quae
878 1985 974 2039 per
1004 1971 1211 2041 seipsas
1254 1969 1273 1998 ²
1306 1969 1610 2039 incognitae
1658 1977 1710 2023 et
1741 1968 2126 2039 iucontcmpla-

536 2063 670 2116 biles
702 2062 857 2117 nobis
894 2072 1040 2126 sunt,
1094 2062 1428 2133 recipiendas
1478 2074 1530 2114 ct
1579 2061 1952 2132 intelligendas
1982 2076 2120 2126 esse,

535 2155 976 2210 inconvenientes
1005 2165 1183 2209 autem
1211 2156 1544 2210 arbitrantur
1576 2156 1709 2209 tales
1733 2154 2124 2224 descriptiones

533 2253 846 2300 Sanctorum
915 2245 1279 2300 intellecturum
1338 2247 1389 2300 in
1443 2249 1645 2300 sanctis
1695 2247 1922 2315 eloquiis
1983 2247 2118 2301 fieri.

534 2337 700 2391 Aiunt
733 2339 874 2392 enim
905 2357 915 2391 :
948 2335 1064 2392 Non
1106 2340 1390 2408 oportebat
1428 2339 1724 2409 theologos,
1773 2341 1872 2394 hoc
1903 2348 2005 2403 cst,
2045 2341 2123 2395 di-

532 2428 684 2481 vinos
715 2427 1004 2498 prophetas
1045 2437 1150 2483 tam
1185 2429 1498 2485 inhonestus
1531 2440 1583 2484 et
1625 2429 1876 2485 confusas
1923 2431 2121 2502 longis-

531 2517 774 2588 simeque
804 2511 1110 2574 'distantes
1166 2522 1521 2574 sanctorum‘
1555 2521 1920 2575 intellectuum
1976 2523 2117 2576 veri-

531 2622 641 2670 tate
673 2615 843 2672 sacris
872 2615 1068 2670 litteris
1107 2615 1488 2670 commendare
1526 2615 1954 2686 descriptiones;
1991 2634 2120 2686 pro-

523 2707 643 2778 prie
663 2707 925 2780 siquidem
953 2709 1249 2780 descriptio
1272 2707 1466 2765 dicitur
1487 2709 1778 2765 formarum
1806 2709 2120 2779 imaginatio

527 2799 799 2854 simillima
836 2801 942 2866 his,
987 2818 1215 2872 quormn
1267 2801 1557 2872 descriptio
1610 2811 1728 2866 est;
1784 2819 1881 2856 uec
1930 2803 2008 2857 sic
2065 2804 2118 2857 in

527 2893 803 2963 Splt‘ililtlts
831 2909 1018 2949 eorum
1056 2911 1332 2966 apparere
1376 2896 1571 2950 debere
1603 2895 1652 2961 ⁸;
1684 2907 1736 2950 et
1766 2895 1830 2949 ad
1878 2897 1978 2952 hoc
2024 2895 2120 2950 du-

526 2993 740 3048 cuntur,
771 2993 824 3038 ut
857 2999 951 3054 per
987 2985 1375 3056 descriptiones
1412 2987 1627 3041 divinae
1655 2986 1970 3056 Seripturae
2014 3003 2117 3042 non

525 3085 739 3130 sauctos
770 3075 1148 3150 [arbitrentur]
1170 3079 1188 3108 ⁸
1213 3078 1516 3134 intellectus
1546 3079 1909 3149 accipiendos,
1931 3096 2116 3134 verum

525 3169 687 3223 etiam
721 3171 984 3238 quosdam
1036 3172 1257 3226 humani
1307 3173 1474 3226 animi
1519 3173 1867 3227 rationabiles
1915 3182 2114 3239 motus,
2151 3221 2164 3239 _.

522 3264 566 3319 si
619 3265 1010 3335 descriptiones
1049 3266 1306 3322 honestae
1349 3268 1479 3332 sint,
1519 3269 1781 3337 quosdam
1815 3283 1942 3322 vero
1974 3269 2114 3322 irra-

526 3356 833 3422 tionabiles,
883 3358 926 3411 si
971 3366 1154 3427 turpes
1187 3369 1345 3428 atque
1383 3360 1666 3424 confusae,
1701 3362 1765 3413 de
1820 3360 2056 3415 motibus
2088 3361 2106 3392 ⁷

525 3453 728 3507 nostris
772 3453 952 3506 omnia
1000 3453 1344 3523 interpretari
1393 3464 1670 3509 conantes.
1704 3454 1760 3508 Si
1797 3456 1995 3524 itaque,
2031 3457 2115 3508 in-

522 3542 656 3614 quit,
689 3537 844 3596 alicui
872 3543 1102 3607 videtur,
1137 3544 1334 3599 multos
1381 3547 1432 3598 in
1463 3560 1568 3599 uno
1591 3543 1612 3575 ’³
1635 3531 2004 3609 cenformans,
2030 3560 2113 3598 sa-

522 3649 643 3688 cras
675 3634 1094 3704 compositiones
1124 3653 1228 3689 non
1262 3644 1480 3705 propter
1508 3651 1564 3690 se
1610 3637 1752 3706 ipsas
1803 3636 1967 3705 recipi
2015 3625 2108 3689 dc—

522 3727 667 3790 bere,
709 3727 798 3781 sed
853 3737 1072 3797 propter
1121 3729 1384 3797 quaedam
1422 3727 1683 3798 simplicia
1737 3729 1998 3798 nobisque
2027 3727 2108 3782 in-

521 3821 734 3889 cognita
783 3829 836 3875 et
885 3817 1213 3886 invisibilia,
1262 3823 1462 3876 sanctis
1515 3831 1693 3875 :mtem
1749 3821 2110 3878 intellectibus

520 3913 740 3967 omnino
781 3929 884 3967 non
918 3915 1228 3979 convenire,
1261 3913 1437 3968 adhuc
1471 3913 1692 3969 dicens:
1739 3911 1800 3967 Et
1833 3930 2001 3978 omne,
2035 3915 2109 3968 sic

518 4005 709 4069 dicere,
754 4007 942 4059 durant
986 4006 1081 4060 hoc
1113 4007 1465 4076 angeliearum
1512 4007 1778 4061 nominum
1826 4006 2103 4061 theatrum.

520 4095 633 4152 Hoc
663 4105 779 4152 est:
814 4098 879 4151 Et
910 4097 952 4152 si
987 4098 1161 4153 eidem
1193 4099 1407 4152 videtur
1453 4098 1517 4152 de
1561 4099 1730 4152 sacris
1758 4098 2107 4166 compositio-

517 4192 674 4246 nibus
707 4191 784 4246 sic
826 4192 1107 4246 dieeudum
1141 4203 1156 4245 ε
1189 4205 1352 4246 omne
1381 4192 1484 4245 hoc
1522 4192 1887 4258 angelicorum
1930 4189 2106 4244 uomi-

518 4299 643 4336 num
693 4284 963 4336 theatrum
1013 4284 1202 4336 durum
1250 4291 1304 4337 et
1351 4283 1735 4336 inconveniens
1777 4292 1859 4336 est
1902 4281 2106 4336 sanctis

517 4376 901 4442 intellectibus,
927 4387 981 4431 et
1002 4378 1122 4446 plus
1145 4378 1412 4432 theatrica
1433 4387 1487 4430 et
1513 4385 1853 4431 monstruosa
1886 4376 2106 4446 ﬁgmen-

517 4476 588 4530 ta,
623 4484 785 4538 quam
828 4469 1302 4537 supercaelestium
1344 4470 1698 4522 essential-um
1747 4467 2103 4536 signilieativa

2233 1962 2512 2028 nifestare,
2543 1961 2738 2018 divinis
2776 1960 3027 2019 videlicet
3071 1962 3283 2037 scriptis
3327 1963 3393 2017 ad
3434 1973 3682 2020 nostrum
3711 1963 3823 2023 ani-

2233 2074 2380 2111 mum
2432 2057 2786 2112 erudiendum
2843 2058 3123 2112 mundare.
3153 2055 3269 2113 Non
3309 2074 3373 2112 ex
3409 2059 3611 2116 vilibus
3657 2067 3826 2117 mate-

2230 2152 2440 2206 rialium
2475 2168 2654 2206 rcrmn
2681 2151 2892 2218 formis,
2923 2153 3069 2206 verbi
3104 2151 3300 2223 gratia,
3334 2153 3588 2218 hominis,
3634 2141 3821 2220 leonis,

2227 2257 2639 2316 ceterorumque
2670 2247 2952 2316 speciebus
2981 2245 3315 2313 animalium,
3348 2263 3485 2316 quae
3511 2247 3576 2301 de
3611 2257 3821 2302 terrena

2228 2339 2521 2408 luuuilique
2571 2339 2670 2394 hac
2707 2338 2770 2370 ¹⁶⁶
2793 2337 2967 2408 fragili
3001 2339 3224 2392 materia
3273 2339 3486 2392 condita
3533 2349 3687 2403 sunt,
3719 2355 3819 2392 non

2226 2448 2291 2486 ex
2336 2432 2436 2496 his,
2482 2433 2722 2501 inquam,
2760 2431 2989 2500 theologi
3043 2431 3356 2486 debuissent
3400 2431 3816 2501 incorporalium

2227 2523 2606 2586 similitudines
2641 2524 2838 2578 facere.
2885 2523 3017 2592 ipsis
3059 2523 3098 2553 ”
3130 2523 3394 2591 siquidem
3422 2523 3707 2593 prophetis
3734 2526 3818 2577 de.-

2227 2626 2379 2688 putat
2418 2617 2675 2681 \'isiones,
2708 2632 2843 2684 quas
2878 2615 3051 2687 angeli
3097 2616 3147 2669 in
3196 2616 3474 2686 spiritibus
3501 2632 3696 2672 eorum
3734 2618 3817 2671 de-

2226 2711 2492 2776 serilnuu,
2525 2710 2617 2764 sed
2640 2726 2702 2764 ex
2724 2710 2825 2775 his,
2861 2725 2999 2778 quae
3023 2725 3120 2763 nos
3143 2710 3518 2765 existimamus
3545 2711 3816 2781 pretiosis-

2224 2803 2358 2859 sima
2393 2818 2455 2857 ac
2493 2801 2651 2857 veluti
2704 2801 3105 2866 immaterialia,
3156 2818 3222 2858 ex
3268 2801 3813 2865 acthereafvidelicet

2225 2897 2490 2968 igneaquc
2519 2903 2730 2958 natura,
2764 2903 2927 2966 atque
2962 2894 3200 2956 caelesti,
3234 2909 3370 2964 quae
3397 2893 3810 2963 supercaelesti-

2223 2989 2324 3044 bus
2355 2989 2677 3044 substantiis
2709 2987 2953 3058 proxima
2981 2995 3143 3057 atque
3170 2987 3345 3041 vicina
3375 2993 3458 3042 est
3501 2987 3558 3041 in
3587 2995 3809 3051 tantum.

2224 3095 2282 3140 ut
2307 3101 2413 3140 non
2447 3084 2718 3140 immerito
2744 3083 2967 3152 spiritus
3006 3082 3290 3145 vocitetur,
3333 3081 3590 3150 quoniam
3640 3082 3811 3138 incor-

2223 3179 2499 3250 poralibus
2527 3193 2632 3233 non
2664 3177 2959 3244 incongrue
2988 3175 3272 3245 Spit-ilibus
3308 3173 3500 3229 similis
3523 3183 3630 3230 est.
3677 3175 3812 3243 Quo-

2220 3274 2381 3329 modo
2406 3282 2459 3327 et
2482 3271 3012 3342 supereminentihus
3048 3269 3089 3300 ¹⁸
3125 3269 3400 3332 essentiis,
3429 3268 3573 3323 velut
3603 3283 3812 3340 expres-

2218 3367 2330 3422 sius
2364 3366 2709 3429 transfertur,
2759 3363 3034 3433 quomodo
3065 3371 3121 3415 et
3162 3359 3687 3432 supereminentium
3728 3376 3807 3416 es-

2221 3458 2541 3523 sentiarum,
2573 3472 2637 3511 eo
2682 3456 2889 3511 scilicet.
2927 3455 3107 3520 modo,
3153 3470 3259 3524 quo
3288 3453 3806 3523 superemincntium

2216 3549 2450 3606 essentia
2463 3565 2577 3603 rmn
2610 3548 2870 3618 imagines
2899 3546 3011 3600 fieri
3041 3555 3272 3615 oportet.
3313 3543 3611 3616 Propterea
3640 3544 3810 3616 sequi-

2221 3652 2308 3698 tur
2334 3659 2346 3698 :
2379 3641 2446 3695 Et
2481 3658 2583 3694 non
2611 3639 2918 3693 caelestibus
2949 3649 2994 3691 et
3019 3637 3362 3706 dei/omnbus
3385 3637 3809 3704 simplicitatibm

2217 3745 2450 3790 terrenas
2480 3733 2784 3787 novissimos
2807 3732 3206 3800 circumpositas
3229 3730 3706 3801 multiformitatcs.
3735 3731 3808 3786 Ac

2214 3827 2257 3880 si
2287 3826 2516 3888 diceret,
2541 3839 2644 3878 non
2670 3823 2865 3878 debere
2883 3823 3160 3891 theologos
3189 3821 3514 3876 caelestibus
3545 3831 3804 3884 terrenas,

2216 3928 2270 3974 et
2297 3917 2650 3972 deiformibus
2687 3918 2979 3972 vilissimas
3012 3916 3282 3986 totiusque
3311 3924 3600 3970 creaturae
3633 3915 3676 3947 ¹⁹
3719 3932 3806 3971 ex-

2215 4023 2436 4072 tremas,
2483 4019 2539 4063 et
2575 4008 2910 4078 simplicibus
2943 4009 3274 4078 compositas
3299 4006 3607 4063 assimilare
3637 4006 3804 4063 multi-

2212 4101 2536 4156 formitates.
2575 4101 2879 4154 Debuerant
2929 4100 2973 4130 ²⁰
3019 4100 3163 4153 enim
3189 4098 3450 4154 caelestes
3488 4114 3590 4170 per
3637 4099 3804 4154 caele-

2213 4194 2348 4255 stia,
2387 4192 2674 4247 deiformcs
2713 4205 3073 4261 pcrsmumas
3121 4189 3277 4255 hujus
3325 4190 3508 4244 nmudi
3555 4203 3798 4253 naturas,

2215 4287 2593 4355 simplicitates
2638 4283 2961 4353 simplicium
2988 4299 3084 4353 per
3115 4284 3376 4355 simplicia
3418 4284 3693 4341 elementa
3736 4285 3800 4339 si-

2213 4378 2492 4449 gniticare.
2516 4376 2628 4430 Hoc
2655 4377 2862 4445 quidem
2887 4386 2931 4428 et
2951 4389 3184 4430 nostrum
3210 4376 3484 4430 sublimius
3507 4375 3799 4445 futurum“

2211 4479 2360 4523 esset.
2406 4467 2581 4521 Veluti
2623 4467 2866 4523 diceret:
2905 4464 2960 4520 Si
3015 4467 3115 4520 hoc
3162 4463 3393 4536 theologi
3439 4465 3720 4530 fecissent,
3754 4465 3800 4520 id

515 4560 803 4631 iudicanda
831 4570 974 4616 sunt.
1006 4561 1385 4633 Angelicorum
1425 4570 1605 4616 autem
1639 4562 1914 4614 norninum
1949 4561 2098 4622 dicit,
2131 4601 2182 4663 Β
2209 4570 2310 4626 est,
2342 4561 2385 4616 si
2413 4576 2479 4616 ex
2525 4559 2844 4614 sublimibus
2879 4556 3038 4625 hujus
3086 4557 3266 4612 mundi
3311 4558 3520 4611 naturis
3551 4558 3800 4613 sublimes

514 4653 618 4710 hoc
641 4653 1124 4724 est,augelicarum
1156 4653 1449 4725 imaginum
1493 4653 1801 4707 nominibus
1841 4652 2100 4723 praelitu-

513 4744 676 4800 latur.
699 4745 764 4798 Et
793 4746 1050 4812 debuisse,
1083 4748 1178 4812 ait,
1218 4747 1483 4816 theologos
1503 4745 1571 4799 ad
1598 4762 1901 4814 corpoream.
1934 4746 2105 4814 factu-

515 4854 628 4893 ram
658 4839 677 4870 9
709 4841 1073 4894 universaliter
1104 4839 1511 4910 incorporalium
1563 4842 1841 4903 venientes,
1877 4839 2103 4909 propriis

512 4938 850 5002 et,quantum
874 4933 1116 5002 possibile
1142 4932 1205 4996 ¹⁰,
1231 4933 1464 5002 cognatis
1492 4931 1530 4961 “
1564 4931 1849 5000 reformare
1864 4933 1908 4983 ei
1932 4930 2102 4984 mani-

516 5019 706 5094 festare
740 5023 1142 5094 ﬁguratiottibus
1190 5037 1253 5079 ea:
1298 5021 1438 5094 apud
1482 5039 1574 5078 nos
1626 5023 2013 5092 pretiosissimis
2056 5032 2104 5076 et

513 5116 946 5172 immaterialibus
967 5117 1229 5188 quomodo
1254 5127 1302 5172 et
1327 5117 1826 5187 supereminentibas
1847 5116 2101 5171 essentiis.

2215 4655 2573 4726 imaginareut
2606 4652 2931 4716 intellectus,
2970 4651 3208 4706 futurmu
3231 4659 3376 4705 esset
3407 4650 3681 4720 profecto,
3716 4667 3800 4706 no—

2213 4758 2385 4803 strum
2418 4748 2660 4801 animum
2687 4745 2971 4801 sublimius
3009 4745 3060 4797 in
3097 4743 3461 4814 cognitionem
3509 4758 3692 4798 rerum
3725 4744 3796 4796 in-

2217 4839 2570 4909 telligibilium
2592 4836 2840 4892 exaltari.
2869 4835 2930 4888 Et
2951 4834 3400 4903 supermundanas
3418 4835 3796 4902 mani/estutro-

2214 4952 2300 4988 nes
2329 4950 2428 4986 non
2455 4931 2729 4984 deduceret
2760 4931 2814 4982 in
2834 4927 3305 4982 inconvenienles“
3323 4926 3793 4988 dissimilitudines,

2210 5027 2354 5080 velut
2388 5023 2696 5094 expressius
2720 5027 2899 5091 potest
2929 5018 3212 5073 transferri
3249 5037 3262 5072 :
3303 5019 3356 5072 in
3389 5018 3654 5073 obscuras
3687 5017 3791 5069 dis-

2209 5113 2608 5173 similitudines.
2660 5112 2771 5168 Hoc
2816 5119 2943 5166 est:
2987 5126 3091 5164 non
3145 5109 3316 5165 solum
3363 5117 3505 5165 esset
3537 5107 3785 5170 futurum,

1794 5252 2048 5308 vanus
2090 5249 2491 5321 LECTIONES.

552 5344 603 5426 .¹
641 5343 729 5397 AC
757 5360 867 5426 nec.

510 5426 680 5469 ωαηι.

514 5485 548 5528 ﬁ
557 5501 630 5522 ⁸³⁸⁸³
639 5505 667 5528 Ἰ
674 5503 703 5528 η
710 5504 732 5528 Ω

972 5345 992 5373 ³
1025 5343 1065 5396 Β
1093 5342 1266 5410 Ipsos.

831 5486 851 5516 9
881 5486 917 5528 Β
936 5497 1236 5528 earnm-pum
1269 5485 1368 5522 κὴ·-

1483 5344 1800 5417 longissime,
1827 5344 1868 5400 (ἶ
1900 5346 2262 5417 legittimeque.
2313 5407 2325 5417 O

777 5415 796 5444 “'
831 5415 1304 5500 ptjitrenturom;
1328 5414 1478 5478 ABG,
1505 5415 1682 5496 addidi
1725 5431 1790 5469 ex
1809 5416 1946 5480 conj.
2024 5417 2042 5446 ⁷
2072 5414 2225 5471 Corr.
2281 5414 2359 5468 Ii".
2415 5414 2538 5462 Att"

2361 5343 2380 5375 ’⁵
2413 5343 2504 5398 Sic
2531 5341 2638 5405 AB,
2669 5339 2766 5413 Ca
2801 5346 3023 5387 struck“
