3984 5538
517 393 617 454 151
681 383 685 387 ’

1615 384 2116 444 EXPOSITIONES
2147 384 2434 445 JOANNlS
2471 383 2671 443 SCO'I‘I

3686 384 3789 442 15!

514 511 787 589 possibiles
833 509 981 566 nobis
1010 506 1351 581 formationes
1404 506 1751 580 praetendunt
1790 505 2101 577 informium
2133 509 2179 570 Α
2207 504 2430 575 dignus;
2469 502 2839 574 corrumpitur
2877 500 3073 574 quippe
3101 500 3284 558 multis
3331 499 3547 557 delictis
3580 498 3789 556 fallaci-

516 602 1098 678 supernaturaliumque
1138 600 1154 632 ³
1186 598 1603 669 speculationum
1635 598 1678 652 ⁸.
1732 597 1813 652 Ac
1863 596 1909 652 si
1954 597 2103 651 dice-

516 706 647 753 ret:
684 693 857 752 Nemo
887 702 1036 749 recte
1079 691 1494 763 intelligentiam
1534 690 1753 757 dixerit,
1795 705 1957 745 unam
1987 689 2104 744 sin-

520 788 889 861 gularemqueg
936 793 1347 856 procuratarum
1398 782 1420 813 ³
1464 781 1860 838 ΐοηηθνιιηιθῑ
1904 780 2103 853 figura-

510 897 640 944 rum
669 879 692 911 δ
744 878 1058 935 informium
1104 875 1500 940 intellectuum,
1527 874 1935 944 carentiumque
1966 872 2102 944 ligu-

517 971 600 1027 ris
646 984 885 1037 causam,
913 982 1054 1033 esse,
1111 975 1353 1022 nostram
1405 965 1656 1022 videlicet
1701 964 2104 1036 proportionem

520 1064 700 1120 adhuc
735 1063 1008 1119 infirmam
1034 1069 1090 1116 et
1115 1060 1422 1125 mortalem,
1453 1074 1518 1115 ac
1543 1074 1640 1131 per
1661 1060 1762 1113 hoc
1786 1073 1896 1114 non
1919 1057 2105 1113 valen-

521 1166 632 1213 tem
660 1158 867 1227 absque
906 1155 1084 1225 aliqua
1121 1156 1414 1212 medietate
1455 1154 1774 1225 interposita
1815 1156 1882 1210 ad
1924 1153 2107 1210 invisi-

518 1249 657 1307 biles
682 1249 984 1304 divinorum
1013 1249 1316 1304 animorum
1357 1248 1653 1304 ascendere
1692 1247 2106 1318 contemplatio-

517 1355 637 1397 nes.
689 1339 918 1409 Semper
957 1340 1233 1395 desiderat
1261 1339 1283 1371 ⁸
1329 1339 1580 1409 proprias
1621 1348 1677 1395 et
1723 1338 2106 1396 coniiaturales

517 1432 618 1489 sibi
642 1431 976 1488 sensibilium
1004 1431 1295 1502 imaginum
1324 1431 1792 1497 manuductiones,
1819 1446 1957 1500 quae
1976 1447 2100 1488 cum

521 1523 633 1575 sint
659 1522 945 1591 possibiles
994 1522 1150 1577 nobis
1188 1522 1256 1577 ad
1304 1522 1689 1593 cognitionem,
1720 1525 2101 1592 praetendunt,

518 1614 623 1669 hoc
652 1623 758 1679 est,
788 1615 939 1684 prius
965 1614 1122 1669 nobis
1166 1615 1464 1670 ostendunt
1511 1614 1887 1679 formationes,
1918 1614 2106 1685 imagi-

518 1723 617 1764 nes
645 1708 911 1778 profecto,
937 1710 1274 1777 informium,
1297 1711 1602 1767 carentium
1633 1711 1881 1768 videlicet
1909 1711 2101 1780 forma,

518 1803 1117 1874 supernaturaliumque
1195 1805 1724 1877 cogitationibusque
1780 1807 1801 1839 ⁶
1857 1817 2106 1879 gravata-

2211 597 2419 666 busque
2461 594 2900 667 cogitationibus.
2942 591 3127 663 Neque
3163 593 3440 658 omnibus,
3477 600 3538 646 ut
3578 592 3794 648 divinae

2208 690 2496 761 perhibent
2523 687 2836 758 Scripturae
2865 686 2930 751 ¹⁶,
2959 686 3278 742 conceditur
3301 699 3515 742 summa
3542 684 3792 741 scientia.

2210 782 2276 838 Et
2296 798 2402 837 non
2435 782 2539 837 hoc
2567 780 2784 837 divinae
2804 779 3064 836 bonitatis
3093 779 3391 849 imputatur
3415 778 3679 850 largitati,
3706 778 3796 835 sed

2207 877 2446 948 pollutae
2492 874 2689 931 meritis
2730 874 2973 929 tarditati
3010 888 3076 929 ac
3114 871 3527 928 malevolentiae
3561 870 3631 937 ι’,
3663 871 3801 926 sicut

2209 971 2470 1039 scriptum
2503 967 2547 1000 ³⁸
2572 976 2698 1022 est:
2735 986 2753 1019 ‹
2788 966 2841 1022 in
2874 965 3177 1022 malivolam
3219 964 3457 1020 animam
3490 979 3598 1019 non
3637 963 3800 1018 intrat

2208 1063 2474 1133 sapientia
2506 1082 2552 1116 ι.
2578 1060 2722 1117 Solis
2750 1061 2918 1133 igitur
2944 1059 3093 1130 puris
3115 1057 3584 1130 sanctificatisque
3603 1058 3801 1113 animis

2209 1168 2393 1230 aperta
2420 1171 2478 1213 et
2500 1157 2684 1229 pervia
2714 1164 2798 1211 est
2826 1155 3130 1211 divinorum
3170 1153 3535 1209 intellectuum
3577 1153 3800 1217 veritas,

2208 1254 2374 1310 etiam
2431 1267 2528 1324 per
2599 1251 2953 1324 mysticarum
3026 1248 3320 1318 imaginum
3383 1246 3805 1318 aenigmaticam

2208 1347 2631 1418 descriptionem
2684 1345 2739 1400 in
2780 1344 3082 1399 visionibus
3129 1342 3537 1413 prophetarum.
3587 1340 3659 1395 Et
3698 1338 3805 1395 for-

2207 1438 2367 1494 tassis
2413 1438 2515 1492 hoc
2559 1445 2661 1503 est,
2699 1435 2843 1506 quod
2890 1434 3106 1490 divinus
3145 1433 3222 1487 ait
3261 1431 3574 1502 Apostolus,
3606 1450 3625 1481 α
3664 1446 3804 1485 nunc

2206 1529 2455 1583 videmus
2494 1544 2593 1599 per
2631 1526 2910 1597 speculum
2939 1537 2994 1580 et
3024 1525 3330 1596 aenigmate
3363 1523 3431 1589 ¹⁹,
3461 1507 3594 1577 tunc
3622 1533 3803 1577 autem

2207 1619 2511 1674 videbimus
2550 1618 2688 1673 facie
2719 1618 2785 1671 ad
2814 1616 3006 1671 faciem
3046 1636 3091 1669 ι.

2204 1734 2211 1735 ί
2279 1710 2573 1779 Postquam
2632 1719 2811 1764 autem
2880 1707 3157 1762 convictos
3216 1703 3574 1773 repulsosque
3646 1702 3806 1756 habet

2210 1810 2268 1857 et
2325 1800 2369 1833 ’θ
2420 1815 2533 1864 eos,
2588 1799 2681 1869 qui
2734 1798 3010 1853 immunda
3070 1812 3165 1851 sua
3213 1794 3542 1864 cogitatione
3592 1791 3803 1862 decepti

504 1908 638 1947 erum
690 1894 712 1927 "
757 1895 1187 1965 speculationum
1219 1896 1266 1964 ⁸,
1297 1898 1601 1953 divinorum
1647 1899 1856 1955 scilicet
1894 1901 2105 1957 animo-
2136 1880 2184 1941 Β
2212 1894 2478 1949 caelestes
2495 1892 2724 1948 virtutes
2745 1890 3091 1947 sensiliililiiis
3118 1898 3458 1944 terrenorum
3486 1886 3803 1941 animalium

515 1999 658 2051 rum,
681 2002 817 2057 quos
840 2005 944 2044 non
971 1989 1242 2043 immerito
1266 1990 1663 2060 speculationes
1689 1992 1942 2062 appellat,
1971 1992 2099 2063 quia

514 2089 622 2130 non
652 2075 808 2131 aliter
854 2077 959 2131 nisi
999 2078 1241 2147 gnostica
1295 2078 1315 2108 ⁹
1348 2094 1593 2135 summac
1631 2081 2107 2151 contemplationis

514 2169 715 2223 virtute
752 2169 979 2239 intelligi
1007 2180 1254 2240 possunt.
1294 2168 1410 2225 Non
1441 2170 1608 2242 igitur
1636 2173 1770 2228 haec
1798 2173 1911 2229 sola
1939 2190 2105 2231 causa

500 2268 599 2321 est
641 2260 1084 2330 propheticarum
1135 2262 1618 2334 imaginationum;
1658 2280 1785 2320 nam
1828 2274 1884 2321 et
1931 2267 2102 2323 altera

517 2367 624 2408 non
653 2351 897 2419 inferior,
930 2354 1177 2411 fortassis
1216 2363 1396 2411 autem
1443 2365 1501 2413 et
1536 2358 1787 2430 superior
1817 2374 1978 2415 causa
2006 2360 2104 2414 ad-

518 2443 755 2510 ducitur,
786 2461 949 2516 quam
981 2447 1378 2518 subsequenter
1405 2450 1701 2517 connectit,
1732 2449 1919 2507 dicens
1952 2470 1965 2506 :
2002 2450 2106 2508 Sed

513 2535 637 2607 quia
665 2530 840 2591 ethoc
881 2539 1114 2608 mysticis
1156 2539 1374 2611 eloquiis
1414 2549 1491 2595 est
1532 2540 1987 2610 decentissimum,
2016 2560 2109 2611 per

514 2628 1061 2695 incomprehensibilia
1103 2631 1281 2687 divina
1332 2632 1632 2703 aenigmata
1678 2634 1962 2699 occultare,
1987 2646 2037 2690 et
2062 2636 2105 2667 ⁸⁸

516 2718 713 2772 inviam
747 2719 924 2774 multis
950 2737 1143 2792 ponere
1187 2738 1395 2777 sacram
1432 2724 1767 2795 abditamque
1792 2742 2105 2795 supermun-

517 2808 775 2863 danorum
816 2809 1172 2867 intellectuum
1213 2813 1497 2867 veritatem.
1534 2813 1650 2879 Est,
1698 2814 1892 2886 inquit,
1938 2816 2109 2873 altera

516 2913 680 2954 causa
730 2910 1042 2957 sanctarum
1092 2903 1145 2958 in
1200 2904 1500 2976 Scripturis
1547 2907 1747 2962 divinis
1789 2909 2109 2981 descriptio-

516 3006 647 3046 num
678 2992 720 3023 ιι
753 2992 1133 3050 decentissima
1174 2997 1797 3071 convenientissimaque
1826 3000 1871 3032 ¹¹¹
1899 3001 2108 3057 divino-

517 3098 636 3138 rum
663 3083 1001 3156 eloquiorum
1030 3088 1325 3159 mysteriis.
1368 3088 1433 3142 Et
1460 3103 1523 3144 ea
1550 3098 1654 3156 est,
1685 3105 1896 3146 sacram
1928 3107 2109 3147 secre-

2211 1989 2402 2044 formis
2431 1987 2874 2055 circumscriptas
2903 1985 2949 2017 ²¹
2978 1992 3191 2055 putant,
3223 1991 3279 2037 et
3313 1981 3391 2036 nil
3417 1980 3564 2035 aliud
3601 1978 3807 2051 signiﬁ-

2210 2081 2447 2136 cativum
2509 2081 2566 2134 in
2627 2079 2906 2150 spiritibus
2999 2076 3370 2147 theologorum
3453 2074 3801 2145 apparuisse,

2208 2179 2428 2244 praeter
2463 2172 2609 2243 ipsas
2631 2184 2730 2241 per
2753 2183 2812 2224 se
2839 2169 3006 2239 ipsas,
3032 2182 3235 2236 eosque
3265 2167 3332 2231 ",
3362 2165 3454 2235 qui
3486 2162 3806 2235 significati-

2208 2281 2305 2321 vas
2340 2265 2386 2296 ”
2412 2264 2677 2335 imagines
2708 2277 2891 2318 rerum
2916 2258 3266 2316 iiivisibilium
3294 2257 3562 2327 nobisque
3594 2256 3801 2312 incom-

2208 2356 2682 2429 prehensibilium,
2732 2355 2788 2410 in
2840 2353 3120 2424 spiritibus
3164 2352 3554 2423 prophetarum
3596 2348 3803 2404 descri-

2207 2459 2331 2520 ptas
2350 2446 2421 2511 “.
2452 2461 2559 2502 non
2597 2446 2772 2501 solum
2812 2460 2921 2499 non
2953 2453 3172 2514 negant,
3202 2457 3390 2496 verum
3417 2441 3587 2496 etiam
3620 2440 3805 2495 incun-

2210 2540 2735 2609 ctanterrecipiuiit,
2783 2551 2878 2592 eas
2907 2546 3091 2591 tamen
3129 2533 3386 2604 angelicis
3436 2532 3803 2588 intcllectibus

2210 2631 2656 2689 inconveiiientes
2692 2643 2816 2685 esse
2871 2627 3174 2699 approbant
3215 2644 3229 2681 :
3277 2624 3553 2681 convertit
3603 2639 3806 2681 sermo-

2209 2739 2357 2790 nem,
2387 2732 2443 2779 et
2467 2722 2578 2793 agit
2616 2722 2813 2777 iterum
2850 2727 3039 2776 contra
3062 2733 3207 2785 eum,
3247 2716 3340 2789 qui
3394 2714 3681 2771 existimat
3717 2713 3805 2770 de-

2209 2814 2413 2871 formes
2436 2829 2636 2871 causas
2657 2812 2706 2846 "
2731 2812 3040 2868 divinarum
3067 2807 3362 2880 imaginum
3398 2807 3799 2876 descriptionis,

2210 2914 2268 2960 et
2302 2906 2424 2961 ait:
2456 2903 2516 2960 Si
2556 2913 2733 2959 autem
2785 2901 3045 2973 deformes
3104 2899 3395 2969 imaginum
3437 2897 3802 2968 descriptionis

2210 3012 2402 3051 causas
2443 2994 2793 3050 aestimaverit
2834 2993 2973 3065 quis,
3021 2990 3355 3045 dehonestari
3396 2989 3579 3043 dicens
3622 2987 3803 3059 referri

2209 3088 2278 3142 sit
2297 3097 2472 3158 turpes
2500 3085 2840 3156 formationes
2870 3080 3218 3152 deiformibus
3252 3090 3301 3134 et
3325 3078 3679 3134 sanctissimis
3703 3078 3802 3131 dis-

520 3184 735 3248 tamque
807 3178 1105 3250 veritatem,
1168 3181 1732 3250 super-mundanorum
1816 3184 2106 3253 spirituum
2208 3180 2552 3251 positionibus
2597 3179 2664 3245 ",
2718 3178 2905 3249 sufﬁcit
2946 3176 3015 3230 ad
3055 3192 3175 3231 eum
3199 3175 3390 3229 dicere.
3447 3172 3508 3228 Si
3545 3172 3694 3243 quis,
3726 3171 3801 3227 iii-

516 3270 811 3338 occultare,
850 3271 1160 3342 inviamque
1198 3274 1384 3330 multis
1427 3290 1628 3344 ponere
1677 3290 1775 3346 per
1803 3276 2105 3348 iiiconiprc-
2131 3262 2179 3326 C
2208 3278 2326 3348 quit
2350 3277 2421 3342 "',
2453 3274 3039 3331 aestimaveritcausas
3067 3269 3359 3334 deformes,
3398 3267 3806 3340 qualescunque

518 3360 800 3416 hensibilia
843 3373 897 3418 et
929 3364 1108 3418 divina
1159 3365 1496 3436 aenigmata,
1541 3366 1643 3422 hoc
1688 3376 1791 3433 est,
1832 3383 1930 3438 per
1963 3367 2100 3423 difﬁ-
2207 3368 2317 3424 sint
2370 3366 2774 3423 irrationabiles
2830 3362 3166 3419 rationabilis
3225 3359 3391 3417 animi
3452 3369 3669 3426 motus,
3719 3358 3805 3415 de-

518 3449 750 3508 cillimas
791 3461 845 3509 et
887 3454 1292 3512 inaccessibiles
1350 3458 1563 3514 divinas
1583 3457 1944 3517 obscuritates
1986 3463 2094 3530 liis,
2206 3458 2520 3529 scriptionis
2586 3456 2884 3527 imaginum
2931 3454 2985 3509 in
3022 3462 3211 3510 sancta
3263 3450 3552 3524 Scriptura
3614 3451 3699 3518 “,
3752 3461 3806 3508 et

518 3544 610 3613 qui
659 3545 864 3617 indigni
913 3556 1041 3603 sunt
1082 3563 1219 3619 pura
1269 3548 1584 3606 caelestium
1618 3552 1876 3607 virtutum
1910 3555 2100 3625 cogiii-
2204 3546 2553 3606 dehonestari
2614 3544 2748 3601 dicit
2795 3544 3088 3601 deiformes
3126 3551 3182 3598 et
3217 3542 3598 3599 sanctissimos
3645 3555 3800 3614 auge

505 3634 688 3707 ,ῑίθηθο
2201 3643 2379 3699 lorum
2446 3640 2702 3704 ordines,
2755 3637 2803 3694 si
2868 3637 2948 3693 eis
3010 3637 3218 3708 turpes
3272 3634 3409 3690 tales
3450 3633 3804 3689 formationes

588 3730 684 3785 Est
713 3729 879 3802 igitur
910 3733 1292 3790 honestissima
1321 3750 1485 3791 causa
1516 3736 1865 3793 obscuritatis
1893 3737 2103 3795 iiicom-
2203 3736 2560 3810 mysticarum
2605 3731 2876 3788 visionum
2940 3728 3284 3795 refcrantur,
3341 3735 3428 3783 sat
3472 3734 3557 3783 est
3612 3725 3802 3783 adver-

516 3822 963 3894 prehensibilium
1029 3828 1244 3886 divinae
1311 3830 1627 3902 Scripturae
1688 3831 2099 3901 forniationum,
2203 3846 2296 3887 sus
2321 3827 2683 3901 perniciosam
2710 3824 2880 3896 ipsius
2923 3823 3235 3894 opinionem
3277 3821 3803 3893 respondere:quo-

514 3914 781 3972 occultam
831 3916 1009 3975 facere
1052 3920 1362 3994 inviamque
1412 3924 1596 3980 multis
1638 3925 1855 3996 pollutis
1901 3929 2102 3985 animis
2202 3922 2357 3977 modo
2385 3919 2579 3991 duplex
2606 3926 2927 3973 estsanctae
2961 3915 3400 3986 manifestationis
3429 3914 3645 3979 modus,
3669 3932 3801 3969 unus

515 4019 769 4061 arcanam
814 4007 859 4040 ¹³
897 4009 1262 4081 angelicorum
1308 4014 1613 4070 animorum
1676 4010 1980 4073 veritatem.
2035 4018 2103 4074 Et
2201 4012 2411 4084 quidem
2463 4009 2508 4041 “
2551 4009 2705 4080 quasi
2735 4007 3149 4077 “consequens,
3199 4017 3407 4077 propter
3440 4004 3645 4059 similes
3691 4022 3801 4075 pro-

515 4113 615 4156 cur
643 4100 780 4157 hoc?
810 4101 953 4160 Audi
984 4107 1125 4175 quod
1160 4109 1406 4178 sequitur
1437 4129 1451 4163 :
1486 4108 1581 4165 Est
1623 4112 1760 4166 enim
1796 4129 1900 4168 non
1931 4114 2099 4168 omni;
2200 4107 2516 4162 venientium
2551 4118 2827 4179 sacrarum
2848 4102 3146 4173 ﬁgurarum
3175 4100 3450 4171 imagines,
3497 4097 3639 4154 alter
3681 4115 3798 4155 vero

516 4210 686 4260 δαεενν
712 4212 877 4269 neque
897 4200 1149 4264 Omnium,
1197 4210 1253 4255 ut
1279 4201 1485 4274 eloquia
1516 4205 1684 4270 aiunt,
1729 4206 1968 4261 scicntia.
1996 4206 2100 4263 Ve.
2198 4208 2411 4273 propter
2423 4194 2705 4252 dissimiles
2729 4194 3024 4264 formarunt
3041 4197 3276 4263 facturas
3301 4193 3356 4246 in
3378 4192 3592 4247 omnino
3621 4192 3797 4245 incon-

514 4284 615 4340 luti
668 4296 853 4358 aperte
913 4290 1121 4346 diceret
1168 4310 1182 4346 :
1241 4291 1534 4363 Propterea
1588 4294 1819 4350 decebat
1872 4297 2096 4368 mystica
2198 4309 2415 4365 sequens
2455 4301 2503 4346 et
2551 4289 2857 4344 indecorum
2906 4288 3183 4357 formatus.
3225 4286 3361 4349 Duo,
3416 4285 3618 4354 inquit,
3657 4284 3795 4340 inodi

512 4377 727 4448 eloquia
750 4380 1033 4436 veritatem
1060 4386 1620 4452 supermundanorum
1651 4384 1696 4416 ιδ
1728 4385 2096 4442 intellectuum
2198 4392 2345 4449 sunt,
2370 4382 2566 4454 quibus
2593 4388 2816 4435 sanctae
2848 4378 3312 4434 manifestationes
3351 4386 3672 4433 sanctorum
3705 4393 3797 4431 an-

511 4484 613 4543 per
665 4472 967 4544 aenigmata
1021 4474 1337 4542 occultare,
1393 4477 1702 4547 inviamquc
1748 4478 2098 4548 abditamtjue
2198 4476 2441 4548 gelorum
2489 4474 2546 4529 in
2599 4472 2778 4529 divina
2831 4470 3115 4542 scriptura
3167 4485 3265 4541 per
3321 4471 3589 4542 imagines
3640 4470 3796 4536 fiunt,

510 4574 736 4634 ponere,
766 4564 891 4632 quia
928 4580 1036 4620 non
1075 4568 1252 4622 omnis
1298 4569 1568 4624 humanus
1614 4570 1899 4625 animus"
1925 4587 2094 4643 purus
2121 4631 2167 4643 _
2198 4583 2430 4640 quorum
2478 4581 2620 4622 unus
2657 4572 2774 4632 est,
2820 4564 2911 4634 qui
2955 4562 3316 4634 spiritualium
3362 4563 3793 4620 substantiarum

509 4662 570 4710 et
616 4631 983 4713 sanctilicatus
1052 4665 1167 4724 est,
1214 4660 1567 4732 veritatisque
1639 4631 2094 4734 contemplatione
2121 4631 2173 4691 Β
2200 4631 2721 4730 iiitelligibiliumque
2760 4631 3055 4722 lvii-tutum,
3104 4655 3303 4725 quibus
3348 4654 3639 4711 rationalis
3684 4655 3796 4712 ani-

587 4819 603 4852 .
656 4820 697 4852 η
1394 4827 1456 4852 ι..
1512 4843 1633 4852 η..
1708 4753 2474 4852 -..ῃῨΑἯὲΡΞὲέ1Ψ9ΝΕδς

505 4862 511 4869 ο
587 4820 603 4852 ¹
655 4820 698 4875 Β
743 4825 1312 4905 ξςιρενηςξριναζὶέεςιιυε
1337 4868 1352 4893 ,
1394 4827 1456 4883 Β⁶
1506 4843 1650 4884 corr.
1703 4827 2303 4905 supernaturaliumque.
2356 4896 2380 4905 _
2467 4825 2488 4856 ³
2518 4820 2746 4879 Emend.
2775 4861 2791 4888 ,

511 4905 653 4978 corr.
705 4890 917 4978 videtur:
946 4895 1031 4978 B‘,
1076 4890 1235 4978 A§C
1263 4890 1685 4978 procuraturam.
1768 4890 1778 4898 ’
1848 4899 1870 4929 ⁸
1901 4890 2209 4978 formarum
2248 4906 2295 4952 et
2320 4896 2638 4978 ﬁgurarum
2681 4906 2792 4978 om:
2849 4891 2913 4946 B.
3039 4890 3060 4923 '
3086 4890 3145 4946 Β·
3183 4906 3362 4978 supra
3419 4892 3792 4978 adscpnqupe

510 4975 727 5087 semcper
770 4965 1066 5031 desiderat;
1113 4966 1163 5052 Ο.
1206 4962 1407 5040 semper
1470 4962 1911 5054 considat-intem;
1953 5040 1964 5052 υ
2010 4968 2044 5019 ν⁶
2076 4969 2162 5026 BC
2216 4962 2663 5046 cogitationibus.)
2834 4977 2980 5019 corr.
3032 4962 3446 5046 cognitionibus.
3546 4962 3569 4994 "
3610 4962 3787 5033 Cdnj.,

510 5031 600 5104 ᾼΒ
686 5046 978 5104 gravatam,
1015 5038 1076 5092 Β·
1130 5038 1339 5095 litteras
1364 5058 1423 5096 ra
1450 5051 1663 5104 punctis
1716 5051 1994 5104 inStgiiivit
2054 5049 2109 5095 et
2162 5054 2323 5104 supra
2371 5053 2442 5090 ua
2491 5044 2673 5104 posuit
2718 5046 3133 5104 signum,qua5i
3167 5034 3387 5104 legisset
3429 5046 3787 5104 gagates-alant.

510 5046 642 5087 Alit;
686 5046 978 5104 gravatam,
1018 5046 1076 5092 Β·
1130 5046 1339 5095 litteras
1364 5058 1423 5096 ra
1450 5046 1663 5113 punctis
1716 5046 1994 5111 insignivit
2054 5049 2109 5095 et
2162 5054 2323 5110 supra
2371 5053 2442 5090 ua
2491 5046 2673 5106 posuit
2718 5046 3133 5105 stgnum,qua5i
3167 5046 3387 5105 legisset
3429 5046 3787 5105 graueralani.

509 5101 532 5136 ⁸
559 5102 621 5158 Β·
670 5120 817 5161 corr.
852 5107 1278 5178 speculationem.
1355 5111 1376 5143 θ
1401 5113 1443 5167 Β
1471 5115 1706 5183 gnostica
1733 5112 1941 5182 (punct.
1975 5111 2039 5165 B‘
2088 5111 2195 5182 adj.
2236 5106 2496 5179 videtur).
2576 5168 2579 5171 _
2610 5105 2651 5137 ιο
2683 5104 2744 5159 Β·
2796 5120 2971 5176 marg.
3016 5105 3193 5162 adscr.
3243 5102 3425 5171 Quare
3462 5094 3619 5163 s't'tcra
3651 5104 3792 5161 Scri-

505 5198 960 5281 pturaﬁrgurative
986 5210 1046 5281 et
1058 5203 1358 5281 parabolice
1378 5189 1637 5281 loquitur;
1658 5217 1717 5281 et
1731 5210 1828 5265 hoc
1855 5210 1992 5265 idem
2018 5209 2145 5263 dicit
2180 5209 2284 5264 ista
2312 5207 2489 5280 glossa
2526 5205 2589 5281 J-
2626 5203 2770 5281 Scoti
2811 5211 2860 5259 et
2897 5202 2944 5281 ζ
2938 5218 2960 5241 ο
3009 5199 3341 5281 Sarraceni.’
3395 5205 3438 5281 ‘f
3469 5204 3563 5281 Sic
3589 5203 3656 5269 C.

506 5267 923 5353 ἀειςνῑρεῖοηεημ.
984 5267 1115 5353 ’ξ”Β
1140 5267 1644 5353 convenientissima,
1688 5279 1965 5353 liﬂsupra
2010 5281 2189 5353 adscr.
2238 5289 2286 5334 et
2313 5267 2859 5353 convenientissima.
2903 5272 3044 5353 Qﬁet
3077 5274 3598 5353 convenigntissima.
3645 5267 3723 5307 ⁷³³
3746 5273 3786 5328 Β

505 5339 818 5416 archanam,
850 5342 1285 5416 sicMB_scmper.
1326 5347 1372 5401 A
1403 5362 1584 5416 saepe.
1630 5339 1635 5340 γ
1685 5348 1728 5381 ¹⁴
1756 5349 1805 5404 Α
1855 5339 2268 5405 mundanorum.
2403 5348 2451 5381 ³⁸
2487 5348 2708 5402 Animus
2758 5363 2870 5401 om.
2914 5344 3024 5411 AB,
3077 5344 3246 5416 liabet
3292 5344 3437 5416 Cget
3491 5347 3559 5401 ad
3611 5360 3781 5415 marg.

508 5410 715 5462 miscix.
742 5411 825 5458 Rc-
934 5413 979 5445 ιι
1017 5413 1059 5461 Β
1086 5410 1376 5469 scripturae
1395 5410 1661 5470 ῃει-ῙιίΙιρηΙ
1711 5418 1753 5468 C
1774 5431 1830 5466 ,ιι
1853 5420 2124 5472 νησοΙιίὸρηι
2151 5421 2330 5472 diuina
2360 5420 2637 5474 “rimum_
2750 5418 2791 5449 1⁸1
2816 5415 2860 5460 R
2883 5410 3308 5468 ηιαιίυοιεηιξαε,
3335 5415 3378 5466 C

2854 4818 2989 4875 ABG
3058 4821 3481 4877 speculationem.
3574 4864 3579 4869 .
3632 4821 3656 4855 ⁸
3706 4820 3793 4877 Sic
