3984 5742
194 401 305 458 155

1051 397 1279 456 suras
1316 364 1747 457 ranunculus
1785 360 2199 454 CAELESTEM
2239 392 2299 451 ε.
2338 392 2658 452 DIONYSII.

3389 359 3494 478 isi.

191 532 286 572 ma
344 486 665 583 decoretur,
719 514 738 548 ¹
783 514 1044 571 absolutis
1095 513 1422 587 quibusdam
1473 513 1792 571 convenien-
1818 516 1869 579 Α
1896 505 2163 565 excellere
2207 505 2569 578 qualicunque
2625 505 2786 563 modo
2844 507 3164 578 probantur,
3223 510 3327 568 hoc
3383 524 3489 581 est,

193 611 452 681 libusque
497 613 520 642 ³
568 607 1043 683 imaginationibus
1091 609 1113 641 ⁸
1154 606 1440 674 formatur,
1486 618 1547 663 ut
1598 615 1684 663 est
1734 606 1791 662 in

192 702 473 775 Propheta
500 722 514 759 :
545 723 564 757 ‹
592 702 715 758 Vidi
740 704 1027 759 Dominum
1058 704 1337 760 sedentem
1363 698 1795 775 supersoliumi,

190 805 250 851 et
286 797 344 850 in
370 796 695 869 Apocalypsi
724 815 736 849 :
768 813 787 846 ι
817 796 1006 851 Mulier
1044 796 1241 851 amicta
1265 795 1398 863 sole,
1441 806 1496 851 et
1526 795 1651 850 luna
1695 796 1795 852 sub

191 886 430 959 pedibus
452 886 569 957 ejus
598 907 645 942 ι.
670 888 815 943 Haec
838 889 1037 960 quippe
1064 889 1319 945 humanis
1361 888 1661 944 rationibus
1688 878 1797 961 spif

194 979 591 1051 ritualiumque
632 981 843 1035 animae
871 990 1313 1036 ornamentorum
1355 978 1795 1035 similitudinibus

194 1082 483 1145 assumpta
540 1082 683 1129 sunt.
717 1072 867 1127 Alter
901 1089 1052 1140 vero,
1084 1074 1177 1145 qui
1206 1074 1502 1129 bestiarum
1533 1072 1794 1129 feracium

196 1167 671 1238 superbarumque
703 1166 747 1232 ⁸,
778 1178 837 1221 ut
882 1165 1053 1222 leonis
1081 1176 1135 1221 et
1160 1167 1307 1235 equi,
1332 1181 1426 1221 seu
1451 1165 1707 1237 turpium,
1738 1172 1798 1220 ut

194 1260 313 1315 ursi
342 1267 400 1316 et
420 1259 645 1325 vermis,
677 1273 793 1324 seu,
821 1260 966 1330 quod
988 1258 1299 1329 longissime
1325 1267 1545 1330 putatur
1573 1259 1792 1321 distare,

196 1350 592 1406 insanientium
625 1351 926 1415 hominum,
958 1358 1015 1404 ut
1044 1349 1209 1405 David
1234 1350 1288 1404 in
1318 1358 1473 1421 porta
1501 1348 1660 1414 Getb,
1707 1355 1800 1403 aut

197 1443 649 1509 temulentorum,
678 1451 737 1497 ut
773 1441 886 1498 Noe
923 1451 980 1498 et
1024 1441 1182 1508 Loth,
1228 1451 1320 1497 aut
1362 1441 1796 1508 furibundorum,

197 1545 263 1591 ut
296 1536 321 1568 ⁸
362 1537 684 1606 saepissime
714 1536 909 1608 legitur
950 1554 963 1591 :
995 1556 1013 1587 ‹
1042 1537 1219 1591 Iratus
1250 1544 1333 1592 est
1361 1536 1619 1592 Dominus
1660 1556 1707 1601 ι,
1744 1544 1801 1591 ει

203 1646 226 1681 ι
255 1629 465 1684 exarsit
487 1629 641 1685 furor
664 1627 780 1698 ejus
806 1649 852 1694 ι,
880 1638 1295 1700 ceterorumque
1325 1631 1517 1685 borum
1541 1629 1799 1685 similium

199 1720 725 1790 conﬁgurationibus
759 1720 995 1790 ﬁngitur.
1029 1718 1145 1776 Huc
1172 1721 1337 1776 etiam
1367 1721 1577 1776 accedit
1599 1719 1802 1776 forma-
1846 1714 1849 1719 ’

199 1829 321 1869 rum
346 1812 616 1878 confusio,
634 1815 759 1869 dum
784 1815 838 1869 in
855 1830 960 1869 una
975 1816 1273 1885 eademque
1296 1815 1531 1885 imagine
1554 1812 1800 1884 species‘

1897 599 2203 664 laudantur,
2233 598 2493 655 deﬁciunt
2519 607 2719 665 tamen,
2751 598 2964 657 etiamsi
2988 600 3034 633 ²⁸
3057 601 3140 657 sic
3166 602 3492 662 excellentes

1897 699 1952 747 et
1996 691 2472 763 supermateriales
2500 691 2626 755 sint,
2678 691 2860 747 divina
2906 690 2954 724 “
2985 692 3355 763 similitudine,
3389 697 3493 753 hoc

1896 794 2002 850 est,
2024 785 2260 841 divinam
2284 784 2690 841 similitudinem
2719 785 2890 856 ipsius
2915 800 3022 842 non
3045 787 3337 860 attingunt,
3365 790 3491 847 dum

1901 877 2107 932 veritas
2132 876 2452 933 consulitur.
2499 876 2567 932 Et
2614 876 2717 933 hoc
2745 887 2828 933 est
2857 878 3001 948 quod
3048 880 3292 948 sequitur
3336 899 3350 934 :
3398 878 3496 936 Est

1899 986 2038 1024 enim
2063 986 2221 1040 super
2253 986 2457 1024 omnem
2488 970 2764 1047 essentiam
2796 980 2844 1025 et
2869 970 3050 1037 vitam,
3096 970 3242 1026 nullo
3286 972 3497 1043 quidem

1900 1058 2069 1129 ipsam
2088 1058 2342 1113 "lumine
2371 1060 2802 1127 caracterizante,
2835 1060 2937 1115 hoc
2958 1070 3059 1127 εει,
3084 1059 3369 1132 ﬂgurante,
3400 1078 3495 1119 seu

1906 1151 2193 1217 formante,
2222 1153 2465 1223 omnique
2506 1153 2709 1208 ratione
2755 1164 2804 1208 et
2851 1153 3116 1209 intellectu
3154 1155 3499 1213 similitudine

1900 1242 2065 1313 ipsius
2088 1242 2571 1313 incomparabiliter
2608 1242 2905 1310 derelictis;
2946 1243 3001 1298 id
3030 1254 3132 1310 est,
3168 1246 3292 1302 dum
3320 1247 3499 1303 omnis

1903 1335 2044 1391 ratio
2068 1344 2125 1391 et
2149 1335 2454 1391 intellectus
2469 1335 2820 1392 similitudine
2842 1337 3009 1407 ipsius
3028 1338 3315 1395 alienatur.
3344 1339 3500 1396 Nulla

1904 1428 2170 1498 siquidem
2200 1429 2341 1483 ratio
2386 1428 2472 1484 vel
2499 1429 2803 1485 intellectus
2847 1441 2949 1497 est,
2994 1431 3088 1501 qui
3119 1430 3163 1462 “
3190 1432 3501 1489 similitudi-
3570 1478 3577 1484 .

1905 1536 2030 1577 nem
2063 1521 2253 1592 ipsius,
2284 1522 2542 1591 quoniam
2597 1523 3036 1603 incomparabilis
3085 1535 3188 1593 est,
3218 1530 3392 1600 possit
3418 1539 3500 1585 at-

1907 1616 2135 1687 tingere.
2181 1615 2463 1672 Deseritur
2498 1617 2646 1672 enim
2676 1626 2732 1673 et
2763 1619 2976 1675 vilescit
3022 1621 3203 1677 omnis
3246 1633 3499 1679 creatura

1904 1708 2135 1764 visibilis
2178 1717 2234 1763 et
2278 1709 2588 1777 invisibilis,
2614 1712 2742 1766 dum
2772 1723 3120 1783 comparatur
3164 1732 3408 1774 summae
3449 1726 3505 1774 et

1909 1804 2309 1876 supernaturali
2339 1815 2590 1870 naturae,
2615 1822 2756 1877 quae
2784 1823 2948 1878 super
2975 1810 3157 1866 omnia
3186 1822 3290 1869 est.

202 1905 466 1972 humana,
522 1905 785 1972 vitulina,
831 1907 1069 1977 aquilina
1128 1916 1472 1963 monstruose
1517 1908 1794 1972 miscetur,
1828 1887 1874 1949 Β
1976 1898 2237 1971 Sequitur
2264 1904 2534 1958 secundus
2556 1902 2898 1961 formationis
2922 1906 3133 1972 modus,
3157 1909 3248 1978 qui
3275 1910 3498 1966 omnino

94 2020 103 2025 ’
197 2000 343 2068 quod
373 1998 597 2055 omnino
623 1998 882 2055 absolutis
908 1998 1351 2069 naturalibusque
1372 1998 1562 2055 formis
1584 2008 1801 2055 contra-

196 2090 344 2145 rium
388 2076 736 2162 perspicitur.
776 2090 843 2145 Et
884 2090 1083 2162 prioris
1124 2090 1344 2163 quidem
1388 2088 1532 2146 modi
1585 2089 1803 2162 paradi-

201 2194 389 2255 gmata
420 2182 698 2258 subiungit
737 2185 923 2242 dicens
949 2204 962 2241 :

274 2277 392 2352 εὖ,
438 2277 628 2350 Itaque
674 2279 948 2336 colendam
995 2281 1445 2354 superessentialis
1481 2282 1736 2359 θεαρχίας
1778 2279 1799 2312 τ

202 2371 585 2426 beatitudinem
628 2372 1145 2443 manifestativorum
1182 2374 1510 2447 eloquiorum
1553 2373 1804 2444 mysticae

197 2462 514 2518 traditiones
542 2461 830 2534 aliquando
855 2464 1068 2535 quidem
1125 2474 1182 2519 ut
1234 2466 1494 2521 rationem
1519 2475 1569 2520 et
1594 2454 1802 2520 iatelleé

198 2566 346 2611 ctum
372 2568 423 2613 et
453 2560 732 2614 essentiam
760 2559 1004 2625 laudant,
1048 2559 1282 2616 divinam
1310 2559 1725 2615 rationalitatem
1756 2569 1804 2614 et

200 2651 522 2721 sapientiam
548 2651 663 2722 ejus
702 2651 1053 2718 declarantes,
1082 2663 1129 2706 et
1155 2669 1272 2708 vere
1304 2654 1609 2708 existentem
1635 2653 1807 2707 subsi-

201 2743 476 2810 stentiam,
520 2752 571 2798 et
637 2759 816 2798 eorum
853 2758 986 2814 quae
1035 2751 1156 2798 sunt
1197 2743 1565 2798 subsistentiae
1588 2760 1806 2798 causam

203 2856 385 2895 seram
412 2839 459 2906 ⁸,
512 2847 562 2893 et
611 2840 764 2908 quasi
819 2839 996 2893 lumen
1053 2856 1170 2894 eam
1208 2839 1521 2909 reformant,
1551 2849 1601 2894 et
1646 2840 1807 2894 vitam

203 2940 418 2985 uocant.
480 2928 754 2996 Colenda,
801 2930 1009 3000 inquit,
1063 2938 1120 2986 et
1196 2930 1469 2986 adoranda
1533 2931 1810 2988 beatitudo

204 3024 468 3099 θεαρχίας
499 3020 548 3087 ’,
587 3021 690 3077 hoc
743 3031 858 3089 est,
886 3037 1132 3079 summae
1165 3022 1413 3088 Deitatis,
1456 3039 1597 3095 quae
1646 3039 1809 3094 supe-

206 3125 296 3172 rat
330 3130 522 3171 omnes
563 3115 868 3182 essentias,
920 3116 973 3171 in
1024 3116 1408 3172 traditionibus
1444 3116 1689 3188 mysticis
1734 3115 1813 3170 di-

1905 1995 2304 2066 ineonsequens
2318 2007 2372 2052 et
2394 1997 2700 2063 indecorus,
2718 1998 2821 2054 hoc
2840 2009 2945 2065 est,
2962 2000 3345 2058 inconveniens
3367 2004 3505 2060 divi-

1904 2087 1990 2143 nis
2010 2087 2298 2144 virtutibus
2318 2097 2373 2144 et
2403 2086 2665 2146 deformis
2680 2107 2801 2148 esse
2815 2092 3045 2148 videtur.
3066 2093 3363 2167 Aliquando
3384 2112 3504 2151 vero

1904 2180 2254 2236 dissimilibus
2288 2181 2802 2253 manifestationibus
2825 2185 2889 2240 ab
2923 2187 3050 2257 ipsis
3080 2187 3299 2258 eloquiis
3319 2204 3505 2259 super-

1905 2274 2176 2326 mundane
2222 2272 2498 2337 laudatur,
2527 2291 2642 2329 eam
2671 2274 3001 2343 inuisibilem,
3026 2287 3073 2332 et
3108 2278 3390 2349 inﬁnitam,
3419 2280 3507 2334 in-

1907 2364 2525 2435 comprehensibilemque
2552 2367 2878 2434 vocantibus,
2914 2379 2961 2423 et
2994 2362 3055 2423 ea
3099 2370 3164 2436 ⁸⁷,
3193 2388 3258 2425 ea:
3294 2370 3504 2443 quibus,

1909 2473 2011 2509 non
2033 2456 2159 2527 quid
2187 2467 2284 2523 est,
2318 2458 2409 2512 sed
2430 2459 2557 2530 quid
2571 2477 2674 2515 non
2695 2471 2791 2526 est,
2821 2461 3170 2531 signiﬁcatur.
3203 2458 3507 2530 Secundus,

1908 2546 2103 2617 inquit,
2161 2549 2352 2605 modus
2396 2551 2701 2608 divinarum
2750 2552 3280 2622 manifestationum,
3311 2558 3512 2627 quibus

1910 2643 1964 2698 in
1988 2643 2187 2700 divinis
2230 2642 2530 2716 Scripturis
2561 2648 3033 2716 soperessentialis
3059 2648 3321 2705 Divinitas
3347 2667 3509 2721 supra

1910 2750 2125 2791 omnem
2156 2737 2412 2793 mundum
2437 2737 2481 2769 ⁸⁸
2505 2737 2755 2794 laudantur
2783 2738 2850 2806 ‘9,
2876 2740 3069 2810 duplex
3101 2751 3203 2796 est.
3231 2742 3339 2797 Aut
3361 2741 3507 2798 enim

1911 2842 2011 2899 per
2040 2828 2335 2885 dissimiles
2376 2828 2579 2885 formas
2605 2840 2659 2885 et
2682 2830 3128 2888 inconvenientes
3169 2814 3510 2905 longissime;

1912 2935 2018 2987 que
2034 2921 2101 2976 ab
2120 2921 2233 2991 ipsa
2253 2961 2268 2987 ,
2292 2929 2351 2975 ut
2370 2923 2737 2992 praediximus
2754 2963 2769 2988 ,
2800 2923 3065 2980 distantes
3092 2925 3419 2996 imaginatur
3438 2925 3507 2992 ³⁸,

1915 3025 2007 3071 aut
2032 3031 2130 3086 per
2158 3032 2221 3071 ea
2241 3056 2258 3081 ,
2298 3029 2365 3071 ex
2404 3016 2600 3087 quibus
2631 3032 2738 3072 non
2769 3017 2897 3086 quid
2943 3024 3029 3073 est
3049 3059 3067 3084 ,
3115 3016 3209 3072 sed
3237 3018 3366 3088 quid
3397 3002 3506 3074 non

1913 3121 2013 3176 est,
2038 3110 2394 3181 signiﬁcatur,
2428 3111 2694 3178 innuitur,
2718 3112 2843 3166 dum
2879 3111 3167 3167 invisibilis
3203 3120 3259 3167 et
3292 3111 3507 3193 inﬁnita

203 3207 464 3262 vinorum
520 3206 898 3277 eloquiorum,
959 3223 1099 3277 quae
1155 3206 1518 3280 intelligibilcs
1580 3208 1810 3264 virtutes
1844 3238 1882 3280 in
1914 3214 1970 3259 et
1996 3204 2562 3274 incomprehensibilis
2585 3215 2830 3261 vocatur.
2866 3204 3146 3276 Siquidem
3196 3206 3322 3261 dum
3364 3215 3513 3263 sum-'-

203 3296 534 3367 quibusdam
592 3267 1002 3369 ﬁgurationibus
1062 3267 1435 3365 manifesuint,
1483 3314 1643 3370 saepe
1692 3300 1811 3369 qui-
1838 3267 1883 3329 θ
1916 3310 2060 3351 mam
2103 3267 2366 3350 Deitatem
2397 3304 2453 3351 et
2478 3296 2777 3352 bonitatem
2803 3267 3131 3351 invisibilem
3158 3305 3213 3351 et
3240 3295 3508 3352 inﬁnitam

204 3389 332 3447 dem
362 3388 618 3445 laudatur
668 3390 722 3445 in
752 3390 925 3460 ﬁgura
958 3391 1187 3447 rationis
1224 3390 1268 3423 ¹⁶
1309 3399 1365 3447 ει
1410 3392 1715 3448 intellectus
1758 3400 1812 3447 ct

205 3483 505 3548 essentiae,
540 3483 667 3537 dum
699 3492 918 3551 superat
945 3497 1162 3537 omnem
1190 3482 1455 3538 rationem
1505 3490 1559 3538 et
1600 3484 1811 3553 sapien-

206 3575 366 3637 tiam,
398 3589 558 3644 quam
591 3574 646 3629 in
678 3574 781 3629 hoc
813 3574 932 3629 loco
960 3574 1290 3629 intellectum
1319 3575 1585 3630 nominat.
1618 3574 1811 3632 Omnis

208 3667 430 3738 quidem
460 3665 789 3731 intellectus,
811 3667 899 3734 qui
932 3666 1215 3720 veritatem
1245 3665 1513 3736 intelligit,
1542 3665 1809 3736 sapientia

208 3769 315 3816 est.
345 3758 593 3814 Essentia
624 3758 841 3822 dicitur,
875 3765 930 3812 et
954 3757 1106 3827 quasi
1142 3756 1321 3813 lumen
1363 3756 1653 3822 formatur,
1685 3758 1811 3813 Sub-

210 3852 432 3914 sistens,
480 3861 535 3904 et
577 3850 699 3919 plus
726 3865 888 3921 quam
930 3849 1218 3905 existentia
1246 3858 1299 3904 et
1327 3850 1649 3916 substantia,
1678 3866 1813 3920 quo-

210 3941 360 3996 niam
387 3955 759 4010 eorum.quae
793 3950 936 4002 sunt,
972 3940 1354 3997 subsistentiae
1370 3955 1493 3995 vera
1525 3941 1804 3996 etincom-

209 4034 488 4089 mutabilis
516 4034 559 4065 “
588 4050 749 4089 causa
781 4044 884 4090 est.
928 4033 1175 4090 Essentia
1199 4034 1415 4102 dicitur,
1462 4043 1518 4090 et
1544 4036 1700 4106 quasi
1732 4034 1813 4089 lu-

208 4141 334 4181 men
378 4126 666 4191 formatur,
694 4135 749 4181 et
776 4127 941 4182 veluti
976 4129 1079 4182 vita
1111 4137 1361 4193 vocatur,
1395 4128 1522 4183 dum
1554 4128 1625 4182 sit
1649 4144 1811 4197 super

208 4232 371 4274 omne
396 4218 578 4273 lumen
618 4228 674 4274 et
699 4234 860 4289 super
885 4235 1101 4275 omnem
1127 4221 1295 4275 vitam
1324 4220 1489 4274 totius
1515 4219 1732 4275 luminis
1758 4228 1812 4275 et

213 4311 360 4367 vitae
388 4309 511 4367 fons
540 4310 916 4391 inexhaustus.
950 4311 1018 4366 Et
1048 4312 1149 4367 hae
1176 4319 1303 4367 sunt
1327 4310 1604 4367 mirabiles
1643 4319 1699 4367 et
1723 4327 1812 4389 sua

209 4400 623 4476 permateriales
672 4403 882 4460 formae
913 4405 1086 4475 ipsius
1114 4405 1432 4476 principalis
1467 4405 1729 4472 Deitatis,
1757 4414 1814 4462 et

209 4498 691 4569 supercaelestium
714 4498 973 4554 virtutum
1000 4513 1141 4570 quae
1162 4499 1308 4555 circa
1329 4513 1450 4554 eam
1472 4508 1619 4555 sunt.
1656 4498 1810 4566 Quod

210 4588 611 4662 consequenter
635 4589 879 4663 adjungit
906 4591 1093 4648 dicens
1120 4609 1134 4647 :
1163 4590 1349 4647 Tantis
1376 4591 1706 4647 mirabilibus
1736 4609 1811 4648 re-

1866 3410 1869 3413 -
1915 3398 1970 3443 et
1995 3387 2597 3458 ineomprehensibilem
2625 3389 2807 3443 divina
2854 3397 3016 3443 vocat
3062 3388 3368 3459 Scriptura,
3402 3404 3511 3444 non

1914 3477 2043 3548 quid
2080 3477 2195 3547 ipsa
2244 3487 2331 3534 est
2372 3477 2679 3547 signiﬁcat;
2713 3495 2818 3533 non
2868 3470 3022 3533 enim
3072 3478 3415 3534 invisibilitas
3458 3484 3516 3534 et

1915 3568 2157 3623 infinitas
2188 3578 2245 3625 et
2274 3569 2899 3641 incomprehensibilitas
2943 3570 3181 3626 essentia
3212 3571 3381 3640 ipsius
3406 3580 3510 3638 est,

1914 3663 2033 3730 sed,
2061 3661 2189 3733 quid
2227 3678 2333 3717 non
2373 3674 2477 3727 est,
2532 3663 2787 3721 ostendit.
2823 3662 2938 3718 Non
2970 3672 3053 3719 est
3088 3664 3231 3719 enim
3263 3662 3513 3730 visibilis,

1914 3768 2089 3823 neque
2134 3752 2308 3819 ﬁnita,
2366 3770 2539 3823 neque
2588 3753 3114 3823 comprehensibilis.
3162 3753 3229 3809 Et
3254 3754 3515 3825 quoniam

1915 3846 2112 3915 duplex
2135 3846 2179 3876 ²¹
2228 3846 2445 3901 divinae
2477 3845 2893 3916 signiﬁcationis
2923 3846 3063 3902 ratio
3089 3856 3212 3902 est:
3242 3855 3338 3902 aut
3363 3847 3510 3902 enim

1919 3937 2244 3993 aﬂirmative
2275 3938 2615 4008 signiﬁcatur
2641 3938 2710 4004 “,
2735 3939 2888 3993 verbi
2919 3940 3116 4009 gratia,
3148 3940 3274 3993 dum
3308 3940 3373 3992 de
3396 3939 3514 4009 ipsa

1914 4029 2301 4098 praedicatur:
2330 4030 2568 4084 essentia
2596 4039 2700 4093 est,
2731 4046 2824 4084 seu
2858 4028 3094 4093 bonitas,
3131 4045 3226 4084 seu
3257 4029 3387 4095 vita,
3417 4045 3515 4084 seu

1915 4122 2194 4192 sapientia,
2216 4139 2308 4177 seu
2332 4124 2558 4189 veritas,
2583 4134 2875 4193 ceteraque
2897 4122 3155 4178 similium
3182 4123 3445 4178 virtutum
3462 4123 3512 4155 "

1916 4212 2160 4279 nomina,
2201 4229 2338 4283 quae
2370 4213 2587 4269 divinae
2630 4214 2900 4269 altitudini
2931 4226 3097 4284 atque
3132 4215 3515 4270 subsistentiae

1914 4306 2425 4363 convenientissima
2441 4323 2562 4363 esse
2578 4309 2737 4363 viden
2749 4317 2857 4377 tur;
2884 4318 2979 4364 aut
3001 4298 3272 4381 negative,
3289 4318 3349 4364 ut
3378 4297 3515 4366 cum

1915 4399 2165 4456 “dicitur
2180 4400 2483 4466 invisibilis,
2500 4401 2731 4468 inﬁnita,
2748 4390 3325 4473 incomprehensibilis,
3345 4401 3511 4469 invia,

1914 4503 1970 4549 et
1999 4495 2410 4569 investigabilis,
2426 4506 2739 4569 ceteraque,
2766 4514 2906 4569 quae
2921 4499 2987 4555 de
3002 4500 3117 4571 ipsa
3137 4482 3511 4571 pernegatio-

1918 4602 2038 4643 nem
2056 4590 2493 4660 pronuntiantur.
2510 4588 2804 4662 Propterea
2818 4591 3048 4659 subjecit
3062 4590 3110 4623 "
3128 4609 3140 4645 :
3160 4572 3276 4646 Hoc
3287 4578 3443 4656 enim,
3460 4599 3516 4644 ut

209 4682 618 4753 formationibus
661 4682 1059 4754 gloriosioribus
1096 4685 1307 4757 quidem
1358 4685 1731 4753 existentibus,
1762 4695 1810 4740 et
1838 4655 1890 4717 Ῑ)
1918 4680 2159 4746 aestimo,
2183 4682 2443 4751 potentius
2492 4693 2567 4738 est
2622 4684 2675 4737 in
2697 4683 2832 4754 ipsa.
2858 4682 3127 4750 Aestimo,
3154 4672 3348 4754 inquit,
3373 4682 3517 4737 hanc

209 4773 508 4829 materiales
524 4773 872 4845 formationes
897 4774 1145 4830 excellere
1160 4791 1367 4846 quoquo
1381 4777 1538 4830 modo
1558 4775 1812 4846 probatis,

185 4869 572 4940 deﬁcientibus
602 4853 758 4923 et'sic
782 4867 1081 4924 thearchica
1106 4869 1151 4901 “
1173 4869 1243 4923 ad
1270 4870 1540 4925 ueritatem
1567 4868 1814 4925 similitu-

203 4964 344 5019 dine.
376 4962 546 5019 Tales
572 4969 722 5030 sunt,
764 4960 959 5031 inquit,
993 4971 1194 5030 tantae,
1222 4969 1278 5018 et
1304 4970 1415 5018 tam
1449 4978 1677 5035 magnae
1708 4961 1814 5017 mi-

201 5059 407 5115 rabiles
435 5057 676 5123 formae,
700 5071 844 5128 quae
863 5056 1207 5127 gloriosiores
1226 5057 1490 5125 existunt,
1517 5072 1815 5127 omnesque

197 5149 524 5207 materiales
551 5146 916 5207 formationes
941 5156 996 5206 et
1031 5149 1450 5223 imaginationes
1476 5132 1737 5226 superare
1758 5157 1817 5206 et

1921 4772 2210 4839 rationem,
2224 4786 2363 4843 quae
2376 4781 2460 4828 est
2476 4775 2748 4847 negativa,
2762 4775 3122 4845 potentiorem
3137 4784 3191 4832 et
3203 4775 3525 4853 convenien-

1921 4866 2118 4924 tiorem
2131 4867 2187 4923 in
2202 4866 2336 4937 ipsa,
2355 4867 2461 4924 hoc
2472 4879 2578 4938 est,
2603 4868 2656 4924 in
2679 4868 2847 4938 ipsius
2859 4883 3105 4924 summae
3120 4852 3339 4925 deitatis
3349 4852 3530 4949 signif

1922 4958 2194 5025 ﬁcatione,
2248 4961 2373 5016 dum
2398 4963 2605 5022 anobis
2653 4960 2853 5018 colitur
2870 4970 2927 5018 et
2956 4963 3237 5019 adoratur.
3282 4957 3535 5015 Validius

1919 5056 2121 5131 (ιυίρρε
2165 5062 2222 5111 ει
2258 5056 2621 5130 propinquius
2667 5054 2870 5111 veritas
2913 5054 3207 5121 inell‘abilis
3248 5057 3304 5106 et
3344 5048 3544 5105 divina

1918 5149 2215 5208 existentia
2245 5151 2524 5223 negative,
2555 5163 2723 5226 quam
2743 5145 3061 5205 allirmative
3101 5146 3431 5219 insinuatur.
3474 5138 3555 5199 Et

1536 5283 1795 5345 VARIAE
1833 5280 2245 5343 LECTIONES.

265 5388 286 5422 ³
318 5385 421 5442 Sic
448 5379 611 5439 ABG.
719 5378 742 5409 ³
772 5375 818 5431 Β
850 5378 1281 5436 convenientibus.

184 5468 243 5513 ut
271 5436 971 5521 om—.'A—D,isupra‘adscr.
1005 5449 1087 5505 B‘.
1182 5450 1228 5521 7‘
1254 5448 1449 5518 species
1475 5466 1586 5521 om.
1620 5436 1682 5503 B'.

1389 5377 1411 5410 ³
1445 5378 1487 5433 Β
1531 5375 1874 5444 imaqinibus-
1978 5375 2002 5405 ⁵
2038 5375 2131 5432 Sic
2152 5375 2197 5429 C
2220 5379 2441 5429 etcorr.
2471 5376 2517 5434 Β
2546 5381 2589 5445 ο,
2630 5375 2722 5431 AB
2748 5375 3209 5442 superioremque.
3243 5435 3256 5446 .
3289 5375 3313 5393 -
3342 5375 3445 5415 sic
3473 5375 3526 5423 υ

1389 5449 1586 5523 ίεδθηέ·
1620 5436 1682 5503 3'
1787 5447 1807 5523 ἶ
1863 5443 1907 5499 Β
1953 5445 2234 5523 eum“:
2288 5442 2577 5523 Βίηθνε·
2612 5447 2791 5523 θᾴξοη-
2845 5440 2883 5495 ίο
2916 5456 2963 5523 9;
3011 5431 3542 5523 Lm“’.'.“f"..:'l}

1978 5371 2002 5405 ⁵
2038 5374 2131 5432 Sic
2152 5373 2197 5429 C
2220 5379 2277 5427 ει
2288 5386 2441 5445 corr.
2471 5376 2517 5434 Β
2546 5381 2589 5445 θ,
2630 5371 2722 5431 AB
2748 5369 3218 5445 superborumque.
3243 5435 3256 5445 _
3289 5360 3313 5393 ⁸
3342 5358 3446 5445 εἰς
3473 5365 3560 5445 ς]
3584 5390 3595 5395 -

185 5470 243 5513 ut
271 5473 392 5515 om.
426 5470 543 5516 AD,
589 5470 765 5521 supra
796 5470 971 5512 auscr.
1005 5470 1087 5505 D’.
1207 5470 1228 5481 "
1254 5470 1449 5518 spectes
1475 5470 1586 5505 om.
1620 5470 1682 5503 ι).
1793 5470 1802 5478 ·
1863 5470 1907 5499 ι)
1953 5470 2078 5523 παρ
2129 5470 2234 5509 tam,
2288 5470 2330 5497 υ
2400 5470 2577 5523 marg.
2612 5470 2791 5502 ausu.
2845 5470 2883 5495 ι.
2916 5470 2963 5493 σ.
3021 5470 3344 5523 inmunem-zu
3497 5470 3564 5520 γ.

185 5545 372 5585 seram
423 5539 673 5580 causam.
766 5517 790 5549 ⁸
819 5517 861 5571 Β
883 5522 1134 5606 asumma
1168 5520 1374 5593 (punct.
1403 5520 1513 5592 adj.
1540 5519 1582 5575 Β
1608 5527 1627 5541 '
1653 5527 1711 5573 et
1734 5517 1804 5572 ad
1833 5529 2008 5585 marg.
2057 5470 2239 5574 aadscr.
2294 5514 2331 5569 i.
2368 5533 2420 5571 e.
2470 5511 2807 5581 ierarchiae).
2860 5568 2863 5569 ν
2917 5509 2961 5541 ¹⁰
3006 5508 3162 5565 Corr.
3196 5507 3251 5606 li
3298 5540 3316 5567 ν

181 5615 639 5742 ἑσκναιὶοπὸὺιω.
752 5610 799 5642 ¹¹
827 5595 1141 5679 ΒίεᾹΒξῖ)
1194 5621 1244 5667 ει
1291 5610 1756 5669 incommutabilis.

255 5701 309 5742 et
344 5690 464 5742 iam
493 5686 563 5742 si.
615 5682 662 5739 ϐ
711 5691 787 5736 et.
886 5679 929 5712 “
956 5681 996 5737 Β
1020 5685 1036 5704 '
1073 5699 1244 5742 marg.
1289 5682 1473 5740 adscr.
1512 5683 1756 5740 thearcict

255 5701 309 5742 et
344 5690 464 5742 iam
493 5686 563 5742 si.
615 5682 662 5739 ϐ
711 5691 787 5736 et.
886 5679 929 5712 “
956 5681 996 5737 Β
1020 5685 1036 5704 '
1073 5699 1244 5742 marg.
1289 5682 1473 5740 adscr.
1512 5683 1797 5740 thearcica.

1859 5607 2117 5680 “Corn,
2159 5608 2602 5680 AB_tltearchia,
2659 5605 2701 5680 _C
2727 5600 3008 5680 tltearchie:

3112 5602 3157 5634 ¹³
3207 5591 3479 5657 Emend.,
3523 5595 3572 5652 Δ

1908 5679 1955 5711 ’³
1988 5662 2295 5742 είέΪΙΪΑΒ
2321 5662 2618 5742 ίρεᾶ.”””ι’θ
2646 5662 2689 5733 Α
2721 5673 2861 5742 quis.
2959 5671 3002 5703 "
3029 5672 3073 5727 Β
3092 5677 3112 5693 '
3141 5681 3309 5742 supra
3337 5662 3571 5742 ,πύθοιο
