3984 5818
487 359 594 429 155

1605 359 2110 431 EXPOSITIONES
2143 358 2432 420 JOANNIS
2468 360 2667 421 SCOTI

3677 365 3779 424 150

484 480 592 536 hoc
632 484 713 531 est
743 474 884 547 quod
914 473 1160 546 sequitur
1183 487 1198 529 :
1221 474 1471 551 quoniam
1518 475 1751 549 quidem,
1785 486 1840 530 ut
1873 475 2074 531 occulta
2108 482 2154 541 Α
2183 474 2375 546 disque
2402 472 2703 528 naturalem
2738 473 2789 529 in
2833 471 3229 545 signiﬁcatione
3255 473 3450 545 ipsius.
3475 472 3571 546 qui
3618 489 3778 547 super

486 582 534 627 et
560 567 900 631 sacerdotalis
936 567 1151 627 traditio
1174 567 1588 635 subintroduxit,
1618 586 1720 623 non
1759 585 1869 624 esse
1891 583 2079 624 secun-

486 668 612 718 dum
641 659 768 733 quid
797 676 1003 725 eorum,
1031 676 1166 731 quae
1197 669 1338 726 sunt,
1370 676 1487 715 eam
1511 676 1629 715 vero
1649 658 1894 726 dicimus,
1929 659 2080 730 igno-

485 770 665 808 ramus
726 762 902 807 autent
975 750 1459 823 superessentialem
1543 751 1708 824 ipsius
1776 760 1823 806 et
1893 749 2081 806 invisis

486 843 639 900 bilem
694 853 739 898 et
798 842 1118 915 ine/)‘ttbilem
1175 843 1550 913 inﬁnalilatem
1579 844 1619 898 ⁸.
1651 842 1730 899 Ae
1764 843 1807 899 si
1834 843 2078 899 diceret:

483 936 781 1009 Propterea
849 940 1095 1008 uegativa
1161 938 1300 994 ratio
1352 938 1404 994 in
1466 939 1663 996 divinis
1732 940 2084 1010 signiﬁcatio-

486 1030 648 1087 nibus
737 1032 1093 1104 praeponitur
1163 1031 1555 1109 allirmativae,
1633 1036 1887 1105 quoniam
1956 1050 2085 1095 vere

485 1124 717 1182 d‘cimus
770 1126 939 1198 ipsam
991 1125 1296 1191 Deitatem,
1351 1142 1491 1199 quae
1542 1129 1915 1201 supereminet
1969 1145 2086 1186 om.

485 1215 597 1281 nia,
646 1231 751 1270 non
806 1232 926 1274 csse
972 1215 1175 1288 aliquid
1222 1232 1409 1273 eorum
1460 1232 1599 1293 quae
1639 1228 1787 1287 sunt,
1833 1229 1889 1274 et
1929 1218 2084 1295 igno—

486 1323 695 1375 ramus,
749 1307 876 1383 quid
934 1309 1047 1381 ipsa
1102 1309 1172 1366 sit
1230 1310 1400 1381 ipsius
1451 1309 1978 1381 superessentialitas
2034 1318 2089 1366 ct

485 1398 835 1456 invisibilitas
865 1411 920 1456 et
960 1398 1308 1456 ineffabilitas
1353 1410 1407 1456 ct
1453 1400 1779 1466 inlinalitas;
1831 1416 1937 1457 non
1987 1416 2084 1459 au-

488 1500 597 1548 tem
640 1507 766 1547 vere
793 1492 1045 1560 dicimus,
1075 1493 1199 1547 dum
1252 1490 1453 1563 aliquid
1511 1506 1723 1557 eorum,
1768 1506 1906 1562 quae
1938 1501 2084 1559 sunt,

485 1598 606 1640 esse
637 1584 657 1615 ¹
678 1598 795 1639 eam
827 1584 1177 1641 allirmamns.
1203 1582 1360 1639 Nulla
1411 1583 1675 1657 siquidem
1707 1583 1941 1638 essentia
1982 1592 2084 1650 est,

485 1677 740 1750 nullaque
784 1678 1018 1744 bonitas,
1051 1677 1177 1748 quia
1228 1675 1698 1748 StipereSSentialis
1736 1683 1841 1740 est,
1869 1684 1924 1731 et
1967 1674 2089 1747 plus

486 1783 647 1840 quam
679 1768 911 1833 bonitas,
939 1778 994 1823 et
1014 1783 1179 1840 super
1205 1783 1387 1830 omne,
1417 1766 1561 1839 quod
1611 1765 1810 1825 dicitur
1834 1775 1891 1821 et
1925 1766 2079 1821 intel-

2182 579 2399 620 omnem
2434 563 2663 633 formam
2697 573 2753 621 et
2799 562 3026 637 figuram
3068 570 3120 620 in
3149 565 3327 637 scipso
3358 566 3564 637 absque
3610 565 3780 625 forma

2184 656 2431 715 subsistit
2461 664 2515 712 et
2540 656 2733 728 figura,
2755 656 2875 727 plus
2901 672 3117 729 possum
3144 656 3339 731 decipi,
3365 668 3425 713 ut
3450 658 3782 731 existimem,

2184 747 2374 816 Deum,
2424 750 2597 823 ipsum
2650 751 3206 823 incircmnseriptem,
3235 752 3473 809 humana
3521 752 3569 786 "
3609 752 3782 825 elligie

2183 841 2580 909 circumscribi,
2613 852 2668 897 et
2712 841 3038 898 invisnbilcm
3084 851 3141 899 et
3181 843 3507 902 ntellabilem
3536 843 3783 920 [videri],

2185 933 2232 967 “
2256 951 2320 992 ac
2348 937 2414 991 de
2435 952 2500 992 eo
2522 936 2724 1009 aliquid
2756 936 2798 969 "'
2824 936 2945 992 fari.
2984 936 3121 992 Dum
3148 953 3279 994 vero
3300 938 3354 994 in
3378 938 3586 995 eisdem
3623 940 3787 999 visio-

2184 1028 2343 1085 nibus
2376 1030 2592 1100 pennati
2618 1028 2854 1087 hominis
2882 1045 2947 1085 ac
2981 1030 3257 1087 volitantis
3302 1031 3593 1107 imaginem
3642 1032 3793 1091 inve-

2186 1121 2278 1176 nio
2304 1121 2354 1176 in
2386 1119 2782 1193 significatione
2831 1121 3145 1179 caelestium
3170 1123 3431 1181 virtutum
3474 1140 3572 1188 seu
3623 1126 3790 1198 ipsius

2186 1212 2519 1281 Divinitatis,
2550 1214 2715 1270 veluti
2747 1214 2911 1271 celeri
2965 1214 3145 1272 volatu
3194 1215 3375 1271 omnia
3424 1218 3786 1288 penetrantis,

2186 1322 2295 1363 non
2341 1305 2502 1362 facile
2551 1305 2733 1375 fallor,
2763 1307 3021 1380 quoniam
3052 1308 3105 1363 in
3139 1318 3334 1363 natura
3364 1325 3548 1369 rerum
3605 1308 3789 1367 visibi-
3840 1359 3845 1364 .

2187 1394 2318 1451 lium
2345 1407 2637 1468 pennatam
2669 1398 2941 1453 hominem
2966 1408 3021 1453 et
3047 1397 3357 1456 volitantem
3384 1414 3489 1456 nec
3519 1400 3654 1468 vidi,
3688 1415 3786 1456 nec
3832 1386 3842 1477 γ’

2188 1488 2318 1557 legi,
2344 1504 2443 1544 nec
2475 1487 2674 1544 audivi.
2706 1487 2802 1543 Est
2842 1488 2987 1544 enim
3040 1497 3440 1545 tuonstruosum
3483 1498 3541 1546 et
3566 1493 3788 1553 omnino

2188 1579 2256 1632 ab
2310 1578 2542 1634 lnuuana
2610 1588 2803 1634 natura
2855 1580 2903 1613 ⁸⁸
2958 1580 3215 1637 alienmn.
3274 1581 3407 1637 Nam
3464 1594 3520 1639 ct
3578 1586 3787 1657 poetica

2188 1669 2445 1741 figmenta
2495 1670 2546 1724 in
2575 1669 2865 1727 falsissima
2916 1670 3096 1729 fabula
3127 1673 3192 1728 de
3225 1673 3403 1731 volatu
3428 1674 3653 1732 Daedali
3684 1694 3784 1735 non

2189 1776 2317 1817 ausa
2344 1773 2473 1817 sunt
2501 1761 2542 1793 "
2571 1763 2775 1836 lingere
2802 1763 3015 1835 plumas
3037 1779 3090 1820 ct
3120 1765 3233 1820 alas
3254 1768 3319 1821 tie
3362 1782 3594 1847 corpore
3620 1768 3786 1840 ipsius

485 1859 695 1933 ligitur,
718 1862 952 1918 cxaltata
976 1873 1078 1918 est.
1106 1861 1172 1917 Et
1194 1872 1481 1935 propterea
1505 1859 1781 1933 subjungit
1807 1878 1820 1913 :
1848 1856 1906 1915 Si
1930 1859 2090 1931 igitur
2116 1855 2165 1921 Β
2192 1854 2428 1911 hominis
2460 1856 2783 1911 naturaliter
2806 1858 3075 1926 crevisse;
3123 1860 3437 1917 incredibile
3465 1862 3615 1916 enim
3646 1870 3788 1919 esset

483 1954 816 2027 depulsiones
845 1957 865 1989 ³
894 1959 948 2012 in
977 1957 1168 2012 divinis
1202 1973 1372 2021 verae,
1416 1955 1726 2012 intentiones
1771 1954 1792 1986 ‘
1847 1971 1963 2010 vero
2008 1956 2090 2009 in-

484 2061 804 2121 compnctne,
850 2050 1157 2105 obscuritati
1203 2066 1524 2106 arcanorum
1554 2047 1576 2081 ⁸
1626 2049 1794 2121 magis
1835 2057 1959 2123 apta
2012 2059 2086 2104 est

482 2157 576 2215 per
594 2141 874 2197 dissimiles
898 2140 1300 2212 reformationes
1346 2139 1725 2208 manifestntio.
1776 2138 1859 2205 Si,
1886 2139 2086 2211 inquit,

487 2234 853 2307 depulsiones,
883 2235 985 2290 hoc
1006 2243 1090 2289 est
1132 2233 1469 2305 negationes,
1503 2248 1641 2305 quas
1671 2230 1864 2288 Graeci
1892 2234 2089 2310 ἀποφὰ-

488 2347 597 2391 om
648 2328 669 2358 ⁸
720 2339 958 2393 vocant,
1016 2326 1071 2381 in
1130 2326 1328 2381 divinis
1385 2325 1874 2397 significationibus
1929 2340 2089 2381 verae

487 2429 614 2477 sunt
639 2419 687 2487 ⁷,
738 2428 1055 2476 nouantem
1096 2419 1444 2483 intentiones,
1492 2416 1878 2473 allirmationes
1900 2417 2087 2473 videli-

487 2519 600 2577 cet,
631 2527 768 2582 quas
794 2512 1108 2583 καταφάσιις
1139 2511 1161 2541 ⁸
1193 2510 1399 2576 dicunt,
1454 2509 1659 2565 eisdem
1693 2508 1890 2565 divinis
1919 2510 2084 2583 signi-

484 2598 835 2658 ﬁcationibus
864 2610 1176 2672 compactae
1217 2608 1271 2655 et
1322 2600 1708 2655 convenientes
1758 2610 1903 2656 sunt.
1945 2599 2085 2656 Vere

482 2694 633 2754 enim
678 2706 906 2766 negatur
952 2696 1097 2751 Deus
1145 2694 1348 2765 aliquid
1398 2708 1606 2759 eorum,
1632 2709 1773 2764 quae
1804 2704 1952 2757 sunt,
1979 2710 2085 2750 non

489 2796 671 2843 autem
693 2803 824 2844 vere
852 2787 1057 2860 aliquid
1079 2802 1267 2844 eorum
1292 2787 1639 2859 praedicatur
1659 2802 1801 2853 esse,
1828 2786 2085 2861 quoniam

488 2897 651 2955 super
680 2883 861 2939 omnia
901 2883 1430 2956 superesscntialitcr
1458 2882 1525 2938 ab
1557 2883 1808 2939 omnibus
1841 2899 2087 2939 remove-

489 2977 595 3026 tur.
622 2970 875 3030 Profecto
903 2972 1217 3030 obscuritati
1245 2990 1594 3041 arcanorum,
1641 2974 1741 3029 hoc
1769 2983 1872 3043 est,
1899 2973 2085 3031 inclia-

486 3062 673 3120 bilium
723 3065 893 3122 multo
946 3065 1171 3136 aptior'
1203 3074 1287 3121 est
1338 3080 1436 3136 per
1489 3065 1779 3120 dissimiles
1809 3065 2090 3120 formatio-

488 3171 608 3223 nes,
638 3173 797 3227 quam
832 3157 875 3189 “
919 3173 1017 3229 per
1046 3157 1251 3214 similes
1295 3155 1341 3189 “
1385 3157 1751 3211 manifestatio
1800 3155 1863 3210 ".
1913 3154 1993 3212 Ac
2038 3156 2083 3211 si

487 3246 697 3305 diceret
745 3265 760 3303 :

487 3348 668 3394 autem
689 3355 819 3394 vera
847 3339 941 3395 sed
969 3337 1341 3409 metaphorica
1369 3335 1655 3391 afﬁrmatio
1680 3338 1755 3399 ¹³;
1789 3354 1915 3392 vere
1939 3339 2084 3393 enim

486 3429 687 3488 dicitur
719 3431 861 3489 Deus
884 3432 1190 3500 invisibilis,
1225 3449 1331 3490 non
1375 3444 1554 3490 autem
1580 3434 1804 3490 visibilis
1853 3452 1979 3492 vere
2022 3452 2085 3493 ac

486 3524 711 3598 proprie
739 3524 958 3591 dicitur,
1001 3525 1253 3582 similiter
1312 3526 1578 3593 infinitus,
1622 3526 2081 3600 incomprehensi-

486 3615 614 3674 bilis
646 3631 773 3673 vere
797 3618 863 3673 de
884 3632 948 3673 eo
971 3618 1338 3688 praedicatur,
1367 3618 1550 3674 (initus
1578 3634 1705 3675 vero
1745 3628 1800 3674 et
1843 3634 2087 3690 compre—

490 3707 777 3764 hensibilis
803 3724 910 3764 non
935 3710 1177 3781 proprie,
1202 3710 1296 3766 sed
1327 3710 1487 3766 modo
1511 3711 1744 3781 quodam
1780 3710 2029 3781 loquendi
2069 3730 2082 3766 :

490 3799 621 3871 quid
651 3800 869 3867 mirum,
919 3801 965 3856 si
1014 3801 1352 3859 naturalibus
1406 3802 1845 3874 simplicibnsque
1894 3802 2087 3860 formis

487 3889 649 3965 longe
665 3891 976 3960 dissimiles,
1000 3893 1224 3961 mixtae,
1249 3893 1525 3961 confusae,
1558 3893 1938 3967 deformesque
1968 3896 2086 3966 plus

489 3985 559 4040 ad
589 3984 773 4041 divina
803 3994 859 4042 et
905 3984 1197 4043 ineffabilia
1247 3987 1461 4043 valeant
1508 3987 1883 4061 significanda,
1923 4005 2085 4063 quant

487 4073 786 4145 absolutae,
836 4086 887 4131 et
937 4076 983 4109 “
1025 4077 1321 4149 simplices,
1348 4078 1604 4147 omnique
1649 4079 1966 4136 confusione
1996 4097 2084 4137 ca-

491 4178 676 4226 rentes
708 4171 1037 4228 naturalium
1080 4170 1379 4228 formarum
1426 4172 1865 4244 imaginationcs.
1910 4173 1975 4229 Et
2029 4184 2088 4229 ut

487 4264 702 4335 planius
733 4265 933 4334 dicam,
973 4268 1095 4340 plus
1144 4268 1390 4340 intelligo
1423 4268 1613 4329 Deum,
1665 4270 1789 4324 dum
1836 4270 1999 4326 audio
2022 4271 2089 4327 de

487 4372 607 4429 tpso
638 4359 1041 4427 praedicantem
1076 4374 1091 4413 :
1128 4361 1365 4415 essentia
1413 4375 1515 4414 non
1562 4370 1667 4426 est,
1721 4361 1939 4417 bonitas
1982 4377 2086 4419 non

489 4458 596 4517 est,
646 4451 898 4522 quoniam
953 4451 1423 4522 superessentialis
1469 4462 1575 4517 est,
1642 4462 1695 4507 et
1753 4453 1875 4524 plus
1926 4468 2086 4520 quam

485 4543 684 4611 bonus,
734 4561 894 4615 quam
926 4546 1051 4601 dum
1080 4546 1240 4601 audio
1275 4564 1287 4600 :
1322 4546 1553 4602 essentia
1591 4556 1692 4611 est,
1737 4546 1950 4603 bonitas
1980 4558 2082 4604 cst.

489 4638 605 4695 Hoc
628 4639 770 4693 cnim
799 4640 965 4694 Deum
1000 4640 1142 4694 inter
1171 4640 1350 4695 omnia
1399 4651 1775 4708 connumeral,
1830 4640 1959 4697 illud
1992 4657 2084 4697 au-

491 4741 599 4788 tem
625 4747 786 4803 super
812 4733 991 4787 omnia
1027 4732 1203 4804 ipsum
1229 4733 1449 4789 exultat.
1490 4734 1687 4789 Eadem
1721 4734 1930 4791 ratione
1958 4736 2084 4793 dum

491 4821 546 4877 in
579 4823 783 4878 sanctis
812 4823 1109 4878 visionibus
1164 4833 1475 4879 sanctorum
1526 4825 1912 4897 prophetarum
1967 4825 2086 4900 lego

490 4914 784 4971 humanam
816 4913 1043 4988 elligiem
1072 4914 1380 4987 pulchram,
1433 4916 1756 4986 absolutam,
1812 4920 2082 4974 omnimo-

2193 1958 2249 2007 et
2276 1947 2536 2004 deforme.
2561 1949 2639 2004 Ac
2662 1964 2763 2020 per
2786 1951 2887 2006 hoc
2909 1950 3071 2005 citius
3095 1949 3337 2007 adducor
3358 1953 3425 2007 ad
3454 1952 3785 2026 negandum,

2191 2041 2282 2097 tali
2315 2041 2550 2112 imagine
2575 2043 2797 2098 omnino
2820 2043 3031 2099 divinas
3050 2044 3278 2101 virtutes
3307 2044 3592 2119 ipsumque
3620 2046 3789 2103 Deum

2190 2131 2571 2190 circumscribi
2601 2146 2655 2189 et
2681 2133 3000 2190 deformiter
3022 2134 3274 2204 formari;
3306 2152 3466 2193 onmc
3494 2140 3782 2215 suqnincnt,

2190 2228 2333 2298 quod
2388 2236 2579 2281 contra
2611 2238 2863 2282 naturam
2917 2239 3021 2295 est,
3079 2238 3235 2307 turpe
3284 2231 3516 2303 atque”
3546 2231 3788 2289 deforme

2189 2327 2308 2385 est;
2337 2333 2500 2388 quam
2528 2314 2597 2374 ad
2634 2321 3272 2389 consetptemlum,‘tales
3324 2324 3523 2395 figuras
3572 2335 3789 2379 natura-

2188 2409 2315 2466 liter
2365 2411 2420 2466 in
2474 2411 2801 2468 caelestibus
2847 2428 2991 2468 esse.
3045 2413 3111 2468 Et
3151 2415 3410 2472 continuo
3452 2415 3600 2471 nulla
3642 2432 3787 2474 mura

2189 2504 2513 2561 interstante
2559 2506 2602 2536 ¹¹
2634 2506 2928 2579 perspicio,
2977 2506 3095 2561 illas
3131 2508 3543 2579 intugiuatitmes
3573 2510 3786 2565 divinae

2190 2596 2508 2667 Scripturae
2568 2596 2957 2667 signiticativas
3013 2614 3135 2655 esse
3194 2599 3519 2655 naturalium
3583 2617 3786 2667 rerum,

2189 2689 2515 2759 simplicium.
2569 2687 2811 2765 (pridem,
2862 2695 3118 2765 omnique
3169 2692 3340 2748 fonna
3394 2704 3559 2765 atque
3621 2696 3784 2768 ηειιιιι

2190 2782 2431 2838 sensibili
2492 2786 3008 2857 circumscriptmpte
3060 2784 3383 2851 carentium,
3441 2802 3547 2841 non
3608 2801 3783 2843 autem

2190 2875 2339 2947 ipsas
2367 2889 2610 2946 naturas,
2638 2894 2778 2950 quae
2803 2880 2922 2935 istis
2947 2878 3433 2950 signilicationilms
3454 2881 3522 2941 ad
3552 2895 3785 2953 purgan—

2192 2971 2291 3026 (Ias
2334 2979 2549 3027 nostras
2579 2981 2826 3035 terrenas
2869 2973 3228 3047 cogitationes
3262 2974 3605 3035 intintantur.
3643 2975 3786 3033 Sicut

2192 3062 2377 3134 itaque
2402 3066 2621 3138 negatio
2651 3064 2993 3123 aliirmationi
3032 3067 3385 3140 praeponitur
3433 3067 3488 3122 in
3515 3067 3786 3145 significa-

2193 3154 2430 3213 tionibus
2458 3157 2527 3223 ”,
2559 3158 2633 3215 ita
2663 3157 3101 3216 inconvenientes
3146 3169 3311 3232 atque
3353 3158 3633 3225 deformes
3674 3175 3786 3235 spc-

809 3247 869 3304 Si
918 3263 1048 3304 vera
1079 3255 1166 3303 est
1193 3247 1407 3317 negatio
1439 3248 1490 3300 in
1525 3247 1722 3301 divinis
1752 3248 1934 3310 rebus,
1978 3262 2084 3302 non
2114 3233 2159 3297 Ο
2192 3248 2305 3305 cies
2332 3249 2587 3306 formosis
2610 3252 3167 3327 convenientibusque
3213 3266 3625 3329 praeponuntur
3656 3233 3784 3310 ima-

2189 3343 2560 3415 ginationibus
2584 3346 3220 3419 manitestationibusqnc
3243 3346 3548 3409 divinarum
3583 3364 3785 3411 rerum,

2191 3447 2288 3489 seu
2318 3449 2513 3491 sensus
2539 3450 2855 3506 corporeus,
2882 3448 2939 3491 ut
2959 3447 3085 3493 sunt
3107 3437 3385 3510 angelicae
3418 3437 3674 3503 virtutes,
3700 3454 3787 3499 san

2189 3540 2409 3583 omnem
2434 3526 2794 3595 intellectum,
2823 3539 2880 3583 nt
2925 3537 3008 3586 es:
3036 3530 3149 3601 ipsa
3185 3529 3466 3595 Divinitas,
3499 3528 3786 3593 inet‘fabib-

2191 3628 2277 3676 ter
2293 3623 2687 3692 superantium.
2706 3623 2774 3678 Et
2793 3626 2935 3699 quod
2952 3626 3017 3682 de
3038 3623 3210 3697 efﬁgie
3226 3624 3461 3683 volatilis
3482 3625 3531 3657 "
3553 3625 3792 3683 hominis

2191 3714 2451 3783 diximus,
2483 3716 2657 3788 ipsum
2686 3717 2754 3773 de
2778 3718 2932 3776 leone
2963 3718 3236 3791 vituloquc
3284 3735 3549 3792 pennoso,
3573 3720 3705 3777 item
3727 3720 3792 3775 de

2193 3806 2373 3877 aquila
2398 3808 2633 3863 humana
2657 3810 2803 3865 vultu
2836 3811 3198 3883 configi-rata,
3221 3814 3526 3884 ceterisque
3549 3812 3793 3873 confusis

2191 3897 2399 3972 ﬁguris,
2434 3915 2527 3956 seu
2581 3899 2634 3955 in
2662 3903 2851 3958 eodem
2876 3917 3074 3975 genere
3110 3902 3419 3975 superfluis,
3448 3914 3506 3961 ut
3532 3904 3792 3963 aninndut

2190 3994 2279 4050 illa
2306 4010 2467 4052 senas
2489 3996 2603 4051 alas
2637 3996 2912 4063 habentia,
2937 4015 3021 4055 est
3068 3998 3495 4070 intelligendum.
3549 3998 3619 4057 Lit
3649 3998 3791 4061 enim

2190 4084 2325 4142 haec
2353 4088 2535 4142 omnia
2559 4088 2834 4143 naturales
2858 4090 3129 4163 abnegant
3161 4088 3389 4159 fortnas,
3412 4089 3485 4153 ita
3518 4092 3789 4159 caelestes

2191 4170 2422 4235 virintcs
2448 4180 2532 4235 his
2557 4180 2811 4237 erunibus
2834 4180 2881 4211 ”
2905 4181 3193 4253 speciebus
3220 4194 3408 4237 carere
3453 4182 3790 4240 manifestis-

2192 4270 2329 4327 sime
2351 4271 2643 4326 insinuant.
2672 4273 2933 4344 Sequitur
2961 4292 2972 4329 :
3000 4274 3065 4330 Et
3090 4291 3227 4328 nunc
3255 4275 3429 4347 itaque
3454 4291 3561 4329 non
3591 4287 3789 4348 turpes.

2193 4365 2338 4420 velut
2402 4380 2657 4438 expresse
2719 4367 3043 4425 transfertur
3101 4381 3410 4442 postremae
3445 4368 3530 4435 ”,
3596 4373 3790 4442 repleat

2193 4460 2437 4514 caelestes
2498 4470 2715 4515 ornatus
2777 4464 3103 4532 cloquiornm
3158 4481 3342 4523 sacrae
3393 4466 3791 4537 descriptione;

2192 4547 2534 4606 dissimilibus
2610 4567 2696 4605 eos
2771 4552 3061 4622 formarum
3140 4555 3365 4629 ['acturt's
3444 4557 3790 4623 manifestae-

2190 4651 2285 4709 tes,
2314 4651 2363 4697 et
2382 4659 2475 4715 per
2507 4644 2604 4699 luis
2640 4649 2967 4702 ostendentes
3013 4647 3376 4705 mater-latibus
3405 4646 3453 4680 “
3480 4650 3643 4709 simul
3686 4666 3791 4705 our

2190 4734 2341 4789 nibus
2395 4736 2883 4806 supermundalimn
2942 4739 3297 4803 excellentius.
3351 4737 3600 4803 Breviter
3668 4756 3789 4797 rore

2187 4826 2386 4894 cludit,
2457 4844 2596 4901 quae
2659 4829 2918 4887 hactenus
2968 4831 3012 4863 ’τ
3082 4832 3392 4904 praedixit.
3460 4832 3792 4899 convincens

2188 4925 2334 4984 eos,‘
2374 4922 2463 4991 qui
2510 4921 2807 4979 carnaliter
2860 4922 3040 4979 divina
3094 4924 3368 4999 cogitant,
3416 4923 3790 4991 existimantes

1798 5008 2054 5063 VARIAE
2094 5009 2500 5068 LECTIO‘NES.

566 5079 742 5136 ‘ABC
790 5089 845 5136 et
896 5079 1219 5139 ineli‘abilem
1242 5091 1289 5137 et
1320 5080 1717 5137 inlinalitatem.

494 5204 604 5243 nes.
716 5189 737 5221 ⁵
763 5187 836 5243 Β*
865 5203 1024 5261 supra
1057 5170 1165 5247 scr.
1203 5190 1596 5262 aﬂlrmationes.

491 5317 514 5350 "
543 5316 637 5372 Sic
659 5316 699 5374 C
722 5328 779 5374 ct
807 5318 922 5374 rad.
949 5335 1089 5403 corr.
1122 5320 1211 5384 B',
1382 5336 1495 5401 nere
1536 5317 1696 5441 ﬁunt.

492 5391 789 5441 vlusauam.
873 5391 915 5425 “
938 5390 1029 5441 Sne
1047 5392 1111 5441 C.
1138 5392 1180 5441 Α
1203 5391 1510 5441 tltssmttles.
1600 5388 1696 5441 dist

492 5391 789 5460 plusquam.
873 5391 915 5425 “
938 5390 1029 5447 Sic
1047 5392 1112 5457 C,
1138 5392 1181 5445 Α
1203 5391 1510 5455 dissimiles,

492 5574 730 5648 humana
763 5564 835 5648 '(éi
880 5578 1113 5637 fortasse
1160 5578 1229 5647 B'
1281 5575 1530 5648 addidit).

492 5646 696 5717 inquid.
770 5638 843 5681 “¹⁸
871 5648 1080 5706 Natura
1108 5638 1215 5706 mh;
1259 5648 1319 5709 Β,
1354 5645 1423 5700 B‘
1451 5638 1516 5717 ait
1544 5658 1716 5713 marg.
1751 5642 1932 5717 adscr.

1823 5082 1845 5113 ³
1868 5080 2125 5151 Baliqnid
2148 5100 2258 5137 esse
2295 5101 2475 5140 eorum
2525 5103 2658 5157 quae
2677 5099 2794 5142 sunt
2818 5103 2945 5143 esse.

1739 5188 1761 5218 ⁵
1799 5188 1840 5241 Β
1884 5170 2225 5280 ανεΙιαιιίξςὲἓ

1796 5313 1845 5397 ,
1872 5314 1940 5397 By‘
1980 5301 2377 5397 xitargiadscr.
2409 5325 2737 5397 catapheses.

1600 5386 1883 5475 dissimiles
1908 5386 2121 5454 (punct;
2162 5390 2230 5443 B‘
2263 5396 2367 5464 adj.
2404 5386 2651 5467 tideiur).
2728 5396 2771 5428 ³⁸
2802 5394 2892 5452 Sic
2934 5398 2998 5465 Ο,
3030 5401 3074 5454 Α
3108 5386 3586 5475 manifestationcs,
3612 5398 3653 5453 Β
3676 5414 3784 5452 ηια-

494 5483 850 5552 nifestationes
880 5485 1085 5558 (punct,
1112 5485 1183 5539 Β·
1209 5482 1317 5553 adj.
1345 5464 1616 5549 videtur):
1643 5463 1733 5510 ’³³
1761 5478 1851 5533 Sic
1873 5476 1934 5541 ϐ,
1968 5477 2056 5531 ΑΒ
2082 5463 2338 5551 ﬁrmatio,
2364 5489 2438 5543 Β·
2485 5463 2645 5559 supra
2674 5489 2852 5546 adscr.
2886 5463 3184 5563 amrmatio.

1639 5571 1683 5602 ιϐ
1720 5569 1899 5655 Vitleri
1929 5573 2221 5655 ωιλαμ-ιβ,
2250 5582 2428 5655 addidi
2461 5600 2524 5645 ex
2550 5583 2691 5655 conj.

2120 5642 2295 5723 SiQVC-i
2344 5653 2387 5708 Β
2426 5642 2555 5711 ausa
2589 5642 2727 5719 su'm,
2772 5656 2813 5711 Β
2846 5642 3041 5713 ‘corr.
3093 5642 3257 5715 ausus
3302 5642 3444 5723 sum.

3059 5089 3080 5121 ³
3104 5089 3177 5144 B'
3204 5105 3365 5162 supra
3393 5105 3502 5149 scr.
3553 5089 3788 5165 negatio-

2726 5194 2746 5224 ⁸
2776 5194 2847 5249 B‘
2900 5212 3070 5265 marg.
3130 5200 3309 5255 adscr.
3344 5200 3375 5255 i.
3439 5213 3493 5254 e.
3529 5198 3780 5269 apofnles.

2877 5326 2899 5357 ’
2929 5327 3086 5383 Corr.
3112 5328 3179 5383 B'
3210 5327 3343 5389 ΑΒΕ
3371 5329 3556 5389 altior.

2188 5171 2238 5248 2⁸
2287 5192 2613 5248 obscuritati.

3678 5326 3720 5358 ιο
3748 5324 3783 5379 ιι

3294 5494 3337 5525 ’³
3364 5493 3408 5551 Β
3445 5512 3530 5555 ac.
3614 5490 3781 5547 "Bst

2798 5585 2840 5617 ¹⁷
2882 5586 2972 5642 Sic
3011 5586 3053 5643 Ο
3073 5597 3126 5642 et
3149 5604 3293 5644 corr.
3324 5588 3426 5654 B',
3456 5589 3499 5649 Α
3531 5587 3720 5657 inquit.
3743 5580 3783 5638 Β

2798 5658 2813 5710 ι
2846 5657 2875 5689 ⁸
2899 5673 3041 5713 corr.
3093 5677 3257 5715 ausus
3302 5675 3444 5719 sum.
3545 5656 3591 5690 ”
3626 5656 3667 5719 ll
3702 5670 3782 5709 ac.

3702 5670 3782 5709 ac.

493 5713 895 5818 resistente:
912 5720 952 5776 C
981 5722 1305 5818 lige'stattte:k
1357 5713 2406 5818 ’⁸1Αξιηηιιζὲξξίιξιηαεῖἐτδέξιςίξξξαμξοηίὸιιε
2420 5742 2529 5781 ent.
2562 5725 2650 5818 B.\
2700 5713 3039 5818 ίθέυῐςιιιιιες
3059 5729 3117 5787 B'
3140 5713 3282 5812 corr.
3303 5713 3550 5794 uolantis.
3580 5801 3592 5808 _
3628 5713 3785 5812 ξξβὶα

493 5786 536 5818 l‘
600 5787 626 5818 Α
669 5787 960 5818 ι......ι..;ι...-
1012 5791 1050 5818 Ι)
1078 5790 1372 5818 Ιιηκεὶιιέιιι..
1411 5787 1558 5818 Ιηιηιι
1598 5793 1793 5818 nunt-In

1841 5781 1881 5818 ΙΙ
1894 5783 1911 5801 ⁸
1948 5781 2176 5818 ηἈῖΔγηΛηῖ
2186 5799 2200 5818 ο
