3984 5404
147 434 259 507 157

1004 428 1232 492 SUPER
1268 430 1702 490 IERARCHIAM
1731 428 2146 488 CAELESTEM
2188 430 2246 488 S.
2286 426 2604 490 DiONYSll.

3347 436 3451 495 £58

145 563 214 605 ea
263 546 614 605 sensibilibus
662 544 874 617 formis,
914 547 1030 604 sive
1082 547 1367 611 absolutis,
1425 546 1751 617 modmnque
1782 551 1825 608 Α
1855 562 2006 599 coras
2052 543 2421 601 similitudines
2470 544 2781 601 mirabiliter
2822 547 3103 604 descendit.
3157 548 3235 607 Ne
3282 550 3449 619 illud,

148 650 386 697 naturae
454 655 562 696 non
638 639 1054 705 excedentibus,
1119 640 1232 696 sive
1292 639 1575 702 confusis,
1635 640 1749 695 sive

147 733 466 805 superﬂuis,
526 742 585 788 ut
634 732 885 804 superius
934 732 1136 789 dictum
1192 740 1295 796 est,
1350 732 1747 793 circumscribi,

146 827 407 884 similiter
435 837 492 884 et
532 843 647 895 eos,
681 830 772 899 qui
805 830 1068 901 imagines
1094 829 1310 898 quidem
1359 827 1749 903 significatiras

145 933 269 975 esse
303 920 596 990 recipiunt,
642 920 919 993 angelicae
971 930 1148 976 tamen
1199 928 1253 976 et
1301 920 1751 990 supereminentis

143 1021 388 1069 naturae
410 1013 677 1087 dignitate
698 1013 946 1086 indignas
970 1013 1324 1077 arbitrantur,
1352 1012 1625 1079 deridens,
1650 1027 1751 1066 nec
1776 1018 1782 1022 “

141 1119 255 1159 non
289 1113 348 1158 et
373 1118 494 1171 eos,
525 1104 616 1175 qui
651 1104 1016 1177 spiritualium
1068 1105 1514 1177 imaginationum
1558 1119 1752 1160 causas

144 1201 345 1266 turpes
374 1204 435 1250 et
462 1195 869 1250 irrationabiles
921 1204 1232 1261 autumant,
1259 1194 1521 1250 refutans.
1552 1195 1618 1250 Et
1648 1196 1751 1251 hoc

142 1297 228 1341 est
250 1288 403 1358 quod
430 1287 509 1342 ait
542 1306 556 1343 :
592 1287 659 1344 Et
689 1304 831 1343 nunc
882 1289 1085 1359 itaque,
1104 1289 1225 1360 jam
1258 1288 1531 1355 videlicet,
1574 1289 1750 1344 consi-

144 1381 335 1435 derata
381 1382 618 1438 veritate
658 1382 947 1455 divinaque
1000 1384 1267 1455 sapientia
1323 1383 1591 1447 consulta,
1644 1397 1749 1436 non

143 1472 386 1543 replent,
440 1483 502 1528 ut
557 1475 873 1555 insipientes
919 1476 1237 1531 existimant
1290 1477 1332 1542 ⁸,
1385 1475 1752 1531 materialibus

145 1582 342 1622 sacrae
365 1568 782 1641 descriptiones,
809 1581 1031 1626 sanctae
1054 1572 1261 1631 scilicet
1301 1572 1739 1645 itnagiuatloncs,

144 1667 470 1717 sanctorum
523 1660 862 1732 eloquiorum
912 1662 1174 1719 caelestes
1201 1674 1445 1729 ornatus,
1499 1667 1624 1720 dum
1656 1682 1751 1720 eos

144 1747 512 1805 dissimilibus
533 1751 632 1806 sibi
665 1752 855 1809 formis
886 1755 1252 1822 manifestam,
1282 1768 1334 1811 et
1380 1773 1478 1827 per
1504 1773 1615 1819 eas,
1641 1759 1749 1813 dis-

142 1840 352 1896 similes
380 1842 684 1900 videlicet’
731 1844 953 1911 formas,
1006 1863 1173 1918 super
1196 1863 1386 1903 omnes
1437 1850 1594 1904 simul
1630 1867 1745 1903 ma-

1852 640 2067 712 inquit,
2105 640 2383 711 simplices
2424 642 2905 713 imprudentesque
2955 643 3190 701 fidelium
3236 649 3454 715 animae

1850 741 2184 803 paterentur,
2218 734 2323 789 hoc
2347 744 2453 801 est,
2480 735 2980 805 incircumscriptus
3010 737 3301 807 "Spiritus
3328 754 3452 795 cae.
3532 722 3535 729 ⁴

1851 825 2069 880 testium
2098 826 2365 882 virtutum
2397 829 2579 884 aureis
2604 828 2931 898 quibusdam
2962 828 3150 885 fortunis
3180 832 3451 900 pulchris~

1852 933 1959 988 que
2001 919 2225 974 humani
2254 920 2534 988 corporis,
2567 921 2971 986 membrorum,
3014 937 3293 977 armorum
3338 925 3450 980 cir—

1851 1010 2210 1080 cumscriptae
2233 1052 2247 1075 ,
2299 1011 2803 1082 pretiosissimqu
2842 1013 3168 1069 vestitnenta
3213 1014 3450 1080 indutos,

1854 1100 2004 1156 falsis
2030 1103 2146 1157 suis
2168 1103 2473 1173 pbantasiis
2492 1104 2775 1174 deceptae,
2799 1106 3116 1161 occasiones
3142 1107 3307 1162 etiam
3323 1124 3386 1161 ex
3406 1107 3448 1145 l‘

1852 1195 2187 1265 propheticis
2220 1196 2521 1251 visionibus
2560 1198 2913 1267 accipientes,
2941 1200 3339 1264 esistimsrent,
3365 1217 3451 1259 se-

1853 1302 1958 1358 que
1988 1290 2132 1358 ipsas
2157 1291 2517 1355 seducerent,
2558 1291 3053 1363 obominahiliaque
3092 1293 3229 1348 idola
3252 1334 3267 1358 ,
3296 1294 3455 1365 longe

1854 1378 2051 1433 divinis
2080 1378 2441 1437 intellectihus
2477 1389 2706 1445 remota,
2737 1381 2789 1434 in
2817 1383 2932 1437 suis
2956 1385 3376 1454 cogitationibus
3409 1386 3452 1421 ⁸⁷

1855 1471 2159 1539 fingerent,
2210 1471 2613 1540 sapientissime
2655 1472 2962 1543 theologia,
3011 1474 3281 1531 lnnnauae
3320 1476 3485 1530 insiv.

1857 1565 2096 1635 pientiae
2126 1565 2451 1630 consulens,
2483 1566 2648 1620 etiam
2686 1566 2753 1620 ad
2794 1565 3119 1621 deformium
3152 1566 3455 1631 formarum

1854 1656 2148 1712 dissimiles
2175 1657 2594 1729 imaginationes
2621 1658 2928 1725 descendit,
2960 1675 3098 1731 quas
3126 1676 3227 1717 nec
3256 1671 3451 1717 natura

1853 1750 2149 1804 visibilium
2187 1765 2369 1805 rerum
2409 1751 2453 1785 η
2501 1752 2712 1821 recipit,
2758 1767 2857 1808 nee
2898 1753 3250 1809 invisibilimn
3286 1754 3455 1811 subli-

1854 1843 2016 1897 mitas
2046 1842 2269 1898 omnino
2295 1844 2396 1899 sibi
2429 1846 2724 1901 convenire
2756 1848 3041 1915 permittit.
3073 1848 3150 1903 Ac
3179 1849 3226 1907 si
3262 1855 3453 1917 aperte

143 1932 366 1988 teriales
386 1936 603 2009 species
625 1939 1121 2011 supcrmundalium
1145 1941 1402 1996 virtutum
1435 1942 1748 1997 altitudines
1779 1920 1823 1979 Β
1853 1932 1969 2002 ipsa
2004 1943 2190 1989 8³1³01³
2225 1933 2490 2004 ιιιθοὶοκίο
2515 1936 2775 1993 ειθητανθῑ
2798 1952 2813 1990 ³
2839 1938 3293 2007 ςυθηιειιηιθιιωη
3318 1939 3455 1995 1³⁸⁸³

144 2023 462 2079 ostendunt.
494 2025 605 2083 liae
634 2036 814 2084 autem
841 2031 1212 2085 controversia
1240 2030 1410 2098 finita,
1440 2033 1506 2086 ad
1539 2032 1748 2087 laudem

146 2113 495 2172 dissimilium
538 2119 953 2177 similitudinum
1012 2123 1281 2178 convertit
1334 2138 1638 2181 sermonem
1696 2134 1749 2180 ct

150 2206 226 2260 ait
255 2225 267 2260 :
297 2206 443 2274 Quia
479 2227 599 2265 vero
628 2222 677 2267 et
724 2224 961 2268 nostrum
1008 2215 1243 2270 animum
1295 2217 1549 2271 reducunt
1587 2219 1752 2289 magis

152 2296 456 2364 dissimiles,
491 2300 641 2363 velut
667 2302 1063 2375 significantius
1107 2306 1432 2362 transfertur
1462 2309 1750 2377 obscurae,

147 2391 524 2448 similitudines
550 2394 593 2464 ³,
641 2413 745 2453 non
792 2399 1010 2455 aestimo
1056 2416 1369 2473 quemquam
1397 2401 1522 2456 bene
1548 2403 1753 2473 sapien-

156 2490 265 2536 tum
306 2487 685 2543 contradicere.
734 2487 849 2547 Non
906 2490 1163 2555 arbitror,
1207 2491 1400 2561 inquit,
1455 2492 1622 2547 ullum
1664 2509 1755 2549 eo-

153 2590 275 2630 rum
334 2576 377 2641 “,
426 2579 517 2649 qui
567 2582 804 2653 sapiunt,
852 2584 1229 2641 contradicere
1268 2585 1289 2617 ³
1344 2586 1475 2641 mibi
1527 2587 1748 2651 dicenti,

148 2667 444 2726 dissimiles
467 2672 548 2727 vel
578 2675 842 2730 obscuras
891 2675 912 2705 ⁵
960 2677 1340 2732 similitudines
1372 2679 1543 2750 magis
1591 2695 1753 2749 quam

152 2761 363 2818 similes
383 2771 438 2819 et
467 2775 689 2837 apertas
717 2769 957 2824 animum
1000 2779 1245 2825 nostrum
1278 2771 1537 2827 reducere
1566 2772 1621 2827 in
1655 2786 1751 2828 ve—

148 2868 267 2921 ram
316 2856 634 2925 caelestium
687 2860 947 2917 virtutum
997 2864 1528 2933 contemplationem.
1588 2865 1744 2933 Quod

150 2947 313 3002 etiam
338 2951 550 3005 ratione
577 2953 817 3008 subnexa
843 2954 1035 3017 suadet
1057 2957 1276 3011 dicens:
1303 2956 1367 3010 In
1388 2959 1594 3029 quidem
1614 2959 1752 3013 enim

149 3040 548 3109 pretiosioribus
607 3047 773 3100 sacris
848 3046 1250 3121 formationibus
1310 3067 1626 3123 consequens
1677 3060 1755 3107 est

155 3132 337 3186 seduci
356 3135 675 3207 auriformes
691 3139 949 3209 quasdam
975 3142 1345 3197 aestimantes'
1372 3161 1480 3197 esse
1509 3144 1754 3200 caelestes

153 3225 430 3299 essentias,
457 3236 503 3280 ct
539 3229 795 3300 quosdam
834 3231 970 3285 viros
1006 3230 1297 3302 fulgurcos,
1326 3234 1515 3287 decora
1543 3236 1751 3291 indutos

150 3317 476 3383 uestimenta,
496 3320 722 3374 candide
741 3331 789 3375 et
836 3322 989 3392 ignee
1005 3322 1325 3395 innocueque
1350 3325 1747 3403 resplendentes,

154 3416 203 3463 et
233 3407 254 3439 ⁸
305 3409 703 3483 quibuscunque
745 3414 866 3468 aliis
908 3414 1164 3471 similibus
1215 3420 1517 3490 imaginatis
1571 3420 1753 3488 formis

151 3498 412 3573 theologia
456 3502 703 3558 caelestes
753 3504 1001 3577 ﬁguravit
1034 3507 1345 3563 intellectus.
1390 3509 1444 3563 ln
1477 3511 1753 3582 pretiosis,

150 3590 346 3665 inquit,
376 3592 483 3649 hoc
503 3604 602 3655 est,
630 3594 873 3666 pulchris
903 3607 1235 3675 naturaeque
1259 3600 1527 3656 similibus
1548 3603 1753 3663 sanctis

150 3683 635 3767 imaginationibus
667 3687 919 3745 facillime
956 3702 1182 3762 possunt
1223 3694 1425 3756 seduci,
1455 3694 1544 3766 qui
1566 3694 1754 3750 existi-

151 3784 341 3849 mant,
375 3777 639 3835 caelestes
668 3782 999 3838 substantias
1040 3799 1237 3840 aureas
1280 3785 1479 3841 habere
1527 3786 1751 3853 formas,

151 3876 206 3922 et
261 3872 524 3939 quosdam
577 3858 741 3928 viros
786 3874 1089 3934 luculentas
1149 3877 1218 3932 ibi
1279 3894 1432 3946 esse,
1495 3882 1581 3953 qui
1638 3882 1753 3953 pul-

156 3958 287 4014 chra
359 3962 530 4030 induti
604 3976 728 4020 sunt
826 3968 1193 4036 vestimenta,
1262 3973 1461 4041 quique
1524 3973 1545 4003 ⁹
1622 3990 1751 4028 can-

152 4053 280 4110 dido
310 4056 491 4123 colore
517 4067 571 4113 et
605 4059 784 4135 igneo,
835 4061 1065 4117 innocue
1097 4072 1276 4117 tamen
1310 4064 1655 4135 resplendent
1685 4066 1750 4133 ¹⁰,

152 4145 397 4220 aliasque
464 4150 672 4205 similes
747 4153 1069 4224 imaginatus
1127 4153 1329 4211 formas
1394 4158 1752 4213 humanorum

150 4253 439 4313 corporum
470 4241 990 4314 cpnligurationibus
1020 4246 1224 4301 similes
1255 4247 1501 4304 habitare
1544 4250 1752 4306 (acies-

151 4329 225 4385 tia
255 4316 483 4407 lingunt,
517 4333 879 4409 spiritualium
907 4344 963 4390 et
994 4336 1337 4391 invisibilium
1380 4339 1637 4394 virtutum
1668 4342 1752 4396 in-

151 4422 455 4505 telligibiles
502 4428 824 4485 naturaliter
856 4430 1268 4487 substitutiones
1304 4448 1404 4489 nec
1435 4444 1581 4489 recte
1609 4436 1755 4509 cogi-

150 4522 301 4583 tare,
346 4535 447 4575 nec
487 4536 621 4601 pure
671 4539 1000 4595 cognoscere
1050 4525 1320 4593 valentes,
1351 4537 1422 4594 et,
1476 4530 1617 4600 quod
1671 4540 1756 4585 est

149 4609 517 4677 miserabilius
547 4613 611 4689 “,
643 4615 733 4670 vix
766 4615 821 4671 in
852 4616 1090 4673 humana
1120 4619 1463 4676 multitudine
1494 4622 1753 4692 paucissi-

150 4715 272 4779 mas
312 4706 618 4777 sapientum
659 4723 921 4767 numerus
963 4710 1257 4780 invenitur,
1299 4712 1389 4785 qui
1430 4714 1521 4767 tali
1563 4729 1749 4770 errore

151 4792 334 4857 seduci
382 4811 489 4852 non
530 4799 741 4868 possit,
790 4796 922 4853 falsa
968 4817 1069 4872 pro
1125 4804 1272 4859 veris
1312 4805 1614 4875 approbare
1656 4820 1745 4860 re-

152 4898 373 4954 spuens.
407 4887 701 4959 Sequitur:
741 4887 896 4957 Quod
936 4893 1145 4963 quidem
1189 4912 1251 4950 ne
1287 4908 1611 4967 paterentur,
1659 4900 1749 4973 qui

155 4976 288 5031 nihil
336 4979 623 5037 visibilibus
675 4981 831 5036 bonis
885 4983 933 5013 ”
972 4984 1132 5043 altius
1186 4990 1513 5060 intelligunt,
1565 5004 1747 5049 sancta

158 5071 513 5144 theologorum
561 5075 864 5133 restitutiva
898 5078 943 5110 ³³
981 5082 1267 5154 sapientia,
1305 5094 1352 5138 et
1402 5083 1446 5115 ¹⁴⁵
1483 5086 1552 5140 ad
1600 5087 1749 5141 inde—

1853 2025 2124 2082 deformes
2159 2026 2587 2097 inhonestaeque
2628 2028 3042 2099 imaginationos
3078 2030 3144 2095 ",
3184 2046 3319 2100 quas
3360 2046 3456 2087 na-

1853 2115 2045 2171 turalis
2090 2116 2408 2187 simplicitas
2452 2119 2696 2189 respuit,
2752 2129 2806 2174 et
2850 2120 3193 2191 pulchritudo
3242 2123 3453 2185 deridet

1854 2209 2169 2265 caelestium
2203 2208 2571 2266 intellectuum
2609 2213 2677 2276 ²⁰,
2725 2210 2981 2269 ἰηθΙιιΜΙε
3030 2213 3344 2271 sinceritate
3390 2226 3447 2273 et

1855 2300 2391 2371 incomprehensibili
2424 2299 2797 2359 uniformitate
2818 2303 2860 2337 “
2896 2303 3236 2373 refelluntur,
3266 2322 3452 2376 quam-

1855 2397 1939 2451 vis
1979 2396 2032 2451 in
2072 2395 2262 2467 figuris
2303 2411 2492 2451 eorum
2534 2397 2995 2454 tenebrosisslmis
3038 2413 3447 2471 apparuerunt:

1856 2489 1951 2555 ita,
1996 2497 2051 2544 et
2096 2504 2204 2544 non
2253 2488 2434 2553 aliter,
2464 2487 2891 2545 formosisslmae
2927 2491 3189 2563 imagines
3228 2493 3349 2549 illae
3380 2495 3453 2561 ”,

1855 2595 1996 2651 quae
2048 2582 2321 2636 humanae
2371 2581 2619 2654 dignitati
2664 2591 2929 2653 putantur
2985 2600 3327 2655 congruere,
3385 2588 3457 2640 ab

1855 2675 2150 2730 eorundem
2201 2674 2571 2732 intellectuum
2616 2675 2664 2708 "
2706 2678 2995 2747 purissima
3054 2678 3457 2735 incircumscri—

1855 2774 2053 2835 plaquc
2103 2765 2451 2827 subsistentia
2508 2766 2890 2822 universaliter
2931 2776 3298 2823 removentur.
3347 2767 3457 2823 Has

1858 2852 2124 2923 siquidem
2155 2868 2345 2909 omnes
2370 2869 2555 2909 sacras
2585 2854 2935 2926 figurationes
2955 2857 3171 2912 divinae
3201 2856 3454 2926 Scriptu-

1856 2962 1950 3003 rae
1975 2947 2025 2980 “
2051 2948 2439 3020 signiﬁcativas
2464 2965 2604 3015 esse,
2638 2966 2744 3006 non
2774 2959 2953 3006 autem
2988 2953 3357 3008 substantivas
3380 2952 3450 3015 “,

1856 3042 2140 3098 verissima
2169 3043 2419 3097 veritatis
2456 3044 2751 3114 spcculatio
2797 3044 3080 3100 acciamat.
3116 3046 3237 3100 Non
3270 3063 3453 3100 conce-

1857 3135 1984 3188 dens
2033 3133 2079 3165 ⁸⁶
2128 3134 2400 3188 materiale
2454 3145 2689 3189 nostrum
2742 3137 2796 3190 in
2842 3138 3080 3207 turpibus
3132 3139 3451 3205 imaginibus

1857 3241 2075 3279 manens
2108 3226 2445 3295 requiescere.
2473 3224 2588 3280 Non
2628 3227 2933 3281 concedens
2952 3268 2966 3293 ,
2996 3228 3172 3298 inquit
3201 3268 3215 3292 ,
3253 3228 3455 3283 theolo‘

1826 3316 1966 3391 .gia,
2002 3315 2285 3371 materiale
2307 3326 2573 3384 nostrum,
2604 3318 2706 3373 hoc
2731 3326 2834 3383 est,
2870 3330 3115 3374 nostrum
3145 3320 3188 3351 "’
3213 3320 3451 3375 animant
3534 3376 3542 3387 ,

1854 3410 2018 3463 rebus
2034 3408 2408 3464 materialibus
2423 3410 2887 3480 promptissimum
2903 3426 2961 3465 se
2973 3411 3235 3477 inserere,
3264 3414 3317 3466 in
3342 3421 3394 3467 tu
3404 3429 3454 3466 r-

1854 3500 2014 3571 pibus
2051 3501 2380 3573 imaginibus
2409 3502 2679 3557 manendo
2700 3502 2747 3534 “
2776 3503 3140 3572 requiescere,
3183 3504 3345 3573 inque
3372 3504 3455 3559 eis

1859 3593 2021 3648 linem
2063 3592 2407 3661 cogitationis
2428 3607 2649 3662 ponere,
2682 3596 2750 3647 ad
2778 3594 3039 3650 obscuras
3064 3594 3454 3664 indecorasque

1857 3685 2239 3741 similitudines
2280 3687 2547 3756 pervenit.
2588 3686 2643 3741 ln
2674 3686 2883 3743 Graeco
2918 3687 2964 3719 ’θ
2993 3689 3253 3760 scriptum
3304 3698 3389 3744 est
3436 3705 3450 3743 :

1854 3778 2117 3851 προσύλον
2144 3780 2305 3851 ἡμῶν,
2336 3777 2389 3832 id
2424 3790 2508 3833 est
2528 3819 2541 3842 ,
2580 3779 2856 3834 materiale
2880 3789 3122 3834 nostrum
3141 3821 3155 3846 ,
3184 3795 3347 3835 omne
3375 3780 3454 3834 vi.

1856 3871 2073 3937 delicet,
2094 3872 2237 3940 quod
2266 3871 2317 3924 in
2345 3879 2531 3926 nostra
2548 3871 2729 3925 anima
2753 3874 2819 3925 ad
2848 3871 3256 3927 similitudinem
3286 3884 3455 3926 mate-

1856 3965 2006 4020 rialis
2051 3965 2223 4019 nostri
2256 3963 2301 3996 ³⁰
2341 3964 2587 4034 corporis
2630 3964 2882 4019 facillime
2933 3964 3242 4031 inclinatur,
3291 3964 3454 4034 inque

1856 4070 2096 4110 amorem
2143 4070 2325 4110 rerum
2369 4055 3153 4110 visibiliumirrationabiliter
3194 4053 3447 4109 ﬂectitur.

1812 4193 1829 4204 .
1857 4147 2099 4217 Purgans
2142 4162 2261 4201 vero
2305 4162 2513 4200 sursum
2560 4160 2734 4199 versus
2774 4148 3029 4210 animum,
3073 4154 3121 4198 ct
3170 4160 3450 4216 suggerens

1856 4238 2189 4308 deformitate
2223 4238 2678 4307 compositionum,
2712 4245 2962 4306 tanquam
2991 4252 3153 4308 neque
3172 4236 3318 4305 justo
3361 4252 3452 4290 nc-

1855 4348 1954 4403 que
1981 4330 2025 4361 "
2061 4346 2182 4384 vero
2210 4330 2462 4400 probante
2500 4344 2612 4383 esse
2633 4370 2647 4395 ,
2676 4343 2839 4399 neque
2864 4327 2911 4360 “
2961 4328 3111 4382 rabie
3156 4328 3451 4383 materiali~

1858 4426 1970 4490 bus,
2000 4425 2122 4496 quia
2146 4426 2220 4478 sic
2261 4422 2499 4494 turpibus
2520 4423 2713 4478 similia
2733 4421 3020 4477 secundum
3041 4422 3310 4477 veritatem
3330 4433 3449 4478 sunt

1857 4514 2257 4588 supercaelestia
2287 4500 2547 4569 et'dirina
2588 4512 2885 4585 spectacula
2920 4512 2987 4566 ⁸⁸.
3022 4511 3136 4568 Hoc
3173 4510 3337 4579 facit,
3370 4514 3451 4567 iu-

1858 4610 1992 4680 quit,
2026 4608 2247 4679 provida
2279 4606 2570 4678 theologia,
2603 4621 2840 4677 purgans
2871 4619 3091 4661 sursum
3116 4619 3308 4660 versus
3338 4606 3453 4658 aui-

1858 4722 2025 4771 mam,
2056 4706 2158 4760 boc
2185 4714 2290 4770 est,
2315 4705 2650 4772 superiorem
2674 4712 2882 4771 partem
2910 4704 3125 4759 animae
3147 4701 3450 4769 rationalis,

1856 4816 1995 4870 quae
2026 4814 2153 4871 pars
2181 4798 2396 4853 animus
2447 4813 2540 4853 seu
2587 4795 2891 4851 intellectus
2922 4812 2951 4850 a
2984 4794 3320 4868 sapientibus
3353 4810 3452 4849 no-

1855 4893 2117 4960 minatur,
2164 4891 2232 4947 ab
2278 4889 2426 4945 omni
2477 4889 2734 4945 falsorum
2774 4889 3218 4958 pbantasmatum
3269 4894 3459 4941 conta-

1853 4986 2015 5058 gione
2045 4986 2090 5019 3“
2126 4985 2412 5041 mundans.
2453 4983 2561 5039 Pro
2589 4996 2654 5037 eo
2683 4981 2828 5049 quod
2871 4981 3251 5038 transtulimus
3286 4996 3304 5027 ς
3341 4992 3463 5032 sur-

1854 5097 1973 5135 sum
1994 5098 2187 5140 versus
2215 5079 2455 5136 animam
2482 5097 2529 5146 ι,
2562 5078 2616 5132 in
2642 5074 2852 5132 Graeco
2880 5077 3138 5133 scribitur
3171 5089 3190 5123 ι
3209 5072 3462 5147 irrumpit-

1441 5179 1527 5233 VA
1538 5179 1698 5236 RlAE
1740 5178 2145 5237 LECTIONES.

233 5261 311 5298 ιΔ
347 5264 630 5308 arietis-ann]
692 5263 740 5310 (ξ
791 5265 1033 5306 nelias-nn!

1131 5272 1152 5303 s
1195 5268 1237 5312 Ω
1268 5270 1498 5320 m‘ziolicpt
1552 5273 1853 5325 dissimiles.

2582 5264 2903 5346 graequAB
2926 5263 3163 5346 similes;
3208 5250 3465 5346 afflati"

3140 5329 3164 5361 8
3208 5325 3300 5362 Εἶρ
3344 5338 3441 5350 ιη’*

1931 5274 1983 5305 ’³
2018 5276 2113 5335 Sic
2136 5291 2280 5333 vers.
2315 5278 2369 5325 et
2395 5277 2533 5325 text.

2528 5343 2548 5362 '
2586 5335 2633 5372 ⁷1
2691 5335 3013 5382 ηαοῦδηιηηιᾶο
