3984 5430
504 480 607 535 159

1607 470 2106 529 ΕλνυδιίἸυΜδδ
2138 474 2423 528 JUALVMS
2457 472 2655 528 δίμυἸί

3672 454 3825 524 ιδι)⁴

502 599 595 654 τῆς
628 589 811 662 ψυχῆς
839 606 859 640 ι
880 627 896 654 ,
935 586 1040 643 hoc
1073 593 1194 643 est:
1238 584 1382 656 quod
1422 599 1638 641 sursum
1673 584 1845 642 fertur
1873 586 1929 641 in
1966 587 2087 643 ani-
2113 594 2168 654 Α
2193 585 2462 656 theologia
2489 601 2589 657 per
2626 585 3037 643 descensionem
3083 582 3152 640 ad
3179 584 3510 640 humillimas
3549 593 3609 641 et
3642 601 3770 641 con-

504 696 613 736 ma.
642 678 792 735 Mens
819 679 1038 749 quippe,
1078 693 1218 750 quae
1248 687 1469 733 nostrae
1503 685 1730 734 naturae
1766 677 2089 734 sublimissi-

505 788 591 828 ma
620 788 747 844 pars
764 780 870 835 est,
886 786 1103 827 sursum
1129 786 1349 842 semper
1393 771 1460 827 ad
1491 770 1794 843 spiritualia
1821 771 2086 826 naturali‘

505 866 741 937 appetitu
770 864 962 921 fertur.
994 863 1134 920 Hinc
1155 865 1176 895 ²
1207 865 1284 919 ait
1307 864 1604 935 Apostolus
1626 879 1649 943 ε,
1672 884 1690 917 ι
1710 873 1891 920 mente
1913 865 2091 920 servio

504 959 609 1032 legi
640 958 773 1023 Dei,
804 973 971 1014 carne
1009 967 1189 1013 autem
1232 957 1338 1029 legi
1377 958 1590 1028 peccati
1616 973 1675 1025 »ς
1712 958 1941 1027 ideoque
1976 958 2091 1029 ipsa

506 1064 635 1121 pars
706 1057 893 1104 nostra
932 1046 954 1080 ³
993 1048 1207 1104 divinae
1267 1048 1569 1121 theologiae
1628 1048 2093 1104 administratione
2138 1114 2141 1115 ν

506 1150 792 1213 purgatur,
822 1148 882 1196 ut
901 1150 1129 1213 purgata
1156 1141 1211 1197 in
1238 1141 1554 1196 caelestium
1582 1141 1865 1207 virtutum,
1898 1142 2093 1212 ipsius-

507 1247 614 1303 que
639 1246 834 1288 causae
856 1233 1097 1287 omnium
1121 1232 1629 1302 contemplationem
1658 1243 1783 1303 apta
1815 1233 1909 1288 ﬁat
1936 1242 2095 1303 atque

508 1324 800 1381 instructa.
847 1324 918 1380 Et
963 1339 1288 1396 suggerens,
1331 1324 1477 1379 velut
1517 1324 1738 1396 pr0prie
1770 1310 2098 1381 transfertur

508 1417 855 1490 subpnngens
910 1415 934 1449 δ
996 1432 1092 1474 seu
1150 1418 1537 1473 substimulans
1604 1426 1843 1474 mentem
1878 1459 1894 1485 ,
1982 1418 2097 1488 ipsa

510 1508 782 1579 theologia
810 1522 907 1578 per
925 1505 1323 1563 deformitatem
1362 1509 1838 1578 compositionum,
1862 1509 1967 1563 hoc
1993 1516 2093 1572 est,

508 1613 608 1670 per
635 1598 907 1655 deformes
933 1598 1373 1669 imaginationum
1415 1599 1700 1654 mixturas.
1741 1599 1809 1654 Et
1848 1600 1950 1655 hoc
1984 1615 2101 1671 sug-

511 1692 655 1763 gerit
707 1691 896 1756 menti,
930 1690 1085 1760 quia,
1114 1690 1254 1746 sicut
1297 1689 1671 1760 insipientibus
1698 1689 1720 1721 ⁸
1746 1689 1982 1755 videtur,
2014 1689 2100 1744 di-

511 1787 640 1842 vina
705 1786 728 1819 ⁸
766 1785 1072 1858 spectacula
1106 1793 1163 1840 et
1198 1784 1617 1856 supercaelestia
1676 1782 1873 1839 similia
1918 1790 2042 1838 sunt
2076 1781 2097 1813 "

512 1879 807 1935 secundum
825 1878 1112 1935 veritatem
1134 1877 1380 1947 turpibus
1394 1876 1891 1949 imaginationibus.
1916 1872 2102 1944 Neque

2188 675 2338 731 fusas
2377 675 2800 747 inbonestasque
2838 674 3202 731 materialium
3244 690 3424 730 rerum
3471 673 3776 730 conforma-

2144 834 2147 837 _
2190 770 2363 827 tiones
2376 770 2441 837 “,
2462 771 2658 842 quibus
2674 769 3019 827 divinianimi
3048 769 3441 841 signiﬁcantur.
3474 767 3633 823 Nunc
3655 783 3779 822 vero

2194 871 2426 920 tractare
2439 864 2650 934 incipit,
2670 864 2814 936 quod
2830 879 2935 919 non
2950 864 3066 919 sine
3088 863 3295 918 ratione
3311 862 3493 942 divina
3513 860 3781 932 theologia

2192 953 2578 1010 similitudines
2600 969 2781 1010 rerum
2806 953 3156 1009 invisibilium
3168 967 3235 1007 ex
3251 951 3396 1007 omni
3412 942 3783 1006 visibili'crea-

2196 1055 2315 1102 tura
2344 1046 2654 1116 sumpserit.
2695 1046 2988 1117 Propterea
3033 1044 3280 1114 sequitur
3318 1057 3334 1097 :
3370 1041 3476 1098 Sed
3520 1042 3702 1109 itaque
3738 1050 3783 1094 et

2193 1139 2291 1194 hoc
2337 1138 2625 1211 intelligere
2679 1147 2919 1210 oportet,
2970 1136 3098 1192 nihil
3147 1151 3363 1198 eorum,
3424 1150 3563 1206 quae
3625 1144 3784 1198 sunt,

2194 1250 2304 1288 esse
2340 1232 2698 1287 universaliter
2734 1232 2855 1288 boni
2880 1231 3280 1302 participatione
3303 1230 3595 1301 privatum,
3630 1228 3788 1298 siqui-

2197 1328 2334 1392 dem,
2367 1337 2421 1381 ut
2451 1326 2777 1398 sloquiorum
2809 1327 2998 1381 veritas
3021 1325 3070 1357 "
3098 1326 3196 1390 ait,
3232 1325 3406 1379 omnia
3442 1325 3578 1379 bona
3616 1322 3786 1378 valde.

2197 1417 2422 1489 Oportet
2457 1433 2579 1483 nos,
2618 1417 2821 1486 inquit,
2853 1416 2900 1448 "
2928 1416 3252 1487 intelligere,
3282 1414 3425 1485 quod
3467 1414 3615 1468 nulla
3644 1428 3789 1467 crea-

2199 1516 2320 1562 tura
2350 1516 2464 1573 est,
2490 1522 2629 1577 quae
2657 1508 2878 1561 omnino
2906 1504 3061 1576 juxta
3097 1520 3251 1560 suam
3281 1504 3588 1574 analogiam
3622 1503 3791 1574 parti-

2200 1599 2469 1669 cipatione
2492 1599 2688 1654 summi
2717 1597 2844 1654 boni
2875 1599 3136 1668 privetur.
3174 1596 3265 1651 Ait
3294 1595 3437 1651 enim
3472 1594 3787 1663 Scriptura:

2207 1709 2225 1742 ι
2258 1699 2312 1745 et
2337 1690 2469 1746 vidit
2494 1689 2654 1755 Deus,
2685 1698 2741 1745 et
2766 1705 2894 1751 ecce
2923 1690 3103 1745 omnia
3141 1689 3282 1743 bona
3312 1687 3466 1742 valde
3497 1707 3546 1740 ι.
3580 1686 3647 1741 Et
3677 1686 3721 1717 ’⁷
3748 1684 3792 1740 si

2204 1779 2277 1834 ita
2303 1789 2418 1848 est,
2446 1782 2573 1851 quid
2603 1781 2820 1848 mirum,
2851 1782 2897 1836 si
2923 1781 2978 1837 in
3008 1781 3169 1836 rebus
3192 1778 3567 1834 materialibus
3600 1792 3791 1847 specu—

2205 1872 2422 1927 lationis
2468 1871 2886 1941 intelligibilium
2935 1871 3153 1926 occasio
3200 1879 3464 1933 sumatur,
3517 1876 3609 1929 ut,
3662 1882 3793 1937 quo-

507 1968 710 2040 iustum
737 1984 912 2040 neque
936 1985 1122 2024 verum
1162 1968 1266 2023 hoc
1290 1976 1396 2032 est,
1426 1982 1601 2037 neque
1634 1965 1744 2022 ulla
1766 1965 1978 2037 justitia
2008 1978 2104 2019 ne-
2131 1953 2178 2012 Β
2206 1964 2350 2018 niam
2380 1963 2562 2018 omnia
2612 1979 2881 2018 summum
2927 1963 3125 2019 bonum
3160 1960 3486 2034 participant
3505 2001 3520 2024 ,
3546 1975 3616 2015 ex
3649 1960 3792 2015 simi-

511 2076 618 2133 que
642 2061 751 2117 ulla
782 2061 986 2117 veritas
1016 2060 1303 2130 approbat,
1332 2072 1507 2128 neque
1530 2058 1689 2113 valde
1710 2072 1799 2112 res
1822 2056 1972 2126 ipsae
1994 2067 2104 2112 ma-

512 2154 735 2211 teriales
780 2152 917 2207 fiunt
973 2149 1669 2221 incircumscriptibilium‘
1733 2148 2019 2219 spirituum
2059 2146 2106 2214 ⁸,

512 2244 717 2300 similes
744 2243 790 2275 ¹⁰
835 2243 936 2298 sibi
967 2257 1087 2298 esse
1125 2243 1556 2313 supercaelestes
1597 2238 1867 2296 essentias
1913 2253 2109 2309 appro-

514 2334 668 2399 bant,
699 2333 875 2403 magis
898 2341 1077 2387 autem
1102 2331 1216 2387 suis
1239 2330 1522 2401 speciebus
1551 2338 1832 2402 respuunt.
1871 2329 2105 2384 Natura-

516 2421 645 2477 liter
665 2421 865 2492 quippe
888 2422 1190 2477 materialia
1219 2422 1400 2477 omnia
1421 2422 1476 2477 in
1495 2421 1796 2493 spiritualia
1826 2419 2104 2475 transferri

519 2521 799 2583 appetunt,
830 2511 1132 2584 spiritualia
1157 2528 1287 2568 vero
1317 2513 1384 2567 ad
1429 2511 1794 2567 materialium
1840 2510 2105 2566 humilem

516 2604 945 2676 vilissimamque
990 2605 1392 2661 extremitatem
1436 2605 1685 2660 inclinari
1728 2605 1946 2670 nolunt,
1979 2620 2109 2673 quo-

440 2688 443 2689 r
517 2696 663 2753 niam
691 2696 1021 2767 impossibile
1045 2706 1148 2752 est.
1174 2696 1436 2753 Possibile
1460 2706 1543 2753 est
1571 2712 1804 2766 namque
1853 2696 2108 2751 inferiora

518 2787 586 2843 ad
613 2788 891 2858 superiora
922 2789 1215 2845 ascendere
1239 2829 1254 2855 ,
1279 2788 1610 2845 descendere
1645 2803 1777 2844 vero
1828 2786 2108 2859 superiora

518 2880 588 2935 ad
642 2880 902 2938 inferiora
952 2881 1186 2937 naturali
1240 2882 1724 2945 transmutatione,
1776 2880 2111 2951 impossibile

517 2981 621 3027 est.
660 2973 730 3027 Et
781 2973 829 3029 si
879 2974 1001 3046 quis
1055 2974 1252 3030 dixerit
1302 2991 1316 3029 :
1361 2975 1576 3030 videtur
1612 2975 1654 3006 η
1686 2974 1870 3044 itaque
1919 2975 2112 3030 beatus

522 3063 810 3136 Dionysius
840 3066 1109 3138 angelicas
1138 3067 1368 3123 virtutes
1391 3067 1613 3123 omnino
1635 3082 1826 3123 carere
1855 3067 1897 3098 “
1923 3081 2114 3137 corpo-

519 3156 670 3212 ribus
726 3158 1022 3228 praedictis
1072 3158 1375 3214 rationibus
1425 3157 1650 3231 [dicere]
1691 3156 1757 3212 ¹⁸.
1801 3157 1898 3213 Cui
1935 3157 2113 3235 brevi-

522 3258 604 3304 ter
660 3256 745 3304 est
774 3248 820 3279 “
852 3249 1307 3319 respondendum.
1346 3248 2032 3318 'l‘errenamaterialiaque
2065 3248 2111 3280 "

2207 2058 2432 2113 litudine
2466 2057 2779 2113 inferiorum
2823 2056 3085 2112 bonorum
3119 2056 3186 2111 ad
3224 2054 3588 2122 cognitionem
3631 2052 3795 2107 subli-

2209 2150 2375 2205 mium
2400 2149 2671 2205 humanus
2698 2150 2912 2204 animus
2939 2148 3110 2218 possit
3137 2146 3466 2203 ascendere?
3496 2145 3564 2199 Et
3593 2145 3696 2200 hoc
3716 2154 3793 2199 est

2208 2242 2352 2314 quod
2378 2243 2624 2314 sequitur
2651 2261 2666 2298 :

2280 2334 2308 2407 ξ
2341 2335 2396 2390 4.
2438 2334 2535 2389 Est
2557 2351 2676 2406 ergo
2699 2351 2763 2390 ea:
2785 2334 3024 2390 omnibus
3050 2335 3337 2407 intelligere
3368 2333 3531 2388 bonus
3565 2329 3789 2402 specula-

2208 2427 2394 2492 tiones,
2442 2435 2489 2480 et
2527 2425 2870 2480 inuisibilibus
2910 2434 2959 2480 et
3001 2423 3435 2479 intellectualibus
3465 2440 3533 2477 ex
3570 2422 3797 2476 materiis

2209 2520 2255 2551 ’⁸
2286 2520 2570 2590 reformare
2604 2516 2774 2571 dictas
2815 2516 3090 2571 dissimiles
3128 2514 3172 2546 ²⁹
3210 2514 3603 2577 similitudines,
3638 2512 3798 2564 altera

2208 2614 2362 2668 modo
2411 2610 2849 2666 intellectualibns
2896 2609 3240 2674 habentibus,
3287 2624 3422 2679 quae
3470 2604 3798 2661 sensibilibus

2211 2703 2364 2757 aliter
2386 2703 2665 2757 distributa
2694 2713 2836 2756 sunt.
2877 2702 2965 2768 Si,
2995 2701 3198 2771 inquit,
3230 2700 3413 2755 omnia
3442 2697 3646 2752 summi
3676 2693 3798 2750 boni

2208 2793 2591 2864 participantia
2620 2802 2780 2859 sunt,
2812 2800 3028 2864 oportet
3057 2791 3303 2863 profecto
3330 2806 3397 2846 ex
3429 2791 3689 2845 omnibus
3718 2787 3797 2842 in-

2212 2885 2483 2954 telligere,
2530 2884 2632 2940 hoc
2661 2894 2775 2950 est,
2818 2885 2870 2938 in
2898 2884 3148 2938 omnibus
3178 2882 3547 2938 materialibus
3584 2878 3797 2950 conspi-

2211 2977 2323 3032 cari
2354 2977 2523 3031 bonas
2553 2975 2989 3031 immaterialium
3025 2975 3070 3007 ³ο
3102 2974 3623 3046 contemplationes,
3654 2983 3711 3028 et
3736 2986 3799 3026 ex

2211 3069 2456 3124 materiis
2503 3067 2850 3123 sensibilibus
2890 3068 3127 3122 formare
3165 3066 3473 3137 praedictas
3511 3064 3800 3120 dissimiles

2213 3161 2621 3226 similitudines,
2654 3168 2713 3215 ut
2744 3176 2840 3231 per
2868 3176 2961 3215 eas
2992 3158 3286 3215 invisibiles
3312 3166 3367 3214 ct
3404 3155 3798 3213 intellectuales

2215 3253 2584 3325 intelligantur
2619 3252 2872 3319 virtutes,
2915 3254 3040 3308 dum
3081 3267 3187 3307 non
3228 3236 3452 3315 eodem,
3495 3250 3593 3305 sed
3636 3248 3800 3302 altero

521 3358 749 3413 corpora
773 3343 1043 3409 mortalia,
1077 3344 1473 3414 corruptibilia,
1503 3344 1870 3399 membrorum
1903 3342 1947 3373 ιθ
1966 3358 2110 3397 com-
2135 3313 2181 3391 β
2213 3313 2846 3415 modovintelligihilium
2896 3342 3066 3397 virtus
3111 3351 3166 3395 et
3217 3340 3556 3397 sensibilium
3608 3350 3802 3394 natura

520 3434 878 3504 positionibus
918 3435 1204 3501 distincta,
1238 3435 1584 3491 sensibilibus
1623 3436 1665 3469 ι’
1692 3434 1883 3491 formis
1919 3433 2110 3491 locali-

520 3526 732 3594 busque
762 3525 950 3595 spatiis
978 3526 1410 3594 circumscripta,
1447 3526 1784 3598 temporibus
1810 3525 2108 3592 mutabilia,

522 3630 620 3672 seu
674 3616 866 3671 horum
913 3616 1153 3671 omnium
1202 3617 1496 3688 imagines,
1530 3614 1661 3673 sive
1702 3616 2007 3672 “interius
2056 3617 2111 3671 in

521 3707 894 3777 phantasiis”
939 3707 1266 3775 memoriae,
1311 3708 1427 3764 sive
1471 3707 1710 3764 exterius
1750 3710 1805 3763 in
1854 3723 2112 3764 sensuum

523 3797 881 3868 impressione
911 3798 979 3866 '°,
1003 3800 1213 3856 divinos
1240 3800 1454 3856 animos
1476 3800 1678 3856 habere
1701 3801 1919 3869 penitus
1946 3800 2109 3856 dene-

521 3898 632 3961 gat.
665 3889 977 3962 Spiritualia
1010 3898 1191 3946 autem
1219 3905 1449 3962 corpora
1482 3890 1776 3962 simplicia,
1805 3889 1969 3945 nullis
1997 3891 2111 3945 for-

521 3996 733 4036 marum
792 3979 1129 4037 sensibilium
1179 3980 1224 4011 ¹¹
1285 3980 1628 4037 lineamentis
1665 3982 1711 4012 “
1757 3989 2004 4037 coartata
2041 3979 2108 4048 ’³,

521 4072 653 4144 ipsis
696 4074 894 4131 divinis
933 4073 1131 4130 animis
1182 4074 1455 4132 simillima
1501 4084 1557 4132 et
1595 4075 2109 4132 convenientissima

518 4167 799 4237 possidere
834 4182 930 4225 eos
961 4182 1071 4224 non
1100 4167 1276 4224 solum
1307 4184 1417 4225 non
1446 4169 1698 4241 denegat,
1727 4184 1914 4226 verum
1943 4170 2108 4226 etiam
2136 4161 2147 4169 ’

519 4257 770 4316 afﬁrmat.
794 4260 854 4315 ln
892 4261 1107 4332 quibus,
1145 4260 1474 4318 caelestibus
1511 4262 1765 4318 videlicet
1808 4262 2104 4317 subtilissi-

518 4352 731 4423 misque
779 4353 894 4410 suis
929 4354 1271 4424 corporibus,
1325 4353 1580 4409 humanis
1620 4353 1902 4409 obtutibus
1948 4367 2109 4424 saepe

518 4444 804 4499 visibiliter
839 4460 1154 4515 apparuere,
1178 4454 1239 4500 ut
1266 4445 1538 4501 Abraham
1561 4453 1618 4500 et
1645 4444 1846 4501 Tobiae
1872 4486 1889 4512 ,
1930 4453 2110 4501 trans-

519 4546 793 4593 mutantes
822 4536 1119 4593 invisibiles
1145 4545 1201 4593 et
1222 4537 1719 4608 incircumscriptas
1753 4553 1975 4594 suorum
2000 4540 2109 4610 spi-

520 4626 796 4681 ritualium
835 4642 1124 4698 corporum
1148 4627 1437 4698 qualitates
1460 4628 1515 4682 in
1531 4642 1883 4697 quascunque
1904 4627 2111 4684 formas

523 4720 793 4787 visibiles,
832 4720 887 4776 in
924 4722 1119 4793 quibus
1160 4720 1472 4777 hominibus
1513 4735 1572 4777 se
1616 4719 1969 4777 manifestare
2010 4734 2104 4777 ve-

520 4813 638 4868 liltt.

514 4958 519 4965 .
584 4904 856 4962 Hactenus
879 4906 947 4964 de
970 4908 1191 4979 provida
1203 4922 1332 4981 erga
1346 4906 1719 4979 purgationem
1737 4906 1906 4964 nostri
1936 4904 2101 4962 animi

2212 3436 2554 3507 perspicitur.
2581 3435 2731 3503 Quod
2760 3445 3157 3504 consequenter
3183 3433 3451 3491 subnectit
3478 3432 3673 3488 dicens
3697 3450 3710 3486 :
3737 3429 3803 3485 Et

2213 3528 2349 3582 enim
2392 3527 2543 3597 furor
2575 3526 3025 3580 irrationabilibus
3053 3525 3260 3596 quidem
3291 3542 3354 3578 ea:
3390 3523 3633 3594 possibili
3668 3531 3804 3578 moli

2213 3620 2365 3686 inest,
2390 3629 2437 3674 et
2466 3620 2604 3674 omni
2632 3617 3096 3673 irrationabilitate
3124 3628 3197 3672 est
3230 3616 3454 3689 repletus
3486 3616 3805 3686 furibundus

2211 3730 2393 3768 eorum
2440 3722 2643 3777 motus;
2695 3711 2783 3766 sed
2832 3712 2887 3764 in
2942 3709 3379 3765 intellectualibus
3428 3708 3596 3763 altero
3647 3702 3803 3761 modo

2214 3814 2410 3874 Oportet
2462 3801 2723 3857 irascibile
2769 3801 3074 3874 intelligere.
3125 3801 3319 3867 Furor,
3370 3801 3569 3871 inquit,
3616 3808 3675 3854 et
3722 3799 3800 3854 ira

2212 3895 2401 3950 bestiis
2432 3894 2639 3950 ratione
2669 3894 2982 3948 carentibus
3010 3909 3080 3951 ex
3118 3892 3392 3961 passibili,
3437 3889 3676 3946 naturali
3722 3901 3800 3943 ta-

2214 4004 2337 4043 mcu
2385 3997 2554 4054 motu,
2614 3987 2732 4053 vel,
2760 3987 2899 4043 sicut
2929 3988 2981 4042 in
3012 3986 3222 4045 Graeco
3250 3986 3528 4053 scribitur,
3557 3986 3612 4053 δε
3642 3988 3803 4058 iam.

2209 4077 2328 4143 θοός
2351 4080 2532 4154 ὁρμῆς,
2567 4095 2634 4134 ex
2664 4078 2906 4150 passibili
2940 4079 3143 4150 impetu
3175 4078 3258 4134 vel
3289 4077 3609 4147 cupiditate,
3639 4078 3800 4132 insita

2211 4182 2368 4238 sunt,
2403 4173 2896 4245 irrationabilisque
2927 4188 3113 4228 eorum
3146 4180 3323 4228 motus
3352 4171 3546 4241 plenus
3571 4181 3660 4226 est
3692 4171 3801 4225 irae

2212 4277 2375 4338 atque
2404 4267 2621 4333 luroris,
2660 4275 2718 4322 ut
2748 4268 2801 4321 in
2832 4267 3078 4324 leonibus
3106 4266 3410 4337 ceterisque
3441 4264 3574 4322 feris
3610 4264 3800 4321 feroci-

2209 4360 2329 4424 bus,
2378 4376 2608 4431 quarum
2656 4360 2944 4416 furibunda
2990 4362 3169 4416 rabies
3214 4360 3305 4415 vix
3351 4360 3560 4414 domari
3603 4366 3799 4432 potest.

2213 4449 2328 4506 Non
2370 4458 2548 4506 tamen
2589 4451 2643 4506 in
2668 4452 2749 4507 eis
2776 4451 2909 4507 tales
2940 4462 3118 4506 motus
3146 4451 3633 4522 reprehenduntur,
3664 4466 3798 4522 quo-

2212 4540 2359 4595 niam
2407 4540 2681 4595 naturales
2710 4550 2868 4605 sunt,
2907 4550 2964 4596 et
3003 4541 3119 4596 sine
3162 4539 3359 4611 quibus
3402 4548 3632 4596 naturae
3677 4554 3798 4611 pro-

2213 4631 2415 4702 prietas
2446 4632 2684 4702 ipsarum
2715 4630 3011 4686 bestiarum
3039 4628 3278 4700 perfecta
3306 4644 3427 4686 esse
3457 4645 3566 4685 non
3592 4637 3796 4701 potest;

2210 4723 2359 4779 mitis
2393 4725 2536 4779 enim
2578 4723 2662 4779 leo
2696 4723 2781 4778 leo
2817 4738 2924 4778 non
2961 4731 3076 4789 est;
3108 4723 3202 4779 sed
3236 4722 3364 4778 dum
3407 4721 3532 4777 talis
3572 4723 3799 4793 impetus

2211 4814 2407 4872 furoris
2450 4825 2506 4871 et
2550 4817 2665 4873 irae
2710 4817 2827 4872 sive
2871 4816 2940 4872 de
2978 4818 3114 4883 Deo,
3163 4817 3277 4872 sive
3319 4817 3385 4871 dc
3427 4815 3795 4880 intellectuali,

2211 4907 2325 4963 sive
2368 4907 2618 4964 rationali
2650 4907 2694 4940 “
2724 4908 2987 4980 sapientia
3008 4949 3024 4974 ,
3055 4914 3233 4965 tamen
3274 4916 3560 4976 creatura,
3590 4905 3798 4979 praedi-

1824 5019 2084 5075 VARIAE
2122 5018 2527 5077 LECTIONES.

594 5134 610 5166 ⁸
648 5131 741 5189 Sic
767 5130 829 5198 Ο.
848 5131 900 5206 *Α
932 5134 1219 5206 naturalia,
1240 5132 1284 5189 Β
1312 5134 1582 5206 naturalia
1607 5134 1818 5206 (punct.
1846 5131 1954 5201 adj.
1982 5129 2089 5201 B‘).
2166 5130 2203 5206 ’_
2224 5129 2476 5206 ΙΞ-Νιιηοε

496 5206 730 5277 ‘videtur
755 5203 1154 5277 Δειέιψοιιρεηιι),Δ
1188 5206 1234 5260 Α
1260 5203 1675 5277 εαὸῂιηρεῃδίϐ
1703 5204 2052 5277 subpongens.

2562 5130 2584 5163 ³
2621 5130 2673 5213 Β.
2692 5141 2871 5216 nostra
2898 5142 3009 5216 est:
3095 5131 3116 5163 "
3150 5131 3308 5189 Corr.
3334 5132 3397 5187 B‘
3427 5130 3492 5184 (Β
3516 5132 3795 5189 scrinsisse

2181 5200 2204 5233 ⁵
2236 5200 2326 5256 Sic
2343 5202 2419 5283 .C,
2463 5201 2857 5280 8-511812565121111”

517 5275 674 5357 tibus.
750 5273 772 5305 °
804 5271 1054 5358 Bisupra
1091 5271 1267 5358 adscr.
1314 5271 1472 5358 σξιοᾶ
1502 5274 1705 5358 divina.
1804 5271 1828 5306 "
1874 5271 2061 5354 Blrad.
2124 5286 2270 5326 corr-
2311 5273 2368 5314 ςι-

515 5344 1080 5398 ίηεὶνεωηητῖυιωιηι-
1111 5345 1202 5390 sed
1265 5346 1357 5384 ωτι
1404 5360 1530 5378 ηιμ...
