3984 5542
197 361 299 418 161

1027 365 1254 423 SUPER
1289 364 1719 424 IERARCHIAM
1755 365 2168 424 CAELESTEM
2208 367 2268 424 S.
2308 367 2627 426 DlONYSll.

3379 370 3485 429 162

195 490 376 546 catur,
426 479 594 537 altera
641 481 871 548 ratione,
905 497 1068 554 quam
1111 484 1166 540 in
1212 484 1406 541 bestiis
1439 485 1783 557 perspicitur,
1811 487 2345 559 Aexplanationem.
2391 489 2482 544 Ait
2521 488 2664 544 enim
2717 485 2940 545 :Simili
2984 491 3179 558 modo,
3220 489 3327 550 hoc
3375 501 3482 561 est,

195 578 417 641 oportet
449 570 693 642 intelligi.
736 571 1031 642 Propterea
1069 573 1358 643 sequitur:
1393 574 1708 640 Declarans,
1734 585 1791 630 ut

196 665 442 731 aestimo,
468 681 646 720 eorum
682 664 881 720 virilem
925 665 1390 722 rationabilitatem
1420 668 1436 698 ⁸
1467 677 1516 722 et
1542 669 1793 723 immitem

194 759 424 827 quietem
452 759 510 813 in
538 759 728 813 divinis
751 767 799 813 et
829 759 1243 814 immutabilibus
1270 761 1648 831 fundamentis.
1686 761 1794 816 Fu-

196 866 292 906 ror
335 851 518 922 itaque
548 860 602 908 et
632 853 737 918 ira,
779 853 904 908 dum
937 853 1004 908 de
1047 853 1502 910 intellectualibus
1542 854 1796 925 leguntur

195 944 434 1009 naturis,
467 958 574 1000 non
602 942 839 1000 ferocem
866 945 1148 1016 impetum,
1182 948 1276 1003 sed
1318 948 1549 1017 quadam
1597 947 1792 1003 simili-

197 1033 390 1089 tudine
419 1034 632 1088 virilem
663 1034 967 1105 fortemque
993 1036 1502 1101 rationabilitatem,
1529 1043 1586 1091 et
1616 1036 1794 1090 immi-

199 1136 307 1183 tem
362 1129 419 1195 ',
473 1127 578 1184 hoc
620 1138 705 1185 est
749 1129 1276 1200 irreprehensibilem
1312 1129 1355 1196 ³,
1394 1130 1630 1201 quietem
1669 1127 1694 1160 δ
1737 1129 1793 1184 in

196 1220 398 1276 divinis
433 1237 500 1278 ac
536 1236 751 1292 semper
779 1222 1124 1278 manentibus
1171 1221 1446 1287 essentiis,
1477 1221 1718 1278 declarat
1745 1221 1790 1287 ',

195 1320 258 1367 ut
282 1311 306 1343 ⁸
333 1314 570 1384 quadam
600 1315 963 1386 pulcherrima
991 1317 1308 1387 metaphora
1334 1315 1487 1372 furor
1513 1316 1566 1371 in
1593 1316 1788 1380 bestia,

196 1405 592 1463 irrationabilis
615 1408 867 1465 videlicet
895 1420 1096 1474 motus,
1139 1408 1479 1465 rationabilis
1505 1409 1662 1480 vigor
1689 1416 1745 1464 et
1769 1409 1791 1440 ⁷

196 1497 461 1554 fortitudo
488 1499 540 1555 in
569 1511 760 1556 natura
803 1501 1129 1572 intelligibili
1169 1503 1453 1572 accipitur,
1495 1511 1551 1558 et
1592 1502 1795 1559 bestia-

197 1591 266 1646 lis
285 1591 308 1622 ⁸
338 1592 418 1646 ira
448 1592 978 1664 irrepreltensibilem
1016 1594 1040 1627 '
1080 1596 1322 1666 quietem
1345 1595 1511 1651 divini
1541 1595 1708 1650 animi
1738 1596 1792 1650 in

197 1680 907 1750 diviniscollocationibus,
939 1699 1078 1755 quae
1107 1699 1323 1755 semper
1352 1693 1408 1741 et
1437 1684 1793 1740 incommuta-

198 1772 382 1828 biliter
412 1784 653 1830 manent.
687 1775 784 1830 Est
824 1777 989 1848 igitur
1017 1775 1170 1832 furor
1208 1776 1600 1832 irrationabilis
1628 1777 1794 1832 ratio-

1894 580 2348 651 quemadmodum
2389 582 2455 638 de
2500 580 2699 646 furore,
2723 581 2848 647 ista,
2889 599 3027 653 quae
3057 583 3104 616 ”
3134 584 3389 652 diximus,
3417 587 3486 642 de

1894 673 2332 744 concupiscentia
2381 688 2597 744 quoque
2661 674 3111 730 irrationabilium
3169 677 3486 734 animalium

1843 803 1850 814 .
1895 764 2078 820 dicere
2107 765 2386 820 debemus.
2419 763 2565 819 Nihil
2591 764 2736 819 aliud
2761 765 2955 834 quippe
2981 774 3065 820 est
3093 768 3486 838 concupiscen-

1895 855 1970 909 tia
1999 855 2450 911 irrationabilium
2470 897 2483 919 ,
2515 856 2618 910 nisi
2647 856 2979 920 inconsulta,
3018 857 3220 926 absque
3248 859 3490 914 rationa-

1893 944 1989 1000 bili
2023 945 2271 1001 videlicet
2299 939 2544 1010 consilio,
2574 955 2630 1001 et
2659 945 2957 1002 materialis
2994 947 3234 1018 ingenita
3259 949 3492 1018 passibi-

1894 1034 2050 1101 litas,
2092 1051 2231 1106 quae
2271 1053 2338 1093 ex
2383 1037 2616 1092 naturali
2658 1048 2808 1093 motu
2849 1052 2947 1092 seu
2989 1037 3260 1108 frequenti
3287 1037 3332 1070 ’°
3363 1054 3492 1094 con-

1895 1127 2213 1193 suetudine,
2250 1128 2369 1182 sine
2400 1128 2507 1182 ulla
2538 1129 2904 1207 continentia,
2941 1129 2996 1184 in
3042 1143 3223 1185 rerum
3262 1130 3494 1185 mutabi-

1894 1219 2024 1274 lium
2071 1220 2376 1290 impatienti
2410 1236 2594 1276 amore
2625 1222 2671 1254 "
2704 1223 2964 1289 nascitur,
3004 1233 3061 1277 et
3103 1221 3493 1278 irrationabilis

1895 1327 2194 1382 corporeae
2217 1312 2459 1369 libidinis
2473 1314 2788 1379 assiduitas,
2805 1329 2943 1384 quae
2956 1329 3117 1370 omne
3132 1313 3335 1370 animal
3351 1314 3496 1385 cogit

1897 1405 1951 1461 in
1982 1406 2111 1461 illud
2139 1408 2581 1478 concupiscibile,
2614 1411 2758 1478 quod
2788 1417 2873 1464 est
2912 1409 3207 1466 secundum
3249 1425 3491 1471 sensum,

1894 1514 2068 1571 prono
2095 1499 2298 1569 impetu
2325 1515 2502 1556 ruere.
2529 1497 2661 1555 Cum
2685 1518 2803 1556 vero
2824 1501 3104 1557 dissimiles
3124 1502 3496 1557 similitudines

1895 1589 2332 1645 intellectualtbus
2381 1592 2846 1662 circumponentes,
2899 1595 3374 1664 concupiscentiam
3422 1593 3496 1648 eis

1896 1682 2281 1751 conformamus
2322 1681 2391 1748 ³²,
2439 1698 2671 1736 amorem
2716 1683 2949 1738 divinant
3000 1685 3168 1755 ipsam
3211 1685 3497 1754 intelligere

1897 1782 2095 1841 oportet
2121 1789 2278 1841 super
2306 1774 2560 1827 rationem
2592 1784 2639 1828 et
2664 1773 2983 1828 intellectum
3007 1775 3496 1840 immaterialitatis,

197 1863 393 1920 ﬂabilis
445 1865 780 1922 fortitudinis
827 1868 1003 1938 imago
1047 1868 1126 1935 ‘°;
1173 1877 1258 1924 est
1301 1870 1382 1924 ira
1421 1869 1463 1901 “
1501 1868 1795 1940 feralisque
1825 1859 1870 1920 Β
1898 1873 1944 1916 et
1971 1865 2276 1934 inﬂexibile,
2298 1873 2349 1919 et
2370 1881 2475 1919 non
2495 1866 2731 1936 indigens
2750 1867 3067 1921 desiderium
3089 1867 3498 1938 superesséntiav

196 1955 431 2027 impetus
464 1959 509 1989 ¹²
541 1959 956 2030 intelligibilium
990 1962 1294 2018 animorum
1332 1963 1386 2017 in
1422 1964 1602 2019 divina
1636 1964 1682 1996 “
1712 1979 1796 2020 se-

195 2046 426 2102 veritate
488 2048 653 2118 inque
695 2050 1017 2106 immutabili
1060 2067 1246 2109 amore
1285 2051 1531 2120 iustitiae
1572 2055 1796 2111 immitis

194 2137 796 2212 irreprebensibilisque
825 2143 870 2175 ¹⁸
906 2145 1110 2216 absque
1161 2147 1268 2201 ulla
1317 2147 1630 2204 adulatione
1671 2163 1796 2219 per-

192 2239 388 2298 petuae
415 2231 751 2300 quietudinis
779 2235 1102 2306 symbolum.
1136 2235 1373 2292 Videsne
1399 2238 1674 2308 quomodo
1711 2239 1797 2293 in-

192 2318 394 2375 feriora
425 2323 590 2389 bona,
617 2339 760 2394 quae
799 2341 866 2380 ex
908 2327 1324 2397 participatione
1365 2331 1564 2385 summi
1592 2331 1719 2387 boni
1749 2330 1798 2363 "

193 2415 552 2484 proveniunt,
575 2417 860 2488 primaque
890 2419 934 2450 “
964 2421 1126 2484 bona,
1153 2436 1475 2493 summoque
1503 2423 1645 2478 bono
1671 2438 1796 2494 pro-

193 2505 341 2560 xima
378 2506 748 2576 imaginantur
778 2509 857 2564 ‘7?
895 2510 963 2565 Et
999 2528 1068 2566 ne
1095 2513 1310 2568 mireris
1338 2513 1402 2578 “,
1433 2515 1579 2584 quod
1606 2517 1797 2571 beatus

196 2598 457 2669 magister
484 2603 772 2676 ἀμείλικτον
797 2603 1035 2670 ἕξιν,ὴο(3
1061 2615 1163 2670 est,
1185 2605 1446 2662 immitem
1471 2607 1710 2676 quietem
1739 2607 1795 2662 in

195 2687 400 2746 divinis
428 2699 483 2746 et
517 2692 941 2750 immutabilibus
966 2695 1333 2752 fundamentis
1360 2697 1580 2760 dixerit.
1613 2698 1796 2754 lmmi-

197 2780 274 2835 tis
301 2780 344 2812 "
373 2783 519 2838 enim
557 2787 712 2854 quies
737 2795 823 2841 est
863 2803 1051 2842 severa
1082 2798 1138 2844 et
1168 2788 1476 2846 inflexibilis
1515 2791 1569 2845 in
1611 2806 1796 2847 amore

200 2873 527 2930 caelestium
576 2879 836 2933 virtutum
887 2881 1456 2952 incommutabilisque
1500 2885 1793 2953 possessio.

197 2961 312 3020 Nec
340 2967 563 3031 resistit,
595 2970 739 3039 quod
767 2971 844 3024 ait
871 2969 1130 3027 Dominus
1159 2990 1172 3026 :
1209 2991 1228 3023 ι
1261 2971 1415 3028 Beati
1449 2975 1632 3041 mites,
1662 2992 1798 3046 quo-

197 3058 348 3114 niam
391 3061 493 3132 ipsi
531 3064 883 3132 possidebunt
929 3075 1130 3120 terram
1165 3086 1212 3120 ι.
1245 3065 1479 3122 Necesse
1504 3078 1590 3132 est
1625 3069 1792 3135 enim,

196 3166 314 3218 eos,
346 3154 439 3223 qui
473 3155 632 3211 mites
657 3166 784 3212 sunt
820 3157 873 3211 in
903 3157 1066 3222 malo,
1095 3159 1195 3214 hoc
1219 3167 1325 3224 est,
1363 3168 1528 3215 totms
1556 3161 1794 3216 malitiae

1897 1952 2019 2008 liter
2038 1965 2214 2010 castae
2233 1964 2282 2008 et
2310 1955 2649 2026 impassibilis
2671 1957 3142 2027 contemplationis,
3170 1968 3218 2011 et
3247 1958 3318 2010 ad
3347 1957 3498 2011 illam

1896 2066 2084 2119 puram
2120 2059 2167 2103 et
2204 2049 2633 2105 sublimissimam
2673 2050 2988 2116 claritatem,
3027 2061 3074 2105 et
3109 2049 3420 2105 inuisibilem
3445 2056 3497 2104 et

1897 2139 2175 2210 formicam
2214 2139 2660 2209 pulchritudinem
2699 2152 2942 2196 aeternae
2979 2157 3093 2196 vere
3137 2150 3186 2195 et
3220 2139 3496 2194 invisibilis

1896 2231 2181 2286 societatis.
2237 2231 2306 2286 Et
2355 2235 2640 2302 potentiam
2691 2234 2882 2303 excipit
2929 2233 3138 2303 quidem
3173 2231 3222 2263 ³⁸
3259 2233 3317 2287 in
3351 2230 3498 2304 suffi-

1896 2321 2052 2375 cienti
2076 2322 2141 2387 3‘,
2170 2333 2219 2377 et
2248 2323 2654 2387 inconuersibili,
2683 2335 2732 2378 et
2761 2340 2794 2376 a
2822 2323 2967 2378 nullo
3001 2323 3160 2395 affligi
3182 2323 3382 2378 valente
3407 2337 3500 2392 per

1896 2413 2232 2482 inconfusam
2287 2423 2334 2469 et
2400 2414 2778 2470 immutabilem
2829 2416 3039 2470 divinae
3090 2412 3498 2484 pulchritudinis

1897 2522 2129 2560 amorem
2184 2516 2232 2561 et
2285 2507 2631 2563 universalem
2685 2509 3063 2563 revocationem
3108 2509 3164 2562 in
3216 2506 3306 2572 id,
3357 2504 3499 2577 quod

1898 2613 2013 2652 vere
2039 2607 2116 2652 est
2141 2599 2504 2668 appetendum.
2537 2600 2674 2655 Dum
2707 2615 2856 2666 vero,
2894 2600 3102 2670 inquit,
3137 2599 3185 2631 ⁸⁸
3211 2596 3500 2654 dissimiles

1899 2689 2284 2746 similitudines
2313 2705 2380 2746 ex
2417 2692 2784 2746 materialium
2826 2707 3009 2747 rerum
3049 2691 3365 2760 rationeque
3409 2704 3502 2744 ca-

1899 2780 2135 2836 rentium
2165 2779 2212 2810 ³⁶
2239 2781 2578 2837 naturalibus
2605 2781 2650 2814 "
2683 2781 2829 2837 circa
2867 2780 3259 2836 intellectuales
3279 2820 3293 2845 ,
3333 2777 3498 2836 veluti

1897 2876 2162 2943 quaedam
2210 2877 2566 2942 vestimenta,
2615 2877 2868 2948 ponimus
2905 2877 3161 2939 virtutes,
3207 2887 3262 2930 et
3299 2889 3500 2930 concu-

1897 2965 2218 3036 piscentiam
2245 2967 2325 3023 eis
2358 2969 2885 3034 circuml'ormamus,
2925 2984 3033 3023 non
3070 2964 3498 3021 irrationabilem

1897 3064 2137 3123 motum,
2185 3058 2278 3114 sed
2317 3073 2560 3113 amorem
2604 3059 2844 3114 divinum
2885 3073 2983 3127 per
3027 3059 3200 3128 ipsam
3238 3057 3496 3126 concupi-

1899 3150 2162 3204 scentiam
2210 3149 2508 3221 intelligere
2549 3150 2826 3206 debemus.
2873 3150 3014 3218 Quid
3058 3149 3272 3204 divinus
3305 3149 3500 3203 amor?

199 3257 476 3316 expertes,
519 3249 758 3305 immin
786 3249 903 3306 ﬁeri
944 3252 998 3306 in
1038 3252 1198 3314 bono,
1246 3251 1318 3316 in.
1343 3252 1606 3307 bonarum
1649 3254 1797 3309 vide.
1823 3248 1870 3314 ο
1900 3238 2306 3298 Estlaudabilis
2325 3241 2764 3310 concupiscentia
2789 3241 2958 3311 ipsius
2995 3239 3494 3306 immaterialitatis,

197 3333 332 3390 licet
351 3337 614 3393 virtutum
634 3338 681 3370 ”
704 3354 896 3395 severa
922 3341 1272 3412 diligentique
1297 3343 1562 3409 custodia,
1584 3360 1800 3400 earum-

199 3441 309 3496 que
335 3428 455 3485 zelo
483 3429 739 3486 laudabili
784 3431 863 3487 ira
894 3443 1215 3500 commotos,
1256 3436 1517 3492 adversus
1542 3437 1584 3468 ²¹
1617 3438 1798 3494 omnia

197 3518 336 3576 vitia
363 3523 411 3554 ¹’
445 3538 686 3595 pugnare
711 3540 821 3581 non
852 3526 1180 3592 desinentes,
1213 3527 1262 3559 ”
1294 3528 1549 3599 vigilique
1583 3544 1801 3600 semper

199 3611 407 3679 animo,
454 3629 525 3670 ne
571 3615 753 3686 aliquo
800 3618 1175 3688 praevaleant,
1224 3619 1279 3674 in
1325 3635 1458 3689 pace
1500 3621 1794 3688 virtutum,

199 3719 340 3774 quas
392 3707 735 3774 custodiunt,
782 3709 1148 3779 quiescentes.
1208 3710 1344 3766 Hinc
1392 3712 1670 3783 apostolus
1717 3713 1799 3768 di-

200 3797 279 3854 cit
314 3796 405 3852 ":
442 3818 461 3852 ι
498 3799 800 3856 lrascimini
837 3810 892 3856 et
931 3802 1097 3860 nolite
1129 3817 1415 3873 peccaret.
1453 3803 1522 3858 Et
1560 3802 1684 3858 alibi
1729 3803 1796 3858 de

201 3889 389 3946 furore
425 3891 692 3961 spirituali
735 3901 898 3962 atque
935 3893 1188 3964 superbia
1220 3892 1268 3925 ”
1297 3891 1552 3948 laudabili
1588 3893 1797 3964 praeci-

201 3984 333 4054 pit:
373 4005 392 4036 s
427 3983 580 4053 Quae
627 4000 840 4040 sursum
892 3993 1020 4040 sunt
1066 3986 1260 4056 sapite,
1293 4000 1400 4039 non
1447 4000 1588 4054 quae
1634 3999 1798 4056 super

201 4083 406 4133 terram
443 4096 488 4132 ι.
531 4076 791 4148 Sequitur
829 4097 842 4132 :
887 4079 1086 4134 Eodem
1124 4080 1280 4134 modo
1323 4081 1797 4150 concupiscentiam

198 4169 411 4240 quidem
448 4186 560 4224 esse
597 4169 820 4225 dicimus
851 4173 908 4224 in
952 4171 1403 4226 irrationabilibus
1444 4171 1796 4228 inconsultam

194 4262 470 4334 quandam
510 4271 559 4316 et
605 4263 929 4317 materialem
971 4280 1034 4317 ea:
1077 4264 1311 4318 naturali
1351 4275 1497 4320 motu
1544 4275 1636 4320 aut
1675 4281 1798 4319 con-

193 4356 476 4410 suetudine
502 4356 559 4408 in
593 4355 929 4409 mutabilibus
955 4355 1001 4386 ¹⁸
1030 4357 1410 4411 incontinenter
1433 4358 1720 4428 ingenitam
1750 4358 1794 4390 “’

193 4447 632 4516 passibilitatent,
679 4458 726 4501 et
767 4447 1182 4501 irrationabilem
1223 4448 1511 4518 corporalis
1553 4448 1793 4519 volupta-

197 4541 262 4593 tis
287 4540 335 4572 "
361 4541 756 4593 continuitatem
775 4581 788 4603 ,
829 4537 986 4593 simul
1025 4556 1174 4594 onme
1209 4540 1410 4594 animal
1440 4541 1794 4610 compellentis

1903 3347 2044 3402 quae
2075 3342 2298 3401 superat
2321 3349 2538 3390 omnem
2569 3335 2835 3390 rationem
2875 3343 2930 3390 et
2960 3334 3314 3389 intellectum.
3356 3333 3497 3388 Ean—

1902 3423 2023 3477 dem
2065 3437 2280 3493 quoque
2323 3425 2822 3496 concupiscentiam
2869 3426 2922 3480 in
2970 3425 3143 3496 ﬁgura
3187 3424 3498 3480 inflexibilis

1899 3510 2084 3574 etnon
2114 3518 2422 3590 indigentis,
2449 3520 2553 3574 hoc
2578 3528 2684 3584 est,
2714 3534 2821 3575 non
2843 3535 2911 3574 ex
2937 3519 3118 3590 in0pia
3144 3535 3326 3575 rerum
3357 3527 3492 3573 tem-

1898 3610 2167 3678 poralium
2191 3613 2468 3668 nascentis
2518 3612 2775 3668 desiderii
2806 3612 3278 3682 superessentialis
3316 3620 3371 3666 et
3399 3628 3493 3666 ca-

1899 3714 2019 3760 stae
2055 3715 2111 3761 et
2161 3705 2516 3778 impassibilis
2575 3705 3078 3776 contemplationis,
3129 3714 3186 3759 et
3236 3712 3494 3760 aeternae

1899 3795 2170 3850 veraciter
2216 3803 2270 3850 et
2302 3793 2592 3850 invisibilis
2622 3795 2970 3851 adunationis
2999 3796 3067 3849 ad
3110 3794 3256 3848 illam
3297 3793 3494 3864 puram

1899 3895 1954 3939 ct
1998 3883 2426 3941 excelsissimam
2485 3884 2832 3939 luculentiam
2888 3892 2944 3939 et
3001 3883 3326 3939 invisibilem
3376 3884 3493 3953 pul-

1899 3976 2285 4042 chritudinem,
2327 3991 2397 4030 ex
2422 3991 2528 4046 qua
2557 3977 2734 4030 omnis
2772 3975 2950 4030 forma
2994 3984 3047 4032 et
3085 3976 3431 4045 pulchritudo
3447 3977 3492 4009 ³⁸

1900 4066 2043 4123 facta
2068 4077 2181 4130 est,
2231 4067 2478 4136 accipere
2534 4081 2633 4121 nos
2679 4076 2912 4135 oportet.
2959 4066 3025 4120 Et
3053 4068 3168 4135 ipsa
3196 4067 3496 4135 spiritualis

1905 4161 2345 4230 concupiscentia
2372 4160 2692 4230 potentiam,
2722 4159 2808 4215 vel
2837 4169 2897 4214 ut
2929 4158 2975 4190 ³⁹
3008 4159 3402 4230 significantius
3424 4176 3492 4216 ex

1901 4253 2154 4322 ambiguo
2177 4251 2409 4316 Graeco,
2428 4250 2570 4320 quod
2590 4257 2673 4305 est
2693 4251 2752 4308 τὸ
2777 4253 2992 4324 angari:
3016 4250 3086 4317 ⁸⁰,
3116 4259 3294 4322 potest
3311 4260 3492 4306 trans-

1901 4347 2053 4411 ferri,
2085 4346 2377 4416 puritatem
2413 4345 2638 4415 suscipit
2667 4345 2720 4398 in
2747 4342 3058 4409 sufficienti,
3087 4343 3192 4398 hoc
3229 4352 3311 4399 est
3338 4343 3492 4408 forti,

1899 4450 2152 4506 strenuo,
2203 4439 2454 4502 robusto,
2487 4447 2544 4494 et
2569 4437 2970 4493 inconvcrsibili
2996 4438 3077 4504 δι,
3109 4436 3164 4491 in
3191 4452 3256 4492 eo
3299 4437 3491 4493 videli-

1899 4546 2017 4601 cet,
2069 4533 2212 4605 quod
2256 4532 2532 4588 sufficiens
2575 4540 2660 4587 est
2686 4539 3077 4602 strenuumque
3121 4539 3284 4600 atque
3329 4532 3493 4586 robu-

193 4631 250 4684 in
281 4632 572 4688 secundum
610 4648 818 4686 sensum
860 4633 1276 4702 concupiscibile.
1318 4631 1546 4690 Brevem
1580 4625 1872 4704 quaeritD
1897 4639 2072 4695 stum,
2118 4624 2524 4683 inconversibili
2553 4624 2598 4655 ¹⁶²
2624 4638 2875 4694 quoque,
2922 4633 2977 4680 et
3021 4623 3077 4678 in
3121 4637 3221 4690 eo,
3265 4621 3412 4694 quod
3461 4638 3491 4678 a

1503 4748 1761 4806 VARIAE
1799 4743 2203 4803 LECTIONES.

272 4842 287 4871 ¹
337 4840 400 4896 Β⁴
438 4856 612 4896 mara.
657 4841 837 4896 adscr.
890 4840 1018 4895 Not.

194 4910 219 4944 ³
267 4910 314 4966 Β
361 4910 883 4992 ἱπερνεζιςῃεὲὺὶιειη.
981 4911 1002 4943 ⁴
1048 4910 1204 4969 Corr.
1254 4911 1341 4979 B‘,
1376 4910 1508 4968 ΑΒΕ
1545 4929 1674 4968 rem.

194 5021 309 5066 om.
340 5011 402 5065 Β.
476 5009 499 5042 ⁸
527 5009 586 5063 B‘
620 5024 794 5080 marg.
838 5010 1015 5066 adscr.
1058 5011 1096 5065 i.
1141 5028 1188 5067 e.
1228 5011 1354 5082 quid
1381 5014 1592 5066 dicatur
1629 5013 1713 5065 ira
1748 5011 1803 5064 in
1849 5008 2044 5075 bestiis,
2089 5009 2333 5064 ostendit.

872 5102 913 5132 ¹¹
942 5102 1005 5156 Β·
1035 5120 1205 5178 marg.
1239 5106 1418 5163 adscr.
1446 5107 1573 5178 quid
1602 5113 1678 5160 est
1707 5105 1789 5158 ira
1822 5105 1876 5158 in
1901 5103 2068 5174 feris?
2095 5100 2189 5156 Est
2221 5112 2327 5160 cet.

872 5175 1418 5228 rrevrehensibilisaue.
1498 5176 1543 5208 ⁸⁸
1575 5176 1695 5228 boni
1725 5190 1833 5228 om.
1864 5173 1924 5228 B.
2019 5173 2062 5204 “
2091 5173 2138 5228 Α
2170 5176 2327 5228 nrimt

201 5179 377 5228 divina
406 5189 513 5228 om.
544 5179 602 5228 Β.
688 5179 737 5204 ³⁵
769 5179 809 5226 Β
837 5179 1418 5249 irreprehensibilisque.
1498 5179 1543 5208 "
1575 5179 1695 5231 boni
1725 5190 1833 5229 om.
1864 5179 1924 5228 B.
2019 5179 2062 5204 “
2091 5179 2138 5229 A
2169 5179 2366 5244 prima.
2466 5179 2506 5203 "
2541 5179 2603 5224 Β·
2633 5184 2794 5236 supra
2823 5179 3006 5250 adscr.
3035 5187 3037 5222 1

201 5245 246 5276 ¹⁸
282 5245 321 5297 Β
349 5245 658 5307 memineris,
707 5242 774 5296 Β·
815 5253 996 5312 punct.
1037 5247 1200 5312 suhi.,
1239 5257 1293 5302 et
1334 5251 1400 5305 ad
1437 5263 1608 5320 marg.
1653 5245 1830 5300 adscr.
1871 5246 2097 5300 mireris.
2179 5246 2222 5279 ¹⁹
2262 5245 2325 5300 B'
2367 5257 2540 5312 marg.
2576 5242 2754 5295 adscr.
2794 5240 2924 5307 quid
2965 5247 3037 5294 est

201 5315 246 5347 ,ο
279 5314 317 5347 n
348 5315 582 5347 οεδνΙυΙυηι
613 5311 860 5347 «hianna!
1060 5317 1116 5347 η.
1161 5316 1296 5347 ἔπιθι-η
1339 5323 1498 5347 ,ιριηηαι
1559 5319 1687 5347 ..ἰήιε
1887 5317 2011 5347 ..έοῖη
2060 5332 2147 5347 nm
2221 5319 2262 5347 D
2458 5312 2498 5347 R
2532 5312 2795 5347 Αρεὸηοηιρ
3003 5310 3035 5347 Δ

1351 5323 1515 5376 ttlscr.
1559 5319 1708 5373 vitia.
1805 5319 1851 5347 "
1887 5319 2012 5372 vitia
2059 5332 2171 5371 om.
2221 5319 2282 5374 Β.
2379 5319 2428 5346 ’³
2457 5319 2499 5366 Β
2531 5319 2815 5365 desinente.
2915 5319 2963 5342 ’δ
2997 5319 3043 5363 Α
3069 5319 3235 5360 uocet.
3351 5319 3396 5326 --
3426 5319 3472 5346 υ

1351 5393 1396 5424 ’⁸
1421 5391 1574 5446 Corr.
1605 5387 1692 5452 B',
1721 5386 1808 5440 AB
1835 5387 2252 5445 inmutabilibus.
2325 5387 2369 5420 ’⁷
2401 5385 2824 5452 ingenitamom.
2854 5380 2968 5446 AB,
2999 5379 3062 5452 ad
3093 5385 3281 5452 lnarg.
3311 5366 3494 5452 adscr.

195 5119 297 5175 pra
329 5103 506 5159 adscr.
531 5104 572 5175 i_.
598 5119 642 5158 c.
674 5101 771 5175 ad.

197 5171 377 5249 divina
406 5189 513 5249 om.
544 5173 609 5249 B._
688 5171 749 5249 ‘:
760 5171 809 5249 ΔΒ
837 5171 1418 5249 irrepreltensibilisque.

199 5315 246 5347 ⁸ο
278 5314 318 5366 Β
348 5315 583 5370 virtutum
613 5311 882 5369 videlicet.
982 5316 1027 5349 ’ί
1057 5317 1116 5371 B‘
1160 5311 1299 5375 infra
1337 5323 1515 5376 adscr.
1559 5311 1708 5373 vitia.

197 5401 373 5456 marg.
389 5386 568 5456 adscr.
603 5387 683 5456 De
706 5383 949 5456 superbia
973 5387 1244 5444 laudabili.

325 5450 407 5531 ί¹⁸
442 5455 718 5525 voluptatis
757 5450 865 5507 om.
908 5455 1074 5542 lgnad
1112 5476 1286 5542 marg.
1316 5464 1496 5542 adscr.
1541 5460 1628 5513 B'.
1680 5450 1685 5452 ”
1718 5458 1764 5488 ²⁹
1796 5456 2052 5542 Sic'Cnet
2076 5459 2207 5542 _rad_.
2244 5473 2394 5542 _c_orr.
2685 5450 2949 5542 istoque.“

1094 4843 1198 4896 uod
1249 4842 1302 4895 in
1357 4839 1557 4896 anaelis
1618 4839 2002 4895 rationabilitas
2053 4839 2158 4892 die.

2249 4839 2272 4870 ³
2319 4835 2363 4890 Β
2402 4835 2622 4900 mitem;
2668 4833 2732 4887 Β·
2785 4847 2952 4900 supra
2997 4835 3178 4891 adscr.
3231 4833 3490 4887 inmitem.

1772 4911 1794 4942 ⁸
1837 4909 2072 4965 declarat
2119 4924 2266 4976 om.,
2306 4907 2375 4962 ad
2411 4922 2582 4978 marg.
2633 4906 2808 4960 adscr.
2851 4902 2939 4960 B'.
3016 4906 3038 4938 ⁸
3082 4905 3128 4961 Β
3161 4911 3274 4958 aut.
3371 4902 3394 4935 "
3442 4910 3495 4957 et

2433 5003 2457 5036 ⁹
2504 5004 2547 5058 Β
2588 5005 3112 5074 irreprehensibilem.
3205 5000 3248 5032 ¹⁰
3295 5000 3357 5054 Β·
3399 5010 3492 5047 su-

2436 5100 2481 5131 “
2510 5097 2574 5152 B'
2598 5112 2760 5168 supra
2792 5077 2973 5153 adscr.
3004 5099 3060 5152 in
3083 5091 3283 5168 bestiis.
3361 5087 3403 5118 ⁸³
3437 5085 3496 5138 in

2466 5170 2508 5203 "
2541 5170 2603 5224 B'
2633 5159 2794 5236 supra
2823 5169 3006 5224 adscr.
3035 5169 3072 5222 i.
3109 5180 3162 5239 e.
3193 5159 3494 5239 imitantur.

3071 5233 3217 5307 quies
3253 5233 3493 5307 inin-3311::

3350 5296 3397 5326 ss
3426 5291 3497 5346 Β·

2019 5173 2062 5204 ⁸⁸
2091 5173 2138 5229 Α
2169 5176 2366 5244 prima.

2379 5313 2428 5346 ”
2457 5308 2515 5366 B'
2531 5312 2815 5365 desinente.
2915 5311 2963 5342 ”
2997 5310 3043 5363 Α
3069 5308 3235 5360 docet.

3011 5449 3057 5478 ³ο
3093 5445 3136 5498 Β
3173 5439 3493 5508 frequent."-

2963 5521 2988 5542 ,ι
3012 5533 3062 5542 ι...
3071 5524 3085 5542 ι
3115 5502 3254 5542 “siml
3267 5502 3276 5507 ⁷
3286 5502 3471 5542 ραι-ΛΑ.
