3984 5324
508 403 618 462 1⁵65

1594 399 2095 458 EXPOSITION'ES
2127 399 2410 460 JOANMS
2451 397 2647 466 δϐσει

3665 404 3758 460 164

504 522 651 578 nullo
690 516 902 590 ’alﬂigi
932 528 1125 588 potest.
1162 520 1190 550 '
1215 517 1310 574 llis
1357 523 1502 574 enim
1550 519 1802 576 omnibus
1844 519 2082 575 nomini-
2109 527 2162 586 Α
2186 521 2392 577 fectum
2443 522 2666 577 rationis
2713 528 2770 578 et
2815 535 3042 588 sensus,
3109 520 3208 577 sed
3248 485 3759 592 supcreminentiam

502 617 603 670 bus
630 613 863 670 divinam
911 612 1166 667 virtutem
1207 613 1508 682 signiﬁcat,
1555 623 1617 668 ut
1641 614 1900 680 arbitror,
1945 628 2088 684 quae

501 709 855 766 sufﬁcientem
898 707 941 774 ε,
971 719 1268 774 strenuam,
1299 710 1686 780 robustumque
1719 717 1776 764 et
1801 709 2084 764 inconver-

499 800 714 859 sibile‘n'r
755 801 1052 870 potentiam
1092 797 1526 856 desiderantibus
1560 815 1620 856 se
1649 800 1890 872 largitur,
1941 813 2084 869 quae

496 893 745 947 videlicet
795 892 1034 962 potentia
1080 892 1162 947 vel
1193 893 1401 962 puritas
1453 908 1481 946 a
1537 891 1683 947 nulla
1731 891 1840 946 alia
1884 890 2092 947 virtute-

495 984 600 1038 sibi
625 983 874 1054 opposita
901 982 982 1037 vel
1006 980 1166 1053 aﬂligi
1197 982 1285 1038 vel
1307 983 1447 1038 vinci
1475 981 1638 1040 valet.
1684 982 1752 1036 Et
1777 983 1880 1037 hoc
1907 989 2080 1036 totum

494 1075 651 1129 datur
677 1081 896 1144 propter
920 1072 1262 1128 ineonl’usnrn
1311 1082 1366 1128 et
1393 1072 1654 1142 liquidum
1687 1081 1739 1127 et
1770 1071 2079 1126 immutabi-

491 1168 596 1222 lem
628 1167 844 1222 divinae
871 1165 1288 1235 pulchritudhiis
1322 1181 1592 1230 antorem,
1644 1175 1701 1220 et
1735 1174 1956 1235 propter
1985 1179 2077 1218 ca-

491 1261 749 1317 tholicam
776 1259 1151 1314 reductionem
1174 1260 1232 1313 iu
1256 1259 1329 1325 id,
1358 1260 1502 1329 quod
1529 1274 1657 1313 vere
1704 1266 1786 1313 est
1814 1267 2077 1328 appeteno

489 1353 637 1417 dum,
667 1363 937 1406 summum
966 1349 1216 1404 videlicet
1235 1348 1463 1416 bonum,
1487 1351 1633 1420 quod
1658 1348 1862 1419 appetit
1915 1362 2077 1403 omne

486 1443 630 1514 quod
661 1457 846 1496 ama-re
871 1450 1067 1512 potest.

555 1533 859 1603 Postquam
883 1545 1012 1586 vero
1064 1532 1130 1586 de
1177 1531 1620 1586 similitudinibus
1657 1531 1678 1563 ⁸
1723 1532 1885 1604 longe
1915 1532 2082 1588 dissi-

483 1625 743 1690 millimis,
761 1638 899 1695 quae
917 1639 981 1678 ex
1005 1623 1342 1677 naturalibus
1365 1624 1601 1679 motibus
1625 1623 2081 1679 irrationa-bilium

479 1715 777 1771 bestiarum
825 1716 894 1770 ad
945 1713 1294 1768 rationabiles
1339 1714 1361 1744 '
1402 1714 1816 1784 intelligibilium
1868 1714 2076 1769 animo-

477 1823 601 1864 rum
645 1808 874 1863 virtutes
903 1804 1286 1876 signillcandas
1312 1814 1498 1860 sancta
1535 1806 1829 1860 introducit
1860 1805 2074 1860 theolo-

2186 628 2394 679 earum,
2423 630 2530 684 qua
2556 623 2794 672 nostram
2833 615 3098 670 rationem
3144 623 3499 686 nostrumque
3543 631 3756 674 sensum

2183 716 2539 776 exsuperant,
2584 715 2797 776 oportet
2824 723 2916 763 me
2956 709 3221 778 accipere.
3269 708 3393 764 Non
3415 711 3560 766 enim
3593 713 3761 769 adhuc

2184 801 2396 858 ratiolte
2418 810 2474 856 et
2503 817 2664 856 sensu
2691 803 3202 872 comprehemlimus
3229 797 3567 860 altittulinem
3601 818 3759 862 natu—

2182 908 2284 947 rae-
2305 893 2806 964 supercaelestium,
2855 893 3026 950 donec
3066 894 3442 964 perveniamus
3475 897 3532 951 in
3575 913 3758 955 eorum

2181 987 2582 1057 aequalitatem.
2653 986 2749 1041 Est
2805 988 2979 1058 itaque
3030 1006 3134 1043 non
3182 989 3420 1042 dissona
3472 989 3759 1060 reformare

2181 1079 2486 1136 caelestibus
2525 1080 2724 1150 formas
2755 1082 2826 1147 ’°,-
2845 1093 2892 1136 et
2919 1098 2982 1136 ea:
3010 1083 3201 1138 uitibus
3218 1085 3469 1138 Merica
3497 1087 3759 1154 partibus,

2175 1175 2430 1244 quoniam
2451 1184 2500 1228 at
2526 1175 2637 1244 ipsa
2661 1191 2724 1229 ea:
2748 1191 2860 1232 rere
2887 1177 3026 1229 bona
3045 1177 3436 1232 subsidentium
3460 1182 3764 1249 possidens,

2176 1279 2268 1332 per
2291 1280 2494 1319 omnem
2544 1265 2627 1318 sui
2657 1264 2982 1320 materialem
3007 1267 3402 1336 dispositionem
3429 1275 3762 1328 resonantia

2175 1353 2433 1424 quasdam
2465 1354 2829 1415 intellectualis
2859 1355 3266 1425 pulchritudinis
3311 1360 3487 1414 habet.
3542 1361 3616 1416 Et
3639 1379 3759 1433 pu-

2176 1445 2324 1500 siln'ie
2369 1456 2444 1500 est
2473 1463 2566 1515 per
2587 1447 2629 1476 ²¹
2661 1463 2755 1501 eas
2781 1447 2958 1500 reduci
2985 1449 3055 1504 ad
3094 1450 3138 1480 "
3168 1451 3540 1508 inunateriaies
3562 1456 3762 1520 prima:

2176 1535 2403 1604 formas,
2450 1537 2811 1603 dissimiliter,
2854 1547 2910 1592 ut
2957 1539 3158 1594 dictant
3183 1550 3294 1605 est,
3326 1543 3766 1602 similitudinibus

2175 1615 2428 1694 acceptis,
2474 1637 2522 1680 et
2570 1628 2768 1682 eisdem
2805 1645 2908 1684 non
2953 1630 3216 1697 similiter,
3271 1645 3538 1703 eratparte
3586 1650 3760 1691 autem

2174 1728 2222 1771 et
2244 1718 2290 1748 ³³
2317 1717 2536 1788 pulchre
2559 1720 3095 1793 intellectualibusaue
3120 1723 3164 1754 “
3190 1734 3238 1777 et
3281 1726 3615 1782 scrisibilibus
3643 1741 3762 1800 pro-

2172 1811 2482 1880 prietatiim's
2525 1812 2772 1880 deﬁnitis.
2845 1813 3182 1881 Notandum,
3235 1818 3379 1886 (puod
3425 1834 3493 1872 ex
3519 1820 3567 1850 ’⁵
3593 1820 3770 1875 abun-

478 1902 591 1972 gia,
622 1907 912 1955 tractatum
961 1906 1071 1960 est,
1121 1897 1256 1964 quid
1280 1897 1394 1968 ipsa
1427 1897 1871 1952 irrationabilitas
1902 1897 2068 1951 ratio-
2095 1911 2144 1974 Β
2173 1901 2355 1956 dantia
2390 1917 2620 1972 graecae
2666 1903 2956 1960 locutionis
3003 1920 3164 1974 saepe
3208 1908 3644 1977 praepositiones
3669 1926 3763 1982 po-

476 1994 737 2052 uabilium
781 2002 838 2049 et
882 1993 1264 2049 insensualitas
1311 2005 1478 2048 sensu
1503 1993 1803 2049 calentium
1852 1994 1905 2048 in
1936 1994 2070 2063 ipsis

475 2089 670 2154 rebus,
727 2087 934 2156 quibus.
962 2085 1286 2140 naturaliter
1328 2086 1543 2152 insunt,
1597 2095 1777 2157 potest
1817 2087 2066 2151 deﬁniri,

475 2178 610 2249 quid
651 2179 704 2232 in
757 2177 952 2233 divinis
985 2175 1289 2231 conformat
1336 2177 1730 2243 intellectibus,
1785 2177 2066 2249 aptissime

473 2270 749 2341 subiungit
795 2277 849 2324 et
875 2269 951 2324 ait
981 2288 992 2322 :
1030 2269 1139 2323 Sed
1163 2281 1212 2324 et
1255 2272 1421 2341 ipsum
1467 2272 1981 2327 irrationabilitatem
2015 2281 2066 2327 et

471 2360 928 2417 insensualita'tenr
945 2362 1001 2414 in
1022 2362 1230 2433 quidem
1251 2363 1702 2418 irrationabitibns
1724 2364 2068 2430 animalibus,

470 2461 562 2506 aut
588 2451 894 2506 inaniatatis
918 2450 938 2482 ⁸
969 2452 1220 2514 materiis,
1252 2452 1510 2522 defectum
1541 2453 1762 2506 rationis
1795 2464 1844 2506 et
1879 2469 2064 2507 sensus

468 2545 678 2616 proprie
721 2557 1007 2610 vocamus;
1058 2546 1112 2597 in
1141 2545 1390 2598 animatis
1427 2546 1448 2576 "
1474 2555 1648 2598 autem
1694 2545 2062 2598 immateriaii-

467 2636 564 2694 bus
611 2646 662 2692 et
705 2637 1150 2691 intellectuatibus
1201 2638 1467 2703 essentiis,
1515 2648 1695 2692 sancte
1741 2651 1788 2692 et
1824 2639 2064 2693 decenter

463 2731 854 2800 supereminens
905 2745 1120 2794 earum,
1173 2738 1227 2782 ut
1273 2729 1796 2798 supermundalimn,
1847 2729 2060 2798 conﬁte-

464 2841 586 2880 ηιατ-
613 2824 634 2856 ⁸
679 2833 864 2878 nostra
891 2825 1197 2878 transitoria
1229 2833 1276 2878 et
1307 2824 1576 2894 corporali
1603 2825 1822 2887 ratione,
1865 2833 1912 2876 et
1941 2841 2054 2877 ma.

462 2919 639 2977 teriati
684 2919 916 2975 alienato
945 2917 1364 2988 incorporalibus
1403 2918 1423 2948 °
1462 2920 1651 2972 animis
1679 2933 1852 2972 sensa.
1904 2917 2055 2986 Ipsa,

462 3012 672 3083 inquit,
740 3011 1188 3066 irrationabilitas
1240 3010 1691 3065 irrationabilium
1741 3009 2053 3063 animalium

462 3104 706 3162 defectus
736 3105 962 3160 ratiunis
989 3113 1110 3168 est;
1164 3103 1543 3160 insensna'litas
1586 3119 1714 3159 vero
1753 3103 2051 3158 carentium

461 3199 642 3253 anima
672 3197 906 3254 sensuali
933 3197 980 3228 ‘°
1004 3197 1378 3259 materiarum,
1412 3196 1653 3252 defectus
1689 3211 1878 3251 sensus
1908 3197 2051 3251 est“

2171 2003 2394 2059 nuntur,
2439 2005 2494 2050 et
2537 1995 2742 2050 nullum
2776 2007 2977 2068 augent
3003 1998 3356 2054 intellectum.
3385 2000 3477 2078 'Et
3522 2003 3768 2062 maxime

2169 2087 2272 2142 bac
2303 2095 2414 2142 tres
2445 2104 2457 2139 :
2493 2103 2568 2150 re,
2601 2098 2674 2153 et,
2701 2088 2770 2140 ad
2793 2105 2811 2154 ,'
2840 2090 2957 2154 ἀνά,
2985 2093 3090 2155 καί,
3120 2091 3247 2166 πρὸς
3273 2107 3288 2156 ;
3325 2091 3456 2148 κατά
3483 2093 3766 2161 similiter,

2168 2193 2306 2248 quae
2339 2181 2392 2233 in
2420 2179 2661 2235 diversas
2708 2182 2936 2236 vertitur
2975 2183 3376 2240 translationes.
3417 2184 3565 2254 Quas
3599 2203 3757 2258 prae-

2165 2272 2461 2341 positiones
2507 2272 2756 2327 videlicet
2800 2283 3019 2344 pmpter
3065 2275 3398 2346 diligentiam
3429 2277 3758 2349 interpreta-

2169 2364 2335 2418 tionis
2362 2366 2633 2420 noluimus
2659 2365 2704 2396 ’⁸
2730 2368 3053 2434 praeterire,
3082 2370 3408 2437 praesertim
3425 2385 3548 2426 cum
3578 2373 3760 2427 curio-

2166 2474 2256 2513 sus
2304 2459 2473 2513 lector
2503 2459 2821 2529 perspiciet,
2881 2460 2969 2514 ubi
3002 2463 3344 2516 necessariae
3373 2473 3538 2529 sunt,
3580 2474 3636 2519 et
3667 2465 3758 2519 ubi

2165 2549 2604 2618 superabundant
2634 2549 2699 2602 ’7.
2729 2549 2825 2604 Est
2854 2549 3058 2619 itaque,
3104 2551 3302 2620 inquit,
3353 2553 3456 2608 hoc
3484 2562 3574 2608 est
3600 2569 3759 2625 opor-

2167 2649 2268 2706 tet,
2294 2641 2531 2695 formare
2558 2640 2762 2696 formas
2790 2657 2895 2696 non
2929 2642 3196 2707 dissonas,
3243 2645 3342 2700 sed
3369 2647 3759 2704 convenientes

2164 2735 2486 2790 caelestibus
2508 2734 2872 2805 signiﬁcandis
2899 2737 3169 2801 essentiis,
3201 2736 3365 2791 etiam
3389 2738 3434 2769 ’⁸
3462 2753 3530 2793 ex
3559 2739 3755 2795 vilibus

2163 2827 2408 2897 partibus
2454 2834 2707 2880 terrenae
2750 2826 3102 2897 mortalisque
3147 2828 3448 2893 materiae;
3501 2845 3606 2884 nec
3637 2831 3752 2884 sine

2163 2917 2393 2982 ratione,
2426 2917 2682 2986 quoniam
2733 2924 2788 2970 et
2835 2917 2951 2987 ipsa
2983 2919 3211 2973 materia
3242 2935 3308 2974 ex
3339 2935 3557 2974 summo
3589 2923 3750 2990 bono,

2161 3009 2303 3078 quod
2335 3008 2509 3063 solum
2539 3023 2664 3063 vere
2707 3019 2812 3073 est,
2845 3010 3201 3063 substantiam
3232 3011 3471 3081 possidet
3501 3012 3554 3066 in
3587 3014 3750 3067 omni-

2160 3099 2258 3154 bus
2286 3099 2400 3153 suis
2419 3099 2787 3156 materialibus
2813 3101 3116 3164 ordinibus,
3142 3110 3198 3155 et
3218 3101 3378 3156 habet
3405 3106 3750 3158 resunantias

2158 3193 2449 3263 quasdam,
2485 3195 2587 3250 hoc
2627 3202 2741 3257 est,
2793 3194 3183 3250 resultationes
3207 3195 3592 3253 intellectualis
3632 3199 3749 3270 pul-

459 3291 516 3344 et
539 3288 760 3359 proprie
792 3288 1010 3343 dicitur.
1065 3285 1200 3342 Dum
1237 3288 1277 3317 "
1305 3294 1485 3341 autem
1518 3287 1961 3341 irrationabilitas
1995 3294 2048 3342 et
2076 3295 2120 3358 (ζ
2153 3285 2498 3341 cbritudinis.
2563 3285 2921 3341 Resonantias
2964 3295 3150 3342 autem
3197 3288 3319 3342 dico
3383 3290 3468 3344 vel
3521 3291 3749 3347 resulta-

458 3380 847 3439 i‘nsensualitas
876 3380 944 3436 de
971 3379 1420 3434 immateri'alibus
1444 3377 1490 3410 ¹⁸
1519 3387 1574 3432 et
1603 3378 2054 3434 intellectualibus

458 3474 806 3545 praedicatur
848 3473 1121 3539 essentiis,
1155 3470 1788 3540 insensualit‘as-quidem-
1839 3471 1905 3525 dc
1956 3472 2052 3524 im-

458 3567 855 3631 materialibus,
905 3567 971 3622 de
1002 3563 1452 3620 intell'ectualibus
1479 3578 1608 3619 vero
1632 3565 1678 3595 “
1709 3564 2055 3618 irrationabi-

457 3660 584 3717 litas
613 3660 689 3728 ",
735 3660 959 3732 pulchre
984 3667 1038 3714 et
1066 3658 1314 3730 religiose
1359 3657 1682 3712 confitemur
1727 3657 2049 3729 signiﬁcari,

458 3759 601 3831 quod
635 3759 688 3813 in
719 3757 848 3828 ipsis
874 3755 1381 3827 supermundalibus
1407 3756 1788 3824 supereminet,
1815 3753 1918 3807 hoc
1942 3760 2048 3817 est,

458 3850 935 3923 contemplationis
975 3865 1162 3906 earum
1192 3850 1385 3915 virtus,
1416 3865 1556 3918 quae
1585 3861 1804 3904 omnem
1831 3860 2050 3901 sensum

458 3951 709 4000 nostrum
742 3954 1096 4013 nostramque
1131 3941 1396 3997 rationem
1446 3939 1869 4011 supergreditur,
1921 3941 2050 3993 dum

458 4045 645 4094 nostra
675 4035 990 4093 transitoria
1013 4045 1070 4091 et
1096 4034 1394 4106 corporalis
1419 4034 1578 4098 ratio,
1610 4034 1711 4088 hoc
1740 4039 1841 4097 est,
1875 4031 2050 4086 adhuc

457 4128 674 4186 mortali
705 4140 930 4200 corpOre
975 4137 1230 4201 gravata,
1281 4133 1338 4182 et
1365 4126 1663 4182 materialis
1695 4139 1886 4181 sensus
1933 4125 2049 4178 Ion»

456 4222 678 4292 gissime
743 4224 810 4276 ab
880 4221 1314 4292 incorporalibus
1371 4219 1416 4251 ¹⁶
1458 4220 1652 4275 ani-mis
1721 4219 2038 4273 alienantur.

457 4309 572 4367 Hac
602 4309 648 4344 ¹τ
678 4311 850 4367 forma
879 4311 1168 4366 locutionis
1189 4310 1481 4380 Apostolus
1523 4309 1565 4342 ¹⁸
1589 4310 1773 4373 utitur,
1814 4310 1998 4363 dicens
2027 4326 2040 4361 :

465 4423 483 4458 ι
518 4403 752 4460 Stultum
780 4403 873 4458 Dei
901 4404 1194 4473 sapientius
1220 4412 1304 4458 est
1332 4403 1641 4458 hominibus
1670 4423 1716 4468 ι,
1751 4402 2045 4472 superemi-

461 4499 701 4554 nentiam
731 4498 964 4553 divinae
999 4496 1295 4566 sapientiae
1324 4496 1377 4549 in
1422 4495 1590 4566 ﬁgura
1639 4494 1896 4549 stultitiae
1927 4495 2044 4548 Lut-

461 4591 618 4646 dans.
650 4589 789 4644 Dum
819 4604 947 4660 ergo
972 4587 1090 4658 lego
1121 4588 1204 4642 vel
1232 4586 1276 4618 ¹⁹
1304 4587 1485 4651 audio,
1527 4587 1919 4642 intellectuales
1952 4603 2041 4643 es-

2160 3377 2336 3432 tiones
2354 3417 2369 3442 ,
2421 3392 2558 3448 quas
2585 3391 2781 3448 graece
2805 3377 2848 3407 ²⁹
2874 3380 3208 3453 ἀπηχήματα
3229 3380 3274 3414 3°
3299 3391 3518 3448 vocant,
3566 3399 3747 3441 rerum

2155 3469 2568 3541 intelligibillum
2597 3470 3030 3540 imaginationes.
3069 3470 3222 3528 Sicut
3261 3474 3404 3528 enim
3435 3475 3618 3547 imago
3661 3493 3747 3532 vo-

2153 3567 2234 3622 cis
2259 3566 2314 3620 in
2345 3557 2478 3637 rupe
2507 3567 2742 3637 quadam
2773 3583 2866 3624 seu
2893 3568 3072 3638 aliqua
3099 3571 3458 3636 concavitate,
3493 3573 3583 3627 vel
3610 3575 3746 3630 sicut

2155 3660 2332 3730 imago
2381 3660 2625 3730 corporis
2675 3673 2746 3718 ex
2786 3661 3008 3730 speculo
3035 3661 3077 3692 "
3108 3662 3368 3728 resultat,
3419 3665 3494 3718 ita
3536 3664 3746 3722 intelle-

2151 3752 2348 3806 ctualis
2370 3751 2787 3821 pulchritudinis
2833 3753 3153 3810 caelestium
3186 3756 3446 3810 virtutum
3474 3756 3744 3829 imagina—

2155 3845 2326 3900 tiones
2356 3862 2422 3900 ex
2451 3847 2598 3900 omni
2630 3855 2842 3901 terrena
2867 3847 3236 3918 vilissimaqu
3262 3849 3493 3904 materia
3524 3865 3744 3922 respon-

2151 3937 2298 3991 dent.
2330 3936 2562 4005 ideoque
2587 3937 2840 4006 possibile
2869 3946 2976 4004 est,
3006 3947 3253 3994 nostrum
3283 3939 3522 3996 animum
3550 3943 3739 3999 reduci

2148 4043 2247 4098 per
2297 4029 2640 4084 resonantias
2687 4029 2760 4084 ad
2821 4030 3206 4087 immateriales
3249 4033 3452 4103 primas
3496 4035 3739 4102 formas,

2148 4135 2284 4190 quas
2317 4118 2510 4175 Graeci
2541 4122 2873 4194 ἅρχιτυπίασ
2899 4120 2942 4152 ³⁸
2974 4122 3262 4192 appellant,
3315 4140 3545 4193 quarum
3571 4127 3740 4182 resul-

2151 4217 2327 4265 tantes
2380 4209 2643 4279 imagines
2691 4218 2852 4274 sunt,
2916 4211 2991 4266 ita
3045 4219 3223 4267 tamen
3244 4253 3264 4278 ,,
3304 4223 3363 4269 ut
3404 4214 3740 4272 dissimiliter

2148 4302 2298 4372 ipsae
2325 4300 2706 4358 similitudines
2731 4301 3069 4371 accipiantur
3096 4303 3150 4357 in
3173 4305 3577 4372 materialibus,
3595 4309 3736 4362 unde

2149 4395 2432 4459 resultant,
2463 4402 2524 4448 et
2563 4394 2620 4450 in
2648 4393 3116 4458 immaterialibus,
3151 4396 3197 4427 ³³
3224 4396 3420 4466 quibus
3448 4399 3733 4454 resultant.

2144 4485 2316 4542 Aliter
2359 4486 2504 4541 enim
2550 4485 2700 4542 furor
2749 4486 2802 4540 in
2835 4486 2991 4541 leone
3037 4487 3319 4555 difﬁnitur,
3353 4488 3514 4544 aliter
3561 4492 3616 4545 in
3651 4507 3738 4545 an-

2146 4580 2282 4651 gelo.
2328 4579 2398 4634 Et
2441 4580 2644 4635 eisdem
2689 4580 3133 4636 similitudinibus
3178 4598 3284 4637 non
3341 4585 3534 4639 eodem
3576 4587 3734 4642 modo

458 4683 663 4738 sentias
698 4681 751 4735 in
781 4679 972 4736 formis
1003 4680 1450 4735 irrationabilium
1481 4679 1816 4746 animalium,
1873 4681 1955 4736 vel
1987 4682 2041 4736 in

2163 4671 2505 4728 eonsideratis
2553 4670 2622 4736 “,
2670 4671 2765 4727 sed
2803 4669 2961 4740 juxta
3006 4670 3330 4729 differentias
3372 4677 3730 4732 materialium

458 4771 811 4828 similitudine
837 4786 1020 4827 rerum
1049 4771 1433 4838 materialium,
1459 4772 1641 4826 anima
1683 4781 1742 4828 et
1766 4787 1927 4828 sensu
1954 4787 2046 4828 ca-

459 4861 717 4926 rentium,
751 4861 1067 4932 apparuisse
1089 4861 1174 4915 vel
1209 4861 1537 4932 signiﬁcatus
1579 4861 1768 4926 fuisse,
1818 4877 1925 4917 non
1954 4864 2046 4919 de-

2148 4781 2328 4822 rerum
2349 4775 2404 4821 et
2423 4764 2731 4831 altitudines
2758 4764 3213 4822 immateriaiium.
3236 4767 3527 4838 Compacte
3554 4782 3731 4827 autem

2148 4867 2202 4914 et
2242 4859 2466 4930 pulchre
2498 4857 2798 4927 proprietas
2846 4858 3100 4914 deﬁnitur
3129 4858 3176 4890 ³⁵
3205 4860 3633 4934 uniuscujusque
3679 4863 3728 4917 in

1747 4975 1999 5030 VARIAE
2035 4969 2440 5029 LECTIONES.

532 5049 550 5078 ³
573 5043 680 5117 P'ro
695 5061 907 5117 quoque
952 5056 1000 5100 et
1043 5047 1094 5098 in
1126 5063 1184 5098 eo
1212 5048 1348 5117 quod
1391 5063 1421 5098 α
1454 5046 1600 5100 nullo
1628 5046 1670 5100 Β
1700 5049 1754 5101 in
1782 5065 1840 5100 eo
1869 5063 2070 5117 quoque
2091 5044 2256 5117 quod.
2290 5115 2297 5117 _
2338 5045 2357 5072 '
2399 5043 2477 5117 Βξγ
2500 5058 2662 5117 supra
2687 5045 3247 5117 adserunonpotest.

632 5116 654 5149 ’⁵
685 5113 776 5173 Sic
807 5113 922 5172 radi
974 5132 1117 5172 corr.
1153 5119 1192 5170 Β
1215 5113 1233 5182 ;’
1267 5118 1352 5172 AC
1404 5113 1936 5180 dissimilitudirribns.
1986 5113 2039 5147 '5
2072 5113 2118 5170 Β
2146 5114 2554 5202 irrationabiles.
2634 5114 2653 5143 ⁸
2679 5115 2831 5169 Corr.
2881 5113 2966 5180 B‘,
3014 5114 3101 5168 AB
3147 5116 3196 5168 in
3235 5118 3447 5171 (riualis.

457 5125 554 5173 ter.

457 5210 542 5258 Β.-
581 5203 662 5254 AR
685 5209 738 5252 1""
763 5211 952 5252 ητηιηδ(
992 5210 1262 5260 (animati:
1284 5226 1369 5254 nm
1444 5220 1620 5248 ΙΛι-Ιηιι
1651 5227 1670 5241 π

3347 5046 3364 5075 ³
3392 5047 3438 5119 Β
3467 5050 3732 5119 sufﬁcian—

3579 5119 3725 5174 Corr.

2315 5209 2401 5222 nn
2543 5225 2548 5227 _
2679 5219 2690 5226 ,
3026 5209 3070 5224 ρ.
3274 5207 3342 5216 -ιν
