4028 6274
532 441 631 495 167

1657 415 2157 478 EXPOSITIONES
2192 408 2477 471 JOANNIS
2514 404 2711 464 SCOTI

3700 394 3802 450 168

530 565 744 608 marum
787 543 1158 618 paradigmata
1199 542 1519 598 subduntur.
1554 537 1892 594 Novissimae
1931 543 2110 589 autem
2139 533 2192 593 Α
2216 527 2354 600 gulis
2400 525 2454 580 in
2491 523 2644 578 libris
2699 522 2820 596 περί
2868 520 3070 590 φύσεων
3122 513 3168 545 ¹⁶
3209 511 3374 568 latius
3425 508 3803 566 tractavimus.

530 647 718 717 mu_ndi
744 651 926 717 partes
951 650 1106 708 sunt,
1136 656 1274 710 quae
1307 647 1555 695 terrenae
1581 637 1740 692 molis
1777 637 2112 691 constituun-

533 713 635 797 tur.
659 741 676 773 ⁸
705 738 1092 796 constitutione
1128 737 1170 790 ².
1221 735 1400 802 Quae,
1439 734 1688 802 quamvis
1721 733 1774 787 in
1805 741 1997 786 natura
2035 730 2113 783 vi-

532 835 770 894 sibilium
797 831 1154 888 novissimum
1199 837 1360 895 atque
1408 827 1574 880 veluti
1608 825 1930 880 vilissimum
1973 823 2115 877 obti-

531 937 666 984 nent
689 928 710 960 ⁸
736 928 914 982 locum
931 966 948 992 ,
969 924 1170 979 virtute
1197 931 1374 976 tamen
1411 919 1713 974 divinarum
1742 931 1922 972 rerum
1949 915 2117 987 signi-

535 1024 803 1080 ﬁcationis
830 1038 937 1077 non
961 1004 1084 1077 sunt
1108 1019 1402 1075 novissima
1421 1059 1434 1082 ,
1462 1018 1556 1073 sed
1581 1017 1792 1072 excelsa
1829 1024 1885 1071 et
1912 1017 2117 1070 incom-

533 1116 949 1189 prehensibilia,
977 1123 1033 1170 et
1056 1113 1291 1168 maxime
1315 1111 1594 1181 utriusque
1617 1110 1638 1140 δ
1679 1118 1904 1164 naturae
1932 1108 2118 1177 unige-

533 1209 634 1262 niti
660 1207 754 1261 ﬁlii
775 1206 870 1262 Dei
891 1205 1095 1261 domini
1136 1211 1193 1259 et
1235 1203 1523 1259 salvatoris
1559 1202 1728 1256 nostri
1759 1199 1886 1254 Jesu
1916 1199 2117 1254 Christi

535 1307 915 1377 signiﬁcativa.
975 1303 1322 1376 Unguentum
1368 1303 1390 1334 ⁵
1427 1302 1609 1370 itaque
1659 1315 1824 1355 suave
1869 1298 2119 1353 Christus

535 1408 650 1466 est,
679 1399 732 1454 in
754 1399 905 1467 cujus
932 1396 1164 1466 imagine
1191 1396 1289 1450 sub
1318 1393 1489 1465 ﬁgura
1512 1391 1784 1447 Ecclesiae
1808 1391 1886 1445 ait
1915 1387 2120 1444 theolo-

536 1490 652 1562 gia:
678 1510 696 1541 ι
717 1490 843 1546 dum
858 1495 1001 1543 esset
1021 1502 1116 1542 rex
1131 1488 1182 1541 in
1199 1485 1449 1541 accubitu
1465 1501 1587 1549 suo,
1607 1483 1874 1538 nardusin
1895 1497 1959 1537 ea
1977 1480 2122 1535 dedit

535 1592 762 1647 odorem
784 1604 940 1645 suum
969 1608 1015 1641 ι.
1038 1587 1178 1658 Lege
1203 1586 1487 1657 mysticam
1509 1583 1786 1650 feminam,
1808 1597 1948 1652 quae
1965 1580 2123 1651 paulo

537 1697 666 1744 ante
680 1687 985 1759 passionem
1003 1683 1486 1740 fuditalabastrum
1511 1681 1534 1711 °
1549 1681 1602 1735 in
1617 1681 1794 1751 capite
1816 1679 2053 1743 Domini,
2069 1684 2125 1730 et

537 1788 760 1861 impleta
772 1796 857 1843 est
869 1787 1061 1840 domus
1071 1785 1257 1849 odore,
1275 1785 1378 1838 hoc
1390 1791 1494 1848 est,
1511 1791 1654 1837 totus
1669 1782 1899 1836 mundus
1916 1780 2121 1835 suavis-

2213 620 2331 690 lpse
2353 624 2439 672 est
2465 615 2548 670 leo
2571 613 2638 668 de
2658 612 2801 668 tribu
2827 609 2986 674 Juda,
3012 605 3107 677 qui
3133 603 3304 659 vincit
3329 601 3592 657 mundum
3615 600 3809 670 ipsius-

2215 725 2320 780 que
2371 705 2689 778 principem.
2744 701 2803 757 In
2861 699 3036 754 forma
3088 696 3285 767 quippe
3327 693 3500 749 leonis
3544 691 3808 747 fortitudo

2215 801 2415 858 Christi
2436 797 2777 869 exprimitur,
2801 804 2856 850 et
2877 793 3029 848 furor
3050 787 3462 852 irrationabilis,
3485 801 3594 856 quo
3619 785 3813 840 adver-

2217 905 2405 952 santes
2432 893 2589 947 nobis
2612 891 2825 959 iniquas
2850 894 3170 957 potestates,
3197 882 3491 950 omniaque
3516 879 3814 934 virtutibus

2218 985 2468 1056 opposita
2491 981 2796 1039 contemnit
2816 979 2858 1010 ”
2889 978 3214 1049 penitusque
3241 973 3524 1028 interimit.
3552 971 3815 1044 Mysticus

2217 1089 2432 1146 quoque
2482 1071 2731 1144 pantheri
2799 1069 2844 1100 ¹⁸
2891 1077 2994 1123 est.
3055 1063 3313 1119 Pantheri
3364 1063 3562 1132 quippe
3616 1061 3816 1116 dicitur

2220 1173 2372 1244 quasi
2413 1171 2669 1239 panther,
2696 1169 2802 1223 hoc
2849 1173 2933 1220 est
2980 1161 3395 1218 bestialissimus
3426 1176 3441 1221 ;
3474 1157 3814 1212 ferocissima

2219 1267 2363 1322 enim
2387 1263 2628 1318 omnium
2654 1260 2950 1317 bestiarum
2993 1266 3095 1311 est.
3129 1254 3282 1322 Quae
3323 1251 3495 1322 ﬁgura
3524 1247 3818 1319 dupliciter

2222 1358 2276 1412 in
2305 1355 2522 1412 Christo
2572 1352 2889 1423 intelligitur
2938 1363 2953 1402 :
2984 1357 3078 1402 aut
3107 1347 3253 1400 enim
3300 1359 3332 1398 e
3365 1342 3647 1398 contrario
3673 1342 3818 1396 acci-

2222 1446 2388 1519 p'itur,
2424 1455 2486 1501 ut
2514 1461 2610 1515 per
2631 1443 2856 1498 nimiam
2887 1439 3058 1510 ipsius
3083 1437 3292 1492 bestiae
3314 1433 3658 1489 ferocitatem
3691 1431 3822 1486 inef-

2224 1539 2408 1596 fabilis
2459 1538 2674 1593 divinae
2723 1534 2939 1604 pietatis
3003 1527 3292 1585 clementia
3341 1535 3391 1580 ct
3436 1523 3819 1584 mansuetudo,

2226 1645 2331 1701 qua
2369 1628 2484 1683 vult
2511 1627 2554 1659 ¹⁹
2585 1640 2776 1682 omnes
2804 1622 3052 1678 homines
3080 1619 3257 1673 salvos
3280 1615 3397 1671 ﬁeri
3416 1625 3470 1668 et
3501 1615 3555 1668 in
3584 1613 3820 1683 agnitio-

2227 1738 2352 1780 nem
2383 1719 2629 1776 veritatis
2657 1718 2867 1781 venire,
2899 1713 3255 1786 signiﬁcetur,
3285 1718 3378 1765 aut
3423 1707 3468 1740 "
3511 1723 3612 1777 per
3655 1717 3824 1760 meta-

2226 1816 2454 1885 phoram
2484 1809 2837 1865 saevissimae
2864 1805 3071 1860 bestiae
3105 1802 3256 1864 zelus
3279 1800 3496 1854 divinae
3537 1796 3821 1878 bonitatis,

539 1883 678 1939 sima
730 1880 974 1936 doctrina
1027 1877 1294 1948 passionis
1343 1876 1553 1930 Domini
1604 1883 1657 1929 et
1707 1873 2126 1930 resurrectionis
2153 1893 2200 1954 Β
2226 1873 2402 1976 ξιιωυ
2430 1902 2723 1958 devorat“
2751 1908 2806 1953 ει
2832 1897 3105 1953 consumit
3148 1908 3340 1950 omnes
3371 1873 3656 1949 feralea‘et
3684 1889 3824 1943 ειη,

538 1985 954 2043 ceterarumque
995 1978 1284 2034 virtutum,
1329 1984 1467 2038 quae
1507 1977 1726 2039 pr0pter
1773 1984 1872 2023 nos
1889 1968 2126 2038 peregit,

538 2066 778 2136 repletus
803 2071 904 2119 est.
935 2061 1050 2118 Hoc
1079 2061 1365 2132 mysticum
1397 2069 1729 2129 unguentum
1760 2058 1816 2112 in
1845 2074 2130 2114 consecra-

542 2160 691 2214 tione
714 2157 989 2213 crismatis
1017 2153 1284 2210 catholica
1310 2152 1587 2221 componit
1628 2150 1890 2206 Ecclesia.
1924 2150 2086 2219 Lapis
2106 2151 2126 2183 "

541 2249 817 2323 angularis
836 2246 1085 2302 Christus
1107 2255 1207 2308 est,
1235 2258 1394 2314 quem
1417 2241 1608 2296 Judaei
1628 2240 1818 2310 perﬁdi
1848 2250 2127 2310 respuunt,

542 2349 638 2405 sed
664 2345 937 2418 angularis
964 2341 1116 2396 nobis
1143 2340 1318 2394 factus
1345 2348 1447 2394 est.
1495 2337 1552 2390 ln
1579 2336 1697 2406 ipso
1735 2336 1879 2390 enim
1910 2334 2131 2403 conjun-

543 2442 689 2515 gitur
710 2437 951 2495 Ecclesia
977 2451 1042 2490 ex
1072 2433 1278 2488 Judaea
1307 2439 1361 2487 et
1387 2430 1637 2502 gentibus
1657 2428 1903 2483 collecta.
1935 2426 1992 2480 ln
2017 2427 2132 2495 ipso

544 2529 831 2590 rationalis
870 2539 926 2584 et
950 2523 1346 2588 intellectualis,
1381 2519 1622 2591 angelica
1674 2517 1927 2573 videlicet
1952 2526 2007 2570 et
2035 2517 2134 2570 hu-

544 2639 707 2681 mana
747 2630 943 2678 natura
967 2634 1133 2674 unum
1168 2616 1312 2671 facta
1338 2622 1441 2668 est.
1472 2613 1590 2682 Ipse
1613 2619 1698 2666 est
1739 2611 1882 2665 enim
1909 2625 2014 2680 pax
2035 2623 2135 2663 no-

545 2729 686 2786 stra,
729 2717 823 2788 qui
871 2714 997 2771 fecit
1031 2724 1261 2780 utraque
1303 2724 1490 2776 unum.
1545 2705 1601 2760 ln
1635 2707 1750 2775 ipso
1784 2703 2038 2758 divinitas
2080 2712 2136 2756 et

544 2809 876 2871 humanitas,
900 2806 1126 2861 verbum
1154 2811 1208 2858 et
1236 2815 1385 2863 caro,
1417 2813 1525 2852 una
1567 2794 1870 2852 substantia
1903 2793 1956 2847 in
2003 2792 2131 2846 dua-

546 2903 651 2960 bus
686 2901 709 2933 ⁸
740 2897 951 2955 naturis
994 2893 1181 2951 effecta
1217 2891 1261 2944 ’.
1294 2891 1361 2945 Et
1410 2889 1532 2960 quis
1572 2887 1796 2942 idoneus
1829 2893 1931 2947 est,
1962 2897 2134 2953 angu-

546 2993 823 3051 lositatem
869 2990 913 3022 ⁵⁸
966 2986 1166 3044 Christi
1211 2984 1371 3055 digne
1412 2977 1748 3052 explanare?
1795 2977 1924 3031 dum
1971 2989 2133 3046 prae-

548 3094 636 3142 ter
663 3086 706 3116 “
737 3080 878 3154 quod
901 3080 1137 3135 diximus
1181 3073 1247 3129 de
1270 3071 1596 3129 adunatione
1628 3066 2062 3125 circumcisionis
2081 3075 2138 3120 et

549 3174 820 3250 praeputii
854 3171 1169 3229 caelestium
1210 3168 1339 3222 item
1392 3163 1868 3230 terrestriumque,
1899 3160 2003 3216 hoc
2029 3166 2133 3223 est,

550 3263 935 3326 intellectualis
985 3271 1039 3317 et
1067 3258 1349 3315 rationalis
1379 3265 1661 3312 creaturae
1705 3256 1760 3309 in
1813 3269 1976 3308 unam
2000 3252 2140 3308 divi-
2166 3260 2212 3322 ρ

550 3375 682 3419 nam
704 3373 771 3413 ac
794 3368 1064 3413 summam
1107 3351 1406 3414 civitatem,
1431 3363 1532 3403 nec
1555 3362 1663 3401 non
1717 3345 1934 3400 deitatis
1957 3352 2010 3399 et
2036 3343 2140 3398 hu-

551 3447 834 3508 manitatis
860 3447 917 3502 in
960 3445 1100 3516 ipso,
1143 3440 1459 3512 quintuplex
1501 3438 1672 3508 ipsius
1705 3418 2083 3508 angularitatis
2109 3450 2142 3489 a

553 3540 760 3600 sanctis
786 3537 1040 3594 Patribus
1093 3533 1325 3590 traditur
1351 3531 1562 3588 modus.
1615 3530 1734 3599 Ipse
1789 3528 2054 3599 siquidem
2086 3527 2142 3581 in

551 3645 733 3716 seipse
784 3649 1075 3710 utrumque
1127 3651 1340 3700 sexum,
1376 3632 1734 3688 masculinum
1784 3630 2036 3687 videlicet
2091 3637 2146 3684 et

554 3742 896 3808 femininum,
925 3740 982 3795 in
1030 3735 1431 3808 simplicitatem
1478 3731 1692 3787 divinae
1746 3728 2018 3800 imaginis,
2061 3743 2146 3783 se-

554 3835 794 3895 cundum
842 3847 1004 3904 quam
1038 3829 1215 3885 factus
1265 3837 1350 3882 est
1407 3826 1602 3890 homo,
1654 3823 1998 3879 coadunavit.
2028 3840 2046 3872 ‹
2086 3821 2145 3876 ln

555 3928 774 3986 Christo
799 3926 944 3981 enim
977 3941 1026 3988 ι,
1055 3921 1132 3976 ait
1160 3921 1202 3950 “
1231 3917 1536 3988 Apostolus,
1568 3935 1586 3967 ε
1625 3931 1733 3970 non
1763 3923 1848 3969 est
1875 3912 2146 3968 masculus

555 4037 734 4094 neque
764 4020 809 4053 "
837 4018 1036 4074 femina
1070 4034 1112 4069 ι.
1144 4013 1204 4068 In
1247 4013 1364 4083 ipso
1410 4009 1558 4066 orbis
1592 4016 1856 4062 terrarum
1890 4011 1945 4058 et
1992 4017 2149 4073 para-

558 4125 709 4183 disus
753 4137 850 4194 per
905 4115 1320 4174 resurrectionis
1375 4125 1504 4168 suae
1548 4109 1780 4180 gratiam
1811 4121 1950 4160 unus
1977 4103 2147 4160 eﬁici-

557 4227 650 4278 tur
679 4215 984 4288 paradisus.
1020 4210 1077 4265 ln
1126 4212 1242 4280 ipso
1291 4203 1614 4278 generaliter
1647 4210 1790 4256 terra
1839 4208 1893 4253 et
1939 4197 2148 4252 caelum

557 4327 658 4386 per
695 4306 1110 4366 similitudinem
1139 4302 1408 4357 humanae
1433 4306 1488 4351 et
1513 4293 1788 4366 angelicae
1816 4293 1962 4345 vitae
1983 4303 2151 4343 unum

560 4379 793 4461 efﬁcitur
838 4395 1068 4453 caelum.
1120 4393 1178 4447 In
1230 4391 1347 4461 ipso
1395 4384 1692 4457 corporalis
1754 4389 1810 4437 et
1856 4379 2152 4451 spiritualis

561 4499 814 4550 creatura
842 4503 942 4560 per
969 4483 1350 4540 adunationem
1383 4477 1719 4534 substantiae
1747 4489 1855 4528 una
1884 4473 1945 4527 ﬁt
1989 4471 2150 4541 spiri-

561 4586 725 4643 tualis
754 4593 1026 4650 creatura,
1077 4580 1204 4634 dum
1255 4575 1511 4630 inferiora
1556 4570 1758 4639 ubique
1784 4573 2069 4623 transeunt
2096 4565 2152 4618 in

2233 1995 2518 2051 tionabiles
2574 2000 2791 2047 nostrae
2823 1997 3051 2044 naturae
3081 1995 3280 2051 motus,
3315 1985 3649 2054 imaginatur
3669 1980 3744 2036 ²³.
3772 1981 3827 2034 lu

2231 2088 2420 2143 eadem
2453 2085 2621 2155 ﬁgura
2651 2095 2706 2139 et
2731 2080 2972 2152 pardalis
3021 2090 3256 2147 ursaque
3286 2076 3535 2130 saeviens
3576 2071 3828 2128 introdu-

2233 2180 2392 2234 citur.
2417 2173 2777 2230 Rationabilis
2806 2173 3004 2243 quippe
3036 2181 3093 2225 et
3139 2170 3260 2240 plus
3289 2184 3453 2239 quam
3485 2165 3830 2221 rationabilis

2234 2272 2449 2325 divinae
2487 2267 2744 2322 bonitatis
2789 2281 2943 2320 amor
2997 2260 3400 2320 irrationabiles
3426 2269 3482 2316 et
3508 2259 3632 2329 plus
3667 2273 3831 2328 quam

2234 2359 2631 2417 irrationabiles
2650 2365 2870 2412 nostrae
2891 2363 3122 2410 naturae
3155 2362 3336 2408 motus
3379 2365 3598 2419 semper
3624 2349 3833 2420 appetit

2235 2457 2435 2520 delere,
2465 2455 2746 2524 ipsamque
2773 2459 3023 2504 naturam
3067 2447 3320 2511 liberam,
3361 2445 3621 2514 omnique
3672 2442 3832 2497 ferali

2237 2566 2335 2605 suo
2367 2549 2569 2616 impetu
2598 2550 2841 2614 ereptam
2895 2541 2950 2596 in
3007 2540 3240 2610 seipsam
3299 2535 3665 2592 ineﬁ‘abilibus
3693 2534 3834 2588 divi-

2235 2656 2430 2698 norum
2478 2639 2860 2693 alimentorum
2911 2632 3186 2688 morsibus
3235 2643 3573 2684 consumere.
3634 2625 3830 2696 Sequi-

2238 2742 2364 2788 tur:
2416 2730 2623 2784 Addant
2653 2743 2769 2803 vero
2818 2733 2868 2779 et
2895 2724 3033 2795 quod
3085 2723 3317 2776 omnium
3347 2719 3392 2752 “
3436 2720 3591 2774 vilius
3647 2735 3762 2773 esse
3787 2728 3834 2770 et

2238 2826 2408 2896 magis
2451 2821 2749 2893 signiﬁcare
2793 2819 2960 2872 visum
3015 2825 3128 2882 est,
3175 2815 3301 2886 quia
3341 2823 3388 2868 et
3437 2813 3624 2868 vermis
3669 2812 3836 2881 specie

2238 2917 2410 2988 ipsam
2442 2914 2665 2984 seipsam
2686 2907 3203 2978 circumformantem
3230 2907 3397 2961 divini
3431 2905 3695 2976 sapientes
3727 2915 3836 2956 tra-

2241 3010 2512 3065 diderunt.
2543 3005 2774 3070 Addam,
2799 3002 2994 3074 inquit,
3023 3000 3323 3072 praedictis
3361 2997 3836 3069 imaginationibus

2244 3102 2377 3158 illud
2434 3099 2764 3174 symbolum,
2816 3096 2955 3167 quod
3006 3083 3248 3150 omnium
3279 3095 3329 3125 "
3355 3093 3511 3148 vilius
3533 3091 3580 3123 ⁸⁸
3608 3107 3734 3147 esse
3761 3090 3838 3145 vi-

2244 3209 2363 3248 sum
2403 3199 2508 3256 est,
2533 3199 2587 3247 et
2618 3189 2791 3260 magis
2831 3186 3160 3258 signiﬁcare,
3210 3185 3314 3238 vel'
3338 3195 3399 3238 ut
3438 3184 3485 3215 ’⁷
3528 3181 3838 3252 expressius

2247 3283 2604 3348 transfertur,
2629 3281 2803 3351 magis
2830 3279 3123 3334 obscurum
3159 3276 3246 3332 vel
3270 3275 3318 3308 ’⁸
3349 3274 3630 3330 dissimile.
3661 3273 3838 3328 Divini

2247 3377 2516 3448 siquidem
2567 3375 2860 3446 sapientes,
2917 3372 2970 3426 id
3026 3380 3111 3427 est
3164 3369 3421 3440 theologi,
3477 3367 3834 3430 tradiderunt,

2248 3471 2423 3540 ipsam
2450 3467 2769 3537 sapientiam
2795 3465 2850 3519 in
2873 3464 3053 3534 specie
3069 3464 3270 3518 vermis
3283 3463 3520 3532 seipsam
3549 3459 3837 3525 formasse,

2247 3577 2314 3618 eo
2360 3561 2480 3616 loco
2531 3556 2798 3622 fortassis,
2847 3556 2939 3611 ubi
2983 3570 3080 3626 per
3118 3554 3440 3624 prophetam
3481 3551 3836 3620 “loquitur:

2254 3674 2271 3706 ς
2315 3654 2429 3724 Ego
2459 3668 2576 3708 sum
2598 3651 2802 3706 vermis
2828 3657 2884 3704 et
2907 3663 3013 3703 non
3054 3648 3220 3703 homo
3244 3665 3289 3700 ι.
3322 3645 3437 3701 Hoc
3472 3644 3615 3698 enim
3647 3642 3843 3698 intelli-

2249 3748 2393 3819 gitur
2416 3747 2480 3801 de
2502 3745 2736 3808 Christo,
2771 3742 2863 3812 qui
2894 3741 2963 3796 de
2990 3739 3131 3794 virili
3159 3739 3366 3794 semine
3400 3753 3508 3793 non
3537 3745 3621 3793 est
3661 3748 3839 3801 natus,

2251 3839 2347 3895 scd
2399 3837 2541 3892 sicut
2574 3834 2778 3889 vermis
2807 3833 2874 3886 de
2912 3830 3144 3902 simplici
3170 3839 3364 3884 natura
3393 3837 3592 3893 terrae,
3622 3827 3701 3882 ita
3733 3828 3842 3897 ipse

2249 3947 2316 3986 es
2354 3927 2653 3983 visceribus
2681 3931 2973 3996 perpetuae
3019 3921 3248 3992 virginis
3283 3929 3340 3976 et
3384 3918 3842 3976 incontaminatae

2252 4035 2475 4078 carnem
2503 4016 2816 4086 assumpsit.
2845 4013 2990 4069 Nihil
3031 4013 3081 4045 ³⁰
3115 4015 3299 4082 itaque
3349 4013 3403 4068 in
3437 4020 3630 4066 natura
3661 4025 3840 4066 rerum

2252 4111 2615 4169 materialium
2633 4108 2796 4164 vilius
2819 4123 3028 4172 verme,
3050 4107 3143 4176 qui
3162 4106 3229 4161 de
3247 4103 3482 4175 simplici
3504 4103 3635 4157 limo
3655 4101 3705 4134 ”
3730 4117 3847 4158 con-

2254 4208 2473 4277 cipitur,
2505 4213 2561 4260 et
2608 4212 2790 4260 tamen
2839 4217 2938 4273 per
2985 4203 3161 4271 ipsum
3192 4198 3497 4255 incarnatio
3524 4196 3622 4251 Dei
3655 4195 3845 4260 Verbi,

2254 4313 2394 4369 quae
2424 4305 2646 4366 superat
2678 4309 2897 4350 omnem
2944 4308 3163 4347 sensum
3213 4300 3268 4346 et
3311 4288 3668 4353 intellectum,
3718 4287 3847 4342 ima-

2255 4393 2490 4461 ginatur.
2533 4408 2550 4440 ι
2581 4386 2999 4443 Generationem
3028 4383 3146 4452 ejus
3187 4382 3310 4451 quis
3337 4378 3617 4436 enarrabit
3642 4378 3707 4431 »ἲ
3753 4377 3848 4432 Po-

2256 4491 2360 4537 test
2389 4491 2443 4536 et
2471 4481 2548 4535 sic
2572 4476 2794 4548 intelligi
2822 4495 2836 4530 :
2863 4476 2976 4546 Ego
2999 4491 3118 4531 sum
3170 4474 3372 4529 vermis
3418 4481 3474 4528 et
3513 4485 3623 4527 non
3660 4469 3846 4533 homo,

2256 4574 2360 4628 hoc
2383 4579 2488 4637 est,
2527 4585 2625 4640 ego
2647 4569 2691 4600 θ’
2722 4584 2840 4622 sum
2870 4567 3088 4631 vermis,
3115 4574 3168 4621 et
3199 4581 3304 4620 non
3347 4566 3508 4619 homo
3552 4563 3762 4618 vermis
3783 4561 3844 4615 ⁸³.

563 4687 864 4757 superiora.
887 4685 946 4740 ln
969 4685 1087 4757 ipso
1116 4681 1297 4739 omnis
1325 4686 1576 4734 creatura
1598 4673 1844 4730 Creatori
1872 4669 2156 4740 copulatur
2184 4647 2236 4706 Ῑ)
2262 4666 2341 4720 Ac
2387 4663 2432 4718 si
2457 4662 2662 4718 diceret
2687 4677 2699 4713 :
2742 4659 2876 4730 Ego,
2912 4658 3006 4728 qui
3049 4656 3169 4728 plus
3197 4671 3358 4725 quam
3389 4655 3552 4710 homo
3585 4667 3736 4718 sum,
3761 4667 3848 4707 se-

563 4779 621 4834 in
679 4795 739 4836 re
790 4780 833 4811 ³⁵
861 4779 975 4849 ipsa
1021 4791 1119 4848 per
1165 4772 1418 4844 speciem.
1459 4763 1693 4825 Videsne
1739 4761 2152 4837 quinqueparti-

565 4878 683 4927 tum
718 4869 1032 4940 angularem
1062 4866 1110 4901 ³⁸
1147 4864 1348 4921 Christi
1403 4863 1644 4927 modum,
1695 4859 1761 4914 de
1812 4857 2011 4927 quibus
2039 4853 2154 4908 sin-

2264 4764 2411 4810 creta
2449 4761 2673 4824 penetro
2701 4750 2746 4782 ³⁸
2773 4751 2938 4805 totius
2967 4757 3217 4814 naturae,
3254 4748 3392 4803 sicut
3411 4744 3614 4802 vermis
3640 4745 3848 4800 viscera

2265 4859 2465 4914 terrae,
2517 4843 2665 4916 quod
2711 4842 2890 4899 nullus
2928 4841 3064 4897 alius
3120 4842 3389 4896 humanae
3426 4849 3655 4894 naturae
3684 4837 3849 4909 parti-

1866 4989 2124 5047 VARIAE
2162 4978 2567 5041 LECTIONES.

606 5127 629 5164 ⁸
647 5126 698 5186 Δ
719 5143 838 5193 con,
861 5123 956 5181 sed
983 5136 1093 5178 rec.
1117 5135 1192 5174 m.
1217 5115 1410 5193 i_u_cod.
1430 5112 1552 5193 Aad
1565 5127 1748 5193 marg.
1778 5112 1955 5193 adscr.
1985 5103 2421 5193 constituunﬁucrgn
2601 5090 2736 5193 (Ξλὲ
2756 5091 3194 5193 cgnstituttonetn,
3216 5090 3258 5144 B
3281 5087 3727 5193 cgnstitut'ionetn.
3761 5083 3853 5193 ἐξ

569 5199 816 5270 optinent,
854 5197 933 5253 sic
959 5207 1139 5270 saepe.

569 5269 952 5326 alabaustrum.

568 5323 668 5426 pra
700 5340 879 5426 adscr.
903 5346 1077 5426 estnn
1093 5334 1137 5365 ¹⁰
1160 5331 1250 5386 Sic
1269 5323 1396 5426 'KB,
1420 5326 1462 5382 C
1485 5323 1908 5426 angtgoritatem.

569 5401 968 5480 'A_angulorem,
987 5403 1080 5480 ΒΟ
1123 5401 1454 5480 angulorum.

568 5477 729 5535 ABG.
845 5478 888 5509 ¹⁹
912 5477 1017 5533 vult
1047 5491 1155 5530 om.

571 5548 615 5605 C
637 5559 695 5606 et
719 5550 836 5606 rad.
892 5561 1034 5604 corr.
1077 5545 1119 5600 Β
1142 5547 1184 5609 ⁸,
1217 5543 1305 5597 ΑΒ
1342 5540 1501 5612 quod.

569 5630 630 5692 et
657 5629 789 5692 text.
838 5634 1018 5692 graec.
1095 5617 1142 5648 "
1169 5607 1212 5669 B
1230 5616 1246 5635 ‘
1273 5607 1443 5692 corr;
1461 5607 1722 5692 anguibus.

570 5690 614 5746 B
643 5691 814 5748 velud.
846 5690 863 5692 ἡ
895 5693 940 5724 ’⁸
966 5691 1008 5746 Β
1035 5704 1214 5757 quam.

569 5776 708 5818 voce
753 5782 845 5836 per
888 5764 956 5820 ad
997 5752 1169 5836 marg.
1223 5752 1511 5832 adscripta.

570 5817 958 5904 margladsc—ﬁ
991 5817 1105 5904 Ego
1118 5817 1250 5885 sum
1279 5817 1463 5880 verniis
1493 5829 1541 5875 et
1566 5834 1674 5875 non
1693 5817 1870 5872 homo.

573 5905 732 5960 nitro.

1184 5460 1334 5535 ABC,
1367 5470 1434 5523 ad
1471 5482 1642 5537 marg.
1695 5460 1874 5517 adscr.
1905 5461 1998 5514 B‘.

1220 5543 1305 5588 Alt
1342 5540 1501 5588 anod.
1618 5537 1662 5566 "
1688 5534 1734 5588 A
1783 5534 2075 5586 devoverat.

1048 5207 1139 5262 :pe.
1229 5189 1250 5219 ⁸
1277 5189 1317 5242 Β
1345 5188 1534 5249 utrius,
1565 5183 1624 5236 Β·
1652 5180 1812 5250 supra
1841 5180 2185 5244 adscr.-que.
2284 5180 2304 5200 °
2331 5180 2423 5248 Sto
2447 5180 2490 5221 υ
2527 5180 2584 5219 et
2610 5180 2734 5243 corr

1048 5265 1067 5296 ⁷
1096 5263 1154 5316 Β·
1192 5274 1366 5330 marg.
1399 5257 1577 5330 adscr.
1605 5269 1766 5330 quare
1794 5239 2420 5330 CIn‘istusri‘icituri-lapts
2442 5234 2734 5330 ungulatis:

1606 5318 1908 5376 iloritatem.
2012 5318 2052 5348 ¹¹
2076 5318 2122 5370 Α
2141 5321 2368 5382 propter.
2473 5318 2511 5337 ”
2537 5318 2608 5359 att
2643 5320 2752 5359 om.
2775 5318 2835 5356 ts.
2926 5318 2971 5334 "
2992 5318 3034 5355 υ
3064 5319 3174 5357 nec.
3256 5318 3299 5333 "
3319 5318 3360 5356 Β
3385 5318 3516 5354 mre.
3600 5318 3644 5333 ιν
3669 5318 3850 5366 nam"

1606 5393 1649 5448 Β
1677 5396 1694 5414 ¹
1733 5407 1902 5448 mare.
1931 5390 2109 5445 adscr.
2136 5385 2199 5438 de
2227 5379 2433 5435 naturis
2465 5376 2676 5448 scilicet.
2758 5373 2875 5448 "_Br
2907 5374 3241 5448 contempnit,
3275 5373 3356 5448 sic
3381 5372 3603 5441 ubique.
3682 5373 3726 5448 ff
3759 5371 3851 5448 Sic

1850 5407 1902 5462 g.
1931 5390 2109 5445 adscr.
2136 5385 2199 5438 de
2227 5385 2433 5435 naturis
2465 5385 2676 5431 scilicet.
2758 5385 2796 5405 "
2825 5385 2866 5428 Β
2907 5385 3241 5442 contempnzt,
3275 5387 3356 5428 src
3381 5385 3568 5441 umque

1850 5479 1874 5514 ι.
1905 5461 1998 5514 B‘.
2095 5456 2140 5488 ¹⁰
2171 5453 2263 5508 Sic
2289 5450 2349 5515 C,
2383 5449 2428 5502 A
2453 5465 2538 5512 ac,
2570 5447 2610 5501 B
2639 5461 2773 5511 om.,
2802 5444 2845 5498 B
2866 5447 2882 5464 '
2911 5446 2979 5499 ad
3027 5460 3195 5516 marg.
3247 5444 3425 5499 adscr.
3457 5452 3568 5496 aut.

1853 5541 2053 5557 ..μη-η.
2173 5525 2222 5557 η
2248 5523 2289 5557 Π
2314 5522 2636 5557 ἱηηυιίηηηη
2660 5528 2735 5557 ιιι
2856 5514 2904 5547 ﬁ
2935 5517 3166 5557 omnium
3197 5531 3324 5557 nln_,
3361 5511 3539 5557 addidi

1821 5541 2075 5586 eroverat.
2173 5525 2222 5557 ³³
2248 5523 2290 5577 Β
2314 5523 2636 5590 imaginatus
2660 5528 2756 5571 est.
2856 5523 2904 5547 "
2935 5523 3167 5570 omnium
3197 5531 3329 5576 om.,
3361 5523 3447 5568 aut

1819 5603 1865 5634 ”
1894 5601 2048 5656 vilius
2076 5605 2189 5656 om.‘
2230 5593 2340 5658 AB,
2366 5592 2462 5646 sed
2491 5590 2654 5644 habet
2681 5587 2723 5644 C
2752 5599 2807 5643 et
2831 5587 2897 5642 ad
2929 5603 3100 5658 marg.
3135 5587 3311 5641 adscr.
3342 5583 3384 5658 Β
3407 5586 3447 5637 ‘.

1313 5662 1480 5736 “Sic
1505 5679 1564 5744 C,
1594 5692 1686 5744 per
1712 5690 1822 5730 om.
1855 5673 1982 5738 AB;
2011 5671 2053 5726 Β
2074 5673 2090 5693 ί
2120 5669 2354 5744 primum
2386 5662 2510 5724 rad.
2545 5675 2692 5744 corr.
2720 5663 3014 5744 propheta,-

1590 5695 1686 5779 fer
1712 5695 1822 5730 om.
1855 5695 1982 5738 AD;
2011 5695 2053 5726 ι)
2121 5695 2354 5741 μιἸιιιιιιιι
2388 5695 2510 5724 tau.
2546 5695 2629 5715 un
2648 5695 2690 5712 ι.
2720 5695 2996 5730 ,κυνηρηη
3037 5695 3232 5713 “unum
3257 5695 3499 5712 "an..-"
3525 5695 3849 5726 '"vr'wmm’

1613 5748 1634 5778 ο
1672 5746 1715 5800 Β
1735 5749 1755 5768 ο
1785 5744 2175 5818 marg._adscr.
2229 5737 2359 5818 Ιγος.
2392 5748 2600 5818 morum
2619 5729 2818 5818 φημι
2847 5727 3239 5818 ὶὴυνιέὲιζξᾳιεᾷη,
3269 5806 3282 5818 Δ
3317 5727 3362 5759 at
3391 5728 3438 5781 Α
3467 5742 3612 5818 “'39.
3653 5727 3736 5818 At:
3767 5725 3808 5779 Β
3832 5728 3849 5744 .

1948 5816 1994 5848 ³³
2021 5797 2082 5870 BV
2105 5809 2290 5905 ιξςητειξεξ
2323 5806 2533 5885 (punct.
2576 5797 2684 5871 ad].
2713 5799 2752 5854 Β
2777 5801 2797 5823 ί
2824 5799 2864 5871 .)
2969 5799 3017 5832 ιδ
3046 5799 3138 5855 Sic
3164 5799 3205 5855 G
3234 5806 3288 5855 et
3325 5813 3472 5855 corr.
3505 5797 3548 5852 Β
3569 5802 3612 5868 ',
3639 5797 3734 5854 ΑΒ
3759 5811 3847 5868 ρι-

2284 5170 2304 5200 ⁵
2331 5167 2423 5222 Sic
2447 5165 2490 5221 C
2527 5173 2584 5219 et
2610 5177 2753 5218 corr.
2782 5161 2868 5224 B',
2899 5164 2938 5215 A
2965 5172 3269 5232 ungentum,
3313 5161 3681 5232 Btngenturn.°
3717 5231 3720 5232 ν
3761 5158 3784 5188 ⁸
3814 5158 3854 5211 Β

2829 5233 2851 5263 ⁸
2874 5229 3144 5297 Οοτιε.’Β⁶,
3168 5233 3258 5286 AB
3285 5229 3506 5286 duobus.
3605 5229 3687 5285 ’Β
3710 5231 3729 5248 ⁹
3757 5243 3852 5282 su-

2473 5301 2608 5359 ”iait
2643 5320 2752 5359 om.
2774 5304 2835 5356 B.
2925 5303 2971 5334 ¹³
2992 5302 3034 5355 Β
3064 5319 3174 5357 nec.
3256 5301 3299 5333 ”
3319 5303 3360 5356 Β
3385 5303 3516 5354 inre.

3600 5301 3644 5333 "’
3669 5298 3850 5366 Conj.,

3679 5443 3725 5475 31
3759 5443 3816 5475 QE

2866 5447 2882 5464 “
2911 5446 2979 5499 ad
3027 5441 3195 5516 marg.
3247 5444 3425 5499 adscr.
3457 5452 3568 5496 aut.
3679 5443 3725 5475 ’ί
3759 5441 3852 5496 Sic

2856 5514 2904 5547 "
2935 5517 3167 5570 omnium
3197 5531 3329 5576 om.,
3361 5511 3541 5568 addidi
3590 5532 3656 5571 ex
3701 5528 3849 5570 vers.

2856 5587 2897 5636 td
2929 5603 3100 5636 mare.
3135 5587 3311 5636 adscr.
3342 5583 3384 5636 Β
3407 5586 3447 5636 ‘.
3524 5587 3570 5617 ³⁷
3597 5587 3692 5636 Sic
3719 5585 3780 5636 C.
3807 5582 3853 5636 A

3074 5604 3100 5655 ς.
3135 5587 3311 5641 adscr.
3342 5585 3384 5638 Β
3407 5586 3447 5637 ‘.
3524 5587 3570 5617 ³⁷
3597 5587 3692 5642 Sic
3719 5585 3780 5647 C,
3807 5585 3850 5636 A

3074 5658 3232 5713 einde
3257 5654 3499 5712 restituit
3525 5657 3850 5726 praphetam,
