4028 6274
1083 411 1310 470 scena
1346 411 1773 471 IERARCHIAM
1808 411 2219 470 caussrsn
2256 362 2316 468 si.
2356 411 2678 472 DlONYSIl.

3425 419 3529 476 170

243 549 379 606 ceps
397 539 576 604 potest
617 543 798 602 agere.
829 529 926 584 Cui
973 531 1153 584 sensui
1184 528 1412 592 arridet.
1441 530 1586 599 quod
1625 529 1680 584 in
1731 526 1838 584 alio
1863 531 1914 592 Α
1943 527 2117 581 sancti
2145 526 2448 583 intellectus
2474 538 2805 584 sanctorum.
2841 529 2909 584 Et
2944 530 3260 588 dissimilem
3285 540 3529 588 sanctam

237 624 458 698 psalmo
488 624 752 695 scriptum
797 631 918 679 est:
943 643 963 675 ‹
984 633 1042 680 et
1059 624 1363 679 substantia
1391 640 1510 680 mea
1540 625 1595 680 in
1620 621 1838 678 inferio-

240 719 400 774 ribus
424 727 608 773 terrae
636 736 679 780 ι,
707 717 811 771 hoc
837 724 938 780 est,
971 724 1026 770 et
1047 715 1349 772 substantia
1371 731 1491 770 mea
1518 717 1559 781 ί,
1585 731 1725 785 quae
1741 729 1839 786 per

239 812 480 880 seipsam
518 807 788 879 sapientia
819 808 841 838 ⁸
886 815 1007 874 est,
1039 807 1092 862 in
1123 806 1474 862 inferioribus
1495 816 1698 871 terrae,
1732 807 1836 862 hoc

239 911 348 967 est,
378 902 437 956 in
467 901 678 956 intimis
700 908 928 955 naturae
953 899 1203 955 conditae
1251 899 1460 954 sinibus
1505 899 1525 930 ³
1569 899 1834 955 subsistit.

239 994 377 1050 Esse
413 993 557 1048 enim
587 993 833 1048 omnium
878 1001 984 1058 est,
1023 1007 1308 1063 superesse
1344 992 1674 1047 Divinitatis.
1704 991 1839 1047 Ver-

239 1085 346 1138 mis
394 1086 599 1154 itaque,
653 1083 746 1154 qui
797 1082 979 1138 abdita
1029 1082 1192 1137 totius
1238 1090 1522 1137 creaturae
1566 1090 1833 1153 penetrat,

238 1178 512 1248 sapientia
549 1177 722 1249 patris
754 1186 857 1242 est,
895 1191 1035 1247 quae
1061 1178 1187 1230 dum
1215 1183 1298 1231 est
1333 1180 1354 1206 ⁵
1402 1175 1587 1241 homo,
1620 1190 1840 1230 omnem

238 1277 468 1339 superat
517 1269 930 1324 humanitatem.
983 1267 1123 1322 Audi
1161 1267 1479 1338 Apostolum
1522 1268 1590 1323 de
1625 1284 1686 1323 se
1723 1267 1840 1338 ipso

237 1362 599 1432 loquentem:
639 1378 658 1410 ε
692 1359 896 1415 Paulus
929 1359 1228 1429 apostolus,
1265 1374 1372 1413 non
1414 1360 1481 1414 ab
1503 1359 1836 1426 hominibus,

238 1470 421 1525 neque
457 1469 556 1525 per
604 1455 904 1522 hominem,
952 1455 1046 1510 sed
1086 1469 1184 1523 per
1219 1453 1406 1509 Jesum
1453 1453 1755 1519 Christum,
1784 1464 1841 1510 et

235 1549 414 1604 Deum
443 1559 673 1619 patrem,
713 1549 805 1619 qui
839 1549 1124 1604 suscitavit
1151 1564 1274 1603 eum
1303 1565 1333 1602 a
1370 1551 1600 1604 mortuis
1622 1569 1666 1603 ι.
1695 1549 1840 1604 Νοη-

234 1656 306 1696 ne
337 1641 456 1711 ipse
503 1649 586 1696 est
616 1641 880 1712 mysticus
936 1640 1023 1695 ille
1053 1642 1273 1707 vermis,
1308 1642 1362 1695 in
1409 1641 1562 1710 cujus
1604 1642 1840 1713 imagine

237 1733 679 1804 quingentesimo
728 1733 751 1766 ⁵
803 1749 1018 1804 semper
1058 1751 1202 1788 anno
1247 1744 1522 1790 transacto
1552 1736 1619 1791 de
1657 1737 1840 1792 cinere

235 1825 497 1880 arabicae
527 1826 662 1889 avis,
696 1826 976 1896 phoenicis
1014 1825 1036 1855 ⁶
1063 1826 1207 1891 dico,
1242 1827 1449 1898 preprii
1480 1828 1561 1882 sui
1597 1828 1838 1898 pectoris

1941 616 2170 690 ﬁguram
2221 619 2512 686 honorant,
2547 621 2652 676 hoc
2697 630 2802 688 est,
2845 631 3032 678 sancta
3081 623 3170 678 illa
3223 624 3531 680 divinarum

1941 724 2126 764 rerum
2158 709 2430 782 ﬁguratio,
2459 714 2708 784 quamvis
2752 714 2913 787 longe
2958 716 3235 772 dissimilis
3279 717 3351 772 sit
3396 716 3534 788 ipsis

1942 803 2307 860 intellectibus
2340 821 2437 876 per
2463 821 2582 861 eam
2611 807 2956 877 signiﬁcatis,
2989 809 3288 864 honoratur
3325 825 3356 864 a
3399 826 3531 865 san-

1940 897 2043 950 ctis
2073 897 2384 968 theOSOphis
2425 909 2587 970 atque
2636 900 2682 932 ¹⁸
2721 901 3018 972 prophetis.
3070 900 3205 955 Dum
3244 903 3386 956 enim
3437 916 3533 958 eas

1941 1003 2048 1052 res,
2073 1004 2213 1059 quae
2247 990 2643 1061 signiﬁcantur,
2680 1007 2813 1062 pure
2854 992 3179 1064 intelligunt,
3213 993 3355 1064 ipsas
3380 994 3535 1064 prius

1940 1080 2233 1147 honorant,
2260 1083 2516 1152 quoniam
2539 1084 2755 1139 divinae
2785 1093 2841 1140 et
2869 1083 3342 1156 supermundanae
3382 1093 3530 1139 sunt.

1940 1173 2348 1243 Consequeuter
2389 1177 2554 1230 etiam
2587 1193 2773 1232 earum
2806 1178 3155 1250 figurationes
3192 1179 3270 1245 ¹⁶,
3325 1179 3439 1233 sive
3466 1192 3535 1233 ex

1941 1267 2314 1335 superioribus
2341 1268 2639 1323 materialis
2667 1278 2952 1325 creaturae
2985 1270 3248 1340 partibus.
3283 1271 3394 1324 sive
3421 1284 3537 1326 me-

1943 1356 2067 1420 diis,
2100 1357 2214 1411 sive
2241 1358 2549 1413 novissimis
2581 1359 2894 1427 translatas,
2927 1377 3031 1416 non
3074 1362 3346 1417 immerito
3377 1376 3535 1420 vene-

1941 1461 2152 1518 rantur,
2207 1451 2662 1523 intellectualique
2728 1455 3078 1511 distinctione
3122 1467 3173 1512 et
3211 1441 3569 1512 discretione?

1941 1557 2032 1597 res
2073 1543 2218 1613 ipsas
2244 1544 2358 1599 suis
2388 1545 2798 1616 ﬁgurationilms
2844 1559 3150 1619 segregant,
3191 1565 3293 1604 nec
3336 1549 3540 1620 ﬁguras

1941 1651 2041 1706 pro
2085 1639 2228 1693 veris
2260 1640 2654 1707 intellectibus,
2722 1658 2822 1696 nec
2869 1657 3028 1698 veros
3078 1646 3387 1701 intellectus
3437 1661 3564 1717 pro,

1943 1731 2130 1798 ﬁgttris
2174 1733 2492 1801 approbant,
2526 1734 2618 1788 sed
2649 1735 2900 1789 omnibus
2930 1747 3137 1790 remota
3165 1738 3314 1791 omni
3347 1736 3539 1791 confu-

1943 1827 2097 1882 sione
2139 1845 2266 1883 suas
2321 1829 2668 1885 deﬁnitiones
2697 1841 2752 1885 et
2799 1833 3137 1904 cognitiones
3180 1833 3534 1887 distribuunt.

233 1914 460 1970 ﬂamma
489 1925 863 1986 consumptae,
898 1916 1102 1971 vermis
1144 1917 1410 1982 nascitur,
1461 1926 1518 1971 et
1545 1917 1612 1971 ad
1655 1919 1832 1988 pristi-
1861 1912 1910 1972 B
1940 1922 2019 1977 Ac
2049 1922 2116 1989 ³⁸⁷,
2154 1923 2321 1978 veluti
2350 1923 2472 1993 quis
2499 1925 2876 1994 interrogaret,
2908 1941 3006 1980 cur
3037 1934 3224 1980 sancta
3249 1924 3538 1980 dissimilia

234 2024 366 2062 nam
397 2008 727 2063 viriditatem
759 2009 1096 2063 revocatur?
1147 2007 1396 2066 Christus
1448 2011 1714 2081 siquidem
1751 2027 1840 2065 ar-

234 2101 371 2155 dore
404 2099 692 2169 passionis,
746 2115 910 2169 quam
964 2110 1157 2171 sponte
1199 2117 1294 2154 sua
1343 2112 1678 2171 susceperat,
1709 2118 1840 2158 con-

233 2202 492 2262 sumptus
513 2203 620 2257 est,
667 2201 719 2247 et
755 2192 1037 2247 descendit
1069 2193 1134 2246 ad
1164 2192 1370 2248 inferos
1419 2193 1682 2249 mirabilis
1711 2209 1839 2248 ver-

234 2283 360 2338 mis.
399 2283 508 2338 Sed
540 2298 667 2337 mox
711 2293 834 2354 post
887 2284 1126 2338 triduum
1176 2279 1439 2340 reversus
1491 2294 1595 2354 est,
1646 2285 1838 2354 suique

234 2372 496 2441 apostoli,
536 2373 646 2443 qui
677 2388 800 2428 eum
838 2373 893 2428 in
929 2389 1095 2429 cruce
1144 2375 1423 2430 ardentem
1477 2375 1749 2441 viderant,
1783 2375 1836 2430 in

233 2464 510 2533 Spirituali
559 2480 785 2535 corpore
832 2477 1207 2536 resurgentem
1267 2482 1620 2538 conspexere,
1669 2469 1838 2523 virtu-

237 2569 465 2627 tumque
491 2557 686 2628 pennis
710 2558 1004 2624 volantem,
1027 2560 1095 2614 ad
1117 2560 1443 2630 Patremque
1467 2577 1622 2616 suum
1650 2577 1838 2616 ascen-

233 2651 458 2706 dentem
488 2651 666 2707 mirati
695 2662 838 2708 sunt.

304 2745 572 2816 Sequitur
607 2765 620 2801 :
655 2744 746 2801 Sic
775 2763 952 2801 omnes
999 2747 1269 2818 theosoplti
1308 2760 1353 2801 et
1388 2747 1592 2802 occulta
1621 2750 1641 2780 ⁷
1673 2749 1840 2817 inspi-

234 2837 444 2890 ratione
507 2837 786 2907 prophetae
868 2839 1063 2891 sanais
1144 2839 1571 2893 incontaminatis
1648 2842 1836 2895 distin-

233 2940 406 2999 guunt
442 2939 626 2983 sancta
661 2940 984 2995 sanctorum,
1021 2940 1069 2984 et
1100 2931 1402 2986 dissimilem
1433 2943 1668 2986 sanctam
1702 2934 1836 3004 ﬁgu-

235 3025 500 3076 rationem
554 3024 852 3088 Itonorant,
912 3035 971 3078 ut
1015 3024 1036 3056 ⁸
1097 3041 1258 3095 neque
1317 3027 1492 3080 divina
1550 3028 1835 3082 immundis

233 3113 543 3167 tractabilia
573 3116 700 3179 sint,
730 3133 893 3184 neque
917 3115 1238 3172 mirabilium
1267 3119 1590 3188 agalmatnm
1616 3121 1836 3175 studiosi

234 3202 673 3272 contemplatores
701 3214 952 3275 tanquam
993 3207 1125 3260 veris
1165 3219 1466 3262 remaneant
1509 3210 1716 3280 ﬁguris.
1767 3210 1834 3264 Et

1932 2017 2192 2087 ,symbola
2233 2017 2277 2047 ¹⁸
2303 2025 2618 2072 sanctorum
2670 2017 3036 2072 intellectuum
3093 2033 3124 2072 a
3169 2016 3433 2087 theologis
3478 2020 3540 2072 et

1944 2114 2250 2182 ﬁgurantur
2269 2121 2326 2165 et
2355 2111 2823 2166 honoriﬁcantur?
2849 2112 3248 2166 —rationalius
3272 2109 3314 2142 "
3335 2110 3538 2182 quippe

1941 2204 2240 2267 videretur,
2276 2201 2474 2257 similia
2505 2202 2747 2274 symbola
2786 2202 2986 2258 sanctis
3013 2201 3374 2256 intellectibus
3411 2215 3537 2256 con-

1943 2293 2190 2365 ﬁgurari,
2220 2309 2381 2364 quam
2409 2294 2690 2350 dissimilia
2715 2325 2787 2335 —
2818 2293 3064 2348 redditur
3094 2307 3256 2348 causa
3295 2289 3535 2346 dissimi—

1942 2387 2076 2441 lium
2104 2387 2581 2458 signiﬁcationum.
2615 2386 2682 2440 Et
2719 2385 2766 2418 '°
2804 2387 2927 2451 hoc,
2959 2384 3167 2454 inquit,
3201 2383 3344 2453 quod
3372 2395 3535 2452 quae-

1942 2477 2041 2544 ris,
2078 2485 2351 2546 repertum
2391 2484 2492 2543 est,
2526 2486 2586 2531 ut
2621 2491 2796 2547 neque
2834 2476 3014 2530 divina
3062 2473 3361 2530 tractabilia
3403 2473 3535 2538 sint,

1944 2567 2046 2622 hoc
2073 2577 2178 2632 est,
2211 2575 2270 2621 ut
2313 2583 2489 2638 neque
2528 2567 2695 2622 divini
2741 2567 3046 2622 intellectus
3075 2566 3246 2637 pervii
3289 2575 3344 2621 et
3385 2573 3537 2636 pate-

1945 2660 2074 2715 facti
2105 2660 2300 2715 ﬁerent
2330 2661 2650 2727 immundis,
2676 2660 2894 2732 pollutis
2922 2659 3174 2715 videlicet
3199 2658 3536 2726 hominibus,

1942 2753 2264 2809 delictorum
2306 2755 2704 2824 impietatisque
2731 2753 2815 2808 vel
2841 2762 2990 2808 certe
3036 2751 3321 2822 superbiae
3356 2751 3534 2807 sordi-

1943 2844 2043 2898 bus
2073 2846 2478 2909 contaminatis,
2519 2845 2718 2914 quibus
2762 2860 2862 2900 nec
2907 2843 3184 2899 sensibilia
3227 2842 3534 2897 divinarum

1947 2950 2126 2989 rerum
2173 2936 2302 2990 licet
2346 2935 2531 2990 videre
2576 2945 2938 2999 sacramenta,
2987 2943 3190 3004 quanto
3221 2934 3395 3004 magis
3424 2942 3536 2989 tra-

1943 3037 2124 3092 ctare;
2164 3028 2445 3097 quoniam,
2477 3029 2602 3083 dum
2649 3029 2827 3083 divina
2867 3037 3209 3082 sacramenta
3239 3027 3284 3059 ’⁸
3313 3025 3532 3096 conspi-

1941 3121 2112 3184 ciunt,
2144 3119 2307 3174 veluti
2337 3119 2565 3191 puerilia
2608 3129 2661 3175 et
2709 3118 2937 3174 ludibria
2969 3127 3023 3174 et
3049 3117 3250 3173 nullius
3278 3117 3535 3188 spiritua-

1942 3213 2006 3267 lis
2045 3215 2090 3243 ²⁹
2123 3213 2426 3267 intellectus
2461 3213 2813 3283 signiﬁcativa
2842 3220 3214 3267 contemnunt.
3246 3209 3315 3265 Et
3338 3217 3536 3264 notano

233 3296 420 3349 divina
465 3295 815 3364 honoriﬁcam
845 3299 978 3352 veris
1014 3300 1394 3369 negationibus,
1448 3311 1497 3354 et
1541 3304 1608 3355 ad
1656 3305 1831 3357 novis-
1861 3284 1904 3344 (ἶ
1938 3306 2085 3369 dum,
2117 3306 2260 3375 quod
2302 3306 2356 3360 in
2387 3320 2452 3360 eo
2476 3305 2617 3370 loco,
2651 3321 2757 3376 quo
2791 3305 3166 3360 transtulimus
3203 3301 3530 3370 tractabilia,
3623 3339 3628 3345 -

233 3388 373 3439 sima
401 3397 791 3455 compactarum
830 3392 1251 3444 resonantiarum
1281 3391 1499 3446 diversis
1529 3394 1831 3447 similitudi-

234 3479 414 3533 nibus.
450 3478 564 3532 Tali
602 3481 781 3545 modo,
824 3480 1069 3552 inquit“,
1109 3482 1403 3554 ﬁgurarum
1445 3500 1634 3540 omnes
1677 3487 1830 3540 theo-

237 3570 368 3640 logi,
397 3584 536 3640 quos
563 3586 705 3626 nunc
737 3571 1083 3642 theosophos,
1107 3575 1208 3628 hoc
1229 3584 1334 3641 est,
1357 3575 1535 3628 divina
1560 3578 1833 3646 sapientes

235 3661 493 3732 appellat,
525 3670 581 3715 et
615 3677 805 3718 omnes
833 3665 1129 3734 prophetae
1161 3665 1372 3720 occulta
1417 3666 1458 3696 ¹⁰
1497 3667 1668 3720 sancti
1708 3667 1830 3737 Spi-

236 3754 381 3809 ritus
408 3755 764 3824 inspiratione
788 3755 1003 3810 formati
1035 3757 1374 3827 distinguunt
1399 3767 1585 3813 sancta
1618 3769 1833 3814 sancto-

239 3863 364 3902 rum
397 3863 427 3901 a
469 3849 674 3903 sanctis
721 3849 1161 3905 incontaminatis
1187 3851 1249 3904 ”.
1289 3851 1367 3906 Ac
1393 3852 1439 3906 si
1475 3861 1658 3922 aperte
1687 3853 1835 3908 dice-

237 3947 370 3995 ret:
403 3939 447 3992 Α
478 3939 678 3994 sanctis
718 3949 774 3995 et
816 3941 1255 3997 incontaminatis
1281 3943 1622 3997 dissimilium
1653 3944 1835 4014 imagi-

243 4028 530 4082 nationum
567 4029 844 4100 symbolis,
876 4046 1014 4101 quae
1045 4047 1150 4086 non
1202 4031 1476 4088 immerito
1505 4034 1831 4088 incontami-

242 4133 376 4178 nata
401 4122 667 4190 dicuntur,
696 4126 950 4194 quoniam
995 4126 1176 4180 divino
1219 4126 1410 4196 spiritu
1461 4126 1514 4179 in
1561 4126 1833 4182 mentibus

242 4216 618 4287 theologorum
642 4227 697 4273 et
726 4219 1107 4289 prophetarum
1139 4219 1410 4288 descripta
1447 4231 1594 4284 sunt,
1643 4227 1832 4273 sancta

242 4322 581 4377 sanctorum,
630 4313 681 4366 id
717 4321 822 4377 est,
868 4311 1256 4367 intellectuales
1297 4313 1565 4367 essentiae
1608 4312 1832 4381 ipsaque

242 4403 514 4460 Divinitas
542 4404 924 4459 discernuntur
951 4418 1045 4474 per
1078 4404 1357 4474 theologos
1397 4402 1651 4459 ineffabili
1685 4419 1832 4459 sum-

241 4513 364 4552 mae
398 4496 695 4566 sapientiae
731 4496 1219 4561 administratione,
1257 4497 1331 4550 ita
1366 4504 1425 4551 ut
1457 4505 1512 4551 et
1547 4496 1634 4550 illa
1681 4513 1832 4568 sym-

240 4592 365 4646 bola
416 4602 600 4646 sancta
643 4599 696 4646 et
740 4591 1080 4645 immaculata
1113 4591 1180 4645 ab
1211 4589 1315 4656 his,
1361 4591 1452 4660 qui
1501 4590 1826 4661 intelligunt,

1939 3399 1990 3452 in
2017 3397 2229 3454 Graeco
2258 3397 2519 3468 scriptum
2569 3407 2653 3453 est
2687 3401 2998 3477 ιῦχιίρωτα,
3038 3395 3180 3467 quod
3218 3411 3318 3450 nos
3345 3410 3534 3465 possu-

1939 3506 2060 3545 mus
2094 3491 2276 3545 dicere
2323 3489 2520 3555 facilia,
2561 3498 2621 3544 ut
2670 3491 2792 3544 talis
2834 3503 3025 3545 sensus
3066 3489 3138 3544 sit
3171 3503 3186 3542 :
3237 3487 3531 3558 Propterea

1935 3581 2102 3636 divini
2134 3582 2406 3652 sapientes
2448 3591 2790 3638 sacramenta
2820 3581 3126 3636 divinarum
3163 3595 3344 3635 rerum
3371 3579 3532 3634 dissi-

1936 3672 2084 3726 milia
2110 3671 2243 3742 ipsis
2284 3675 2469 3740 rebus,
2491 3673 2744 3740 obscura,
2772 3674 2944 3729 mixta
2973 3673 3042 3739 ”,
3068 3688 3133 3727 ex
3161 3671 3533 3727 materialibus

1937 3774 2213 3836 assumpta
2264 3767 2630 3833 conformant,
2678 3783 2746 3823 ne
2807 3767 2988 3822 divina
3039 3767 3298 3838 mysteria
3349 3765 3532 3821 facilia

1935 3857 2130 3913 ﬁerent
2158 3860 2225 3914 ad
2255 3860 2662 3934 intelligendum
2709 3861 3006 3916 immundis
3035 3860 3232 3915 animis
3271 3859 3534 3929 indignis-

1935 3962 2041 4017 que
2069 3949 2379 4020 cognitione
2413 3951 2681 4006 veritatis.
2722 3951 2789 4006 Et
2834 3953 2969 4006 haec
2998 3966 3106 4005 una
3139 3949 3187 3982 "‘
3211 3964 3373 4006 causa
3418 3951 3530 4006 dis-

1935 4037 2308 4096 similitudinis
2354 4052 2665 4097 sanctarum
2699 4044 3016 4114 imaginum.
3053 4043 3236 4099 Altera
3265 4057 3395 4097 vero
3420 4052 3525 4106 est,

1934 4148 2096 4202 quam
2130 4133 2525 4204 subsequenter
2559 4135 2607 4166 “
2633 4135 2878 4206 adiungit
2921 4135 3106 4190 dicens
3135 4149 3149 4188 :
3194 4132 3378 4203 Neque
3427 4135 3533 4189 mi-

1935 4222 2190 4277 rabilium
2237 4223 2568 4296 agalmatum
2622 4225 2849 4282 studiosi
2909 4224 3363 4302 contemplatores
3407 4231 3530 4279 tan-

1935 4325 2098 4381 quam
2128 4314 2275 4370 veris
2302 4324 2624 4371 remaneant
2660 4317 2847 4386 ﬁguris
2880 4315 2950 4371 ".
2978 4316 3061 4370 Ad
3092 4317 3194 4370 hoc
3220 4315 3382 4372 etiam
3421 4316 3524 4371 cb-

1936 4417 2129 4460 seurae
2150 4413 2206 4460 et
2235 4405 2524 4463 dissimiles
2559 4408 2977 4480 imaginationes
3013 4407 3190 4462 factae
3233 4415 3390 4474 sunt;
3423 4407 3529 4462 hoc

1934 4504 2038 4562 est,
2070 4511 2248 4567 neque
2275 4498 2319 4530 ’⁷
2367 4498 2528 4555 ﬁnem
2563 4515 2692 4555 suae
2735 4499 3118 4570 speculationis
3155 4504 3384 4568 ponant,
3431 4498 3525 4569 qui

1937 4589 2178 4646 studiose
2219 4591 2490 4647 mirabilia
2532 4592 2821 4664 agalmata,
2851 4591 3065 4646 divinas
3099 4590 3304 4646 scilicet
3329 4590 3524 4660 imagi-

241 4701 381 4754 quae
409 4700 506 4755 per
532 4700 594 4740 ea
622 4685 1016 4756 signiﬁcantur,
1045 4685 1441 4740 honorabiliter
1477 4693 1825 4750 venerentur,
1855 4653 1909 4714 Β
1938 4681 2186 4737 nationes
2215 4653 2668 4753 contemplantur,
2718 4684 2772 4737 in
2827 4683 2956 4752 ipsis
3007 4682 3218 4754 ﬁguris,
3269 4690 3525 4753 putantes

239 4789 294 4834 et
331 4788 522 4835 sancta
567 4788 898 4843 sanctorum,
930 4793 1160 4848 quorum
1193 4778 1455 4848 imagines
1497 4785 1623 4832 sunt
1664 4778 1728 4841 ι’,
1761 4777 1829 4830 ab

245 4872 321 4927 eis
373 4871 533 4943 longe
583 4880 932 4943 segregentur
961 4869 1308 4926 intellectuali
1340 4869 1688 4925 discretione.
1734 4867 1828 4922 Di-

239 4964 366 5018 vina
401 4963 584 5033 itaque
612 4963 853 5035 symbola
894 4971 1082 5018 sancta
1128 4969 1253 5016 sunt
1287 4961 1354 5026 ¹³,
1387 4977 1477 5017 res
1504 4975 1656 5026 vero,
1697 4975 1831 5029 qua-

240 5071 367 5112 rum
410 5054 652 5128 synrbola
697 5063 848 5123 sunt,
889 5063 1076 5110 sancta
1117 5052 1162 5085 “
1205 5062 1535 5119 sanctorum,
1585 5053 1690 5107 hoc
1721 5059 1826 5118 est,

1933 4790 2030 4833 eas
2059 4791 2216 4832 veras
2241 4792 2363 4833 esse
2401 4786 2459 4832 et
2502 4793 2610 4832 non
2659 4777 2991 4848 ﬁgurativas,
3038 4789 3216 4846 neque
3261 4775 3403 4830 ultra
3429 4789 3524 4830 eas

1932 4868 2190 4922 virtutem
2234 4869 2457 4924 intimae
2485 4867 2956 4938 contemplationis
2995 4868 3208 4938 erigere
3257 4865 3520 4920 volentes.

1935 4958 2080 5014 Talis
2121 4959 2388 5030 siquidem
2424 4974 2582 5016 error
2609 4959 2810 5014 multos
2840 4959 2885 4989 ’⁸
2911 4973 2976 5014 ac
3019 4971 3192 5028 paene
3221 4969 3410 5013 onmes
3439 4953 3524 5008 in-

1934 5051 2077 5107 vasit
2108 5059 2165 5107 et
2192 5051 2369 5109 adhuc
2412 5052 2636 5118 invadit,
2683 5052 3080 5118 existimantes,
3120 5047 3397 5106 sensibilis
3441 5059 3525 5102 sa-

1527 5229 1784 5287 VARIAE
1819 5228 2228 5290 LECTIONES.

319 5377 338 5412 ¹
361 5393 477 5432 mea
497 5391 607 5433 om.
629 5374 692 5430 Β.
793 5373 816 5405 ²
843 5370 905 5428 Β.
952 5387 1096 5428 corr.
1127 5370 1460 5441 sapientiam.

247 5583 365 5647 ⁸³⁷8
386 5601 506 5645 sunt
531 5599 733 5643 sancta.
813 5588 858 5618 "
898 5586 940 5641 Β
969 5595 1091 5639 sunt
1125 5583 1332 5640 sancta.
1414 5585 1456 5615 ³⁸
1482 5583 1524 5637 Β
1554 5594 1622 5637 et.

244 5663 478 5736 symbolo
504 5660 802 5715 dissimilia.

247 5757 454 5829 (punct.
481 5755 652 5829 adjec.
684 5753 894 5829 videtur
923 5751 1055 5829 Β“)Δ
1145 5758 1473 5829 sacramenta
1505 5747 1706 5829 divina.
1782 5745 1896 5829 “AB
1921 5750 2314 5829 intellectuflis.
2409 5750 2454 5782 ’³
2476 5751 2616 5822 quod
2647 5767 2747 5829 nos
2768 5765 3044 5829 pessumus
3073 5748 3245 5829 digere
3267 5748 3499 5829 —mixtt

1204 5821 1252 5852 "
1276 5820 1334 5874 Β·
1365 5819 1738 5894 supra_adscr.
1771 5827 1848 5874 est
1877 5835 2004 5877 una.
2081 5823 2128 5854 "
2174 5823 2215 5876 B
2237 5817 2627 5894 consequenter.
2705 5821 2748 5852 '°
2768 5817 2843 5875 'B‘
2873 5833 3046 5890 marg.
3077 5820 3256 5877 adscr.
3293 5817 3420 5892 quid
3454 5817 3527 5872 sit

248 5821 358 5881 ὄπι.
386 5828 476 5893 Β..
504 5821 570 5881 ad
600 5841 770 5896 marg.
808 5821 1114 5896 adscr.'B_f.

251 5889 476 5968 agalma.
555 5898 598 5930 "’
636 5897 677 5951 Β
703 5889 794 5951 ηὲε
820 5894 904 5950 vel
931 5911 1011 5959 ne,
1044 5893 1104 5947 Β·
1131 5907 1281 5949 corr.
1306 5907 1388 5947 ne.
1436 5889 1439 5890 ⁷
1465 5890 1511 5922 ⁸⁸
1536 5889 1580 5944 Β
1607 5905 1803 5945 omnes.

1566 5368 1670 5401 ,εἰ

319 5377 338 5412 ι
361 5393 477 5432 mea
497 5391 607 5433 om.
629 5374 692 5430 Β.
793 5373 816 5405 ²
843 5370 905 5428 Β.
952 5387 1096 5428 corr.
1127 5370 1460 5441 sapientiam.
1566 5368 1589 5401 ³
1614 5368 1706 5424 Sic
1727 5366 1789 5432 C,
1815 5367 1906 5422 ΑΒ
1938 5370 2154 5440 ﬁnibus.
2256 5372 2281 5404 ⁸
2307 5381 2386 5429 est
2423 5387 2534 5429 om.
2567 5373 2631 5440 B,
2651 5389 2746 5445 sup

242 5449 565 5520 gentissimo.
641 5447 662 5477 ‘
690 5444 1087 5520 ABC_fenicis.__
1112 5444 1129 5474 ⁷
1149 5443 1190 5495 Β
1207 5443 1446 5520 obscura.
1521 5440 1600 5495 'A
1623 5449 1690 5494 et.
1765 5439 1786 5470 ⁹
1804 5441 1968 5520 inquit
1983 5458 2094 5520 om.
2114 5443 2174 5508 Β,
2190 5445 2260 5520 ad
2275 5460 2444 5517 marg.
2465 5446 2644 5520 adscr.
2663 5445 2746 5498 B'.

243 5513 308 5586 ἶ),
337 5521 378 5574 Β
405 5521 600 5574 sanctis
615 5513 1003 5580 contaminatis,
1033 5515 1090 5568 Β·
1122 5529 1283 5584 supra
1309 5514 1488 5568 adscr.
1516 5527 1660 5567 corr.
1685 5513 1880 5566 sanctis
1901 5522 1950 5566 et
1975 5513 2422 5571 incontaminatis:

247 5592 295 5625 ⁸³
322 5591 365 5638 Β
386 5601 506 5638 sunt
531 5599 733 5638 sancta.
813 5588 858 5618 ιδ
898 5586 940 5638 Β
969 5595 1091 5638 sunt
1125 5593 1332 5638 sancta.
1414 5585 1456 5615 ³⁸
1482 5583 1524 5637 Β
1554 5594 1622 5637 et.
1725 5582 1768 5612 ¹⁶
1795 5582 1902 5638 Pro
1928 5601 2109 5638 earum
2158 5587 2422 5638 ﬁaumtiot

1842 5599 1902 5638 I‘O
1928 5601 2109 5638 earum

883 5657 925 5688 ¹⁹
958 5657 1028 5711 Β⁶
1065 5671 1228 5726 supra
1270 5670 1376 5710 scr.
1404 5653 1748 5725 interpositio.
1827 5654 1872 5685 '°
1902 5653 2076 5725 Supra
2106 5653 2215 5712 scr.
2247 5657 2344 5724 B‘,
2383 5657 2514 5714 ABG
2555 5653 2657 5710 Ad.

3257 5368 3280 5470 ἴ
3307 5368 3350 5423 Β
3371 5371 3527 5470 ξιξίέξιξ

2504 5441 2746 5499 dscr.B".
2828 5441 3290 5498 '°occultaom.B.
3371 5441 3526 5498 “Sic

2504 5517 2682 5570 “sunt
2709 5531 2817 5571 om.
2847 5514 2910 5580 Β,
2936 5514 3004 5568 ad
3032 5528 3203 5580 marg.
3223 5511 3397 5566 adscr.
3426 5512 3524 5567 B'.

2156 5587 2501 5658 figurationes,
2534 5586 3026 5658 Bsigniﬁcationes.
3082 5581 3222 5658 __‘"B
3259 5592 3334 5635 at.
3414 5583 3458 5614 ³⁸
3483 5581 3528 5637 Β

2754 5657 2797 5687 ²¹
2827 5655 2868 5708 Β
2901 5656 3027 5708 dum
3191 5663 3525 5708 sacramenta

2409 5750 2454 5782 ”
2476 5751 2616 5822 quod
2647 5767 2741 5822 nos
2768 5765 3044 5822 possumus
3073 5729 3245 5822 dicere
3267 5748 3522 5822 —mixta

1938 5370 2154 5445 ﬁnibus.
2256 5372 2281 5404 ⁸
2307 5381 2386 5429 est
2423 5387 2534 5429 om.
2567 5373 2631 5440 B,
2651 5388 2816 5445 supra
2847 5372 3029 5445 adscr.
3050 5371 3152 5427 B‘.

2828 5445 2869 5476 ³ο
2883 5443 3087 5498 occulta
3102 5455 3210 5495 om.
3228 5439 3290 5494 Β.
