3984 5426
199 410 306 465 175

1016 411 1237 468 SUPER
1279 411 1705 472 IERARCHIAM
1743 414 2163 478 CA‘ELESTEM
2205 415 2262 472 S.
2306 417 2622 476 DlONYSll.

3363 426 3466 486 ω

192 535 328 578 nere
357 521 416 584 in
445 521 795 581 dissimilibus
839 525 1144 584 divinorum
1165 527 1538 586 iutellectuum
1571 529 1772 586 forma-
1805 536 1854 596 Α
1884 533 1927 566 ⁸⁸
1955 549 2064 590 non
2091 534 2261 596 solum
2279 535 2566 594 visibilium
2584 546 3275 605 sacramentorum,verum
3298 543 3462 600 etiam

194 610 468 679 tionng
499 614 804 672 hocautem
842 618 971 673 dicit
999 621 1331 678 condesceus
1377 623 1481 689 bis,
1532 625 1622 692 qui
1660 640 1779 680 car-

190 702 395 758 naliter
419 703 600 762 divina
623 708 1198 781 accipiuntsymbola;
1227 713 1321 767 sed
1363 713 1492 770 sinit
1532 725 1774 776 nostrum

189 792 435 850 animum
463 794 655 856 luctari
687 798 947 857 adversus
971 801 1140 858 falsas
1177 803 1489 874 phantasias
1519 822 1654 863 vana
1686 824 1776 866 eo-

185 884 478 956 gitautium
535 887 572 954 ί,
628 898 687 945 et
723 906 920 962 negare
959 897 1275 954 materiales
1319 899 1704 970 passibilitates
1756 905 1775 934 ’

185 974 564 1046 spiritualibus
583 982 882 1038 carnaliter
927 984 1105 1044 inesse
1133 990 1474 1056 substantiis,
1503 1001 1558 1046 et
1589 1008 1776 1050 assue-

185 1077 451 1134 sceutem,
482 1069 582 1126 hoc
620 1081 722 1138 est,
757 1074 1054 1132 discentem
1085 1091 1328 1135 nostrum
1381 1084 1618 1142 animum
1643 1086 1776 1142 sinit

182 1170 318 1224 pure
341 1159 582 1226 extendi,
604 1160 661 1228 in
689 1162 1111 1224 iucontaminata
1138 1169 1650 1242 videlicetsubvehi,
1677 1191 1776 1247 per

181 1247 421 1308 visibilis
469 1265 810 1318 sacramenta
856 1258 914 1328 in
959 1264 1427 1334 supermundanas
1467 1266 1771 1330 divinorum

180 1339 558 1402 intellectum
579 1349 1025 1424 .excelsiaidipes.
1061 1354 1131 1416 Et
1153 1355 1259 1410 hoc
1283 1357 1527 1414 breviter
1553 1362 1773 1416 conclu-

179 1432 256 1489 dit
294 1434 487 1494 dicens
514 1455 528 1489 :
567 1437 735 1496 Tanta
768 1443 978 1512 quidem
1003 1463 1036 1499 a
1071 1447 1221 1502 nobis
1250 1448 1390 1504 dicta
1413 1460 1536 1506 sunt
1559 1463 1773 1524 propter

175 1525 482 1584 materiates
539 1538 588 1584 et
641 1531 1053 1591 inconvenientes
1103 1538 1400 1596 diuinorum
1445 1541 1770 1612 eloquiorum

175 1614 540 1684 angelicorum
566 1621 850 1693 imaginum
882 1625 1271 1696 descriptiones.
1303 1630 1435 1690 Post
1481 1649 1611 1689 vero
1641 1651 1770 1706 apo-

175 1709 374 1781 logiaui
411 1719 692 1787 sequentis
721 1723 901 1791 operis
928 1724 1111 1781 brevis
1151 1722 1397 1798 sequitur
1435 1732 1649 1790 divisio.
1679 1735 1771 1790 Ait

174 1803 318 1855 enim
349 1818 365 1856 :
403 1804 608 1861 Deinde
641 1820 816 1866 autent
843 1818 1107 1886 segregari
1125 1830 1351 1888 oportet,
1379 1824 1511 1892 quid
1540 1825 1560 1855 ³
1598 1828 1768 1896 ilum

1884 627 1929 659 ὀ
1971 643 2156 684 eorum
2197 628 2568 702 intelligentia,
2617 633 2921 694 custodiant
2978 635 3258 706 mysteria.
3311 635 3462 704 Quae

1882 720 2170 776 uniformis
2214 733 2373 787 sunt;
2406 739 2569 778 unum
2613 724 2756 779 enim
2801 725 3140 796 signiﬁcant,
3183 728 3234 782 in
3282 744 3387 797 quo
3417 729 3463 761 “

1881 816 2062 872 omnia
2092 831 2258 870 unum
2287 825 2433 871 sunt.
2473 817 2732 873 Prohibet
2775 819 2920 874 enim
2970 820 3150 876 divina
3183 820 3465 892 Scriptura

1883 907 2178 964 invisibiles
2235 909 2558 979 margaritas
2611 911 2918 968 divinorum
2973 911 3344 970 intellectuum
3405 913 3466 972 in

1879 1015 2095 1070 porcos,
2135 1003 2235 1057 hoc
2269 1012 2368 1065 est,
2401 1003 2458 1057 in
2505 1003 2769 1074 superbos
2812 1004 3230 1075 immundosque
3289 1005 3464 1060 homi-

1879 1109 1974 1149 nes
1997 1094 2284 1164 proiicere,
2313 1111 2635 1166 earumque,
2655 1098 3078 1169 margaritarum
3104 1099 3246 1168 dico,
3263 1099 3462 1155 distin-

1877 1195 2042 1252 ctum,
2071 1187 2396 1248 luculentum
2429 1189 2474 1224 "
2506 1189 2938 1260 beneﬁuunque,
2964 1191 3067 1246 hoc
3087 1199 3192 1258 est,
3216 1199 3467 1248 amantes

1876 1286 1927 1334 et
1959 1279 2321 1350 intelligentes
2355 1296 2412 1338 se
2437 1280 2864 1338 benefacientem
2904 1291 2962 1342 et
3001 1281 3342 1340 deificantem
3371 1295 3464 1365 ore

1877 1380 2085 1428 natum.

2335 1467 2437 1524 CA
2457 1467 2835 1526 PITULUM
2892 1469 3003 1526 HI.

2351 1581 2521 1651 Cujus
2549 1583 2816 1654 praefatio
2843 1595 2932 1640 est
2956 1601 2972 1639 :

1912 1695 2050 1761 Quid
2079 1697 2145 1749 sit
2175 1696 2434 1750 ierarcliiu
2467 1705 2513 1749 et
2537 1713 2670 1766 quae
2692 1714 2784 1767 per
2807 1698 3124 1752 ierarcltiam
3145 1697 3352 1755 utilitas
3375 1710 3425 1757 ι.

1943 1828 1972 1901 §
1997 1829 2045 1882 1.
2070 1828 2164 1884 Est
2185 1829 2394 1898 quidem
2413 1829 2671 1884 ierarchia
2694 1830 2977 1886 secundum
2999 1848 3081 1885 me
3103 1833 3231 1886 ordo
3259 1832 3468 1891 divinus

171 1895 383 1963 quidem
431 1914 543 1953 esse
588 1898 610 1930 δ
654 1902 967 1960 ierarchiam
1021 1912 1376 1978 aestimamus,
1427 1895 1621 1984 quidve
1651 1920 1764 1988 ipsa
1798 1914 1843 1974 Β
1870 1927 1918 1974 et
1949 1918 2167 1974 scientia
2197 1917 2244 1948 ’³
2280 1927 2325 1972 et
2351 1919 2487 1972 actio
2518 1919 2786 1988 deiformi,
2819 1931 3073 1990 quantum
3095 1922 3360 1992 possibile,
3385 1923 3465 1980 si-

170 1985 437 2042 ierarc/tia
471 1990 493 2021 ⁸
520 1993 684 2060 prosit
719 1997 1030 2053 ierarchiam
1081 2005 1435 2061 sortientibus.
1482 2008 1594 2064 Hoc
1639 1985 1756 2067 est:

171 2088 392 2146 oportet
425 2097 525 2137 nos
566 2084 632 2139 de
676 2096 860 2142 cetero
911 2106 1196 2166 segregare
1255 2097 1296 2162 ⁸,
1345 2101 1508 2158 certis
1557 2103 1764 2162 scilicet

169 2172 425 2258 terminis
453 2175 699 2243 delinire,
727 2182 854 2250 quid
876 2183 1048 2256 ipsam
1071 2188 1380 2254 generalem
1409 2193 1760 2264 ierarehiam,

169 2253 221 2313 id
247 2272 359 2328 est,
389 2267 761 2332 pontiﬁcatum
789 2253 1120 2331 arbitramur
1137 2279 1158 2310 ⁷
1187 2295 1328 2346 esse,
1353 2284 1548 2351 quidve
1563 2253 1760 2355 ipsam,

168 2355 755 2420 generalem'videlicet
785 2364 806 2396 ³
841 2365 1192 2433 ierarehiam,
1229 2375 1586 2434 sortientibus
1631 2397 1758 2450 pro-

167 2446 284 2502 dest
316 2466 679 2524 unaquaeque
711 2459 962 2529 specialis
1003 2464 1290 2524 ierarchia.
1331 2468 1460 2528 Tota
1493 2446 1758 2542 siquidem

165 2537 326 2605 huius
353 2544 539 2612 operis
566 2545 792 2605 intentio
827 2561 910 2607 est
951 2555 1023 2609 de
1051 2560 1289 2626 generali
1313 2537 1635 2630 mitificant
1671 2568 1760 2622 a'c-

164 2648 268 2702 que
293 2634 418 2702 ejus
445 2637 635 2695 formis
663 2652 913 2701 tractare.
947 2647 1210 2719 Sequitur
1231 2657 1442 2710 orat-io:
1481 2657 1602 2713 Dux
1639 2677 1759 2715 vero

163 2726 226 2778 sit
273 2731 536 2785 sermonis
569 2731 590 2763 ’
624 2730 892 2801 Christus,
919 2741 1179 2810 siquidem
1205 2747 1336 2799 mihi
1378 2749 1459 2814 fas
1504 2749 1546 2781 ¹⁰
1567 2751 1758 2818 dicere,

164 2831 350 2897 melus,
413 2821 572 2876 totius
621 2824 912 2904 ierarcliiae
964 2831 1006 2861 “
1039 2834 1476 2902 manifestationis
1533 2842 1761 2912 inspira-

162 2906 252 2958 tio.
287 2907 432 2973 Dux,
467 2911 664 2982 inquit,
699 2919 972 2980 sermonis
999 2923 1130 2988 mei,
1160 2924 1204 2977 si
1234 2923 1360 2980 licet
1389 2925 1526 3002 mihi
1549 2906 1756 2999 dicere,

163 2994 419 3056 Christus
447 3018 618 3068 meus,
648 3022 677 3062 a
708 3023 814 3077 quo
841 3011 1036 3084 incipit
1065 3023 1119 3068 et
1146 2999 1445 3088 inspiratur
1476 3030 1583 3078 tota
1620 2994 1756 3096 pou;

166 3088 385 3146 tilicalis
415 3095 792 3167 configuratio.
813 3101 874 3164 1n
911 3103 1016 3160 fine
1044 3122 1172 3162 vero
1199 3111 1367 3168 totius
1417 3088 1637 3185 capituli
1671 3118 1760 3174 Ti-

165 3183 450 3239 motheum
508 3187 575 3255 ",
600 3189 910 3263 episcopum
951 3196 1183 3266 Ephesi,
1230 3201 1313 3256 vel
1357 3183 1504 3260 certe
1545 3224 1752 3273 omnes,

1869 2011 2094 2074 mulata,
2123 2011 2284 2080 juxta
2314 2011 2508 2065 inditas
2541 2022 2587 2064 et
2615 2012 2868 2076 divinitus
2899 2012 3308 2070 illuminationes
3337 2031 3464 2084 pro-

1865 2102 2230 2175 portionaliter
2254 2102 2310 2157 in
2351 2101 2449 2156 Dei
2477 2103 2875 2158 similitudinem
2918 2105 3220 2158 ascendens.
3255 2105 3301 2164 A
3331 2103 3463 2162 deﬂ-

1866 2195 2093 2262 nitione,
2121 2194 2423 2250 ierarchiae
2469 2195 2762 2266 capitulum
2805 2196 3047 2252 inchoat.
3092 2197 3208 2268 Est,
3262 2197 3458 2268 inquit,
3555 2239 3568 2250 .

1864 2287 2140 2344 ierarehia
2168 2287 2464 2344 secundum
2499 2300 2616 2352 me,
2654 2287 2756 2342 hoc
2771 2294 2861 2344 est
2886 2305 2903 2341 ;
2930 2295 3193 2358 quantum
3223 2287 3355 2348 mihi
3386 2289 3462 2346 vi-

1865 2380 2044 2444 detur,
2075 2378 2340 2434 ierarchia
2365 2386 2446 2432 est
2470 2379 2604 2434 ordo
2639 2379 2854 2435 divinus
2879 2386 2933 2434 et
2958 2379 3184 2440 scientia
3207 2387 3262 2434 et
3288 2380 3458 2442 actio.

1867 2472 2064 2527 Tribus
2095 2473 2279 2542 itaque
2311 2471 2561 2546 partibus
2601 2471 2969 2528 definitionem
3000 2471 3303 2530 ierarchiae
3329 2488 3464 2530 con-

1865 2565 2052 2621 cludit.
2087 2563 2144 2618 ln
2171 2563 2318 2618 omni
2345 2563 2612 2634 siquidem
2640 2563 2821 2619 divino
2853 2563 3172 2634 pontificatu
3199 2565 3333 2620 haec
3359 2565 3461 2622 tria

1865 2656 2199 2712 considerari
2232 2669 2450 2712 necesse
2481 2663 2603 2710 est:
2649 2671 2763 2726 quo
2801 2655 3014 2721 ordine,
3045 2671 3150 2730 qua
3195 2658 3464 2730 dignitate

1864 2751 1986 2820 quis
2009 2749 2360 2806 constituitur
2385 2757 2441 2803 et
2459 2747 2673 2819 perficit
2700 2757 2754 2803 et
2771 2749 3076 2820 perﬁcitur,
3119 2758 3381 2819 quantum
3405 2752 3464 2808 in

1865 2842 2079 2905 notitia,
2109 2841 2213 2896 hoc
2254 2850 2358 2906 est,
2396 2841 2447 2898 in
2469 2828 2703 2896 scientia
2728 2849 2782 2895 et
2827 2841 3108 2910 disciplina
3155 2841 3462 2900 divinarum

1864 2947 2044 2986 rerum
2075 2940 2129 2986 et
2159 2931 2494 2986 illuminatur
2541 2938 2596 2985 et
2648 2929 2950 2994 illuminat,
3005 2938 3063 2986 et
3107 2940 3375 3004 quatenus
3403 2932 3462 2988 in

1865 3026 2075 3082 actione
2098 3024 2476 3080 mandatorum
2503 3021 2724 3094 proﬁcit
2767 3029 2822 3076 et
2861 3029 3126 3093 purgatur
3155 3031 3210 3077 et
3235 3027 3460 3096 purgat.

1862 3118 1940 3174 Ac
1969 3134 2066 3190 per
2091 3119 2196 3174 boc
2223 3115 2496 3188 perfectus
2523 3116 2689 3172 animi
2718 3115 2936 3174 habitus
2962 3116 3016 3174 in
3039 3117 3251 3180 ordine,
3276 3118 3461 3188 cogni-

1865 3211 1940 3266 tio
1967 3225 2097 3266 vero
2127 3223 2308 3264 rerum
2346 3206 2706 3278 spiritualium
2754 3208 2808 3262 in
2835 3207 3099 3273 scientia,
3149 3208 3454 3266 divinorum

167 3275 254 3339 qui
287 3274 441 3336 hunc
487 3293 793 3338 sermonem
842 3284 1034 3341 lecturi
1093 3289 1269 3350 forent
1295 3334 1309 3358 ,
1348 3294 1642 3368 alloquitur
1678 3302 1757 3356 in-
1787 3294 1832 3358 C
1864 3319 1994 3359 vero
2033 3274 2409 3358 mandatorum
2442 3300 2684 3355 custodia
2717 3300 2771 3354 in
2819 3299 3360 3370 actione-perficiam
3390 3299 3452 3358 In

166 3367 362 3436 quiens
393 3387 405 3422 :
441 3369 518 3432 Tu
549 3389 685 3440 itero,
708 3391 736 3429 o
758 3394 907 3446 puer,
948 3383 1236 3448 secundum
1272 3367 1508 3450 sanctam
1549 3402 1758 3449 nostrae

162 3461 511 3517 sacerdotalis
559 3467 858 3522 traditionis
918 3469 1297 3542 legislationem
1345 3479 1452 3548 ipse
1492 3494 1670 3538 sancte
1713 3495 1761 3540 et

165 3549 411 3610 decenter
435 3556 679 3612 ausculta
715 3561 1025 3624 mirabiliter
1050 3566 1313 3622 dictorum
1335 3569 1539 3627 divinus
1570 3575 1622 3627 in
1652 3576 1758 3630 Deo

165 3653 212 3697 et
250 3646 304 3700 in
337 3648 586 3703 doctrina
618 3651 808 3720 factus,
857 3665 908 3710 et
948 3669 1144 3714 secreto
1175 3663 1356 3725 animi,
1408 3679 1541 3732 quae
1575 3681 1758 3722 sancta

165 3751 306 3804 sunt,
337 3743 831 3817 circumtegensnea;
855 3750 1127 3810 immunda
1153 3755 1486 3815 multitudine
1508 3770 1756 3830 tanquam

168 3834 459 3902 uniformia
492 3839 733 3905 custodi;
764 3858 866 3902 non
887 3845 1024 3900 enim
1047 3845 1133 3915 fas
1164 3846 1228 3913 ‘3,
1274 3862 1328 3910 ut
1361 3853 1566 3922 eloquia
1587 3855 1756 3919 aiunt,

167 3922 222 3978 in
241 3942 434 3995 porcos
452 3931 716 3999 projicere
752 3935 1088 3993 invisibilium
1121 3944 1532 4011 margaritarum
1574 3947 1756 4001 incon-

166 4006 347 4082 fusum
398 4028 445 4071 et
493 4019 820 4092 lucifor‘mem
863 4006 1255 4102 beneﬁcumque
1280 4033 1322 4064 ”
1355 4045 1616 4092 ornatum.
1663 4036 1758 4092 llis

169 4109 351 4165 verbis
377 4109 625 4170 hortatur
654 4114 698 4144 ¹⁸
727 4130 914 4178 omnes
945 4120 1224 4178 ministros
1246 4124 1550 4182 divinorum
1576 4143 1758 4182 sacra-

172 4212 506 4270 mentorum,
539 4206 680 4262 sicut
703 4210 1058 4268 sacerdotalis
1077 4215 1442 4287 promulgatio
1483 4220 1669 4286 tradit,
1702 4228 1760 4275 ut

170 4291 269 4363 ipsi
316 4306 511 4352 sancte
554 4310 608 4354 et
649 4303 874 4360 honeste
924 4307 1122 4368 divinis
1173 4313 1477 4369 auscultent
1505 4315 1664 4371 dictis
1696 4317 1756 4383 ¹⁶,

172 4385 340 4442 divini
391 4389 444 4444 in
477 4391 587 4446 Deo
609 4402 666 4447 et
689 4395 745 4450 in
777 4397 956 4456 divina
990 4401 1234 4458 doctrina
1275 4404 1522 4474 perfecti,
1548 4416 1604 4462 et
1626 4418 1684 4464 ut
1717 4409 1762 4442 "

170 4475 224 4533 in
267 4483 500 4539 secretis
528 4485 698 4542 animi
728 4499 915 4547 sancta
959 4496 1214 4564 mysteria
1240 4498 1668 4572 circumtegant,
1706 4511 1758 4558 et

168 4585 239 4628 ex
259 4574 541 4636 immunda
568 4582 863 4642 carnaliter
892 4588 1243 4658 cogitantium
1271 4592 1682 4663 spiritualiaque
1714 4595 1757 4626 ¹⁸

1863 3396 1966 3452 hoc
1991 3395 2134 3450 enim
2157 3393 2373 3463 trigono
2402 3391 2724 3464 universalis
2753 3391 3029 3448 Ecclesiae
3067 3393 3181 3449 sive
3223 3393 3276 3453 in
3301 3392 3454 3451 caelo

1863 3487 1977 3545 sive
2023 3486 2076 3544 in
2125 3493 2268 3542 terra
2306 3484 2583 3554 plenitudo
2629 3481 2917 3542 formatur.
2972 3483 3109 3540 Hinc
3141 3493 3264 3552 est,
3305 3485 3457 3558 quod

1863 3577 2058 3631 summi
2099 3576 2248 3640 boni,
2280 3591 2310 3630 a
2339 3590 2446 3647 quo
2471 3577 2608 3630 haec
2642 3575 2743 3630 tria
2787 3575 3135 3646 procedunt,
3185 3575 3463 3640 confessio

1862 3669 2003 3723 trina
2035 3677 2138 3722 est.
2173 3667 2308 3722 Hinc
2333 3667 2498 3723 etiam
2528 3667 2597 3733 “,
2623 3669 2765 3738 quod
2791 3668 2839 3700 “
2866 3669 3202 3730 rationabilis
3239 3679 3462 3731 creatu-

1862 3777 1954 3816 rae
1975 3762 2042 3816 ad
2067 3761 2234 3816 Deum
2255 3776 2413 3818 suum
2435 3762 2720 3817 conversio
2743 3761 3010 3820 triformis
3029 3771 3143 3831 est;
3170 3763 3276 3820 ﬁde
3292 3763 3462 3839 siqui-

1863 3854 1984 3909 dem
2010 3862 2061 3906 et
2087 3867 2182 3924 spe
2203 3861 2252 3906 et
2285 3853 2516 3908 caritate
2553 3851 2899 3918 reformatur,
2949 3855 3113 3928 inque
3139 3855 3456 3916 naturalem

1861 3944 1943 4000 sui
1973 3945 2290 4015 dignitatem
2312 3951 2367 3998 et
2387 3946 2619 4015 gratiam
2644 3945 2955 4000 revertitur.
2979 3947 3046 4002 Et
3067 3948 3364 4004 notandum
3387 3946 3460 4015 ³⁸.

1861 4033 2003 4105 quod
2059 4023 2344 4104 theologus
2391 4037 2692 4092 mutatione
2755 4037 3088 4096 deﬁnitionis
3151 4039 3457 4114 ierarchiap

1859 4144 1991 4186 usus
2011 4137 2114 4184 est.
2149 4127 2266 4198 Ipsa
2301 4129 2343 4160 ’7
2376 4129 2642 4201 siquidem
2681 4129 2929 4185 deﬁnitio
2977 4131 3225 4186 directim
3261 4133 3308 4163 ’⁸
3331 4149 3462 4218 cur.-

1861 4239 1985 4282 rere
2021 4223 2065 4253 ’θ
2091 4223 2305 4276 videtur
2336 4222 2414 4280 sic
2440 4241 2452 4276 :
2486 4222 2758 4276 lerarchia
2785 4230 2872 4278 est
2903 4221 2949 4254 ³ο
2980 4223 3122 4278 actio
3143 4232 3200 4277 et
3219 4225 3459 4290 scientia

1862 4324 1916 4374 et
1961 4315 2174 4372 divinus
2223 4315 2376 4370 ordo.
2430 4313 2712 4370 Praecedit
2746 4315 2890 4369 enim
2939 4315 2990 4369 in
3044 4308 3461 4378 ascensionibus

1859 4408 2121 4462 virtutum
2149 4406 2292 4460 actio
2334 4404 2638 4460 divinorum
2683 4405 3096 4474 mandatorum,
3139 4421 3239 4476 per
3285 4421 3453 4476 quam

1863 4509 2124 4572 purgatur
2149 4499 2380 4557 interior
2402 4499 2570 4555 animi
2598 4499 2787 4558 oculus
2811 4500 2925 4556 sive
2955 4500 3238 4556 rationalis
3266 4500 3312 4532 “
3339 4502 3455 4557 sive

1863 4591 2240 4648 intellectualis
2269 4592 2315 4623 ³¹
2339 4601 2642 4657 creaturae,
2669 4601 2728 4647 ut
2745 4593 2965 4649 intimos
2985 4592 3185 4655 summi
3208 4593 3337 4649 boni
3366 4607 3456 4654 ra-

169 4667 391 4738 penitus
433 4671 799 4743 ignorantium
837 4678 1204 4747 multitudine,
1248 4699 1388 4754 quae
1427 4686 1645 4759 indigna
1677 4696 1758 4742 est
1788 4670 1838 4728 Ι)
1867 4685 1983 4742 dios
2008 4685 2063 4742 in
2093 4684 2272 4740 omnia
2303 4683 2524 4742 diffusos
2565 4684 2742 4742 valeat
2781 4685 3084 4755 sustinere,
3133 4685 3282 4742 omni
3317 4699 3457 4748 vana

1479 4778 1732 4836 VABIAE
1768 4776 2168 4834 LECTIONES.
3438 4857 3440 4860 ν

244 4857 260 4886 ³
292 4857 383 4913 Sic
411 4858 473 4922 C,
508 4860 553 4913 A
584 4877 720 4915 vana
744 4864 974 4932 cogitati.
1004 4905 1016 4917 .
1046 4904 1059 4918 .
1089 4905 1102 4918 .
1121 4906 1136 4930 ,
1169 4882 1308 4921 corr.
1343 4884 1452 4924 rec.
1485 4885 1556 4922 m.
1586 4887 1745 4923 vanas
1773 4869 2146 4939 cogitantium;
2176 4867 2218 4920 Β
2240 4884 2401 4922 vanas
2430 4867 2790 4939 cogitantium.
2868 4870 2887 4897 ³
2921 4866 3013 4922 Sic
3043 4867 3083 4922 C
3111 4876 3164 4923 et
3195 4881 3340 4922 corr.
3370 4867 3433 4921 B'

299 4930 693 5001 passibilesque.

176 4996 264 5056 Ἀ
296 4996 638 5054 ὰνὸὶιναηηίδ.
711 5003 730 5034 ⁸
777 4996 1006 5058 ride/iret
1057 5023 1164 5060 om.
1209 5007 1268 5061 Β.
1349 5010 1368 5040 ⁹

173 5069 338 5124 chiae.
437 5073 479 5108 ι’
497 5070 601 5126 ἈΒ
627 5071 1007 5130 Tltimotlteum.

173 5137 262 5206 B',
289 5142 375 5196 AB
420 5153 656 5197 artatur.

799 4934 819 4964 ⁸
850 4935 894 4985 Α
923 4936 1080 5004 quod.
1148 4939 1168 4967 "
1198 4938 1237 4990 Β
1268 4955 1375 4991 esse
1401 4940 1640 5063 Iquidem.
1715 4942 1736 4972 ⁸
1763 4934 1944 5007 Coiij.,
1976 4940 2064 4992 AB
2090 4941 2258 5010 ipsam
2297 4934 2632 4993 ieram/tiam.

799 5003 1006 5058 ide/iret
1057 5023 1164 5060 om.
1209 5007 1268 5061 Β.
1349 5010 1368 5040 ⁹
1483 5013 1733 5063 sermonis
1775 5013 1862 5063 sit.
1959 5009 1999 5038 ¹⁰
2041 5009 2103 5061 Β⁶
2152 5025 2312 5063 suora
2361 5009 2540 5063 adscr.
2591 5026 2632 5063 et

1095 5023 1164 5060 m.
1209 5021 1268 5061 Β.
1349 5021 1368 5040 ν
1401 5021 1440 5063 Β
1483 5021 1733 5066 sermonis
1775 5033 1783 5065 ἑ

1091 5077 1134 5107 ³³
1160 5078 1221 5130 Β·
1254 5095 1414 5149 supra
1441 5083 1616 5135 adscr.
1642 5093 1734 5136 est.

1125 5149 1300 5204 divina
1336 5151 1629 5204 auscultem
1663 5153 1783 5204 dicti

1959 5021 1999 5038 ιν
2041 5021 2101 5061 15'
2152 5025 2312 5079 supra
2361 5021 2540 5063 adscr.
2591 5021 2686 5063 est.
2794 5021 2833 5040 ιι
2863 5021 3017 5078 ιλωίκ
3051 5021 3138 5074 15',

1882 5079 2037 5140 Corr.
2064 5080 2124 5146 Β,
2152 5080 2197 5136 Α
2222 5081 2529 5151 beneﬁctum
2569 5096 2652 5142 ue,
2672 5079 3160 5152 B‘beneﬁciumque.

1930 5151 1970 5180 ¹⁷
2021 5161 2076 5204 ut
2124 5151 2317 5204 om.B.
2429 5149 2471 5178 ¹⁸
2519 5096 2612 5204 ἕίε
2653 5146 2696 5204 C
2751 5163 2804 5204 et
2851 5165 2992 5203 corr.
3042 5149 3126 5204 B‘.

762 5145 804 5175 ¹⁶
833 5143 892 5197 B'
925 5162 1064 5201 (-orr.
1125 5149 1300 5204 divina
1321 5143 1629 5206 'auscullent
1663 5153 1824 5209 dicta.

2733 4939 2753 4969 ⁶
2785 4940 2824 4992 Β
2849 4955 3120 5010 segregare
3159 4939 3245 5010 de_
3267 4925 3458 5006 cetera:

2794 5012 2833 5040 ”
2863 5006 3017 5063 (lorr'.
3051 5011 3138 5074 B‘,
3165 5006 3256 5062 AB
3296 5011 3462 5064 ierar-

1959 5009 1999 5038 ¹⁰
2041 5009 2103 5061 B'
2152 5025 2312 5079 supra
2361 5009 2540 5063 adscr.
2591 5018 2686 5063 est.
2794 5012 2833 5040 ”
2863 5009 3017 5078 (lorr.
3051 5011 3138 5074 B‘,
3165 5009 3256 5062 AB
3296 5011 3438 5062 ierar

1960 5095 2037 5133 rr.
2064 5080 2124 5133 Β.
2152 5080 2197 5133 Α
2222 5081 2652 5133 beneﬁctumaue.
2672 5079 3160 5133 B'beneﬁciumaue.
3243 5077 3439 5133 “Carr

1930 5151 1970 5180 ¹⁷
2021 5161 2076 5205 ut
2112 5144 2356 5208 rom.B.'
2429 5149 2471 5178 ’⁸
2519 5144 2612 5204 Sic
2653 5146 2696 5204 C
2751 5163 2804 5206 et
2851 5144 2992 5203 corr.
3042 5144 3126 5216 B‘,
3167 5144 3262 5218 ΔΒ
3304 5144 3464 5218 δρίνὶζ

175 5212 419 5283 titulique.
499 5214 544 5246 ¹⁰
568 5214 612 5270 Β
634 5231 768 5286 quae
795 5216 1062 5293 immunda
1086 5229 1159 5274 est
1189 5220 1426 5290 indigna.
1503 5223 1546 5252 ²⁰
1578 5225 1734 5278 etiam
1765 5240 1876 5282 om.
1909 5221 1973 5284 Β,
2018 5222 2195 5276 adscr.
2232 5224 2314 5278 B‘.
2394 5220 2436 5250 “
2471 5219 2578 5276 Pro
2624 5221 2680 5276 in
2705 5239 2807 5293 quo
2835 5220 2874 5274 Β
2921 5221 2999 5284 in,
3033 5212 3124 5275 sed
3157 5217 3271 5272 rad.
3313 5212 3460 5283 corr.

177 5310 242 5354 et.
319 5303 358 5335 "
387 5305 448 5358 Β⁶
487 5305 667 5361 adscr.
692 5316 740 5362 et
780 5289 1127 5364 luculentum.

1208 5311 1254 5385 ἥδ
1277 5311 1436 5385 Carr.
1463 5315 1544 5374 B‘,
1567 5313 1662 5385 _AB
1709 5313 1982 5385 scientiae.
2041 5312 2109 5385 ff
2135 5312 2196 5366 Β·
2225 5330 2386 5385 supra
2410 5311 2595 5385 adscr.
2624 5322 2720 5385 est.
2789 5307 3241 5385 ‘f_quod_om._A.

3324 5305 3371 5336 ss
3395 5302 3461 5354 B-

177 5378 335 5412 σι’,ηινα
378 5376 545 5418 “dan.
613 5386 700 5421 ιρι
779 5378 825 5408 87
871 5377 927 5410 ιι·
962 5397 1112 5422 Innl‘n
1167 5383 1324 5414 tulhn--
1379 5383 1613 5424 Πειρηιιᾶι
1641 5401 1742 5420 noun

1872 5383 1977 5422 Ιὶηρ
2015 5382 2258 5424 Animum,
2292 5374 2418 5422 λι,ηὸ
2450 5380 2544 5414 illa
2569 5384 2670 5414 ιυέη
2719 5385 2772 5426 in
2803 5378 3119 5422 dil’ﬁnilinnp
3149 5374 3443 5416 ὄρφνην-[ἠρῶ
