3984 5562
247 406 360 464 177

1078 394 1306 464 SUPER
1343 405 1775 466 IERARCHIAM
1813 404 2223 464 CAELESTEM
2260 405 2319 464 S.
2362 403 2680 465 DlONYSIl.
2732 428 2871 439 -“-~

3414 404 3516 460 178

246 522 435 578 rubim
466 522 485 555 ¹
522 521 970 594 signiﬁcationem
1019 523 1041 554 '
1082 521 1427 579 Thronon
1459 522 1707 580 vocabuli
1738 537 1833 580 ex-
1859 527 1911 588 Α
1936 530 2179 578 mentum
2209 522 2336 578 totis
2363 522 2655 578 virtutibus
2687 519 3203 610 incommutabiliter
3226 525 3281 575 et
3308 519 3518 577 stabili-

170 674 179 685 .
243 615 557 686 ponendam
590 623 986 686 consequenter
1018 615 1338 688 ingreditur.
1389 614 1517 686 Ipsa
1546 626 1721 671 autem
1746 615 1829 671 al-

242 706 577 761 tissimorum
605 715 653 761 et
677 716 1066 779 compactarum
1090 707 1294 762 sellium
1331 708 1474 762 omni
1499 707 1520 739 ³
1558 708 1834 779 diligenter

242 796 476 852 exaltari
504 797 793 868 ignominia
821 798 1180 868 subjectionis,
1200 808 1249 853 et
1278 799 1347 853 ad
1367 814 1631 854 summum
1650 815 1831 869 super-

239 889 516 945 muntlane
534 905 743 945 sursum
765 890 959 961 ferens,
981 900 1029 946 et
1050 907 1115 945 ea:
1137 891 1278 946 omni
1299 892 1624 947 extremitate
1642 891 1831 962 inela-

241 981 421 1036 biliter
445 983 504 1037 in
527 981 978 1047 sublimissimum,
1011 992 1061 1039 et
1091 985 1232 1038 circa
1265 1000 1379 1039 uere
1410 985 1673 1040 excelsum
1706 987 1828 1042 totis

236 1074 524 1130 uirtutibus
571 1074 1066 1131 incommutabiliter
1108 1086 1158 1133 et
1197 1076 1452 1132 stabiliter
1492 1076 1822 1141 collocatum,

236 1174 289 1220 et
312 1166 479 1221 divini
504 1166 912 1237 superaduentus
948 1168 1004 1223 in
1022 1169 1165 1224 omni
1194 1168 1616 1239 impossibilitate
1647 1176 1695 1223 et
1727 1168 1828 1221 im-

236 1257 615 1312 materialitate
653 1259 970 1330 acceptivum
1010 1270 1059 1314 et
1103 1259 1360 1330 deiferum
1403 1270 1452 1315 et
1493 1259 1828 1330 famulariter

233 1348 293 1402 in
335 1350 541 1404 divinas
584 1351 938 1421 susceptione:
985 1360 1245 1421 apertum.
1306 1352 1363 1408 In
1413 1352 1515 1407 hac
1559 1351 1825 1408 sententia

230 1450 388 1513 patet
412 1443 459 1507 ⁸,
503 1444 770 1514 quaedam
800 1444 1297 1501 excelsissimarum
1336 1455 1394 1502 et
1420 1446 1826 1503 sublevatarum

229 1532 447 1589 aedium
496 1534 646 1590 omni
694 1534 981 1606 diligenter
1049 1535 1234 1592 extolli
1299 1536 1825 1595 circumcalcationis

227 1620 323 1677 vel
370 1623 824 1682 deambulationis
874 1626 1254 1694 minoratione,
1284 1636 1341 1683 et
1367 1643 1584 1685 sursum
1630 1645 1821 1700 super-

227 1715 512 1770 mundaue
552 1714 765 1784 ferens,
796 1725 851 1774 et
878 1719 1026 1774 omni
1055 1720 1125 1775 ab
1149 1719 1172 1751 ⁸
1219 1720 1562 1777 extremitate
1609 1719 1821 1777 inﬂexi-

226 1804 415 1861 biliter
438 1822 654 1863 sursum
683 1810 939 1880 positum,
969 1820 1025 1867 et
1054 1812 1200 1867 circa
1226 1826 1355 1867 vere
1391 1813 1819 1869 excelsissimum

226 1896 631 1956 universalibus
677 1900 970 1956 virtutibus
1020 1902 1369 1960 immobiliter
1413 1913 1469 1961 et
1515 1905 1819 1978 ponderosa
1846 1891 1895 1953 Β

223 1984 537 2057 fundatum,
564 2001 620 2046 et
643 1990 813 2048 divini
845 1994 1272 2065 superadventus
1299 1997 1355 2052 in
1385 1997 1820 2069 impassibilitate

223 2079 377 2135 omni
434 2088 491 2135 et
544 2082 1007 2141 immaterialitate
1047 2088 1385 2158 acceptivum
1447 2099 1503 2145 et
1554 2090 1820 2147 deiierum

221 2179 282 2227 et
318 2169 665 2229 famulariter
701 2175 757 2230 in
808 2176 1022 2232 divinas
1060 2180 1437 2250 susceptiones
1481 2192 1815 2253 suggestum.

218 2262 366 2335 1pm,
401 2264 580 2335 inquit
611 2265 633 2297 ‘
652 2297 724 2309 —
743 2268 1116 2339 superioribus
1167 2270 1419 2328 similiter
1446 2273 1767 2329 subauditur
1798 2293 1814 2330 :

221 2354 529 2425 nominatio
565 2358 958 2415 altissimarum
998 2370 1054 2416 et
1093 2373 1500 2434 compactarum
1529 2365 1614 2423 vel
1640 2367 1818 2423 suble-

219 2457 474 2505 vatarum
504 2453 746 2520 sedium;
776 2469 843 2508 ex
869 2454 1125 2527 ambiguo
1152 2457 1297 2512 enim
1328 2473 1525 2529 graeco
1557 2460 1819 2517 transfer-

221 2550 351 2597 tur:
380 2545 700 2619 ἐπηρμένων,
753 2546 918 2617 quod,
948 2554 1135 2602 utrum
1174 2563 1205 2602 a
1241 2549 1409 2605 verbo
1462 2549 1638 2628 incipe»
1662 2552 1709 2619 ⁷,
1762 2553 1818 2609 id

218 2645 308 2693 est
350 2651 658 2711 eompango
691 2639 781 2695 vel
813 2640 1015 2707 aduno,
1053 2657 1123 2697 an
1167 2658 1198 2697 a
1227 2645 1394 2700 verbo
1439 2646 1637 2721 ἕπαίρω
1664 2647 1707 2715 ⁸,
1760 2649 1814 2704 id

216 2736 303 2785 est
330 2728 560 2786 sustollo
580 2729 604 2761 ’
628 2731 908 2812 derivatur
929 2732 1003 2799 “,
1047 2733 1269 2790 dubium
1300 2745 1384 2793 est
1414 2767 1486 2779 -
1520 2740 1680 2796 docet
1710 2742 1815 2797 hoc

218 2817 531 2892 diligenter.
583 2822 724 2892 Quid
767 2826 960 2881 docet?
1002 2826 1243 2883 Exaltari
1290 2828 1451 2899 plane
1493 2846 1587 2886 eas
1633 2833 1810 2901 sedes,

217 2911 306 2967 vel
330 2913 520 2969 extolli
549 2914 618 2970 ab
644 2901 790 2972 omni
819 2916 1136 2989 ignominia,
1164 2918 1375 2977 vilitate
1400 2920 1608 2979 scilicet
1634 2923 1815 2994 subje-

214 3004 440 3072 ctionis,
465 3006 554 3063 vel
581 3009 893 3079 expressius
931 3010 1278 3080 translatum,
1307 3013 1375 3069 ab
1402 3016 1550 3071 omni
1582 3017 1815 3073 circum-

216 3095 539 3157 calcaﬂouis
571 3114 669 3155 seu
697 3100 1148 3162 deambulationis
1194 3103 1581 3162 minoratione.
1633 3107 1702 3163 Et
1728 3116 1812 3166 est

215 3203 412 3247 sensus
435 3206 449 3244 :
475 3189 818 3248 Thronorum
856 3194 1161 3251 nominatio
1191 3196 1379 3263 docet,
1411 3198 1812 3257 excelsissimae

212 3282 430 3340 divinas
456 3285 615 3342 sedes
645 3286 934 3359 diligenter
975 3290 1206 3346 exaltari
1235 3291 1305 3347 ab
1334 3293 1483 3348 omni
1513 3295 1807 3367 ignominia

210 3376 469 3434 subditae
492 3378 785 3435 multorum
809 3381 1037 3453 pedibus
1062 3382 1363 3442 inlimitatis
1390 3386 1456 3452 “,
1483 3397 1541 3443 et
1566 3388 1635 3444 ab
1658 3388 1809 3443 omni

209 3469 333 3527 loco
365 3471 579 3539 humili,
624 3473 718 3543 qui
771 3473 1306 3533 circumcalcantium
1359 3488 1416 3534 et
1462 3480 1811 3537 deambulano

208 3567 351 3636 tium
381 3567 586 3639 plantis
634 3571 829 3626 teritur
858 3581 914 3627 et
940 3572 1263 3639 ininoratur,
1294 3573 1399 3629 hoc
1424 3582 1528 3640 est,
1562 3570 1811 3631 humilia?

209 3667 303 3716 tur
352 3668 414 3718 et
465 3663 807 3733 supponitur.
860 3662 930 3719 Ut
982 3679 1115 3735 ergo
1162 3665 1426 3723 altissime
1471 3682 1502 3720 a
1533 3668 1806 3724 communi

209 3751 473 3808 omnibus
498 3753 743 3824 planitie,
772 3770 914 3826 quae
955 3756 1121 3812 veluti
1166 3757 1525 3830 ignominiose
1569 3758 1829 3843 undique,

207 3845 463 3903 calcatur
504 3856 562 3903 et
608 3848 1024 3916 deambulatur,
1088 3850 1293 3907 inedita
1345 3860 1507 3923 atque
1555 3852 1806 3908 sublimia

206 3938 550 4005 exaltantur,
575 3939 654 3995 ita
684 3938 1028 3996 Thronorum
1059 3941 1429 4013 similiumque
1457 3942 1539 3998 sui
1570 3942 1724 4009 ordo,
1751 3944 1807 3998 in

206 4030 411 4102 quibus
449 4031 605 4087 sedet
648 4046 884 4102 regnans
908 4040 963 4087 et
1004 4031 1260 4101 judicans
1304 4032 1487 4088 omnia
1515 4016 1800 4098 Divinitas,

209 4123 651 4196 superexaltatus
677 4132 763 4179 est
784 4132 842 4179 et
863 4140 894 4179 a
922 4124 1197 4180 communi
1224 4124 1476 4180 omnibus
1502 4125 1810 4181 humilitate

211 4226 481 4284 remotus,
507 4216 560 4271 id
586 4226 694 4282 est,
718 4216 865 4272 omni
895 4216 1161 4271 materiali
1200 4224 1452 4273 creatura
1484 4217 1803 4288 humilique.

214 4309 281 4367 Et
327 4313 434 4368 hoc
480 4311 825 4382 apertissime
867 4311 1213 4367 Tltronorum
1283 4311 1582 4367 nominatio
1625 4312 1803 4368 docet.

215 4404 383 4460 Docet
415 4404 585 4461 etiam
623 4419 812 4461 eorum
840 4405 1119 4471 virtutem,
1148 4419 1290 4477 quae
1322 4418 1418 4462 eos
1455 4420 1618 4477 supra
1645 4419 1807 4460 mun-

213 4497 340 4552 dum
368 4496 427 4552 in
451 4497 953 4554 summumbonum
980 4497 1249 4564 subvehit,
1276 4506 1335 4554 et
1358 4498 1426 4553 ab
1456 4497 1603 4553 omni
1629 4506 1809 4554 extre-

214 4588 405 4645 mitate
448 4588 751 4660 corporalis
779 4597 1087 4656 creaturae,
1128 4603 1269 4659 quae
1297 4589 1467 4646 veluti
1498 4590 1552 4644 in
1586 4604 1809 4661 compa-

1936 622 2018 669 ter
2043 628 2109 670 ac
2134 613 2441 686 ponderose
2467 613 2615 669 circa
2640 627 2770 668 vere
2806 612 3099 678 excelsum,
3131 626 3402 668 summum
3428 612 3516 666 vi-

1931 707 2124 765 delicet
2168 708 2389 774 bonum,
2429 706 2573 779 quod
2621 706 2761 762 sicut
2799 720 2931 762 vere
2968 706 3189 771 bonum,
3232 705 3307 763 ita
3347 704 3513 762 etiam

1929 816 2060 857 vere
2086 800 2361 857 excelsum
2391 810 2495 858 est.
2543 800 2654 857 Nec
2689 814 2797 856 non
2834 800 3171 870 acceptivum
3201 801 3378 866 docet,
3409 800 3516 855 hoc

1930 902 2034 961 est,
2082 895 2451 965 acceptionem
2505 893 2672 949 divini
2725 894 2959 963 desuper
3003 893 3264 950 adventus
3312 893 3515 964 absque

1929 987 2286 1058 passiliilitate
2325 995 2381 1042 et
2419 987 2831 1053 materialitate,
2862 987 2958 1042 sed
2997 986 3052 1041 in
3080 987 3225 1043 omni
3264 986 3514 1057 impassi-

1928 1077 2021 1132 bili
2052 1078 2535 1133 immaterialitate.
2589 1076 2858 1147 Superant
2887 1090 3121 1147 namque
3148 1090 3361 1131 omnem
3391 1091 3517 1146 pas-

1929 1170 2137 1225 sibilent
2166 1170 2469 1226 materiem.
2521 1168 2792 1224 Deiferum
2818 1183 3033 1239 quoque
3073 1167 3251 1233 docet,
3278 1169 3382 1224 hoc
3408 1178 3514 1237 est,

1926 1261 2199 1332 deigeram
2246 1276 2436 1317 eorum
2484 1261 2761 1316 virtutem.
2834 1260 3002 1316 Deum
3062 1275 3295 1331 namque
3349 1258 3516 1319 sull‘e-

1927 1361 2054 1408 runt
2080 1361 2138 1408 et
2160 1352 2466 1408 subvehunt
2508 1351 2864 1416 famulariter,
2910 1352 3014 1407 hoc
3053 1359 3158 1417 est,
3203 1351 3519 1408 obedienter

1927 1447 2149 1502 laudant
2200 1446 2374 1516 ipsum
2428 1444 2657 1501 suti‘erre
2707 1453 2764 1500 et
2792 1445 3097 1501 subvehere
3143 1444 3347 1500 omnia.
3397 1443 3515 1500 Non

1924 1538 2070 1593 enim
2097 1536 2374 1604 suﬂ‘ertur,
2402 1538 2495 1593 sed
2523 1535 2745 1603 suffert;
2778 1551 2880 1592 nec
2905 1537 3244 1603 subvehitur,
3272 1540 3364 1593 sed
3392 1538 3518 1594 sub-

1923 1631 2109 1696 vehit;
2162 1644 2339 1698 neque
2386 1632 2538 1684 sedet
2586 1628 2639 1684 in
2673 1628 2875 1699 aliquo,
2903 1629 2995 1699 qui
3027 1629 3070 1660 “
3096 1629 3151 1684 in
3200 1645 3259 1685 se
3302 1631 3514 1707 sedere,

1925 1723 2029 1778 hoc
2054 1729 2159 1786 est,
2189 1722 2472 1791 quiescere
2508 1719 2641 1775 facit
2681 1721 2883 1775 omnia.
2919 1720 3089 1776 Docet
3131 1729 3403 1791 apertum,
3427 1722 3516 1779 vel

1925 1816 2067 1871 sicut
2090 1814 2307 1885 planius
2338 1812 2683 1878 transfertur,
2713 1819 3045 1884 suggestum,
3077 1812 3183 1866 hoc
3212 1821 3316 1877 est,
3345 1811 3516 1869 sedile

1921 1906 1977 1962 in
2022 1906 2233 1961 divinas
2280 1904 2671 1974 susceptiones.
2746 1902 2885 1957 Sunt
2935 1901 3081 1956 enim
3137 1901 3513 1959 sublimissimi

1919 2000 2155 2073 suggesti
2182 2000 2248 2065 ",
2276 1998 2382 2054 alta
2403 1996 2652 2054 videlicet
2678 1996 2889 2060 sedilia,
2916 1996 2969 2050 in
2988 1994 3201 2050 divinas
3221 1995 3516 2065 susceptio-

1919 2107 2049 2158 nes,
2098 2093 2150 2146 in
2195 2090 2502 2146 divinorum
2546 2089 2707 2160 plane
2751 2087 3125 2143 intellectuum
3172 2087 3514 2156 receptiones

1918 2185 2091 2256 parati
2120 2194 2284 2256 atque
2306 2183 2501 2255 aperti,
2526 2181 2859 2254 repandique
2889 2189 2945 2235 et
2969 2177 3013 2211 “
3035 2180 3101 2234 ad
3124 2179 3365 2235 divinam
3391 2193 3511 2235 ses-

1918 2277 2124 2333 sionem
2152 2276 2382 2333 habiles.

1987 2375 2016 2449 ς
2051 2377 2107 2432 2.
2132 2375 2281 2431 Haec
2307 2376 2517 2448 quidem
2558 2376 2829 2430 nominum
2859 2374 3113 2444 ipsorum,
3144 2380 3401 2444 quantum
3442 2372 3513 2429 ad

1916 2483 2031 2533 nos,
2063 2467 2374 2522 declaratio.
2418 2466 2563 2521 Haec
2592 2474 2695 2530 est,
2729 2465 2924 2536 inquit,
2952 2463 3403 2533 quantumnobis
3427 2464 3512 2518 vi-

1916 2560 2095 2626 detur,
2145 2569 2199 2615 et
2240 2575 2270 2613 a
2311 2558 2470 2615 nobis
2521 2557 2859 2629 intelligitur,
2910 2556 3177 2626 expositio
3232 2556 3514 2611 nominum

1916 2653 2080 2708 trium
2126 2653 2366 2720 ipsorum
2404 2650 2614 2722 primae
2660 2649 2960 2705 ierarchiae
3004 2649 3278 2704 ordinum.
3321 2647 3513 2702 Dicen-

1915 2744 2042 2798 dum
2074 2759 2218 2808 vero,
2241 2758 2402 2813 quam
2435 2741 2754 2796 ierarchiam
2785 2757 2967 2795 eorum
3002 2741 3362 2795 aestimamus.
3399 2737 3514 2809 Sed

1917 2835 2119 2901 dicere,
2144 2834 2244 2900 ait,
2274 2840 2487 2904 oportet
2523 2847 2645 2898 nos,
2672 2847 2836 2903 quam
2866 2831 3213 2897 ierarchiam,
3264 2832 3368 2887 hoc
3404 2841 3511 2898 est,

1914 2933 2125 3003 qualem
2157 2930 2483 2987 ierarchiam
2510 2944 2699 2986 eorum
2729 2929 3061 2983 arbitramur
3091 2927 3138 2961 ⁸⁸
3157 2940 3299 2983 esse.
3325 2925 3513 2982 Omnis

1912 3025 2122 3098 quidem
2168 3040 2349 3079 eorum
2392 3024 2684 3079 ierarchiae
2722 3020 3130 3091 speculationem
3172 3020 3341 3074 Deum
3391 3020 3514 3073 imi-

1915 3117 2049 3171 tanti
2132 3115 2176 3147 ¹⁶
2267 3114 2622 3184 deiformitate
2714 3110 3099 3182 dependentem.
3157 3109 3515 3180 inﬂexibiliter

1914 3227 2044 3276 esse,
2089 3208 2323 3264 etdividi
2349 3195 2553 3262 omnem
2597 3205 2943 3260 ierarchicam
2989 3201 3247 3257 actionem
3284 3202 3342 3255 in
3382 3217 3510 3273 par-

1916 3303 2270 3374 ticipationem
2290 3316 2495 3355 sacram
2525 3308 2574 3355 et
2595 3296 2933 3353 traditionem
2971 3294 3301 3367 purgationis
3347 3308 3514 3367 purae

1917 3403 1967 3447 et
2003 3393 2166 3447 divini
2221 3390 2434 3446 luminis
2474 3399 2521 3444 et
2550 3387 2864 3460 perfectivae
2906 3384 3174 3448 scientiae,
3204 3384 3515 3455 sufﬁcienter

1909 3484 2027 3555 jam
2068 3500 2100 3538 a
2135 3481 2281 3537 nobis
2324 3480 2522 3535 dictum
2571 3494 2682 3534 esse
2723 3477 2968 3532 arbitror.
3028 3473 3248 3539 Omnis,
3301 3473 3512 3546 inquit,

1918 3573 2025 3631 hoc
2092 3582 2209 3640 est,
2287 3569 2615 3627 universalis
2689 3567 2995 3624 ierarchiae
3065 3565 3511 3638 speculationem,

1918 3666 2298 3723 deﬁnitionem
2353 3664 2549 3736 plane,
2592 3661 2765 3718 Deum
2816 3658 3053 3716 imitanti
3082 3658 3125 3690 ³⁷
3154 3655 3513 3715 deil‘ormitate

1918 3760 2347 3831 dependentem,
2409 3756 2463 3812 id
2511 3763 2618 3822 est,
2679 3767 2820 3825 quae
2881 3752 3115 3823 desuper
3174 3749 3218 3781 ¹⁸
3280 3748 3511 3820 pendet,

1915 3852 2287 3923 originemque
2314 3849 2464 3906 ducit
2484 3864 2552 3905 ex
2587 3845 2941 3904 similitudine
2974 3843 3020 3876 ¹⁹
3049 3843 3266 3899 divinae
3300 3840 3504 3897 formo-

1916 3944 2101 4001 sitatis
2142 3941 2447 4015 (superius,
2478 3938 2742 4010 siquidem
2787 3939 2842 3993 in
2880 3935 3043 3992 tertio
3075 3932 3346 4004 Capitulo,
3377 3932 3503 3987 uni-

1916 4034 2183 4091 versalem
2213 4031 2539 4088 ierarchiam
2567 4027 2819 4085 deﬁnivit
2855 4027 3043 4082 dicens
3071 4042 3085 4079 :
3111 4023 3380 4079 lerarchia
3420 4031 3506 4078 est

1916 4128 1984 4183 ad
2011 4126 2181 4181 Deum
2202 4165 2217 4191 ,
2263 4131 2526 4194 quantum
2567 4119 2850 4191 possibile,
2893 4116 3192 4173 similitudo
3216 4124 3271 4170 et
3295 4113 3499 4185 unitas)

1916 4215 2284 4275 iuﬂexibiliter
2308 4228 2448 4280 esse,
2474 4213 2530 4268 id
2555 4220 2640 4268 est
2667 4205 3211 4271 ineommutabiliter,
3242 4203 3509 4261 sufﬁcien-

1914 4320 2000 4367 ter
2020 4308 2135 4380 jam
2178 4324 2209 4363 a
2249 4305 2406 4364 nobis
2440 4306 2644 4361 dictum
2688 4303 2945 4358 arbitror.
2984 4299 3238 4356 Arbitror
3266 4298 3431 4354 etiam
3461 4296 3509 4329 ”

1915 4399 2250 4457 suﬂicieuter
2289 4397 2513 4463 dictum,
2552 4394 2719 4451 dividi
2758 4406 2974 4450 omnem
3016 4390 3377 4447 ierarchicam
3417 4402 3508 4443 ac-

1913 4494 2142 4559 tionem,
2178 4490 2264 4546 vel
2291 4489 2432 4546 sicut
2457 4487 2671 4560 plauius
2705 4484 3032 4543 transfertur
3060 4481 3505 4555 negotiationem,

1917 4586 1971 4642 in
1992 4585 2469 4658 participationem
2496 4596 2710 4638 sacram
2736 4580 2905 4649 ipsius
2923 4575 3240 4650 principalis
3265 4573 3505 4630 omnium

217 4680 427 4737 ratione
463 4650 882 4754 intelligibilium
912 4650 1099 4739 rerum
1144 4650 1268 4738 vilis
1298 4683 1629 4754 humilisque
1658 4650 1800 4739 vide-
1834 4650 1890 4711 D
1914 4650 2240 4745 ierarchiae,
2275 4691 2415 4747 quae
2451 4683 2539 4730 est
2583 4672 2870 4736 Divinitas,
2904 4679 2962 4726 et
3007 4669 3384 4732 traditionem,
3408 4678 3508 4735 per

216 4781 327 4843 tur,
358 4775 413 4831 in
450 4775 904 4832 sublimissimum
948 4773 1298 4833 ineﬂ'abiliter
1338 4775 1602 4843 sublevat,
1635 4776 1803 4833 Deum

215 4864 486 4931 videlicet,
513 4867 607 4938 qui
641 4865 1069 4923 sublimissimus
1103 4876 1206 4934 est,
1238 4875 1295 4924 et
1329 4868 1485 4940 cujus
1513 4869 1809 4940 participa-

220 4956 366 5013 tione
398 4958 497 5030 ipsi
530 4959 739 5016 Thmui
757 4958 1020 5015 sublimes
1046 4969 1191 5016 sunt.
1222 4960 1391 5016 Docet
1416 4960 1551 5016 illud
1574 4961 1810 5016 colloca-

219 5059 355 5118 tum,
381 5050 464 5107 vel
490 5051 808 5117 fundatum,
844 5049 948 5106 hoc
979 5059 1065 5107 est
1096 5052 1507 5110 collocationem
1536 5061 1594 5107 et
1617 5052 1811 5109 funda-

1916 4775 2198 4843 superiora
2236 4767 2606 4833 inferioribus,
2637 4763 2976 4838 purgationis
3000 4776 3191 4834 purae,
3227 4759 3370 4815 nulla
3398 4757 3508 4812 dis-

1916 4864 2272 4922 similitudine
2295 4859 2634 4925 intermixta,
2664 4865 2721 4911 et
2747 4856 2802 4910 in
2836 4854 3003 4910 divini
3028 4851 3268 4916 luminis,
3290 4850 3336 4883 ²¹
3357 4846 3507 4905 simi-

1914 4956 2043 5013 liter
2064 4952 2539 5031 participationem
2577 4958 2634 5006 et
2672 4947 3044 5012 traditionem,
3069 4952 3126 5002 et
3156 4945 3212 5000 in
3244 4938 3505 5014 perfecti-

1917 5065 2020 5107 vae
2058 5049 2345 5114 scientiae,
2376 5044 2568 5101 eodem
2601 5042 2763 5099 modo
2794 5038 3268 5116 participationem
3304 5041 3360 5091 et
3392 5039 3506 5087 tra-

1500 5165 1761 5225 VARIAE
1808 5163 2219 5227 IECTIONES.

296 5284 716 5360 _‘_B_§erapliin_et
752 5282 1025 5360 cherubin,
1059 5286 1139 5343 sic
1163 5283 1503 5360 saepissime.

220 5356 243 5387 ⁸
271 5355 361 5410 Sic
384 5341 448 5423 (ἓξ
472 5341 708 5435 Α’ὗῆᾖπέ
728 5354 883 5436 quod
910 5362 993 5411 est
1011 5341 1289 5428 quoniam:
1366 5354 1389 5388 ⁸
1413 5356 1494 5411 Ex
1514 5341 1683 5428 eonj.,
1701 5341 1801 5427 pro

220 5429 349 5489 quit.
440 5430 459 5462 ⁷
481 5431 563 5489 ΑΒ
586 5435 809 5489 habere
829 5425 1076 5482 Videntur
1110 5428 1343 5489 ἕπάρμω.
1440 5428 1462 5459 ⁸
1484 5425 1574 5480 AB
1599 5429 1797 5489 ἐπὰρω.

1920 5341 2414 5417 ηἰάὸήΑῙῗοηίηἰας
2436 5346 2500 5400 ab
2521 5359 2632 5401 om.
2658 5341 2719 5399 C.
2814 5342 2837 5374 ⁸
2864 5341 2906 5396 Β
2926 5341 3127 5412 inquid,
3156 5341 3196 5389 Β
3216 5341 3233 5355 '
3256 5346 3399 5388 corr.
3421 5341 3509 5383 tn-

1959 5427 2055 5484 Sic
2078 5432 2232 5489 ABC.
2265 5422 2523 5489 Fortasse
2559 5410 3141 5489 legen_d._est_subl_evo,
3174 5413 3509 5489 quaelvuxha

1440 5428 1462 5459 ⁸
1484 5425 1574 5480 ΑΒ
1599 5425 1797 5505 fartis—pm.

220 5429 349 5498 quit.
440 5430 459 5462 ⁷
481 5431 563 5490 ΑΒ
586 5424 809 5506 habere
829 5424 1076 5506 videnlur

221 5496 352 5536 imm
396 5506 591 5552 -ιωηιιιι
622 5500 916 5548 cor-intum
947 5497 1031 5528 νίν
1075 5496 1254 5528 δίκαιε
1308 5496 1503 5544 Vanam
1545 5496 1756 5553 sub/cbo
1799 5511 1815 5551 ε

1920 5510 2073 5562 tetes,
2132 5503 2259 5562 quin
2294 5509 2356 5549 su

1601 5286 1635 5363 '.
1659 5284 1814 5343 σοι-το
1858 5283 1901 5339 Β
2004 5284 2102 5363 AB
2130 5274 2599 5363 είςηεβςαιεονεηηιι
2658 5271 2698 5363 ξ
2730 5269 2773 5326 Β
2796 5266 3233 5363 lauisse:
3251 5257 3506 5363 eam;

2814 5342 2837 5374 ⁸
2864 5331 3127 5412 Binquid,
3156 5336 3196 5389 Β
3216 5336 3233 5355 ⁴
3256 5346 3399 5388 corr.
3421 5331 3509 5383 in-

2362 5471 2458 5559 m
2498 5488 2554 5542 in
2586 5471 2872 5562 coddlbis
2886 5471 3515 5562 habebatur'sub'l‘epata‘;
