4028 6274
225 370 335 430 181

1084 365 1310 432 SUPER
1345 365 1773 432 ΕΒΔΒΟΗΙΛΜ
1810 371 2219 432 CAELESTEM
2256 375 2316 432 S.
2361 374 2676 432 DlONYSll.

3398 378 3498 434 189

227 485 386 538 nium
431 480 745 545 immediate
791 482 1114 551 principium
1157 484 1244 537 sui
1294 492 1473 539 motus
1515 485 1746 556 accipit,
1787 502 1817 540 a
1847 491 1892 550 Α
1919 498 2030 555 tur,
2065 491 2316 546 ineﬂ‘abili
2347 509 2472 565 erga
2527 495 2626 549 sibi
2655 494 2928 564 subjectos
2961 496 3000 525 “
3031 494 3229 565 pietate
3268 504 3322 549 et
3363 494 3500 548 cari-
3583 540 3594 546 .

225 577 388 632 nullo
423 576 626 630 moveri
658 590 765 629 non
800 575 1074 629 immerito
1115 575 1331 638 dicitur,
1372 577 1625 644 quoniam
1655 592 1816 633 causa

223 677 419 724 notus
466 667 551 720 sui
603 666 1075 734 superessentialis
1118 676 1230 726 est,
1279 675 1335 720 et
1375 677 1592 738 superat
1633 683 1814 731 autne,

230 757 379 827 quod
417 766 522 822 est,
547 768 602 811 et
633 758 648 787 ι
681 756 826 826 quod
858 773 962 811 non
991 766 1099 811 est.
1131 758 1309 813 Celeri
1339 775 1464 814 vero
1491 760 1818 815 universita-

231 852 306 904 tis
339 850 593 905 conditae
619 850 859 915 ordines,
887 851 1138 919 quamvis
1169 851 1222 904 in
1251 866 1354 904 una
1386 866 1550 906 causa
1573 853 1820 907 omnium

227 955 420 998 motus
443 944 530 998 sui
550 944 873 1013 principium
904 944 1256 1010 consumant,
1287 958 1392 998 non
1424 955 1599 999 tamen
1630 945 1820 998 imme-

229 1036 383 1089 diate
418 1035 484 1088 ab
521 1035 660 1104 ipso,
691 1036 782 1088 sed
811 1034 1077 1104 gradatim
1125 1051 1223 1105 per
1263 1035 1571 1105 superiores
1611 1049 1824 1105 semper

231 1127 528 1182 inferiores
567 1137 626 1182 et
671 1137 956 1182 IIIOVellllll‘
991 1141 1048 1182 et
1089 1128 1555 1185 administrantur.
1594 1127 1824 1182 Pulchre

231 1221 406 1291 igitur
442 1219 882 1275 excellentissimi
931 1221 1244 1276 caelestium
1282 1221 1641 1275 essentiarum
1682 1219 1825 1273 ordi-

233 1327 332 1367 nes
353 1314 704 1376 αὺτοκινητοὶ,
733 1313 835 1366 hoc
854 1322 958 1377 est,
985 1328 1083 1383 per
1109 1328 1166 1367 se
1196 1313 1326 1367 moti
1347 1321 1404 1367 et
1426 1319 1626 1366 suntet
1653 1310 1826 1366 nomi-

231 1414 460 1469 nantur,
494 1406 749 1475 quoniam
795 1418 892 1474 per
934 1405 1142 1472 seipsos
1184 1405 1390 1473 seipsos
1426 1410 1668 1468 movent,
1699 1413 1755 1457 et
1795 1417 1825 1456 a

231 1499 433 1568 seipsis
473 1509 775 1552 moventur.
827 1498 870 1551 A
911 1498 1058 1551 nullo
1106 1499 1250 1552 enim
1303 1497 1566 1567 superiori
1611 1511 1670 1550 se
1709 1511 1848 1581 mox

233 1603 458 1654 ventur,
489 1591 590 1644 nisi
621 1591 689 1643 ab
717 1590 838 1658 ipso
870 1589 998 1653 Deo,
1027 1588 1117 1658 qui
1150 1588 1349 1642 nullius
1380 1587 1595 1657 preprie
1618 1586 1826 1656 princi—

227 1683 389 1753 pium
443 1693 621 1737 motus
665 1691 781 1744 est,
813 1670 1071 1750 quoniam
1119 1682 1361 1736 omnium
1414 1681 1664 1750 generale
1713 1687 1826 1744 est;

231 1778 382 1844 quod
415 1783 596 1829 autem
633 1776 872 1828 omnium
911 1774 1163 1844 generale
1194 1783 1300 1838 est,
1331 1773 1528 1828 nullius
1554 1774 1828 1843 proprium

1918 591 2032 637 tate
2073 592 2382 650 moventur,
2415 585 2617 641 nullum
2658 602 2845 641 eorum
2881 587 3060 657 perire
3098 596 3192 641 aut
3226 587 3280 640 in
3324 585 3502 657 aliquo

1917 678 2230 747 contempni
2266 678 2523 734 sinentes.
2549 678 3090 750 Contemplativasque
3125 681 3308 732 iterum
3341 677 3505 732 sensi-

1915 768 2103 821 bilium
2135 769 2509 838 symbolarum,
2540 780 2629 823 aut
2655 767 3084 824 intellectualium
3114 768 3501 839 speculationis.

1921 861 1968 914 Α
2016 861 2382 931 superioribus
2429 862 2796 917 subauditur:
2833 861 3223 916 aestimandtnn
3269 876 3504 930 qtioqne,

1919 971 2019 1010 eas
2044 957 2490 1026 contemplativas
2511 971 2635 1012 esse
2661 955 2993 1011 sensibilium
3019 953 3384 1026 symbolortun
3416 963 3509 1008 aut

1919 1047 2404 1111 intellectualium,
2447 1057 2506 1101 ut
2553 1048 2907 1102 subaudiatur
2950 1045 3200 1101 similiter
3244 1042 3510 1113 symbolo-

1923 1157 2068 1205 rum,
2098 1140 2685 1211 speculationis.Quae
2729 1139 2993 1194 sententia
3036 1135 3321 1207 dupliciter
3347 1135 3390 1168 ⁸⁸
3419 1149 3513 1203 p0—

1923 1244 2032 1290 test
2077 1235 2327 1304 intelligi,
2367 1243 2424 1287 ut
2471 1249 2663 1288 sensus
2714 1234 2784 1287 sit
2813 1232 2860 1266 ⁸³
2889 1247 2904 1286 :
2929 1230 3263 1287 sensibilium
3299 1229 3513 1298 symbo-

1919 1328 2102 1381 lo-rum
2147 1337 2242 1381 aut
2290 1325 2704 1396 intelligibilium
2747 1323 3202 1394 contemplativae
3241 1327 3366 1374 sunt
3395 1333 3515 1388 spe-

1930 1417 2241 1482 culationis,
2268 1418 2370 1473 hoc
2404 1426 2487 1471 est
2525 1417 2768 1471 occultae
2813 1414 3224 1484 intelligentiae.
3260 1411 3330 1465 Ut
3373 1410 3513 1463 enim

1924 1508 2406 1572 intellectualium,
2465 1508 2538 1561 ita
2600 1507 2761 1562 etiam
2833 1504 3171 1558 sensibilium
3241 1499 3516 1571 symbolo-

1927 1616 2052 1656 rum
2109 1589 2546 1670 contemplantur
2591 1598 2944 1653 intellectum.
2987 1592 3272 1649 Senslbilia
3337 1599 3514 1670 autem

1924 1693 2178 1766 ‘symbola
2262 1703 2388 1747 sunt
2415 1735 2429 1757 ,
2512 1705 2743 1761 quorum
2837 1687 3164 1742 intellectum
3255 1683 3518 1738 caelestes

1932 1787 2163 1840 virtutes
2215 1783 2666 1853 contemplantur,
2722 1781 2921 1836 veteris
2977 1778 3114 1847 legis
3154 1782 3515 1838 sacramenta,

232 1878 340 1923 est.
397 1867 507 1922 liae
549 1869 758 1921 ratione
805 1882 910 1921 non
957 1867 1130 1920 solum
1179 1865 1556 1934 primordiales
1590 1866 1830 1919 omnium
1864 1875 1908 1933 Β
1936 1876 2085 1930 νει-Μ
2142 1877 2316 1947 gratia
2362 1874 2789 1938 tabernaculum,
2839 1880 2893 1927 et
2939 1871 3142 1928 omina,
3183 1883 3320 1939 quae
3367 1868 3420 1921 in
3457 1881 3522 1921 eo

233 1973 425 2012 rerum
464 1972 661 2012 causae
698 1960 1030 2020 αὐτοκινητοί,
1062 1971 1249 2010 verum
1277 1957 1445 2009 etiam
1484 1954 1829 2009 excellentis-

229 2052 363 2106 simi
400 2052 418 2081 ²
449 2050 709 2105 caelestes
753 2051 973 2104 ordines
1006 2059 1403 2119 nuncupantur.
1427 2049 1675 2104 Humana
1700 2065 1833 2118 quo-

231 2158 343 2211 que
395 2143 572 2196 anima
625 2158 654 2196 a
703 2143 1039 2211 philosophis
1094 2143 1436 2206 αὐτοκινητός,
1471 2143 1573 2196 hoc
1603 2151 1703 2203 est,
1738 2155 1834 2210 per

233 2236 478 2305 seipsam
508 2245 653 2289 mota
691 2235 714 2266 ⁸
743 2251 846 2290 non
877 2235 1321 2290 irrationabiliter
1344 2235 1673 2298 nominatur,
1708 2235 1833 2304 quia

233 2329 392 2380 nulla
416 2337 666 2382 creatura
697 2328 1052 2398 propinquior
1068 2337 1150 2382 est
1180 2327 1310 2390 Deo,
1331 2338 1406 2394 et,
1435 2329 1479 2383 si
1505 2343 1613 2381 non
1639 2343 1835 2398 pecca-

236 2428 346 2480 ret,
381 2433 475 2488 per
501 2418 705 2472 nullum
735 2420 1071 2489 superiorem
1112 2435 1169 2473 se
1206 2420 1448 2473 ordinem
1488 2421 1835 2474 administra-

236 2518 422 2572 retur,
441 2510 700 2578 quoniam
727 2507 904 2564 nullus
929 2511 1176 2580 superior
1193 2511 1278 2564 illa
1310 2513 1463 2564 tierct
1478 2511 1630 2571 ordo,
1647 2526 1836 2580 quem-

236 2602 538 2656 admodum
574 2617 674 2655 i:on
706 2602 841 2667 erit,
875 2603 1094 2672 quando
1123 2603 1144 2633 ‘
1189 2603 1240 2656 in
1283 2603 1566 2673 pristinam
1607 2612 1836 2656 naturae

235 2707 379 2749 suae
395 2693 741 2748 revocabitur
770 2694 1109 2764 dignitatem.
1143 2695 1208 2748 Et
1239 2696 1289 2749 in
1312 2697 1543 2766 subjecta
1571 2706 1836 2751 contume-

238 2782 375 2835 liam
403 2784 616 2836 omnino
651 2785 956 2838 nescientes.
1006 2784 1116 2838 Hoc
1148 2794 1254 2850 est,
1293 2786 1541 2856 quanwis
1583 2787 1633 2838 in
1673 2787 1837 2840 subli-

241 2874 438 2929 mitate
467 2875 792 2930 universalis
827 2886 1109 2931 creaturae
1137 2889 1258 2950 post
1298 2878 1465 2932 Deum
1511 2879 1838 2934 constitutae

241 2966 376 3032 sint,
409 2968 630 3023 omnino
661 2979 840 3025 tamen
883 2970 938 3023 in
984 2985 1068 3036 ca,
1100 2987 1240 3040 quae
1279 2972 1379 3026 sibi
1415 2971 1651 3041 subjecta
1693 2980 1834 3036 sunt,

243 3069 661 3136 contumeliam,
693 3069 777 3126 vel
809 3071 945 3127 sicut
982 3071 1194 3142 planius
1227 3071 1568 3136 transfertur,
1599 3079 1840 3124 contem—

243 3173 401 3232 ptum
449 3160 631 3218 facere
678 3165 948 3220 nesciunt.
988 3164 1055 3218 Et
1108 3181 1213 3219 non
1265 3167 1367 3218 hoc
1417 3165 1613 3228 solum,
1654 3179 1839 3218 verum

1931 1967 2050 2022 lieni
2109 1967 2365 2021 Dominus
2415 1966 2712 2036 praecepit,
2768 1963 2958 2019 deinde
3007 1962 3240 2016 visiones
3287 1959 3522 2029 prophe-

1932 2070 2108 2114 tarum
2161 2061 2212 2114 in
2264 2060 2428 2114 variis
2472 2059 2718 2115 formulis
2768 2067 2928 2126 atque
2977 2056 3196 2126 tigni-is,
3245 2060 3523 2124 postremo

1934 2151 2303 2206 ecclesiastica
2359 2149 2492 2205 Novi
2549 2149 2878 2204 Tcstameuti
2947 2146 3234 2218 mysteria,
3293 2157 3522 2212 quorum

1935 2244 2176 2297 omnium
2217 2243 2465 2296 intimum
2513 2242 2693 2296 luinen
2737 2239 2908 2294 sancti
2948 2237 3122 2309 angeli
3153 2236 3301 2291 clare
3333 2235 3378 2268 ⁸³
3406 2249 3526 2304 per-

1937 2337 2191 2406 spiciunt.
2240 2336 2390 2402 Quae
2436 2335 2547 2389 sint
2595 2348 2724 2387 vero
2798 2328 3155 2399 intelligibil-ia
3233 2325 3474 2398 symboia
3505 2364 3519 2389 ,
3564 2399 3572 2412 ‘

1937 2441 2044 2479 non
2111 2425 2272 2479 facile
2327 2425 2485 2479 nobis
2545 2423 2820 2486 occurrit,
2875 2421 2980 2474 nisi
3045 2419 3185 2472 torte
3259 2416 3524 2477 dicamus,

1937 2520 2084 2590 ipsas
2099 2519 2476 2587 theophanias,
2496 2517 2549 2570 in
2575 2517 2768 2585 quibus
2785 2522 2868 2569 est
2881 2514 2926 2545 ι’
2951 2511 3157 2580 species
3171 2507 3416 2563 veritatis
3433 2521 3530 2574 per

1938 2627 1997 2666 se
2020 2610 2170 2664 omni
2205 2608 2503 2663 intellectui
2531 2607 2816 2662 invisibilis
2846 2605 2904 2667 ¹⁶,
2931 2604 3089 2658 modo
3117 2601 3348 2671 quodam
3373 2599 3529 2652 nobis

1939 2703 2115 2755 adhuc
2145 2700 2420 2772 incognito
2453 2697 2834 2754 intellectualia
2877 2697 2918 2728 "
2950 2695 3218 2768 syntbola,
3279 2695 3378 2748 hoc
3425 2700 3523 2754 est,

1939 2793 2297 2848 materialium
2329 2807 2510 2848 rerum
2541 2791 2894 2846 similitudine
2937 2788 3180 2843 carentia
3225 2786 3355 2856 ipsis
3383 2800 3526 2848 esse,

1937 2885 2014 2937 ita
2042 2893 2102 2938 ut
2153 2885 2204 2937 in
2236 2883 2368 2954 ipsis
2393 2882 2777 2951 'tlieophaniis,
2825 2881 2924 2934 hoc
2951 2886 3055 2943 est,
3093 2877 3289 2932 divinis
3315 2875 3532 2946 appari-

1939 2976 2215 3040 tionibus,
2269 2989 2403 3043 quas
2461 2972 2809 3027 intellectuali
2864 2971 3019 3024 oculo
3075 2967 3531 3036 contemplantur,

1942 3069 2162 3122 intimos
2194 3067 2407 3121 divinos
2455 3065 2760 3119 intellectus
2791 3062 3141 3133 perspiciant,
3174 3057 3532 3131 quemadmo-

1939 3159 2068 3212 dum
2098 3171 2195 3211 nos
2220 3171 2316 3227 per
2342 3154 2614 3210 sensibilia
2639 3153 2899 3225 symbola,
2918 3160 3179 3222 quantum
3204 3148 3534 3205 daturnobis

239 3253 411 3307 etiam
446 3252 500 3307 in
543 3269 784 3310 amorem
817 3265 869 3311 et
899 3257 1258 3328 cognitionem
1293 3257 1594 3310 communis
1618 3256 1839 3312 Creato-
1867 3241 1914 3304 C
1948 3249 2267 3321 intelligere,
2297 3248 2565 3318 quaedam
2603 3248 2783 3301 divina
2821 3246 3030 3300 occulta
3074 3242 3331 3314 mysteria
3359 3240 3402 3275 ⁸⁸
3444 3255 3534 3297 co-

242 3345 325 3399 ris
367 3345 616 3399 subditos
654 3347 755 3401 sibi
797 3347 1015 3402 ordines
1069 3349 1359 3402 admonent
1403 3348 1438 3392 ⁸.
1465 3358 1518 3417 et
1560 3358 1835 3404 revocant.

244 3434 406 3504 Quod
457 3447 854 3508 consequenter
902 3438 1174 3508 subiungit
1210 3458 1223 3491 :
1258 3437 1364 3494 Sed
1407 3439 1728 3493 incasualem
1786 3450 1841 3494 ut

245 3537 294 3580 et
364 3526 879 3584 intrausmutabilem
947 3530 1192 3583 habentes
1265 3531 1507 3600 propriae
1572 3529 1840 3598 deiformis

248 3618 594 3688 specialitatis
630 3622 965 3690 purissimam
1006 3623 1417 3676 collocationem.
1453 3621 1567 3678 Hoc
1595 3631 1696 3688 est,
1733 3639 1840 3678 non

247 3711 427 3766 solum
457 3720 827 3785 contemptum
857 3715 914 3769 in
945 3715 1183 3784 subiecta
1218 3717 1318 3771 sibi
1352 3717 1620 3780 nesciunt,
1653 3731 1842 3769 verum

245 3803 417 3858 etiam
463 3803 1060 3874 habent'incasualem,
1092 3818 1151 3861 ut
1201 3817 1255 3862 et
1293 3807 1839 3868 intransmutabilem.

249 3895 604 3965 purissimam
652 3898 1059 3954 collocationem
1095 3900 1344 3970 propriae
1402 3900 1682 3954 dcil'ormis
1717 3916 1841 3970 spc-

251 3986 532 4043 cialitatis.
558 3989 912 4046 Purissimam
939 3993 1134 4062 quippe
1165 3993 1571 4048 collocationem
1599 4034 1609 4056 ,
1650 3992 1845 4047 {nmia-

253 4089 500 4133 meutum
527 4081 548 4112 ‘
575 4082 736 4152 plane
783 4085 983 4139 habent
1015 4086 1361 4146 inca5uaiem,
1396 4086 1536 4156 quod
1570 4103 1841 4155 nunquam

254 4171 402 4240 ruit,
449 4181 503 4227 et
544 4176 769 4242 merito,
813 4177 937 4246 quia
984 4178 1471 4233 intrati-mutabilis
1519 4189 1629 4246 est;
1671 4179 1844 4234 nescit

252 4265 400 4319 enim
440 4267 664 4321 moveri.
705 4269 820 4324 Et"
856 4287 992 4339 quae
1035 4279 1116 4324 est
1164 4272 1184 4301 ⁸
1217 4272 1305 4325 illa
1341 4273 1661 4328 collocatio?
1701 4274 1844 4343 quod

255 4356 704 4412 fundamentum?
731 4359 954 4430 Propria
1000 4361 1155 4432 plane
1201 4363 1479 4419 dcilormis
1515 4365 1839 4434 specialitas,

255 4462 420 4516 quam
451 4450 627 4505 omnis
659 4455 862 4521 appetit
887 4461 1162 4518 creatura,
1216 4455 1328 4508 sive
1373 4457 1547 4510 sciens
1583 4455 1710 4526 quid
1752 4471 1843 4526 ap-

253 4548 427 4608 petat,
468 4540 584 4595 sive
629 4545 893 4608 nesciens,
938 4545 1158 4599 omnino
1196 4561 1321 4599 casu
1365 4556 1418 4600 ct
1463 4528 1842 4601 transmutabi~

1947 3357 2213 3414 gnoscere
2253 3342 2526 3411 jubemur.
2562 3340 2745 3394 Potest
2773 3348 2828 3393 et
2857 3339 2936 3394 sic
2973 3335 3240 3405 intelligi:
3275 3334 3532 3389 Contem—

1945 3437 2177 3507 plativas
2229 3433 2562 3490 sensibilium
2613 3431 2977 3505 symbolorum
3029 3445 3156 3486 esse
3207 3427 3536 3483 excellentes

1943 3508 2213 3584 essentiae
2234 3526 2626 3582 existimandae
2645 3534 2791 3589 sunt,
2825 3533 2917 3579 aut
2945 3523 3393 3592 contemplativas
3417 3533 3538 3590 Spe-

1943 3623 2257 3687 colat-iouis,
2301 3624 2402 3676 hoc
2424 3629 2531 3685 est,
2567 3620 2894 3690 cognitionis
2923 3616 3367 3673 intellectualium
3404 3628 3537 3683 qua—

1947 3713 2294 3782 liumcunque
2325 3727 2527 3767 rerum.
2574 3709 2688 3765 Non
2710 3711 2855 3764 enim
2889 3709 3135 3779 cogimur
3162 3705 3452 3761 subaudire
3481 3704 3535 3757 in

1947 3813 2226 3874 utroque:
2287 3803 2674 3875 symbolorum,
2724 3803 2819 3857 sed
2863 3801 3109 3856 absolute
3156 3799 3533 3855 solummodo:

1945 3897 2400 3968 contemplativas
2428 3895 2893 3958 iutellectualium,
2933 3903 3015 3958 ut,
3045 3893 3404 3962 quodcunque
3431 3889 3539 3945 cui-

1951 3990 2078 4044 libet
2125 3989 2458 4060 probabilius
2501 3987 2766 4052 videatur,
2821 3986 3132 4050 subattdiat,
3167 3983 3299 4038 'sive
3332 3996 3533 4047 rerum,

1951 4084 2063 4137 sive
2084 4096 2428 4144 arcanorum,
2462 4080 2577 4134 sive
2602 4080 2879 4142 virtutum,
2907 4077 3024 4131 sive
3053 4075 3358 4145 hujusmodi
3383 4073 3538 4127 simi-

1951 4177 2040 4231 lia.
2072 4175 2177 4229 Sed
2210 4171 2661 4241 quemadmodum
2691 4168 2953 4223 caelestes
2993 4165 3286 4228 essentiae,
3338 4177 3458 4216 cum
3493 4162 3536 4198 ³⁵

1947 4271 2060 4324 sint
2093 4267 2316 4322 omnino
2347 4247 2733 4333 incerporales,
2781 4260 3056 4315 sensibilia
3101 4255 3540 4325 contemplanuir

1953 4360 2218 4435 symbola,
2243 4374 2352 4413 non
2378 4372 2549 4427 parva
2575 4338 2781 4426 indiget
2808 4353 3078 4424 indagine,
3103 4349 3204 4404 nisi
3234 4348 3374 4404 forte
3393 4348 3538 4401 ritca-

1952 4469 2093 4517 mus,
2125 4469 2218 4508 eas
2244 4448 2598 4522 spiritualium
2629 4461 2916 4517 corporum
2963 4443 3333 4498 habitudinem
3368 4438 3536 4504 indui,

1952 4557 2011 4602 ut
2039 4545 2314 4602 sensibilia
2354 4558 2450 4614 per
2495 4557 2685 4597 sensus
2713 4546 3079 4609 cognoscant:
3118 4534 3204 4589 vel
3232 4541 3379 4588 certe
3423 4546 3542 4585 cre-

254 4630 408 4685 litatc
452 4643 623 4699 caret,
655 4634 780 4689 nulli
827 4646 1110 4691 creaturae
1151 4653 1180 4690 a
1206 4653 1264 4692 se
1304 4639 1552 4692 conditae
1580 4640 1838 4692 incuriam
1870 4611 1922 4671 Ῐ)
1949 4637 2180 4692 dendnm
2249 4644 2351 4700 est,
2404 4649 2496 4687 eas
2529 4648 2633 4686 nou
2677 4630 2850 4685 solum
2897 4625 3306 4688 intellectualia,
3351 4637 3538 4677 verum

257 4738 349 4777 seu
406 4735 772 4796 contemptum
829 4729 1010 4783 infert.
1057 4728 1134 4783 ita
1184 4730 1510 4787 excellentes
1547 4733 1837 4797 cssentiae,

257 4817 356 4887 ipsi
402 4815 607 4872 formae
636 4819 942 4875 simillimae
975 4831 1136 4890 atque
1173 4823 1474 4892 proximae,
1511 4823 1735 4877 omnino
1775 4823 1840 4877 il-

225 4906 364 4962 ’lam
412 4919 702 4979 sequentes
747 4921 801 4965 et
834 4911 1131 4977 imitantes,
1169 4914 1220 4967 in
1269 4913 1696 4971 incommutabili
1745 4930 1841 4967 ua—

210 5071 214 5074 ,
257 5008 416 5057 time
437 5017 566 5058 suae
595 5013 739 5059 statu
766 5013 819 5060 et
841 5006 1244 5075 pulchritudine
1274 5007 1437 5061 divini
1474 5008 1788 5078 principalis
1823 5011 1844 5042 ’

259 5095 491 5166 exempli
513 5096 578 5163 ¹⁰,
609 5113 770 5167 quam
795 5099 998 5169 absque
1022 5099 1126 5153 ulla
1155 5100 1589 5156 dissimilitudine
1614 5118 1845 5171 sequun-

1949 4731 2112 4786 ctiam
2159 4726 2435 4782 sensibilia
2469 4726 2672 4792 absque
2718 4721 2825 4775 ullo
2874 4717 3235 4789 corporalium
3281 4728 3537 4768 sensuum

1949 4820 2276 4876 adminiculo
2306 4832 2530 4878 cernere
2574 4831 2752 4887 posse,
2775 4813 2921 4869 sicut
2946 4811 3193 4865 Elisaeus
3221 4809 3267 4848 ³⁸
3299 4807 3540 4866 Naaman

1951 4918 2146 4990 Syrum
2175 4932 2233 4970 se
2269 4917 2321 4968 in
2350 4913 2584 4969 Iordane
2613 4913 2880 4964 lavantem
2904 4905 3172 4977 spirituali
3197 4903 3358 4958 octtlo
3387 4900 3536 4954 vit-lit.

1957 5010 2137 5081 Neque
2169 5010 2210 5040 “
2251 5018 2308 5061 ut
2361 5007 2609 5060 varietate
2652 5020 2834 5058 sacrae
2866 4999 3168 5070 Scripturae
3215 4997 3444 5050 theoriae
3489 4992 3542 5043 iu

1953 5103 2185 5156 divinum
2219 5099 2480 5164 reductas,
2515 5099 2602 5152 sed
2646 5106 2698 5149 ut
2749 5095 2914 5148 omnis
2962 5089 3322 5146 immaterialis
3372 5086 3540 5139 scicn-

1550 5210 1803 5272 VARIAE
1839 5213 2238 5271 LECTlONES.

337 5302 537 5368 ‘Aeo.

265 5464 440 5519 marg.
469 5446 648 5500 adscr.
689 5446 790 5518 sive
823 5445 1252 5512 fundamentum.

265 5557 429 5610 supra
482 5557 592 5597 scr.
635 5541 718 5596 B‘.

617 5306 636 5334 ⁵
662 5303 705 5364 Β
735 5304 1095 5368 excelsissimi.

1174 5303 1192 5336 ³
1223 5302 1315 5360 Sic
1345 5312 1401 5360 et
1439 5304 1561 5358 .rad.
1601 5321 1742 5360 corr.
1777 5308 1862 5374 B‘,
1901 5307 1990 5362 ΑΒ
2029 5320 2245 5362 motam.

1331 5448 1350 5476 ⁷
1381 5445 1440 5504 Β·
1469 5463 1642 5518 marg.
1689 5448 1868 5504 adscr.
1905 5451 2148 5504 ostendit.

797 5543 838 5572 ιο
868 5543 958 5602 δίο
983 5542 1054 5605 ί];
1086 5543 1173 5602 ΑΒ
1207 5543 1462 5614 εφεηῳια,
1495 5542 1553 5595 B‘
1585 5560 1726 5598 corr.
1761 5545 2016 5614 exemplo.

2324 5309 2346 5340 “
2370 5310 2412 5364 B
2435 5307 2564 5364 fort.
2605 5323 2785 5378 quum.
2863 5305 2883 5338 ⁸
2911 5303 2951 5358 Β
2981 5305 3280 5358 admouent.
3358 5298 3377 5327 ⁸
3408 5296 3446 5350 Β
3475 5298 3539 5350 ad

2872 5388 2952 5431 tua

2226 5451 2247 5484 ⁸
2275 5449 2316 5504 Β
2344 5451 2431 5506 sit.
2519 5453 2540 5485 ⁹
2568 5449 2611 5503 Β
2637 5447 2942 5523 principalis
2966 5447 3169 5516 (punct.
3214 5441 3319 5511 adj.
3361 5449 3414 5510 et
3457 5449 3539 5492 Ius

2126 5547 2165 5577 ¹¹
2195 5545 2306 5600 Sic.
2335 5545 2424 5616 CA
2440 5562 2563 5616 ergo
2591 5545 2849 5614 subjectos
2878 5541 2974 5596 sibi
3003 5537 3278 5616 subjectos.
3306 5531 3540 5616 11:“0‘93

265 5601 527 5702 subjectos
586 5613 685 5667 sibi
732 5601 990 5683 subjectos
1020 5601 1224 5682 (punct.
1253 5613 1315 5667 Β·
1346 5601 1483 5683 subj.
1518 5615 1773 5684 videtur).
1856 5601 1966 5671 “'A
1996 5618 2324 5688 duppliciter,
2351 5614 2391 5669 Β
2412 5601 2730 5702 ’Διιῇρίὶιτὶιᾶν
2760 5615 2966 5683 (punct.
2999 5601 3106 5678 ade
3135 5605 3240 5667 θ’).
3319 5602 3369 5702 ξξ
3395 5602 3432 5658 B
3476 5601 3540 5654 sit

265 5723 465 5760 tenuis.
549 5709 589 5737 ⁸⁸
613 5707 656 5759 Β
681 5708 830 5772 dare,
863 5707 922 5760 B‘
956 5722 1097 5761 corr.
1128 5708 1289 5760 clare.

265 5799 480 5854 visibilis
531 5802 733 5869 (punct.
785 5800 1019 5870 adj.B‘).
1125 5801 1165 5831 ι’
1207 5799 1292 5852 B“

268 5869 351 5940 θ’,
380 5871 512 5929 ABC
546 5873 688 5928 dum.
792 5869 955 5927 "AB
993 5872 1271 5926 leisaeus.
1374 5873 1414 5902 ¹¹
1458 5872 1498 5926 Β
1523 5888 1634 5927 nec.

1390 5707 1434 5738 “‘
1473 5705 1650 5773 Conj.,
1691 5708 1822 5764 ABG
1844 5711 1938 5764 eis.

1351 5815 1512 5874 supra
1556 5801 1734 5856 adscr.
1763 5821 1855 5874 per
1882 5803 2283 5861 intellectualia.

2057 5711 2098 5740 ’σε
2139 5709 2229 5765 Sic
2264 5709 2337 5777 c,
2371 5710 2418 5764 A
2453 5695 2806 5765 intellectuum
2849 5701 3089 5767 visibilis,
3121 5699 3162 5754 B
3200 5695 3542 5780 iutcllecluiiu

2376 5802 2421 5834 ³³
2458 5801 2500 5854 Β
2549 5799 2799 5871 mysteria
2829 5795 3054 5850 occulta.
3137 5792 3179 5834 ⁸³
3211 5790 3353 5847 Rari.
3394 5799 3538 5844 (ξων.
