4028 6274
552 375 656 433 185

1685 373 2190 434 EXPOSlTlONES
2229 373 2518 434 JOANNIS
2556 374 2758 436 SCOTI

3715 394 3831 451 184

551 472 659 524 tiae
695 468 714 500 ⁸
735 466 940 523 altioris
961 464 1173 522 luminis
1207 464 1450 537 repletas,
1477 473 1527 523 et
1551 467 1842 539 formificae
1862 480 1911 525 et
1936 470 2137 541 princi-
2166 475 2218 535 Α
2244 468 2452 536 tive,'in
2475 469 2652 542 aliqua
2678 471 2839 543 plane
2859 470 3059 541 forma,
3084 465 3338 549 ﬁgurant,
3367 481 3453 538 vel
3498 485 3567 539 ut’
3595 498 3832 557 expres-

551 558 688 632 palis
705 557 1108 630 pulchritudinis
1132 566 1180 612 et
1201 558 1224 589 ’
1250 559 1697 629 superessentialis
1725 569 1784 616 et
1806 569 1886 617 ter
1910 560 2132 618 lucentis
2185 563 2215 608 ι
2239 560 2353 616 sius
2408 559 2767 630 transfertur,
2821 563 3120 623 reformat
3179 569 3427 627 deiﬁcam
3500 574 3557 628 in
3630 576 3833 646 seipsis

551 650 1003 722 contemplationis
1030 690 1046 717 ,
1097 662 1351 722 quantum
1399 652 1512 723 fas,
1560 653 1780 724 refertas
1830 653 1875 710 ⁸.
1921 653 2133 726 Neque,

550 744 764 813 inquit,
818 742 1214 800 aestimandum
1261 743 1285 779 δ
1351 747 1801 818 contemplativas
1868 763 1991 806 esse
2039 764 2135 807 eas

548 834 883 891 sensibilium
931 835 1299 908 symbolorum
1350 846 1405 893 et
1459 838 1902 896 intellectualium
1950 856 2133 898 rerum

546 930 952 1002 speculationis,
980 930 1122 987 altae
1150 932 1310 1002 plane
1352 933 1760 1006 intelligentiae,
1806 944 1867 991 ut
1902 936 1924 968 '
1978 937 2134 991 redu-

544 1031 683 1087 ctas,
707 1022 810 1078 hoc
836 1032 942 1087 est,
972 1022 1128 1093 quasi
1177 1022 1431 1079 reductas
1460 1024 1514 1079 in
1560 1025 1726 1081 Deum
1752 1040 1822 1081 ex
1873 1025 2133 1083 varietate

545 1117 789 1173 theoriae
820 1131 1008 1173 sacrae
1038 1114 1373 1187 Scripturae.
1402 1116 1519 1173 Non
1550 1120 1719 1186 enim,
1755 1121 1896 1176 sicut
1945 1130 2130 1176 nostra

542 1222 731 1271 mens,
759 1223 896 1278 quae
924 1208 1349 1278 praevaricando
1393 1209 1604 1265 divinos
1642 1211 1881 1267 deseruit
1924 1212 2130 1269 intelle-

543 1307 683 1365 ctus,
713 1300 780 1354 ad
813 1298 1031 1355 eosdem
1060 1301 1255 1355 iterum
1284 1315 1384 1372 per
1415 1302 1734 1358 varietatem
1776 1312 1832 1358 et
1861 1303 2131 1359 multifor-

541 1391 784 1446 mitatem
813 1407 1001 1448 sacrae
1041 1390 1354 1463 Scripturae
1394 1394 1868 1462 contemplationis
1916 1395 2130 1451 reduci-

541 1490 649 1546 tur,
698 1482 775 1535 ita
800 1480 1127 1551 principales
1154 1483 1423 1539 essentiae
1468 1484 1677 1554 primae
1726 1484 2029 1541 ierarchiae
2069 1486 2126 1541 in

537 1571 706 1625 Deum
736 1572 1098 1639 reducuntur;
1135 1574 1231 1629 sed
1259 1574 1400 1630 sicut
1443 1575 1668 1630 satiatae
1692 1575 1838 1630 omni
1864 1576 2124 1631 immate-

536 1663 657 1717 riali
696 1656 931 1719 scientia
984 1663 1213 1731 altioris,
1266 1665 1551 1721 divinioris
1576 1665 1850 1731 videlicet,
1904 1666 2125 1723 luminis

2238 650 2663 708 similitudinem.
2685 653 2804 709 Non
2827 655 3095 726 siquidem
3126 659 3303 718 adhuc
3326 663 3488 719 veluti
3518 667 3730 737 parvuli
3767 669 3825 726 in

2236 741 2496 814 symbolis
2517 744 2827 815 sanctisque
2840 745 3109 818 ﬁgmentis
3123 749 3361 807 divinam
3384 754 3829 824 similitudinem,

2235 847 2341 904 qua
2370 850 2517 891 nunc
2543 835 2600 890 in
2626 835 2731 892 ﬁde
2756 836 3072 894 deiﬁcamur
3097 840 3163 906 ¹⁹,
3189 851 3245 897 et
3283 843 3336 900 in
3370 846 3552 916 specie
3601 847 3834 905 deiﬁcao

2234 927 2433 992 bimur,
2465 928 2521 984 in
2552 929 2598 960 "
2632 929 2786 985 nobis
2810 930 3190 1000 formamur“,
3218 937 3312 991 sed
3350 946 3410 992 ut
3429 953 3578 1006 vere,
3597 940 3701 996 hoc
3722 948 3830 1009 est,

2235 1020 2438 1090 absque
2463 1022 2573 1076 ullo
2603 1022 2861 1094 ﬁgmento
2898 1024 3024 1094 ipsi,
3076 1027 3330 1083 videlicet
3376 1028 3528 1097 Iesu,
3573 1032 3837 1102 approxi-

2233 1122 2446 1169 mantes
2478 1113 2531 1168 in
2566 1116 2741 1184 prima
2770 1106 3187 1189 participatione
3214 1129 3340 1176 sunt
3385 1122 3652 1178 scientiae
3680 1123 3835 1179 deiﬁ-

2231 1217 2418 1258 corum
2457 1204 2502 1234 "
2545 1203 2665 1273 ejus
2713 1203 2998 1272 luminum,
3050 1208 3155 1263 hoc
3189 1221 3292 1275 est,
3344 1210 3717 1268 deiﬁcantium
3771 1227 3833 1270 se

2230 1293 2368 1363 ejus,
2398 1291 2526 1349 Jesu
2552 1294 2731 1365 plane,
2762 1296 3239 1354 illuminationum.
3270 1300 3425 1356 Nulla
3452 1304 3654 1374 quippe
3692 1303 3832 1359 ima-

2231 1383 2472 1456 ginatio,
2510 1383 2718 1439 nullum
2768 1396 3170 1444 sacramentum
3222 1389 3308 1445 vel
3358 1390 3674 1463 ﬁgmentum
3720 1393 3833 1449 for-

2229 1483 2436 1530 matum
2495 1475 2639 1530 inter
2694 1492 2790 1531 eas
2837 1486 2926 1533 est
2975 1480 3211 1536 medium
3276 1492 3332 1537 et
3390 1484 3563 1552 ipsum
3635 1483 3828 1540 Jesum

2229 1566 2526 1634 Christum,
2556 1569 2643 1624 cui
2691 1572 2971 1639 proximae
2998 1582 3144 1629 sunt.
3197 1573 3267 1628 Et
3316 1578 3440 1647 quia
3491 1576 3605 1632 Deo
3651 1577 3833 1635 simile

2227 1658 2355 1728 ipsis
2400 1659 2776 1729 subjectissime
2827 1661 3079 1716 donatum
3127 1672 3244 1729 est;
3293 1681 3509 1737 semper
3569 1669 3830 1739 superius

536 1762 590 1810 et
623 1754 870 1822 refertas,
906 1763 1169 1825 quantum
1202 1754 1285 1811 fas
1306 1765 1413 1819 est,
1440 1757 1545 1812 hoc
1572 1764 1970 1828 est,.quantum
1999 1756 2126 1813 licet
2226 1750 2451 1806 verbum
2502 1752 2807 1822 repetitur:
2857 1762 2941 1810 est
2995 1757 3388 1814 aestimandum
3419 1760 3486 1824 ",
3530 1760 3661 1831 quia
3717 1761 3830 1818 Deo

534 1855 836 1912 creaturae,
888 1845 1188 1904 formiﬁcae
1232 1856 1289 1904 et
1336 1848 1652 1920 principalis
1701 1848 2121 1922 pulchritudinis
2148 1836 2197 1898 B
2225 1841 2399 1897 simile
2428 1843 2560 1913 ipsis
2587 1845 2844 1900 donatum
2868 1855 2968 1912 cst,
3002 1846 3106 1903 hoc
3128 1858 3233 1915 est,
3262 1850 3356 1906 Dei
3383 1851 3685 1907 similitudo
3733 1853 3831 1907 do-

534 1945 591 1993 et
630 1937 651 1969 ⁶
700 1938 1167 2008 superessentialis
1214 1951 1270 1996 et
1316 1948 1402 1996 ter
1448 1940 1681 1997 lucentis
1713 1941 1735 1973 '
1784 1941 2119 2013 contempla-

534 2031 700 2087 tione.
732 2031 933 2090 Plenae
960 2034 1227 2105 siquidem
1268 2044 1394 2089 sunt
1427 2036 1862 2106 supermundana
1890 2037 2119 2093 scientia

531 2120 771 2188 luminis,
793 2126 939 2195 quod
983 2134 1391 2195 superatomne
1439 2127 1462 2158 ⁸
1508 2126 1722 2195 lumen,
1780 2139 1837 2184 et
1886 2129 2120 2186 causalis

531 2213 973 2284 pulchritudinis,
1002 2231 1143 2286 quae
1166 2217 1458 2277 formiﬁcat
1490 2220 1695 2286 omnia,
1740 2228 1800 2275 ut
1819 2223 1840 2255 ⁸
1870 2236 2123 2293 ευρθτθεέ

531 2303 773 2359 sentialis
793 2306 1269 2377 contemplatione.
1315 2307 1441 2364 Ideo
1467 2317 1648 2364 autem
1693 2310 1892 2365 dicitur
1919 2312 2119 2368 caeles-

533 2396 667 2449 tium
680 2396 1040 2452 essentiarum
1067 2406 1280 2455 ceteras
1299 2401 1818 2469 supereminentium
1847 2401 2121 2459 ierarchia‘

510 2486 688 2558 .plena
744 2488 1239 2559 contemplatione,
1297 2491 1769 2563 superessentialis
1818 2492 1883 2559 “,
1920 2501 1976 2549 et
2031 2502 2117 2549 ter

530 2577 740 2644 lucens,
767 2579 855 2634 vel
882 2588 968 2637 ter
993 2596 1280 2652 apparens,
1305 2583 1392 2638 vel
1426 2592 1485 2638 ut
1502 2584 1837 2656 simpliciter
1861 2585 2117 2643 transfer-

533 2678 641 2735 tur,
674 2670 882 2738 triluc'e,
917 2674 1173 2743 quoniam
1202 2684 1328 2729 ante
1374 2674 1512 2730 alias
1538 2675 1827 2732 inferiores
1849 2678 2116 2734 essentias

528 2759 1134 2832 superessentialitatem
1159 2768 1326 2823 totius
1349 2768 1723 2824 universitatis
1753 2784 1973 2825 causam
2008 2770 2111 2825 im-

526 2857 756 2913 mediate
780 2859 1142 2930 conspicatur.
1171 2861 1319 2929 Quae
1347 2862 1513 2918 etiam
1542 2862 1740 2940 triluca
1782 2877 1891 2919 non
1922 2864 2114 2922 imme-

526 2948 630 3004 rito
657 2949 872 3017 dicitur,
898 2953 1153 3021 quoniam
1189 2963 1274 3010 ter
1318 2955 1490 3021 lucet;
1539 2955 1807 3025 siquidem
1849 2954 1905 3011 in
1938 2956 2112 3012 tribus

524 3041 840 3100 substantiis
887 3048 1046 3102 unius
1101 3045 1449 3119 ejusdemque
1494 3050 1766 3106 essentiae
1810 3049 2111 3107 clarissime

523 3133 708 3189 rutilat
749 3151 809 3191 se
849 3138 1235 3207 quaerentibus
1266 3141 1352 3210 pie
1380 3150 1435 3197 et
1476 3140 1903 3212 intelligentibus
1946 3157 2105 3209 vere;

522 3223 665 3281 luc’et
695 3228 840 3284 enim
889 3230 945 3284 in
974 3231 1158 3298 Patre,
1188 3248 1218 3287 ει
1246 3248 1354 3303 quo
1383 3233 1599 3299 omnia;
1627 3233 1773 3290 lucet
1822 3234 1876 3288 in
1907 3232 2109 3301 Verbo,

523 3330 619 3388 per
642 3320 785 3389 quod
819 3322 1033 3388 omnia;
1062 3322 1207 3378 lucet
1237 3324 1292 3378 in
1326 3324 1468 3382 dono
1500 3324 1567 3390 ¹¹,
1616 3339 1725 3394 quo
1779 3324 1937 3380 beata
1987 3335 2112 3382 sunt

520 3408 723 3466 omnia.
776 3410 843 3466 Et
876 3413 1170 3468 notandum
1212 3416 1378 3485 quod,
1422 3415 1513 3471 ubi
1570 3416 1940 3473 transtulimus
1993 3417 2112 3489 pul-

519 3501 862 3570 chritudinis,
895 3504 967 3562 ibi
1003 3506 1058 3561 in
1095 3505 1303 3563 Graeco
1356 3509 1567 3573 κάλλους
1625 3509 1692 3575 ",
1740 3509 1885 3580 quod
1931 3518 2112 3581 potest

520 3592 804 3651 transferri
847 3606 902 3653 et
951 3599 1151 3668 formae
1199 3610 1255 3656 et
1305 3601 1730 3673 pulchritudinis.
1784 3603 1895 3660 Nec
1942 3605 2111 3661 distat

517 3702 729 3744 sensus.
770 3689 905 3746 Nam
933 3692 1113 3749 divina
1138 3693 1373 3761 bonitas,
1403 3695 1542 3752 sicut
1563 3696 1830 3754 formiﬁca
1858 3698 1926 3766 ¹³,
1955 3699 2031 3754 ita
2052 3708 2108 3755 et

519 3781 839 3854 pulchriﬂca
868 3795 952 3841 est
969 3787 1231 3842 omnium.
1264 3786 1748 3845 Communicatione
1776 3799 1951 3845 autem
1973 3789 2104 3846 Iesu

516 3876 761 3932 similiter
777 3879 932 3950 digne
946 3878 1138 3950 factas,
1161 3880 1247 3937 vel
1266 3888 1330 3937 ut
1345 3881 1390 3913 ί*
1404 3882 1724 3952 simpliciter
1741 3883 2067 3939 transfertur
2085 3901 2100 3939 :

516 3968 643 4026 ἔθευ
664 3979 839 4025 autem
855 3973 1232 4029 communione
1249 3972 1500 4030 similiter
1513 3973 1735 4046 dignas;
1759 3990 1790 4030 a
1808 3974 2104 4046 superiori-

515 4063 618 4118 bus
638 4062 916 4135 suppletur
941 4083 954 4120 :
982 4065 1374 4121 aestimandum
1402 4064 1591 4138 dignas
1620 4065 1665 4097 "
1695 4080 1815 4122 esse
1859 4080 2102 4121 commu-

515 4155 697 4220 nione,
746 4155 1162 4228 participatione
1210 4157 1422 4213 scilicet
1449 4156 1597 4213 Jesu.
1636 4155 1894 4212 Similiter
1919 4164 2100 4213 autem

514 4245 674 4314 dixit,
705 4256 765 4303 ut
794 4247 1173 4320 intelligamus,
1197 4257 1291 4305 aut
1318 4250 1459 4305 sicut
1487 4249 1745 4320 praefatis
1781 4250 2096 4316 virtutibus,

514 4338 591 4395 ita
617 4349 672 4394 et
698 4337 825 4395 ἔθευ
852 4341 1232 4397 communione
1262 4342 1472 4413 dignas,
1507 4350 1601 4396 aut
1630 4341 1759 4411 quia
1791 4350 1904 4397 tres
1949 4340 2096 4397 ordi-

514 4448 612 4488 nes
640 4433 847 4502 primae
876 4433 1175 4490 ierarcbiae
1195 4433 1470 4499 similiter,
1494 4433 1599 4489 hoc
1646 4440 1749 4499 est,
1798 4432 2097 4505 aequaliter

514 4522 1001 4587 communicatione
1024 4522 1152 4579 Jesu
1192 4522 1338 4595 digni
1371 4523 1498 4579 lacti
1524 4531 1672 4579 sunt.
1706 4521 1833 4578 Non
1877 4524 1933 4577 in
1960 4523 2097 4577 ima-

512 4614 719 4687 ginibus
741 4630 888 4669 sacre
929 4612 1083 4685 factis
1110 4614 1382 4686 formative
1410 4614 1643 4685 ﬁgurant
1674 4613 1915 4695 deificum
1950 4612 2096 4668 simi-

512 4707 804 4772 litudinem,
831 4705 921 4762 sed
956 4716 1013 4761 ut
1049 4723 1167 4762 vere
1212 4707 1312 4778 ipsi
1356 4707 1778 4778 approximantes
1824 4707 1877 4760 in
1923 4707 2094 4777 prima

508 4798 907 4871 participatione
919 4799 1166 4855 scientiae
1192 4797 1235 4830 “
1259 4799 1564 4870 deiﬁcorum
1594 4798 1635 4831 ”
1668 4798 1782 4870 ejus
1811 4796 2091 4853 luminum.

2225 1941 2351 1996 nata
2399 1942 2486 1989 est
2532 1934 2958 2004 subjectissime,
3009 1939 3254 2008 proxima
3294 1940 3343 1971 “
3390 1941 3646 1998 videlicet
3694 1944 3828 2000 sub-

2217 2022 2475 2095 iectione,
2504 2025 2791 2095 siquidem,
2815 2028 2942 2082 dum
2978 2030 3161 2085 omnia
3215 2030 3323 2086 Deo
3373 2031 3620 2100 subjecta
3656 2044 3820 2103 sunt,

2223 2114 2703 2184 subjectissimnm,
2737 2118 2837 2172 hoc
2866 2127 2969 2183 est,
3001 2121 3308 2189 proximum
3360 2124 3664 2193 subjectum
3724 2124 3828 2182 sibi

2221 2214 2305 2261 est
2336 2206 2512 2261 trinus
2542 2207 2751 2277 primae
2782 2207 3086 2264 ierarchiae
3108 2209 3261 2265 ordo.
3313 2210 3381 2265 Et
3428 2214 3831 2275 communicant

2219 2298 2545 2366 huiusmodi,
2570 2307 2628 2352 ut
2653 2298 2918 2370 passibile,
2947 2301 3005 2355 in
3042 2304 3457 2373 praeoperatrice
3492 2304 3690 2359 virtute
3716 2305 3830 2361 dei-

2216 2389 2334 2460 ﬁcis
2360 2389 2525 2459 ipsius
2552 2397 2602 2443 et
2637 2388 2881 2443 humanis
2925 2390 3223 2447 virtutibus.
3269 2392 3554 2460 Quoniam,
3615 2396 3823 2467 inquit,

2219 2479 2399 2534 divina
2430 2478 2728 2535 similitudo
2777 2479 2909 2549 ipsis
2939 2480 3135 2536 donata
3186 2491 3291 2551 est,
3337 2485 3503 2541 veluti
3554 2488 3821 2557 proximo

2217 2570 2481 2639 subjecto,
2517 2579 2806 2642 propterea
2851 2572 3016 2627 etiam
3047 2575 3452 2632 communicant
3500 2576 3824 2649 hujusmodi

2216 2661 2440 2717 ordines
2467 2661 2536 2728 ",
2579 2670 2844 2732 quantum
2890 2663 2971 2719 eis
3015 2662 3196 2732 datur,
3255 2666 3312 2721 in
3358 2671 3823 2739 praeoperatrice,

2217 2769 2358 2825 quae
2382 2754 2437 2810 in
2476 2754 2557 2811 eis
2591 2763 3005 2827 praeoperatur,
3040 2757 3242 2814 virtute
3287 2758 3497 2817 deiﬁcis
3544 2771 3601 2817 et
3624 2762 3824 2819 huma-

2215 2846 2320 2911 nis,
2339 2846 2391 2902 id
2405 2854 2506 2909 est,
2525 2846 2883 2903 clementibus
2912 2862 3008 2904 seu
3037 2846 3435 2907 humanitatem
3462 2852 3823 2926 diligentibus

2215 2937 2336 3008 ejus
2386 2939 2702 3005 virtutibus,
2738 2954 2863 2994 cum
2889 2938 2936 2970 ’°
2972 2943 3375 3012 cooperatrices
3406 2944 3518 3000 sint
3553 2954 3611 3002 et
3643 2944 3825 3005 admi-

2215 3032 2559 3088 nistratrices
2580 3040 2805 3088 nostrae
2828 3031 3023 3088 salutis
3053 3043 3109 3089 et
3132 3034 3512 3093 deiﬁcationis.
3541 3034 3821 3109 Perfectus

2216 3133 2390 3177 autem
2421 3122 2685 3189 similiter,
2723 3139 2828 3178 non
2855 3133 2911 3177 ut
2960 3141 3113 3179 sacra
3139 3127 3387 3182 varietate
3414 3127 3750 3199 analyticam
3771 3129 3819 3162 "

2138 3199 2185 3263 C
2217 3216 2490 3270 scientiam
2511 3215 2859 3281 illuminalas,
2885 3217 2978 3271 sed
3008 3226 3067 3271 ut
3089 3219 3289 3289 primae
3308 3228 3357 3273 et
3377 3220 3817 3289 supereminentis

2218 3307 2568 3377 deiﬁcationis
2623 3307 2672 3339 ³⁸
2728 3307 2970 3378 repletas,
3008 3310 3296 3365 secundum
3357 3310 3777 3368 excelsissimam
3800 3351 3817 3380 ,

2213 3410 2469 3472 quantum
2519 3401 2575 3456 in
2616 3403 2837 3473 angelis,
2892 3403 3190 3459 divinorum
3240 3422 3454 3478 operum
3503 3408 3812 3464 scientiam.

2212 3496 2621 3552 Aestimandum
2649 3496 2941 3566 similiter;
2968 3499 3072 3555 hoc
3093 3509 3197 3568 est,
3225 3498 3500 3571 prioribus
3527 3500 3815 3559 beneﬁciis

2211 3589 2511 3660 aequaliter
2562 3589 2833 3662 perfectas
2875 3604 3021 3653 esse,
3070 3606 3177 3647 non
3224 3593 3379 3662 quasi
3427 3592 3808 3658 illuminatas,

2211 3679 2352 3734 sicut
2377 3694 2498 3745 nos,
2526 3686 2713 3734 sancta
2743 3680 3112 3751 symbolarum
3140 3681 3403 3737 varietate
3432 3682 3488 3737 in
3531 3682 3811 3755 analytica

2209 3771 2436 3827 scientia
2468 3771 2550 3826 vel
2573 3771 2856 3842 disciplina
2896 3773 2962 3826 ’⁸.
3011 3772 3313 3843 Utrumque
3342 3774 3487 3829 enim
3533 3774 3811 3845 signiﬁcat

2206 3866 2520 3937 ἑπιστήμηνς
2556 3878 2682 3918 nam
2723 3871 2779 3919 et
2814 3864 2870 3919 in
2917 3865 3200 3920 scientiam
3236 3873 3287 3919 et
3347 3865 3403 3920 in
3454 3864 3804 3936 disciplinam

2204 3961 2454 4015 vertitur.
2486 3958 2683 4014 Noster
2708 3959 2908 4030 quippe
2934 3959 3147 4015 animus
3173 3959 3287 4029 ipsa
3310 3959 3618 4031 disciplina,
3654 3974 3798 4031 quae

2204 4067 2236 4107 a
2273 4050 2476 4109 Gracis
2497 4050 2699 4107 dicitur
2722 4050 3018 4115 ἀναλυτική,
3051 4065 3149 4121 per
3174 4062 3386 4107 sacram
3424 4051 3802 4123 symbolorum

2202 4145 2520 4199 varietatem
2588 4141 2970 4206 illuminalus,
3023 4140 3080 4197 in
3134 4140 3473 4196 altitudinem
3531 4132 3802 4212 supernae

2201 4232 2557 4289 deiﬁcationis
2585 4232 2880 4287 reducitur.
2916 4231 3066 4287 Duae
3094 4233 3294 4304 quippe
3318 4240 3503 4304 partes
3524 4240 3652 4287 sunt
3678 4233 3797 4287 dia-

2198 4325 2423 4382 lecticae
2451 4323 2790 4396 disciplinae,
2834 4339 3064 4395 quarum
3104 4339 3209 4378 una
3263 4322 3567 4399 διαιρετική,
3624 4321 3798 4379 altera

2198 4420 2474 4479 ἀναλυτική
2517 4424 2878 4486 nuncupatur.
2920 4416 2987 4471 Et
3037 4416 3319 4494 διαιρετικὴ
3371 4416 3590 4486 quidem
3648 4415 3795 4471 divi-

2199 4511 2368 4568 sionis
2418 4511 2529 4565 vim
2580 4507 2850 4580 possidet;
2896 4507 3086 4563 dividit
3136 4522 3373 4579 namque
3430 4506 3794 4563 maximorum

2198 4618 2456 4676 generum
2484 4601 2750 4658 unitatem
2780 4616 2811 4656 a
2852 4615 3066 4657 summo
3098 4615 3269 4672 usque
3307 4601 3586 4668 deorsum,
3617 4603 3792 4658 donec

2196 4697 2263 4753 ad
2295 4696 2595 4752 individuas
2623 4695 2829 4766 species
2863 4694 3162 4764 perveniat,
3201 4694 3365 4765 inque
3407 4694 3473 4750 iis
3504 4692 3789 4749 divisionis

2195 4789 2485 4844 terminum
2514 4794 2712 4859 ponat;
2739 4786 3008 4848 ἀναλυτική
3032 4802 3161 4842 vero
3183 4802 3249 4842 ex
3280 4786 3511 4842 adverso
3537 4785 3641 4842 sibi
3691 4800 3793 4855 p0-

512 4890 627 4947 Non
655 4892 712 4948 in
740 4892 1085 4964 imaginibus,
1108 4890 1319 4962 inquit,
1345 4905 1501 4946 sacre
1528 4888 1707 4956 lactis,
1730 4889 1835 4945 hoc
1853 4895 1958 4954 est,
1983 4902 2089 4944 non
2190 4881 2329 4937 sitae
2376 4879 2548 4950 partis
2576 4877 2871 4935 divisiones
2907 4877 2978 4933 ab
3006 4877 3296 4934 individuis
3325 4892 3546 4934 sursum
3595 4891 3790 4937 versus

512 4983 567 5040 in
590 4981 844 5057 symbolis
890 4982 1032 5041 sicut
1070 4997 1171 5039 nos
1200 4981 1460 5037 divinitus
1492 4981 1535 5013 "
1565 4980 1865 5053 plasmatis,
1890 4978 2088 5033 forma-

2191 4974 2476 5045 incipiens,
2505 4986 2710 5043 perque
2730 4970 2949 5031 eosdem
2978 4970 3201 5044 gradus,
3218 4970 3420 5044 quibus
3444 4968 3536 5026 illa
3557 4967 3789 5031 descen-

1773 5091 2027 5149 VARIAE
2083 5084 2485 5148 LECTIONES.

582 5196 601 5229 ¹
650 5194 715 5251 Β⁴
765 5194 885 5251 rad.
945 5209 1090 5251 corr.
1138 5188 1477 5248 immateriali
1520 5188 1759 5244 scientia.

504 5277 603 5324 est.
677 5267 700 5301 ⁸
737 5264 797 5337 Β*
854 5280 1026 5337 marg.
1078 5265 1257 5337 adscr.
1299 5268 1570 5337 nequeut.

506 5338 724 5394 lucentis
751 5335 795 5391 Β
833 5336 899 5391 ad
942 5330 1114 5407 marg.
1173 5330 1384 5407 adscr.’
1509 5330 1803 5407 damnent:

506 5426 651 5481 corr.
703 5408 766 5475 Β,
806 5406 1091 5481 ΑΒλάρηιοξ
1122 5477 1149 5481 _
1188 5406 1230 5438 ¹¹
1269 5406 1830 5481 ΕιιὶεηᾱἋΔΔΒῌξαλὶτᾳ

503 5480 584 5537 uel
629 5490 707 5536 ut.
752 5470 762 5475 ’
866 5478 911 5510 ³⁸
951 5477 1044 5533 Sic
1111 5477 1152 5534 C
1204 5485 1259 5532 et
1309 5489 1452 5530 corr.
1493 5472 1588 5537 B',
1631 5470 1717 5524 ΑΒ
1777 5471 1955 5542 digna.

501 5571 634 5642 ABG
675 5571 942 5642 deiﬁcum.

502 5644 550 5676 ⁹²
588 5640 860 5705 (ΣοιτζΒκ
921 5640 1055 5696 ABG
1092 5640 1358 5711 deiﬁcum.

501 5715 722 5771 ordinis.

1048 5569 1093 5601 ⁸⁸
1129 5568 1172 5624 Β
1215 5567 1479 5624 diviniter.

1660 5188 1759 5242 tia.
1871 5186 1893 5217 ί
1942 5185 2021 5242 sic
2067 5182 2177 5238 AB.
2285 5182 2307 5211 ³
2357 5182 2421 5234 Β·
2474 5192 2620 5235 corr.
2691 5186 2767 5234 est
2829 5182 3081 5233 refertas.
3196 5182 3220 5209 ⁸
3261 5182 3329 5232 Β·
3380 5189 3552 5251 supra
3602 5182 3782 5239 adscr.

1660 5258 1681 5289 ⁸
1719 5266 1767 5312 et
1810 5271 1919 5312 om.
1952 5256 2040 5321 A.,
2084 5253 2204 5309 rad.
2232 5266 2374 5308 corr.
2406 5247 2491 5316 B‘,
2531 5249 2574 5303 Β
2620 5249 2872 5321 habuisse
2918 5249 3129 5304 videtur
3172 5256 3252 5321 ut.
3330 5247 3356 5321 γ’
3384 5247 3582 5321 Verba
3622 5261 3672 5306 et
3705 5261 3784 5307 ter

1898 5330 1920 5362 ⁹
1957 5328 2018 5381 Β·
2057 5325 2173 5380 rad.
2231 5337 2376 5379 corr.
2407 5330 2476 5374 et.

1188 5406 1230 5438 ¹¹
1269 5402 1521 5467 Emend.,
1551 5399 1640 5454 AB
1690 5399 1892 5464 καλλου,
1932 5397 1973 5454 C
2027 5396 2210 5453 καλλοι.
2321 5396 2363 5423 ³³
2399 5396 2445 5445 A
2497 5401 2545 5446 et
2588 5396 2830 5446 formica.
2936 5396 2981 5421 "
3020 5396 3109 5445 AB
3160 5396 3295 5445 velut
3349 5396 3413 5465 (Β
3466 5396 3661 5466 velud),
3713 5396 3775 5448 C.

1204 5485 1259 5532 et
1309 5489 1452 5530 corr.
1493 5472 1588 5537 B',
1631 5470 1717 5524 ΑΒ
1777 5471 1955 5542 digna.
2091 5466 2134 5499 “
2187 5465 2226 5520 Β
2278 5463 2527 5550 scientiae
2564 5461 2773 5533 (punct.
2831 5461 2938 5534 adj.
2978 5460 3191 5550 videtur
3208 5461 3324 5539 B').
3421 5466 3463 5498 ⁸⁷
3503 5463 3657 5522 corr.
3689 5461 3775 5530 B‘,

1585 5563 1629 5597 ¹⁹
1664 5562 1712 5617 Α
1757 5536 2110 5632 dei/icamus,
2157 5558 2204 5632 ’ἦ
2226 5539 2322 5632 li"
2351 5536 2721 5632 supra'adscr‘.
2767 5560 2815 5632 et
2861 5551 2938 5606 in.

1452 5636 1499 5669 “
1530 5633 1623 5690 Sic
1643 5648 1805 5704 supra
1834 5628 2008 5704 adscr.
2055 5628 2264 5704 Bf,_AB
2287 5637 2363 5704 et.

2285 5179 2307 5211 ³
2357 5178 2437 5251 B"_
2456 5192 2629 5251 corr.
2691 5186 2777 5251 est
2829 5176 3081 5251 refertas.
3196 5174 3220 5209 ⁸
3261 5174 3355 5251 Βθέ
3380 5189 3552 5251 supra
3602 5180 3782 5239 adscr.

2587 5320 2630 5392 1_°
2670 5319 2740 5392 B'_
2780 5321 3167 5392 marg._ads__cr.
3208 5318 3447 5392 luminis.
3555 5323 3599 5354 “
3638 5321 3777 5392 Ratio

2321 5391 2363 5466 ’ξ
2399 5389 2460 5466 Α⁸
2497 5401 2545 5446 et
2575 5388 2830 5466 nlormica.
2883 5388 2981 5466 gf“
3015 5389 3109 5466 ΑΒ
3160 5389 3295 5466 velut
3349 5394 3413 5465 (Β
3466 5394 3661 5466 uelud),
3690 5390 3775 5466 Δ(ζ.

3026 5551 3072 5626 _'_“
3109 5548 3175 5626 ΒΪ
3224 5572 3374 5626 corr.
3407 5554 3771 5626 formabinutr.

2458 5623 2505 5656 ιι
2532 5623 2624 5680 Sic
2668 5622 2792 5679 Cet
2827 5637 2972 5699 corr.
3019 5621 3248 5699 nam;
3292 5621 3550 5699 promitur).
3647 5622 3773 5699 ut

824 5692 871 5744 ’ἶ
905 5692 1495 5781 έιιῖιιΫοιυξ-’ᾹήΒξιυυι-ς.
1527 5692 1880 5781 υάευςῘΒῇηϐ
1909 5713 1988 5781 ut.
2062 5703 2107 5734 "'
2234 5700 2412 5781 adscr.
2459 5706 2523 5781 et.
2560 5702 2744 5781 punct.
2774 5692 3069 5781 adj._corr.
3117 5697 3181 5781 i_tt
3212 5692 3479 5781 analylica
3532 5695 3768 5781 scientia:

502 5764 776 5842 ἷῗΒί-ξά.
815 5764 1165 5854 uerri—prima
1189 5764 1675 5854 etis'upere‘minenti
1718 5764 2070 5854 ιιιιῆἳοαρροζιεἶ
2153 5771 2201 5806 ⁸⁵
2236 5769 2364 5827 Ain
2398 5764 2719 5838 analyticam
2752 5765 3024 5822 scientiam
3067 5768 3150 5825 vel
3190 5764 3548 5842 disciplinam,
3598 5765 3662 5822 Β.
3712 5764 3770 5820 in

498 5856 819 5931 analyticans
838 5842 1108 5912 scientiam
1138 5854 1216 5914 uel
1241 5842 1579 5925 disciplinam
1611 5842 1820 5920 (punct.
1852 5842 1963 5914 adj.
1992 5843 2080 5916 B‘)
