3984 5544
209 484 324 541 185

1061 481 1289 541 SUPER
1323 477 1751 538 IERARCHIAM
1783 477 2195 537 CAELESTEM
2234 476 2295 534 S.
2331 477 2653 537 DIONYSII.

3376 481 3480 538 £86

209 599 319 665 dit,
350 599 666 665 ascendens,
697 597 987 656 cumvolvit
1010 607 1066 654 et
1113 597 1333 669 colligit,
1371 595 1696 665 easdemque
1744 593 1802 648 in
1827 598 1878 657 Α
1903 606 1970 662 pe
1998 591 2180 646 omnia
2211 589 2280 646 ab
2321 606 2430 646 uno
2467 602 2663 662 graeco
2707 587 2874 645 verbo
2915 588 3179 655 veniunt,
3228 590 3372 661 quod
3400 599 3486 648 est

208 693 484 746 unitatem
537 691 894 746 maximorum
955 706 1213 763 generum
1269 689 1510 755 reducit;
1572 687 1802 757 ideoque

211 781 498 837 reductiva
539 783 738 838 dicitur
779 799 876 838 seu
907 783 1134 839 reditiva
1167 785 1204 836 '.
1251 781 1330 837 Ac
1374 796 1471 852 per
1497 781 1600 836 hoc
1631 780 1800 835 ratio-

208 871 356 928 nalis
383 873 585 939 anima,
611 889 839 943 poenam
861 874 1344 944 praevaricationis
1385 887 1517 928 suae
1541 874 1717 937 luens,
1745 872 1801 927 in

209 963 542 1034 multiplices
577 964 1041 1036 multiformesque
1074 964 1449 1035 temporalium
1491 979 1671 1020 rerum
1706 979 1802 1034 ap-

207 1058 422 1126 petitus
476 1057 639 1113 veluti
710 1058 941 1127 quadam
1000 1056 1292 1113 diaeretica
1342 1055 1395 1110 vi
1443 1055 1464 1085 ’
1521 1055 1721 1125 partita
1782 1053 1804 1086 ³

210 1157 299 1203 εει
324 1158 379 1202 ει
407 1149 598 1215 scissa,
626 1150 799 1204 donec
823 1147 1132 1219 partitionis
1156 1162 1285 1202 suae
1309 1146 1363 1201 in
1404 1160 1589 1200 amore
1624 1159 1804 1199 rerum

209 1241 580 1310 corporalium
630 1242 918 1296 terminum
952 1239 1194 1312 posuerit
1227 1238 1270 1305 δ,
1319 1238 1458 1294 infra
1486 1254 1653 1309 quem
1678 1254 1805 1309 pro-

209 1331 337 1388 dire
375 1348 479 1388 non
522 1333 716 1403 potuit.
769 1333 877 1389 Sed
930 1334 1125 1389 iterum
1171 1332 1448 1389 Creatoris
1499 1333 1580 1388 sui
1633 1333 1806 1404 gratia

207 1433 536 1494 praeventa,
583 1426 809 1490 salvata,
858 1426 1072 1496 adjuta,
1133 1432 1426 1488 revocata,
1486 1423 1808 1494 quibusdam

209 1516 476 1585 gradibus
536 1516 817 1588 analyticis
884 1533 940 1571 in
1003 1517 1236 1586 seipsam
1296 1514 1630 1585 recolligitur
1659 1556 1675 1580 ,
1744 1530 1810 1571 ac

211 1606 416 1662 deinde
451 1607 473 1638 ⁵
504 1607 558 1662 in
589 1609 849 1663 unitatem
873 1607 1150 1663 Creatoris
1185 1609 1288 1674 sui,
1334 1623 1495 1678 quam
1533 1607 1810 1678 peccando

211 1699 480 1764 sciderat,
515 1701 571 1755 in
616 1701 974 1757 deiﬁcationis
1021 1702 1223 1756 virtute
1279 1710 1638 1757 restauratur.
1692 1701 1811 1756 Non

211 1791 292 1846 ita
340 1801 423 1848 est
452 1794 504 1848 in
545 1795 871 1851 caelestibus
903 1797 1177 1861 essentiis,
1205 1797 1634 1866 praesertimque
1670 1796 1810 1852 emi-

214 1886 498 1952 nentibus,
522 1903 660 1957 quae
673 1904 947 1957 nunquam
963 1887 1238 1944 Creatoris
1250 1889 1333 1943 sui
1349 1889 1609 1943 unitatem
1633 1888 1808 1943 disru-

1903 691 2131 759 μιμοῦμαι
2155 682 2222 750 ’⁸,
2253 681 2408 752 cujus
2435 682 2593 737 tertia
2639 695 2868 751 persona
2916 679 3140 750 pluralis
3184 689 3268 737 est
3296 689 3490 754 μυοῦν-

1901 801 1988 835 ται
2015 779 2080 842 η,
2126 785 2182 832 ει
2215 777 2270 832 in
2317 786 2398 831 tot
2444 774 2714 845 praefatas
2763 773 3236 844 interpretationes
3278 777 3415 831 verti
3442 776 3489 807 ’°

1902 878 2099 941 potest,
2121 884 2262 939 quae
2288 867 2413 923 nuic
2452 867 2572 923 loco
2591 865 2950 930 conveniunt;
2983 881 3109 921 nam
3127 873 3384 940 μυοῦνται
3420 867 3488 933 ²¹,

1905 964 2031 1018 dum
2065 962 2300 1017 vertitur
2342 961 2398 1016 in
2446 960 2634 1016 oculos
2679 959 2974 1025 cohibent,
3020 959 3146 1013 huic
3192 959 3493 1015 sententiae

1905 1057 2199 1114 convenire
2246 1071 2354 1111 non
2399 1056 2575 1111 video.
2625 1052 2729 1109 Ubi
2769 1054 3046 1126 posuimus
3079 1071 3092 1107 :
3125 1053 3492 1109 sanctiﬁcatae

1905 1157 2068 1214 sunt,
2096 1148 2171 1203 ibi
2197 1155 2252 1203 et
2281 1148 2620 1203 sacriﬁcatae
2669 1155 2726 1201 et
2753 1145 3062 1201 immolatae
3089 1146 3141 1200 in
3191 1147 3380 1202 eodem
3413 1154 3496 1200 ta-

1907 1255 2031 1295 men
2064 1255 2222 1295 sensu
2250 1254 2538 1310 possumus
2566 1239 2613 1270 “
2650 1252 2870 1308 ponere.
2917 1237 3273 1292 Perlectionis
3315 1244 3498 1292 autem

1907 1331 2159 1401 princeps
2192 1339 2312 1396 est,
2351 1345 2490 1400 quae
2526 1343 2722 1401 graece
2758 1329 3068 1400 τελεταρχια
3107 1337 3349 1393 vocatur,
3383 1329 3499 1397 ipsa

1910 1420 2198 1486 Divinitas,
2248 1435 2389 1490 quae
2419 1419 2637 1474 sibimet
2682 1417 3073 1483 excelsissime,
3120 1418 3222 1473 hoc
3269 1429 3373 1483 est,
3431 1417 3494 1472 in

1911 1511 2224 1566 summitate
2262 1510 2633 1564 universitatis
2675 1509 2894 1564 ordines
2944 1508 3155 1580 primae
3201 1509 3502 1565 ierarchiac

1912 1600 2237 1665 sanctiﬁcat,
2265 1599 2560 1664 sacriﬁcat,
2593 1597 2853 1653 immolat.

1985 1690 2015 1763 ᾗ
2054 1691 2106 1744 5.
2139 1689 2256 1746 Hoc
2282 1707 2403 1761 ergo
2424 1688 2650 1758 theologi
2671 1699 2848 1758 aperte
2876 1689 3169 1755 declarant,
3205 1689 3503 1759 suppositas

1911 1781 2121 1852 quidem
2194 1781 2493 1836 caelestium
2548 1780 2890 1835 essentiarum
2957 1781 3318 1850 dispositiones
3375 1799 3409 1835 ιι
3455 1778 3505 1813 ⁸³

1913 1873 2293 1943 super/innatis
2359 1871 2600 1925 ordinate
2675 1871 2876 1925 erudiri
2939 1871 3154 1940 deiﬁcas
3211 1872 3505 1936 scientias;

213 1987 414 2046 peram
442 1978 483 2031 ο,
511 1978 628 2034 Non
650 1979 792 2034 enim
826 1995 921 2036 eas
947 1982 1221 2053 ἀναλυτικῇ
1247 1981 1293 2045 1,
1321 1980 1373 2034 id
1403 1989 1504 2043 εει,
1533 1981 1810 2035 τθάυοιίνθ
1841 1975 1888 2035 Β
1917 1964 2148 2018 omnium
2175 1979 2290 2016 vero
2321 1961 2534 2015 altiores
2564 1961 2628 2015 ab
2657 1962 2771 2030 ipsa
2799 1962 3089 2026 thearchia,
3117 1972 3368 2033 quantum
3397 1962 3504 2030 fas,

214 2070 337 2125 sive
381 2071 613 2127 reditiva
664 2073 687 2105 ⁸
734 2074 959 2130 scientia
1010 2076 1194 2130 reduci
1237 2075 1664 2140 aestimandum,
1715 2073 1809 2128 sed

212 2163 386 2218 veluti
411 2165 584 2235 prima
613 2177 669 2222 et
707 2167 1150 2236 superexcelleuti
1187 2167 1529 2222 deiﬁcatioue
1577 2164 1812 2234 repletas

209 2254 371 2325 juxta
399 2257 883 2313 eminentissimam
909 2260 1211 2314 divinorum
1241 2274 1464 2330 operum
1505 2257 1808 2322 scientiam,

215 2357 489 2417 quantum
514 2350 723 2422 angelis
754 2352 932 2419 datur,
961 2368 1054 2407 eas
1104 2352 1364 2408 debemus
1419 2349 1806 2414 honoriﬁcare,

216 2443 480 2509 quoniam
530 2442 839 2500 immediate
897 2446 965 2499 ab
1019 2445 1134 2514 ipsa
1171 2444 1353 2499 divina
1381 2443 1580 2497 virtute
1613 2451 1668 2497 et
1693 2441 1815 2496 illu-

215 2533 502 2588 minantur
526 2542 582 2590 et
605 2537 978 2606 perﬁciuntur.
1016 2536 1084 2591 Et
1114 2537 1217 2591 hoc
1243 2544 1327 2591 est
1354 2534 1495 2604 quod
1525 2533 1773 2603 sequitur
1797 2549 1810 2586 :

218 2629 352 2684 Non
394 2631 535 2685 enim
582 2648 674 2702 per
711 2633 846 2686 alias
892 2640 1102 2687 sanctas
1132 2631 1402 2694 essentias,
1443 2628 1532 2683 sed
1579 2628 1644 2680 ab
1697 2627 1814 2695 ipsa

218 2723 496 2777 thearrltia
547 2723 570 2757 ⁸
604 2723 982 2791 sanctiﬁcatae,
1023 2723 1078 2777 in
1106 2724 1271 2793 ipsam
1310 2721 1608 2775 immediate
1637 2729 1817 2774 exten-

217 2815 446 2879 duntnr,
469 2816 613 2868 omni
638 2815 1038 2885 supereminenti
1079 2816 1265 2870 uirtute
1308 2825 1357 2868 et
1397 2813 1600 2878 ordine,
1650 2821 1697 2866 et
1746 2811 1815 2865 ad

219 2907 578 2959 castissimum
621 2907 832 2961 omnino
859 2907 1222 2976 fortitudinem
1261 2905 1606 2970 collocantur,
1648 2913 1696 2958 et
1745 2903 1814 2958 ad

218 2996 726 3052 immaterialitatem
754 3009 800 3052 et
832 2998 1137 3052 invisibilem
1159 2997 1622 3068 pulchritudinem,
1647 3011 1818 3066 quan-

221 3098 336 3142 tum
360 3090 463 3157 fas,
479 3089 532 3142 in
554 3090 1036 3160 contemplationem
1059 3091 1418 3155 adducuntur,
1442 3099 1491 3144 et
1517 3090 1816 3143 divinorum

221 3196 444 3250 operum
485 3182 689 3236 scibiles
731 3184 980 3247 rationes,
1012 3192 1068 3235 ut
1109 3183 1312 3250 primae
1360 3191 1409 3234 et
1459 3181 1599 3234 circa
1651 3179 1818 3233 Deum

217 3274 499 3337 essentiae,
528 3275 830 3342 flectuntur,
867 3283 915 3326 et
963 3273 1026 3326 ab
1071 3273 1182 3342 ipso
1215 3273 1548 3342 perfectionis
1587 3271 1819 3340 principe

1911 2055 2180 2109 doctrinas
2213 2054 2528 2108 illuminari.
2575 2053 2895 2119 Declarant,
2925 2054 3128 2124 inquit,
3167 2054 3508 2124 apertissime

1914 2145 2172 2217 theologi,
2205 2145 2502 2215 prophetae
2532 2145 2788 2201 videlicet
2829 2147 2882 2199 in
2913 2146 3209 2200 visionibus
3238 2146 3352 2200 suis
3382 2148 3504 2210 hoc,

1914 2237 2057 2307 quod
2087 2237 2142 2291 in
2172 2236 2495 2291 caelestium
2526 2236 2884 2291 essentiarum
2917 2237 3384 2307 dispositionibus,
3413 2253 3507 2292 or-

1914 2328 2283 2386 dinationibus
2331 2328 2524 2399 plane,
2573 2315 2835 2398 suppositi
2887 2326 2935 2360 "
2967 2329 3187 2384 ordines
3240 2345 3271 2383 a
3315 2342 3508 2399 super—

1915 2421 2172 2486 ﬁrmatis,
2213 2422 2318 2476 hoc
2345 2430 2450 2486 est,
2489 2419 2880 2476 excelsioribus
2925 2422 3174 2475 ordinata
3219 2420 3336 2492 lege
3380 2436 3509 2477 eru-

1915 2514 2140 2571 diuntur
2185 2514 2239 2568 in
2269 2513 2479 2569 deiﬁcis
2514 2513 2797 2579 scientiis,
2850 2513 2903 2568 in
2954 2515 3257 2569 divinorum
3306 2515 3513 2571 scilicet

1916 2605 2291 2662 intellectuum
2318 2605 2709 2675 multiplicibus
2750 2605 3066 2676 disciplinis,
3110 2621 3248 2677 quae
3278 2622 3373 2662 eos
3399 2607 3514 2662 dei-

1915 2699 2086 2757 ﬁcant
2119 2719 2132 2755 :
2165 2701 2390 2756 altiores
2434 2716 2566 2756 vero
2611 2699 2886 2765 omnium,
2923 2708 3034 2756 tres
3065 2699 3274 2756 scilicet
3305 2701 3516 2770 primae

1917 2793 2222 2850 ierarchiae
2267 2793 2508 2859 ordines,
2541 2793 2632 2864 qui
2679 2801 2890 2848 ceteras
2935 2793 3198 2849 caelestes
3250 2793 3516 2849 essentias

1918 2886 2182 2954 dignitate
2208 2885 2565 2956 praecellunt,
2606 2885 2674 2940 ab
2721 2886 2835 2956 ipsa
2881 2885 3198 2951 Divinitate,
3247 2895 3508 2955 quantum

1919 2977 2098 3032 divina
2128 2977 2257 3031 sinit
2289 2977 2393 3042 lex,
2424 2977 2477 3031 iu
2519 2977 2779 3032 doctrinis
2809 2975 3166 3032 inell‘abilibus
3207 2977 3514 3032 illuminan-

1921 3075 2028 3120 tur.
2077 3066 2197 3137 lpsa
2242 3067 2507 3137 siquidem
2535 3067 2801 3122 Divinitas
2834 3067 3110 3138 proximos
3139 3069 3242 3123 sibi
3286 3068 3509 3124 ordines

1922 3161 2098 3224 docet,
2124 3159 2225 3229 ipsi
2252 3169 2433 3216 autem
2461 3161 2746 3218 inferiores
2771 3163 3025 3217 erudiunt
3054 3204 3068 3228 ,
3116 3179 3180 3218 ac
3210 3164 3289 3219 sic
3317 3163 3364 3194 "
3390 3179 3512 3235 gra-

1925 3260 2091 3315 datim
2121 3275 2294 3330 usque
2322 3261 2389 3316 ad
2417 3261 2768 3316 novissimum
2800 3269 3050 3315 ornatum
3081 3276 3179 3332 per
3203 3261 3514 3330 superiores

216 3340 572 3419 magum
617 3365 974 3433 δαηειξβεαιαε
1014 3340 1154 3418 διάη,
1202 3340 1412 3418 Nullius
1464 3361 1818 3432 expositionis
1847 3340 1891 3403 C
1925 3352 1977 3406 in
2004 3350 2292 3408 inferiores
2309 3352 2489 3407 divina
2506 3352 2787 3408 descendit
2802 3352 3067 3407 doctrina.
3087 3352 3510 3419 Quasdamenim

221 3457 434 3529 indiget
465 3458 599 3512 haec
624 3457 928 3522 sententia;
970 3457 1024 3511 in
1057 3457 1381 3527 quibusdam
1410 3465 1589 3510 tamen
1617 3468 1817 3523 anceps

222 3549 365 3603 haec
400 3548 440 3580 "
484 3551 858 3620 interpretatio
881 3559 986 3604 est.
1011 3548 1237 3620 Quippe,
1267 3549 1356 3603 ubi
1401 3547 1814 3602 transtulimus:

220 3641 295 3695 ad
350 3642 715 3696 castissimam
771 3642 990 3697 omnino
1043 3641 1452 3706 fortitudinem,
1511 3640 1586 3695 ibi
1639 3648 1821 3710 potest

219 3732 393 3788 etiam
431 3733 752 3789 transferri:
801 3734 870 3788 ad
914 3734 1276 3789 castissimam
1322 3731 1816 3795 inllexihilitatem;

220 3825 448 3900 essm:
479 3826 521 3856 “
544 3826 692 3880 enim
723 3826 776 3879 in
805 3826 1014 3880 Graeco
1035 3834 1118 3880 est
1142 3826 1182 3854 "
1211 3825 1489 3894 scriptum,
1521 3824 1662 3892 quod
1697 3823 1738 3853 ¹³
1767 3832 1820 3876 ει

221 3915 594 3974 fortitudinem
627 3927 684 3973 et
706 3917 1148 3972 inﬂexibilitatem
1179 3917 1468 3987 signiﬁcat.
1503 3915 1614 3970 Nec
1637 3925 1820 3970 tamen

226 4008 408 4066 differt
430 4027 642 4075 sensus,
689 4012 943 4082 quoniam
969 4025 1098 4066 vera
1124 4008 1386 4065 fortitudo
1435 4024 1464 4062 a
1495 4007 1644 4062 nullo
1677 4004 1820 4061 ﬂecti

225 4113 426 4177 potest.
457 4106 722 4162 Similiter
742 4107 831 4162 ubi
875 4105 1202 4162 invisibilem
1231 4103 1712 4176 pulchritudinem,
1745 4101 1820 4156 ibi

228 4197 618 4269 intelligibilem
689 4201 937 4256 decorem
983 4208 1162 4270 potest
1221 4199 1342 4270 quis
1382 4213 1584 4268 ponere
1644 4197 1708 4260 “*,
1769 4196 1821 4250 in

225 4289 596 4360 eodemque"
635 4300 816 4346 tamen
843 4290 1139 4347 intellectu.
1187 4288 1321 4344 Nam
1364 4287 1652 4344 invisibilis
1699 4289 1820 4358 pul-

225 4383 484 4440 chritudo
534 4384 609 4438 nil
667 4383 812 4437 aliud
866 4393 972 4450 est,
1013 4398 1176 4454 quam
1224 4380 1579 4452 intelligibilis
1625 4382 1817 4446 decor;

227 4475 495 4545 siquidem
524 4480 802 4551 εὐπρέπιια
834 4477 878 4508 ¹⁶
921 4487 977 4533 ει
1011 4477 1065 4532 in
1111 4477 1567 4548 pulchritudinem
1594 4476 1824 4531 vertitur

229 4577 286 4623 et
306 4569 574 4624 decorem.
594 4571 696 4626 Ubi
726 4578 986 4640 quantum
1011 4569 1114 4636 fas,
1133 4569 1203 4624 ibi
1222 4579 1399 4642 potest
1426 4570 1531 4625 dici
1558 4580 1821 4639 quantum

230 4661 378 4726 licet,
404 4662 488 4717 vel
513 4672 776 4732 quantum
800 4663 908 4728 lex,
935 4663 1019 4719 vel
1044 4672 1304 4734 quantum
1333 4661 1563 4732 justum.
1597 4662 1677 4716 Ex
1712 4677 1821 4716 uno

229 4752 376 4806 enim
402 4752 611 4810 Graeco
656 4763 941 4810 vertuntur
987 4756 1189 4827 θεμιτόν
1244 4755 1300 4809 in
1348 4770 1458 4809 uno
1509 4754 1816 4820 intellectu;

229 4860 394 4900 omne
440 4847 636 4916 quippe
685 4844 768 4902 fas
810 4856 868 4902 et
893 4846 1039 4911 licet,
1089 4855 1140 4903 et
1195 4847 1278 4902 lex
1331 4856 1439 4912 est,
1508 4856 1563 4901 et
1613 4845 1820 4914 justum

229 4945 332 4990 εει.
378 4935 513 4992 ltem
545 4939 632 4993 ubi
667 4956 682 4993 :
714 4946 769 4994 et
806 4938 951 4993 circa
986 4938 1153 4994 Deum
1199 4939 1470 4996 essentiae
1509 4937 1823 5003 ﬂectuntur,

227 5043 332 5102 pro
353 5027 645 5086 ﬂectuntur
690 5038 869 5102 potest
923 5030 1207 5088 transferri
1258 5030 1300 5064 ιτ
1333 5030 1709 5102 perﬁciuntur,
1738 5029 1825 5085 vel

227 5120 520 5189 docentur,
547 5121 634 5179 vel
658 5122 964 5188 initiantur,
991 5123 1077 5180 vel
1110 5123 1449 5180 imbuuntur.
1494 5120 1640 5179 Haec
1663 5120 1822 5192 quip-

1852 4705 1901 4763 D

1919 3457 2102 3494 earum
2117 3442 2457 3495 introducunt
2471 3459 2502 3496 a
2516 3443 2782 3512 prioribus
2796 3459 2943 3496 sacre
2957 3442 3508 3508 eruditas,Dominum

1919 3550 2029 3588 esse
2058 3534 2360 3588 caelestium
2410 3534 2679 3600 virtutum,
2721 3545 2768 3589 et
2812 3551 2983 3606 regem
3026 3536 3226 3605 gloriae
3254 3537 3308 3590 in
3338 3536 3509 3591 caelos

1919 3624 2226 3679 humanitus
2262 3635 2541 3695 receptum.
2580 3625 2840 3696 Exemplo
2866 3626 3130 3696 approbat
3178 3627 3322 3696 quod
3351 3627 3507 3686 dixit.

1920 3715 2274 3771 lntroducunt
2298 3716 2466 3779 enim,
2495 3715 2689 3786 inquit,
2723 3717 2825 3786 ipsi
2856 3716 3091 3788 theologi
3127 3717 3183 3770 in
3209 3717 3511 3772 visionibus

1922 3811 2035 3864 suis
2062 3809 2323 3880 quasdam
2369 3809 2612 3864 eruditas
2655 3809 2921 3864 essentias
2965 3825 2997 3863 a
3038 3809 3333 3878 prioribus.
3367 3809 3434 3864 Et
3459 3810 3514 3864 in

1922 3917 2030 3971 quo
2053 3903 2299 3957 eruditae
2327 3901 2492 3956 sunt?
2531 3900 2589 3955 In
2615 3915 2681 3955 eo
2703 3901 2899 3970 'plane,
2930 3901 3070 3970 quod
3102 3902 3362 3958 Dominus
3391 3915 3516 3957 cae-

1923 3991 2137 4046 lestium
2161 3993 2442 4056 virtutum,
2469 4000 2522 4046 et
2551 4005 2647 4046 rex
2691 3991 2896 4061 gloriae
2923 3991 2977 4045 in
3006 3992 3124 4062 ipsa
3155 3992 3513 4058 humanitate,

1923 4099 2086 4154 quam
2113 4099 2179 4138 ex
2212 4085 2368 4139 nobis
2398 4093 2619 4153 propter
2658 4100 2758 4140 nos
2795 4093 3106 4154 acceperat,
3140 4085 3195 4140 in
3223 4085 3400 4142 caelos
3428 4101 3515 4141 as-

1925 4187 2174 4246 sumptus
2201 4185 2307 4240 est,
2339 4176 2441 4230 hoc
2468 4185 2572 4241 est,
2600 4175 2743 4246 quod
2773 4176 3080 4231 humanitas
3101 4176 3312 4232 Domini
3343 4178 3515 4234 nostri

1924 4269 2053 4325 Jesu
2083 4269 2316 4334 Christi,
2349 4271 2438 4340 qui
2472 4279 2556 4325 cst
2584 4269 2845 4324 Dominus
2872 4270 3136 4324 virtutum
3167 4279 3222 4324 et
3260 4285 3358 4325 rex
3403 4269 3516 4342 glo—

1927 4363 2058 4428 riae,
2106 4363 2159 4417 in
2197 4378 2351 4417 suam
2387 4363 2746 4427 divinitatem,
2787 4357 2950 4432 quam
2996 4362 3175 4418 caelos
3219 4363 3512 4434 appellant,

1925 4463 2048 4524 post
2072 4455 2526 4510 resurrectionem
2572 4453 2807 4510 exaltata
2831 4455 2931 4520 sit,
2965 4465 3021 4511 et
3044 4456 3200 4526 'quod
3231 4464 3513 4527 utriusque

1927 4557 2173 4610 naturae,
2221 4549 2435 4603 divinae
2464 4549 2717 4604 videlicet
2760 4557 2923 4619 atque
2957 4549 3244 4616 humanae,
3275 4551 3519 4620 pr0prie-

1931 4643 2129 4698 tatibus
2153 4643 2668 4700 iucommutabiliter
2695 4659 2762 4697 ex
2787 4644 2994 4698 unitate
3035 4643 3373 4699 substantiae
3398 4659 3518 4715 per-

1929 4737 2274 4791 manentibus
2299 4775 2314 4801 ,
2361 4735 2815 4806 quemadmodum
2862 4735 3100 4791 Verbum
3139 4751 3268 4792 caro
3311 4735 3513 4792 factum

1930 4839 2032 4894 est,
2062 4830 2135 4884 ita
2163 4843 2294 4884 caro
2323 4828 2562 4884 Verbum
2593 4827 2732 4884 facta
2763 4835 2908 4884 totus
2949 4829 3091 4884 Deus
3137 4829 3190 4884 in
3236 4830 3367 4885 totis
3402 4829 3519 4885 suis

1931 4922 2160 4977 naturis.
2187 4920 2252 4975 Et
2281 4937 2348 4977 ne
2376 4921 2612 4988 mireris,
2643 4919 2982 4976 divinitatem
3011 4920 3210 4977 Christi
3238 4921 3520 4991 pluraliter

1933 5012 2111 5069 caelos
2140 5013 2347 5068 vocari.
2390 5012 2448 5067 Si
2483 5014 2628 5069 enim
2661 5014 2775 5082 ipse
2803 5011 3082 5083 multiplex
3111 5022 3166 5068 et
3201 5014 3410 5070 inﬁnita
3437 5031 3527 5072 sa-

1933 5105 2134 5174 pientia
2160 5105 2341 5162 Patris
2367 5113 2452 5162 est
2472 5146 2488 5172 ,
2538 5107 2663 5162 dum
2691 5105 2762 5160 sit
2791 5118 2897 5159 una
2931 5113 2989 5160 ct
3014 5104 3288 5160 individua
3314 5144 3332 5172 ,
3377 5113 3438 5161 et
3463 5107 3527 5190 Isi

1521 5251 1778 5311 VABIAE
1811 5245 2217 5309 LECTIONES.

309 5376 325 5409 ί
361 5375 405 5412 Π
433 5376 641 5418 vnn-lim-
700 5390 848 5431 nqrr-
884 5372 948 5416 η’
994 5375 1210 5414 νοΙΙδΙὸουπ
1331 5373 1352 5404 l
1390 5366 1520 5408 τ’ρηῖ

1610 5369 1692 5406 ΔΩ
1731 5369 1950 5404 [sunan
1979 5362 2232 5400 Αὶιηοοοῖρη
2263 5361 2312 5396 ou'

2378 5359 2441 5394 ιιι
2473 5376 2570 5393 ιιι-Λ
2605 5359 2856 5393 μηδι-λάρ-
2899 5371 3022 5398 ουδ’-ιι
3080 5355 3320 5396 ΑἶηΙιΙὲρη
3424 5359 3448 5392 I
3488 5365 3531 5398 ρ
