  <div class='ocr_page' id='page_1' title='image "/cluster/home/n/w/nwhite01/storage/ocr_20150623/122/hvd.32044015471659/131.png"; bbox 0 0 4028 6274; ppageno 0'>
   <div class='ocr_carea' id='block_1_1' title="bbox 510 392 616 451">
    <p class='ocr_par' dir='ltr' id='par_1_1' title="bbox 510 392 616 451">
     <span class='ocr_line' id='line_1_1' title="bbox 510 392 616 451; baseline -0.009 0"><span class='ocrx_word' id='word_1_1' title='bbox 510 392 616 451; x_wconf 66' lang='lat'><strong>187</strong></span> 
     </span>
    </p>
   </div>
   <div class='ocr_carea' id='block_1_2' title="bbox 1597 381 2655 444">
    <p class='ocr_par' dir='ltr' id='par_1_2' title="bbox 1597 381 2655 444">
     <span class='ocr_line' id='line_1_2' title="bbox 1597 381 2655 444; baseline -0.003 -2"><span class='ocrx_word' id='word_1_2' title='bbox 1597 383 2102 444; x_wconf 67' lang='lat' dir='ltr'><strong>BIPOSITIONES</strong></span> <span class='ocrx_word' id='word_1_3' title='bbox 2131 384 2417 444; x_wconf 71' lang='grc' dir='ltr'><strong>ιοΑΝΝιε</strong></span> <span class='ocrx_word' id='word_1_4' title='bbox 2456 381 2655 441; x_wconf 81' lang='lat' dir='ltr'><strong>SCOTI</strong></span> 
     </span>
    </p>
   </div>
   <div class='ocr_carea' id='block_1_3' title="bbox 3676 385 3788 442">
    <p class='ocr_par' dir='ltr' id='par_1_3' title="bbox 3676 385 3788 442">
     <span class='ocr_line' id='line_1_3' title="bbox 3676 385 3788 442; baseline 0.036 -4"><span class='ocrx_word' id='word_1_5' title='bbox 3676 385 3788 442; x_wconf 67' lang='lat'><strong>188</strong></span> 
     </span>
    </p>
   </div>
   <div class='ocr_carea' id='block_1_4' title="bbox 508 501 3791 580">
    <p class='ocr_par' dir='ltr' id='par_1_4' title="bbox 508 501 3791 580">
     <span class='ocr_line' id='line_1_4' title="bbox 508 501 3791 580; baseline -0.001 -18"><span class='ocrx_word' id='word_1_6' title='bbox 508 510 642 580; x_wconf 86' lang='lat' dir='ltr'><strong>ipsa,</strong></span> <span class='ocrx_word' id='word_1_7' title='bbox 685 502 892 560; x_wconf 84' lang='lat' dir='ltr'><strong>Christi</strong></span> <span class='ocrx_word' id='word_1_8' title='bbox 935 501 1185 556; x_wconf 84' lang='lat' dir='ltr'><strong>videlicet</strong></span> <span class='ocrx_word' id='word_1_9' title='bbox 1227 501 1504 566; x_wconf 74' lang='lat' dir='ltr'><strong>divinitas,</strong></span> <span class='ocrx_word' id='word_1_10' title='bbox 1544 518 1654 556; x_wconf 89' lang='lat' dir='ltr'><strong>una</strong></span> <span class='ocrx_word' id='word_1_11' title='bbox 1694 511 1751 559; x_wconf 84' lang='lat' dir='ltr'><strong>et</strong></span> <span class='ocrx_word' id='word_1_12' title='bbox 1795 503 2090 576; x_wconf 72' lang='lat' dir='ltr'><strong>singularis</strong></span> <span class='ocrx_word' id='word_1_13' title='bbox 2113 513 2164 574; x_wconf 78' lang='grc' dir='ltr'>Α</span> <span class='ocrx_word' id='word_1_14' title='bbox 2191 504 2393 575; x_wconf 82' lang='lat' dir='ltr'><strong>inquit,</strong></span> <span class='ocrx_word' id='word_1_15' title='bbox 2433 520 2559 559; x_wconf 79' lang='lat' dir='ltr'><strong>cum</strong></span> <span class='ocrx_word' id='word_1_16' title='bbox 2605 504 2649 536; x_wconf 83' lang='lat'>“</span> <span class='ocrx_word' id='word_1_17' title='bbox 2694 503 2870 559; x_wconf 85' lang='lat' dir='ltr'><strong>sancti</strong></span> <span class='ocrx_word' id='word_1_18' title='bbox 2897 502 3132 575; x_wconf 74' lang='lat' dir='ltr'><strong>theologi</strong></span> <span class='ocrx_word' id='word_1_19' title='bbox 3165 502 3370 573; x_wconf 86' lang='lat' dir='ltr'><strong>primas</strong></span> <span class='ocrx_word' id='word_1_20' title='bbox 3400 502 3664 559; x_wconf 80' lang='lat' dir='ltr'><strong>caelestes</strong></span> <span class='ocrx_word' id='word_1_21' title='bbox 3694 520 3791 560; x_wconf 85' lang='lat' dir='ltr'><strong>es-</strong></span> 
     </span>
    </p>
   </div>
   <div class='ocr_carea' id='block_1_5' title="bbox 506 594 2092 664">
    <p class='ocr_par' dir='ltr' id='par_1_5' title="bbox 506 594 2092 664">
     <span class='ocr_line' id='line_1_5' title="bbox 506 594 2092 664; baseline -0.001 -11"><span class='ocrx_word' id='word_1_22' title='bbox 506 599 698 654; x_wconf 85' lang='lat' dir='ltr'><strong>domus</strong></span> <span class='ocrx_word' id='word_1_23' title='bbox 724 603 810 650; x_wconf 89' lang='lat' dir='ltr'><strong>est</strong></span> <span class='ocrx_word' id='word_1_24' title='bbox 837 594 1019 648; x_wconf 84' lang='lat' dir='ltr'><strong>Patris</strong></span> <span class='ocrx_word' id='word_1_25' title='bbox 1036 627 1054 658; x_wconf 93' lang='lat'><strong>,-</strong></span> <span class='ocrx_word' id='word_1_26' title='bbox 1091 601 1144 648; x_wconf 90' lang='lat' dir='ltr'><strong>et</strong></span> <span class='ocrx_word' id='word_1_27' title='bbox 1177 602 1358 648; x_wconf 83' lang='lat' dir='ltr'><strong>tamen</strong></span> <span class='ocrx_word' id='word_1_28' title='bbox 1386 594 1446 647; x_wconf 89' lang='lat' dir='ltr'><strong>in</strong></span> <span class='ocrx_word' id='word_1_29' title='bbox 1473 594 1590 664; x_wconf 87' lang='lat' dir='ltr'><strong>ipsa</strong></span> <span class='ocrx_word' id='word_1_30' title='bbox 1627 594 1826 650; x_wconf 86' lang='lat' dir='ltr'><strong>multae</strong></span> <span class='ocrx_word' id='word_1_31' title='bbox 1855 596 2092 651; x_wconf 63' lang='lat' dir='ltr'><strong>mansio»</strong></span> 
     </span>
    </p>
   </div>
   <div class='ocr_carea' id='block_1_6' title="bbox 504 686 2092 758">
    <p class='ocr_par' dir='ltr' id='par_1_6' title="bbox 504 686 2092 758">
     <span class='ocr_line' id='line_1_6' title="bbox 504 686 2092 758; baseline -0.001 -12"><span class='ocrx_word' id='word_1_32' title='bbox 504 698 603 746; x_wconf 87' lang='lat' dir='ltr'><strong>nes</strong></span> <span class='ocrx_word' id='word_1_33' title='bbox 632 697 780 753; x_wconf 86' lang='lat' dir='ltr'><strong>sunt,</strong></span> <span class='ocrx_word' id='word_1_34' title='bbox 803 687 933 758; x_wconf 92' lang='lat' dir='ltr'><strong>quid</strong></span> <span class='ocrx_word' id='word_1_35' title='bbox 959 686 1196 757; x_wconf 79' lang='lat' dir='ltr'><strong>expedit,</strong></span> <span class='ocrx_word' id='word_1_36' title='bbox 1227 687 1271 740; x_wconf 92' lang='lat' dir='ltr'><strong>si</strong></span> <span class='ocrx_word' id='word_1_37' title='bbox 1302 687 1491 742; x_wconf 86' lang='lat' dir='ltr'><strong>eadem</strong></span> <span class='ocrx_word' id='word_1_38' title='bbox 1521 688 1778 743; x_wconf 75' lang='lat' dir='ltr'><strong>credatur</strong></span> <span class='ocrx_word' id='word_1_39' title='bbox 1803 698 1859 743; x_wconf 86' lang='lat' dir='ltr'><strong>et</strong></span> <span class='ocrx_word' id='word_1_40' title='bbox 1887 689 2092 744; x_wconf 82' lang='lat' dir='ltr'><strong>intelli-</strong></span> 
     </span>
    </p>
   </div>
   <div class='ocr_carea' id='block_1_7' title="bbox 502 778 2091 854">
    <p class='ocr_par' dir='ltr' id='par_1_7' title="bbox 502 778 2091 854">
     <span class='ocr_line' id='line_1_7' title="bbox 502 778 2091 854; baseline -0.001 -18"><span class='ocrx_word' id='word_1_41' title='bbox 502 791 662 854; x_wconf 76' lang='lat' dir='ltr'><strong>gatur</strong></span> <span class='ocrx_word' id='word_1_42' title='bbox 686 782 902 838; x_wconf 81' lang='lat' dir='ltr'><strong>caelum</strong></span> <span class='ocrx_word' id='word_1_43' title='bbox 925 790 979 834; x_wconf 89' lang='lat' dir='ltr'><strong>et</strong></span> <span class='ocrx_word' id='word_1_44' title='bbox 1009 779 1184 835; x_wconf 85' lang='lat' dir='ltr'><strong>caeli?</strong></span> <span class='ocrx_word' id='word_1_45' title='bbox 1222 778 1444 834; x_wconf 85' lang='lat' dir='ltr'><strong>Caelum</strong></span> <span class='ocrx_word' id='word_1_46' title='bbox 1486 781 1706 850; x_wconf 83' lang='lat' dir='ltr'><strong>quidem</strong></span> <span class='ocrx_word' id='word_1_47' title='bbox 1747 790 1970 851; x_wconf 77' lang='lat' dir='ltr'><strong>propter</strong></span> <span class='ocrx_word' id='word_1_48' title='bbox 1998 795 2091 837; x_wconf 90' lang='lat' dir='ltr'><strong>su-</strong></span> 
     </span>
    </p>
   </div>
   <div class='ocr_carea' id='block_1_8' title="bbox 498 871 2091 946">
    <p class='ocr_par' dir='ltr' id='par_1_8' title="bbox 498 871 2091 946">
     <span class='ocr_line' id='line_1_8' title="bbox 498 871 2091 946; baseline 0.001 -17"><span class='ocrx_word' id='word_1_49' title='bbox 498 872 1074 946; x_wconf 81' lang='lat' dir='ltr'><strong>persubstantialitatis</strong></span> <span class='ocrx_word' id='word_1_50' title='bbox 1129 886 1264 927; x_wconf 86' lang='lat' dir='ltr'><strong>suae</strong></span> <span class='ocrx_word' id='word_1_51' title='bbox 1308 871 1722 940; x_wconf 71' lang='lat' dir='ltr'><strong>excellentiam;</strong></span> <span class='ocrx_word' id='word_1_52' title='bbox 1771 874 1910 930; x_wconf 84' lang='lat' dir='ltr'><strong>caeli</strong></span> <span class='ocrx_word' id='word_1_53' title='bbox 1957 888 2091 930; x_wconf 84' lang='lat' dir='ltr'><strong>vero</strong></span> 
     </span>
    </p>
   </div>
   <div class='ocr_carea' id='block_1_9' title="bbox 498 962 2090 1036">
    <p class='ocr_par' dir='ltr' id='par_1_9' title="bbox 498 962 2090 1036">
     <span class='ocr_line' id='line_1_9' title="bbox 498 962 2090 1036; baseline -0.001 -16"><span class='ocrx_word' id='word_1_54' title='bbox 498 973 720 1036; x_wconf 77' lang='lat' dir='ltr'><strong>propter</strong></span> <span class='ocrx_word' id='word_1_55' title='bbox 768 963 1068 1034; x_wconf 87' lang='lat' dir='ltr'><strong>sapientiae</strong></span> <span class='ocrx_word' id='word_1_56' title='bbox 1119 977 1250 1017; x_wconf 84' lang='lat' dir='ltr'><strong>suae</strong></span> <span class='ocrx_word' id='word_1_57' title='bbox 1318 962 1675 1032; x_wconf 72' lang='lat' dir='ltr'><strong>multiplicem</strong></span> <span class='ocrx_word' id='word_1_58' title='bbox 1739 962 2090 1031; x_wconf 76' lang='lat' dir='ltr'><strong>inﬁnitatem..-</strong></span> 
     </span>
    </p>
   </div>
   <div class='ocr_carea' id='block_1_10' title="bbox 498 1052 2088 1125">
    <p class='ocr_par' dir='ltr' id='par_1_10' title="bbox 498 1052 2088 1125">
     <span class='ocr_line' id='line_1_10' title="bbox 498 1052 2088 1125; baseline 0 -15"><span class='ocrx_word' id='word_1_59' title='bbox 498 1056 756 1125; x_wconf 87' lang='lat' dir='ltr'><strong>quoniam</strong></span> <span class='ocrx_word' id='word_1_60' title='bbox 810 1055 1130 1125; x_wconf 61' lang='lat' dir='ltr'><strong>sapientiae?</strong></span> <span class='ocrx_word' id='word_1_61' title='bbox 1155 1052 1272 1123; x_wconf 84' lang='lat' dir='ltr'><strong>ejus</strong></span> <span class='ocrx_word' id='word_1_62' title='bbox 1311 1069 1422 1109; x_wconf 90' lang='lat' dir='ltr'><strong>non</strong></span> <span class='ocrx_word' id='word_1_63' title='bbox 1472 1062 1555 1108; x_wconf 86' lang='lat' dir='ltr'><strong>est</strong></span> <span class='ocrx_word' id='word_1_64' title='bbox 1603 1069 1880 1110; x_wconf 86' lang='lat' dir='ltr'><strong>nuerus.</strong></span> <span class='ocrx_word' id='word_1_65' title='bbox 1909 1056 2088 1122; x_wconf 84' lang='lat' dir='ltr'><strong>Quae-</strong></span> 
     </span>
    </p>
   </div>
   <div class='ocr_carea' id='block_1_11' title="bbox 497 1148 2087 1217">
    <p class='ocr_par' dir='ltr' id='par_1_11' title="bbox 497 1148 2087 1217">
     <span class='ocr_line' id='line_1_11' title="bbox 497 1148 2087 1217; baseline -0.001 -12"><span class='ocrx_word' id='word_1_66' title='bbox 497 1151 626 1205; x_wconf 85' lang='lat' dir='ltr'><strong>dam</strong></span> <span class='ocrx_word' id='word_1_67' title='bbox 679 1165 808 1205; x_wconf 89' lang='lat' dir='ltr'><strong>vero</strong></span> <span class='ocrx_word' id='word_1_68' title='bbox 865 1149 1132 1205; x_wconf 79' lang='lat' dir='ltr'><strong>caelestes</strong></span> <span class='ocrx_word' id='word_1_69' title='bbox 1161 1150 1392 1202; x_wconf 78' lang='lat' dir='ltr'><strong>virtutes</strong></span> <span class='ocrx_word' id='word_1_70' title='bbox 1443 1162 1476 1201; x_wconf 89' lang='lat' dir='ltr'><strong>a</strong></span> <span class='ocrx_word' id='word_1_71' title='bbox 1520 1148 1898 1217; x_wconf 76' lang='lat' dir='ltr'><strong>superioribus</strong></span> <span class='ocrx_word' id='word_1_72' title='bbox 1943 1161 2087 1203; x_wconf 85' lang='lat' dir='ltr'><strong>sem-</strong></span> 
     </span>
    </p>
   </div>
   <div class='ocr_carea' id='block_1_12' title="bbox 492 1239 2087 1314">
    <p class='ocr_par' dir='ltr' id='par_1_12' title="bbox 492 1239 2087 1314">
     <span class='ocr_line' id='line_1_12' title="bbox 492 1239 2087 1314; baseline -0.001 -16"><span class='ocrx_word' id='word_1_73' title='bbox 492 1257 593 1314; x_wconf 88' lang='lat' dir='ltr'><strong>per</strong></span> <span class='ocrx_word' id='word_1_74' title='bbox 657 1245 904 1309; x_wconf 85' lang='lat' dir='ltr'><strong>discunt,</strong></span> <span class='ocrx_word' id='word_1_75' title='bbox 947 1241 1222 1312; x_wconf 78' lang='lat' dir='ltr'><strong>quomodo</strong></span> <span class='ocrx_word' id='word_1_76' title='bbox 1257 1239 1414 1296; x_wconf 62' lang='lat' dir='ltr'><strong>Iesus</strong></span> <span class='ocrx_word' id='word_1_77' title='bbox 1462 1241 1726 1297; x_wconf 84' lang='lat' dir='ltr'><strong>Dominus</strong></span> <span class='ocrx_word' id='word_1_78' title='bbox 1781 1251 1864 1298; x_wconf 87' lang='lat' dir='ltr'><strong>est</strong></span> <span class='ocrx_word' id='word_1_79' title='bbox 1898 1243 1916 1273; x_wconf 72' lang='grc' dir='ltr'>ι</span> <span class='ocrx_word' id='word_1_80' title='bbox 1961 1256 2087 1296; x_wconf 84' lang='lat' dir='ltr'><strong>eae-</strong></span> 
     </span>
    </p>
   </div>
   <div class='ocr_carea' id='block_1_13' title="bbox 492 1335 2083 1406">
    <p class='ocr_par' dir='ltr' id='par_1_13' title="bbox 492 1335 2083 1406">
     <span class='ocr_line' id='line_1_13' title="bbox 492 1335 2083 1406; baseline -0.003 -14"><span class='ocrx_word' id='word_1_81' title='bbox 492 1335 712 1392; x_wconf 85' lang='lat' dir='ltr'><strong>lestium</strong></span> <span class='ocrx_word' id='word_1_82' title='bbox 757 1339 1014 1391; x_wconf 88' lang='lat' dir='ltr'><strong>virtutum</strong></span> <span class='ocrx_word' id='word_1_83' title='bbox 1067 1345 1122 1391; x_wconf 87' lang='lat' dir='ltr'><strong>et</strong></span> <span class='ocrx_word' id='word_1_84' title='bbox 1172 1351 1273 1390; x_wconf 69' lang='lat' dir='ltr'><strong>rex</strong></span> <span class='ocrx_word' id='word_1_85' title='bbox 1315 1335 1562 1406; x_wconf 72' lang='lat' dir='ltr'><strong>gloriae,</strong></span> <span class='ocrx_word' id='word_1_86' title='bbox 1587 1344 1644 1390; x_wconf 89' lang='lat' dir='ltr'><strong>et</strong></span> <span class='ocrx_word' id='word_1_87' title='bbox 1677 1335 1945 1406; x_wconf 81' lang='lat' dir='ltr'><strong>quomodo</strong></span> <span class='ocrx_word' id='word_1_88' title='bbox 1983 1335 2083 1389; x_wconf 78' lang='lat' dir='ltr'><strong>bu-</strong></span> 
     </span>
    </p>
   </div>
   <div class='ocr_carea' id='block_1_14' title="bbox 492 1428 2085 1499">
    <p class='ocr_par' dir='ltr' id='par_1_14' title="bbox 492 1428 2085 1499">
     <span class='ocr_line' id='line_1_14' title="bbox 492 1428 2085 1499; baseline -0.003 -15"><span class='ocrx_word' id='word_1_89' title='bbox 492 1431 730 1484; x_wconf 87' lang='lat' dir='ltr'><strong>mauitas</strong></span> <span class='ocrx_word' id='word_1_90' title='bbox 757 1429 927 1499; x_wconf 84' lang='lat' dir='ltr'><strong>ipsius</strong></span> <span class='ocrx_word' id='word_1_91' title='bbox 969 1429 1026 1483; x_wconf 91' lang='lat' dir='ltr'><strong>in</strong></span> <span class='ocrx_word' id='word_1_92' title='bbox 1056 1428 1393 1483; x_wconf 82' lang='lat' dir='ltr'><strong>divinitatem</strong></span> <span class='ocrx_word' id='word_1_93' title='bbox 1427 1437 1702 1497; x_wconf 83' lang='lat' dir='ltr'><strong>assumpta</strong></span> <span class='ocrx_word' id='word_1_94' title='bbox 1730 1437 1844 1493; x_wconf 69' lang='lat' dir='ltr'><strong>est,-</strong></span> <span class='ocrx_word' id='word_1_95' title='bbox 1887 1439 1999 1483; x_wconf 70' lang='grc' dir='ltr'><strong>παπ</strong></span> <span class='ocrx_word' id='word_1_96' title='bbox 2023 1433 2085 1480; x_wconf 85' lang='lat' dir='ltr'><strong>ut</strong></span> 
     </span>
    </p>
   </div>
   <div class='ocr_carea' id='block_1_15' title="bbox 490 1520 2080 1594">
    <p class='ocr_par' dir='ltr' id='par_1_15' title="bbox 490 1520 2080 1594">
     <span class='ocr_line' id='line_1_15' title="bbox 490 1520 2080 1594; baseline -0.002 -16"><span class='ocrx_word' id='word_1_97' title='bbox 490 1525 877 1594; x_wconf 88' lang='lat' dir='ltr'><strong>assumptionis</strong></span> <span class='ocrx_word' id='word_1_98' title='bbox 924 1522 1092 1593; x_wconf 89' lang='lat' dir='ltr'><strong>ipsius</strong></span> <span class='ocrx_word' id='word_1_99' title='bbox 1147 1520 1177 1553; x_wconf 71' lang='grc'><strong>²’</strong></span> <span class='ocrx_word' id='word_1_100' title='bbox 1206 1522 1423 1576; x_wconf 91' lang='lat' dir='ltr'><strong>modum</strong></span> <span class='ocrx_word' id='word_1_101' title='bbox 1466 1521 1798 1592; x_wconf 73' lang='lat' dir='ltr'><strong>intelligant;</strong></span> <span class='ocrx_word' id='word_1_102' title='bbox 1860 1529 2080 1593; x_wconf 82' lang='lat' dir='ltr'><strong>superat</strong></span> 
     </span>
    </p>
   </div>
   <div class='ocr_carea' id='block_1_16' title="bbox 488 1616 2080 1690">
    <p class='ocr_par' dir='ltr' id='par_1_16' title="bbox 488 1616 2080 1690">
     <span class='ocr_line' id='line_1_16' title="bbox 488 1616 2080 1690; baseline 0.001 -18"><span class='ocrx_word' id='word_1_103' title='bbox 488 1618 688 1688; x_wconf 82' lang='lat' dir='ltr'><strong>quippe</strong></span> <span class='ocrx_word' id='word_1_104' title='bbox 715 1632 929 1672; x_wconf 88' lang='lat' dir='ltr'><strong>omnem</strong></span> <span class='ocrx_word' id='word_1_105' title='bbox 962 1616 1327 1682; x_wconf 89' lang='lat' dir='ltr'><strong>intellectum;</strong></span> <span class='ocrx_word' id='word_1_106' title='bbox 1352 1617 1449 1672; x_wconf 82' lang='lat' dir='ltr'><strong>sed</strong></span> <span class='ocrx_word' id='word_1_107' title='bbox 1473 1625 1530 1671; x_wconf 83' lang='lat' dir='ltr'><strong>ut</strong></span> <span class='ocrx_word' id='word_1_108' title='bbox 1557 1618 1725 1688; x_wconf 80' lang='lat' dir='ltr'><strong>ipsam</strong></span> <span class='ocrx_word' id='word_1_109' title='bbox 1755 1619 2080 1690; x_wconf 78' lang='lat' dir='ltr'><strong>assumptio-</strong></span> 
     </span>
    </p>
   </div>
   <div class='ocr_carea' id='block_1_17' title="bbox 489 1707 2079 1778">
    <p class='ocr_par' dir='ltr' id='par_1_17' title="bbox 489 1707 2079 1778">
     <span class='ocr_line' id='line_1_17' title="bbox 489 1707 2079 1778; baseline 0.002 -15"><span class='ocrx_word' id='word_1_110' title='bbox 489 1724 612 1764; x_wconf 89' lang='lat' dir='ltr'><strong>nem</strong></span> <span class='ocrx_word' id='word_1_111' title='bbox 644 1707 1126 1778; x_wconf 82' lang='lat' dir='ltr'><strong>supernaturaliter</strong></span> <span class='ocrx_word' id='word_1_112' title='bbox 1155 1717 1208 1762; x_wconf 88' lang='lat' dir='ltr'><strong>et</strong></span> <span class='ocrx_word' id='word_1_113' title='bbox 1240 1707 1585 1763; x_wconf 77' lang='lat' dir='ltr'><strong>inellahiliter</strong></span> <span class='ocrx_word' id='word_1_114' title='bbox 1609 1723 1732 1764; x_wconf 90' lang='lat' dir='ltr'><strong>esse</strong></span> <span class='ocrx_word' id='word_1_115' title='bbox 1761 1709 1959 1764; x_wconf 81' lang='lat' dir='ltr'><strong>factam</strong></span> <span class='ocrx_word' id='word_1_116' title='bbox 1984 1725 2079 1766; x_wconf 78' lang='lat' dir='ltr'><strong>cor-</strong></span> 
     </span>
    </p>
   </div>
   <div class='ocr_carea' id='block_1_18' title="bbox 487 1797 2076 1871">
    <p class='ocr_par' dir='ltr' id='par_1_18' title="bbox 487 1797 2076 1871">
     <span class='ocr_line' id='line_1_18' title="bbox 487 1797 2076 1871; baseline 0.003 -18"><span class='ocrx_word' id='word_1_117' title='bbox 487 1808 771 1871; x_wconf 71' lang='lat' dir='ltr'><strong>gnoscant.</strong></span> <span class='ocrx_word' id='word_1_118' title='bbox 829 1799 1099 1865; x_wconf 73' lang='lat' dir='ltr'><strong>Quasdam</strong></span> <span class='ocrx_word' id='word_1_119' title='bbox 1140 1815 1260 1853; x_wconf 79' lang='lat' dir='ltr'><strong>vero</strong></span> <span class='ocrx_word' id='word_1_120' title='bbox 1299 1797 1444 1870; x_wconf 69' lang='lat' dir='ltr'><strong>apud</strong></span> <span class='ocrx_word' id='word_1_121' title='bbox 1477 1801 1648 1870; x_wconf 77' lang='lat' dir='ltr'><strong>ipsum</strong></span> <span class='ocrx_word' id='word_1_122' title='bbox 1696 1800 1882 1855; x_wconf 78' lang='lat' dir='ltr'><strong>Jestmt</strong></span> <span class='ocrx_word' id='word_1_123' title='bbox 1923 1802 2076 1857; x_wconf 82' lang='lat' dir='ltr'><strong>Chri-</strong></span> 
     </span>
    </p>
   </div>
   <div class='ocr_carea' id='block_1_19' title="bbox 2193 596 3792 668">
    <p class='ocr_par' dir='ltr' id='par_1_19' title="bbox 2193 596 3792 668">
     <span class='ocr_line' id='line_1_19' title="bbox 2193 596 3792 668; baseline -0.002 -12"><span class='ocrx_word' id='word_1_124' title='bbox 2193 601 2400 656; x_wconf 80' lang='lat' dir='ltr'><strong>sentias</strong></span> <span class='ocrx_word' id='word_1_125' title='bbox 2419 599 2492 654; x_wconf 89' lang='lat' dir='ltr'><strong>ab</strong></span> <span class='ocrx_word' id='word_1_126' title='bbox 2527 599 2646 668; x_wconf 85' lang='lat' dir='ltr'><strong>ipso</strong></span> <span class='ocrx_word' id='word_1_127' title='bbox 2674 596 2989 653; x_wconf 81' lang='lat' dir='ltr'><strong>immediate</strong></span> <span class='ocrx_word' id='word_1_128' title='bbox 3017 596 3201 652; x_wconf 77' lang='lat' dir='ltr'><strong>doceri</strong></span> <span class='ocrx_word' id='word_1_129' title='bbox 3243 597 3617 662; x_wconf 81' lang='lat' dir='ltr'><strong>introducunt,</strong></span> <span class='ocrx_word' id='word_1_130' title='bbox 3648 600 3792 667; x_wconf 80' lang='lat' dir='ltr'><strong>quia</strong></span> 
     </span>
    </p>
   </div>
   <div class='ocr_carea' id='block_1_20' title="bbox 2188 689 3792 762">
    <p class='ocr_par' dir='ltr' id='par_1_20' title="bbox 2188 689 3792 762">
     <span class='ocr_line' id='line_1_20' title="bbox 2188 689 3792 762; baseline -0.002 -16"><span class='ocrx_word' id='word_1_131' title='bbox 2188 691 2321 762; x_wconf 88' lang='lat' dir='ltr'><strong>ipse,</strong></span> <span class='ocrx_word' id='word_1_132' title='bbox 2355 695 2488 747; x_wconf 86' lang='lat' dir='ltr'><strong>dum</strong></span> <span class='ocrx_word' id='word_1_133' title='bbox 2511 691 2568 745; x_wconf 92' lang='lat' dir='ltr'><strong>in</strong></span> <span class='ocrx_word' id='word_1_134' title='bbox 2596 698 2825 754; x_wconf 83' lang='lat' dir='ltr'><strong>tantum,</strong></span> <span class='ocrx_word' id='word_1_135' title='bbox 2856 698 3117 759; x_wconf 83' lang='lat' dir='ltr'><strong>quantum</strong></span> <span class='ocrx_word' id='word_1_136' title='bbox 3148 689 3538 759; x_wconf 80' lang='lat' dir='ltr'><strong>praediximus,</strong></span> <span class='ocrx_word' id='word_1_137' title='bbox 3559 699 3792 745; x_wconf 80' lang='lat' dir='ltr'><strong>ceteras</strong></span> 
     </span>
    </p>
   </div>
   <div class='ocr_carea' id='block_1_21' title="bbox 2187 783 3789 854">
    <p class='ocr_par' dir='ltr' id='par_1_21' title="bbox 2187 783 3789 854">
     <span class='ocr_line' id='line_1_21' title="bbox 2187 783 3789 854; baseline -0.001 -14"><span class='ocrx_word' id='word_1_138' title='bbox 2187 800 2380 841; x_wconf 86' lang='lat' dir='ltr'><strong>omnes</strong></span> <span class='ocrx_word' id='word_1_139' title='bbox 2411 785 2570 841; x_wconf 82' lang='lat' dir='ltr'><strong>simul</strong></span> <span class='ocrx_word' id='word_1_140' title='bbox 2609 784 2672 838; x_wconf 85' lang='lat' dir='ltr'><strong>in</strong></span> <span class='ocrx_word' id='word_1_141' title='bbox 2695 783 2892 839; x_wconf 77' lang='lat' dir='ltr'><strong>divinis</strong></span> <span class='ocrx_word' id='word_1_142' title='bbox 2941 783 3424 838; x_wconf 77' lang='lat' dir='ltr'><strong>illuminationibus</strong></span> <span class='ocrx_word' id='word_1_143' title='bbox 3471 785 3789 854; x_wconf 85' lang='lat' dir='ltr'><strong>superemi-</strong></span> 
     </span>
    </p>
   </div>
   <div class='ocr_carea' id='block_1_22' title="bbox 2187 873 3784 943">
    <p class='ocr_par' dir='ltr' id='par_1_22' title="bbox 2187 873 3784 943">
     <span class='ocr_line' id='line_1_22' title="bbox 2187 873 3784 943; baseline 0.001 -13"><span class='ocrx_word' id='word_1_144' title='bbox 2187 885 2314 932; x_wconf 83' lang='lat' dir='ltr'><strong>nent</strong></span> <span class='ocrx_word' id='word_1_145' title='bbox 2344 885 2404 930; x_wconf 91' lang='lat' dir='ltr'><strong>ut</strong></span> <span class='ocrx_word' id='word_1_146' title='bbox 2433 877 2696 941; x_wconf 67' lang='lat' dir='ltr'><strong>mediam,</strong></span> <span class='ocrx_word' id='word_1_147' title='bbox 2743 876 2848 931; x_wconf 88' lang='lat' dir='ltr'><strong>hoc</strong></span> <span class='ocrx_word' id='word_1_148' title='bbox 2871 882 2989 940; x_wconf 89' lang='lat' dir='ltr'><strong>est,</strong></span> <span class='ocrx_word' id='word_1_149' title='bbox 3035 873 3202 928; x_wconf 83' lang='lat' dir='ltr'><strong>veluti</strong></span> <span class='ocrx_word' id='word_1_150' title='bbox 3249 875 3527 943; x_wconf 78' lang='lat' dir='ltr'><strong>superiore</strong></span> <span class='ocrx_word' id='word_1_151' title='bbox 3573 883 3784 931; x_wconf 83' lang='lat' dir='ltr'><strong>natura</strong></span> 
     </span>
    </p>
   </div>
   <div class='ocr_carea' id='block_1_23' title="bbox 2186 966 3786 1038">
    <p class='ocr_par' dir='ltr' id='par_1_23' title="bbox 2186 966 3786 1038">
     <span class='ocr_line' id='line_1_23' title="bbox 2186 966 3786 1038; baseline 0 -16"><span class='ocrx_word' id='word_1_152' title='bbox 2186 967 2524 1038; x_wconf 73' lang='lat' dir='ltr'><strong>interposita,</strong></span> <span class='ocrx_word' id='word_1_153' title='bbox 2550 967 2906 1036; x_wconf 81' lang='lat' dir='ltr'><strong>quaestiones</strong></span> <span class='ocrx_word' id='word_1_154' title='bbox 2931 973 3242 1021; x_wconf 77' lang='lat' dir='ltr'><strong>reverenter</strong></span> <span class='ocrx_word' id='word_1_155' title='bbox 3269 974 3548 1034; x_wconf 82' lang='lat' dir='ltr'><strong>appetunt,</strong></span> <span class='ocrx_word' id='word_1_156' title='bbox 3584 966 3642 1020; x_wconf 84' lang='lat' dir='ltr'><strong>id</strong></span> <span class='ocrx_word' id='word_1_157' title='bbox 3692 977 3786 1022; x_wconf 81' lang='lat' dir='ltr'><strong>est</strong></span> 
     </span>
    </p>
   </div>
   <div class='ocr_carea' id='block_1_24' title="bbox 2190 1057 3776 1128">
    <p class='ocr_par' dir='ltr' id='par_1_24' title="bbox 2190 1057 3776 1128">
     <span class='ocr_line' id='line_1_24' title="bbox 2190 1057 3776 1128; baseline 0.001 -16"><span class='ocrx_word' id='word_1_158' title='bbox 2190 1058 2404 1121; x_wconf 80' lang='lat' dir='ltr'><strong>timide,</strong></span> <span class='ocrx_word' id='word_1_159' title='bbox 2449 1059 2594 1128; x_wconf 80' lang='lat' dir='ltr'><strong>quod</strong></span> <span class='ocrx_word' id='word_1_160' title='bbox 2640 1073 2838 1128; x_wconf 72' lang='lat' dir='ltr'><strong>graece</strong></span> <span class='ocrx_word' id='word_1_161' title='bbox 2881 1057 3080 1112; x_wconf 89' lang='lat' dir='ltr'><strong>dicitur</strong></span> <span class='ocrx_word' id='word_1_162' title='bbox 3123 1058 3385 1122; x_wconf 71' lang='grc' dir='ltr'><strong>εὐλαϐῶς,</strong></span> <span class='ocrx_word' id='word_1_163' title='bbox 3431 1057 3776 1113; x_wconf 81' lang='lat' dir='ltr'><strong>desiderant.</strong></span> 
     </span>
    </p>
   </div>
   <div class='ocr_carea' id='block_1_25' title="bbox 2183 1151 3780 1210">
    <p class='ocr_par' dir='ltr' id='par_1_25' title="bbox 2183 1151 3780 1210">
     <span class='ocr_line' id='line_1_25' title="bbox 2183 1151 3780 1210; baseline 0.003 -6"><span class='ocrx_word' id='word_1_164' title='bbox 2183 1151 2432 1207; x_wconf 71' lang='grc' dir='ltr'><strong>Εὺλαϐιὶα</strong></span> <span class='ocrx_word' id='word_1_165' title='bbox 2453 1152 2596 1207; x_wconf 87' lang='lat' dir='ltr'><strong>enim</strong></span> <span class='ocrx_word' id='word_1_166' title='bbox 2626 1161 2708 1208; x_wconf 89' lang='lat' dir='ltr'><strong>est</strong></span> <span class='ocrx_word' id='word_1_167' title='bbox 2736 1167 2859 1208; x_wconf 90' lang='lat' dir='ltr'><strong>cum</strong></span> <span class='ocrx_word' id='word_1_168' title='bbox 2887 1169 3075 1210; x_wconf 87' lang='lat' dir='ltr'><strong>amore</strong></span> <span class='ocrx_word' id='word_1_169' title='bbox 3105 1155 3366 1210; x_wconf 84' lang='lat' dir='ltr'><strong>timiditas</strong></span> <span class='ocrx_word' id='word_1_170' title='bbox 3390 1155 3475 1209; x_wconf 86' lang='lat' dir='ltr'><strong>vel</strong></span> <span class='ocrx_word' id='word_1_171' title='bbox 3504 1169 3780 1209; x_wconf 81' lang='lat' dir='ltr'><strong>verecun-</strong></span> 
     </span>
    </p>
   </div>
   <div class='ocr_carea' id='block_1_26' title="bbox 2185 1240 3776 1315">
    <p class='ocr_par' dir='ltr' id='par_1_26' title="bbox 2185 1240 3776 1315">
     <span class='ocr_line' id='line_1_26' title="bbox 2185 1240 3776 1315; baseline 0.004 -21"><span class='ocrx_word' id='word_1_172' title='bbox 2185 1241 2292 1295; x_wconf 83' lang='lat' dir='ltr'><strong>dia.</strong></span> <span class='ocrx_word' id='word_1_173' title='bbox 2325 1240 2394 1295; x_wconf 82' lang='lat' dir='ltr'><strong>Et</strong></span> <span class='ocrx_word' id='word_1_174' title='bbox 2433 1243 2572 1296; x_wconf 82' lang='lat' dir='ltr'><strong>enim</strong></span> <span class='ocrx_word' id='word_1_175' title='bbox 2601 1259 2708 1298; x_wconf 87' lang='lat' dir='ltr'><strong>non</strong></span> <span class='ocrx_word' id='word_1_176' title='bbox 2744 1244 2864 1297; x_wconf 80' lang='lat' dir='ltr'><strong>inde</strong></span> <span class='ocrx_word' id='word_1_177' title='bbox 2891 1246 3232 1315; x_wconf 77' lang='lat' dir='ltr'><strong>interrogant,</strong></span> <span class='ocrx_word' id='word_1_178' title='bbox 3269 1245 3369 1298; x_wconf 85' lang='lat' dir='ltr'><strong>hoc</strong></span> <span class='ocrx_word' id='word_1_179' title='bbox 3399 1253 3501 1310; x_wconf 81' lang='lat' dir='ltr'><strong>est,</strong></span> <span class='ocrx_word' id='word_1_180' title='bbox 3527 1253 3590 1300; x_wconf 75' lang='lat' dir='ltr'><strong>et</strong></span> <span class='ocrx_word' id='word_1_181' title='bbox 3623 1244 3776 1300; x_wconf 81' lang='lat' dir='ltr'><strong>enim</strong></span> 
     </span>
    </p>
   </div>
   <div class='ocr_carea' id='block_1_27' title="bbox 2185 1332 3777 1407">
    <p class='ocr_par' dir='ltr' id='par_1_27' title="bbox 2185 1332 3777 1407">
     <span class='ocr_line' id='line_1_27' title="bbox 2185 1332 3777 1407; baseline 0.003 -20"><span class='ocrx_word' id='word_1_182' title='bbox 2185 1347 2292 1387; x_wconf 84' lang='lat' dir='ltr'><strong>non</strong></span> <span class='ocrx_word' id='word_1_183' title='bbox 2319 1333 2495 1402; x_wconf 83' lang='lat' dir='ltr'><strong>ipsum</strong></span> <span class='ocrx_word' id='word_1_184' title='bbox 2521 1332 2704 1388; x_wconf 86' lang='lat' dir='ltr'><strong>Jesnm</strong></span> <span class='ocrx_word' id='word_1_185' title='bbox 2736 1334 3044 1389; x_wconf 84' lang='lat' dir='ltr'><strong>immediate</strong></span> <span class='ocrx_word' id='word_1_186' title='bbox 3069 1335 3423 1406; x_wconf 77' lang='lat' dir='ltr'><strong>interrogant,</strong></span> <span class='ocrx_word' id='word_1_187' title='bbox 3440 1350 3608 1407; x_wconf 77' lang='lat' dir='ltr'><strong>quare</strong></span> <span class='ocrx_word' id='word_1_188' title='bbox 3626 1337 3712 1391; x_wconf 77' lang='lat' dir='ltr'><strong>uti</strong></span> <span class='ocrx_word' id='word_1_189' title='bbox 3729 1335 3777 1369; x_wconf 77' lang='lat'>“</span> 
     </span>
    </p>
   </div>
   <div class='ocr_carea' id='block_1_28' title="bbox 2185 1424 3776 1499">
    <p class='ocr_par' dir='ltr' id='par_1_28' title="bbox 2185 1424 3776 1499">
     <span class='ocr_line' id='line_1_28' title="bbox 2185 1424 3776 1499; baseline 0.003 -21"><span class='ocrx_word' id='word_1_190' title='bbox 2185 1424 2344 1479; x_wconf 69' lang='lat' dir='ltr'><strong>rubra</strong></span> <span class='ocrx_word' id='word_1_191' title='bbox 2380 1426 2724 1480; x_wconf 72' lang='lat' dir='ltr'><strong>aestimata?</strong></span> <span class='ocrx_word' id='word_1_192' title='bbox 2770 1426 2852 1481; x_wconf 86' lang='lat' dir='ltr'><strong>vel</strong></span> <span class='ocrx_word' id='word_1_193' title='bbox 2881 1427 3020 1481; x_wconf 83' lang='lat' dir='ltr'><strong>sicut</strong></span> <span class='ocrx_word' id='word_1_194' title='bbox 3049 1427 3108 1481; x_wconf 83' lang='lat' dir='ltr'><strong>in</strong></span> <span class='ocrx_word' id='word_1_195' title='bbox 3140 1426 3458 1482; x_wconf 78' lang='lat' dir='ltr'><strong>melioribus</strong></span> <span class='ocrx_word' id='word_1_196' title='bbox 3493 1425 3776 1499; x_wconf 74' lang='lat' dir='ltr'><strong>exempla-</strong></span> 
     </span>
    </p>
   </div>
   <div class='ocr_carea' id='block_1_29' title="bbox 2184 1516 3777 1587">
    <p class='ocr_par' dir='ltr' id='par_1_29' title="bbox 2184 1516 3777 1587">
     <span class='ocr_line' id='line_1_29' title="bbox 2184 1516 3777 1587; baseline 0.003 -18"><span class='ocrx_word' id='word_1_197' title='bbox 2184 1516 2332 1570; x_wconf 84' lang='lat' dir='ltr'><strong>ribus</strong></span> <span class='ocrx_word' id='word_1_198' title='bbox 2385 1517 2675 1582; x_wconf 70' lang='lat' dir='ltr'><strong>invenitur,</strong></span> <span class='ocrx_word' id='word_1_199' title='bbox 2739 1533 2906 1587; x_wconf 73' lang='lat' dir='ltr'><strong>quare</strong></span> <span class='ocrx_word' id='word_1_200' title='bbox 2942 1518 3019 1571; x_wconf 75' lang='lat' dir='ltr'><strong>tui</strong></span> <span class='ocrx_word' id='word_1_201' title='bbox 3062 1518 3106 1550; x_wconf 78' lang='grc'><strong>⁸³</strong></span> <span class='ocrx_word' id='word_1_202' title='bbox 3144 1521 3387 1573; x_wconf 77' lang='lat' dir='ltr'><strong>coccinea</strong></span> <span class='ocrx_word' id='word_1_203' title='bbox 3425 1519 3777 1574; x_wconf 69' lang='lat' dir='ltr'><strong>aestimata!</strong></span> 
     </span>
    </p>
   </div>
   <div class='ocr_carea' id='block_1_30' title="bbox 2183 1607 3775 1681">
    <p class='ocr_par' dir='ltr' id='par_1_30' title="bbox 2183 1607 3775 1681">
     <span class='ocr_line' id='line_1_30' title="bbox 2183 1607 3775 1681; baseline 0.004 -23"><span class='ocrx_word' id='word_1_204' title='bbox 2183 1607 2335 1677; x_wconf 71' lang='lat' dir='ltr'><strong>Apud</strong></span> <span class='ocrx_word' id='word_1_205' title='bbox 2364 1610 2564 1677; x_wconf 69' lang='lat' dir='ltr'><strong>seipse:</strong></span> <span class='ocrx_word' id='word_1_206' title='bbox 2615 1608 2658 1640; x_wconf 77' lang='grc'><strong>¹¹⁶</strong></span> <span class='ocrx_word' id='word_1_207' title='bbox 2704 1625 2826 1664; x_wconf 85' lang='lat' dir='ltr'><strong>vero</strong></span> <span class='ocrx_word' id='word_1_208' title='bbox 2852 1610 3139 1664; x_wconf 81' lang='lat' dir='ltr'><strong>deliberant</strong></span> <span class='ocrx_word' id='word_1_209' title='bbox 3169 1623 3292 1664; x_wconf 77' lang='lat' dir='ltr'><strong>ante</strong></span> <span class='ocrx_word' id='word_1_210' title='bbox 3311 1611 3654 1681; x_wconf 77' lang='lat' dir='ltr'><strong>interrogare,</strong></span> <span class='ocrx_word' id='word_1_211' title='bbox 3689 1610 3775 1666; x_wconf 88' lang='lat' dir='ltr'><strong>vel</strong></span> 
     </span>
    </p>
   </div>
   <div class='ocr_carea' id='block_1_31' title="bbox 2183 1699 3776 1773">
    <p class='ocr_par' dir='ltr' id='par_1_31' title="bbox 2183 1699 3776 1773">
     <span class='ocr_line' id='line_1_31' title="bbox 2183 1699 3776 1773; baseline 0.003 -20"><span class='ocrx_word' id='word_1_212' title='bbox 2183 1699 2500 1769; x_wconf 69' lang='lat' dir='ltr'><strong>simpliciter</strong></span> <span class='ocrx_word' id='word_1_213' title='bbox 2531 1700 2875 1768; x_wconf 72' lang='lat' dir='ltr'><strong>transfertur,</strong></span> <span class='ocrx_word' id='word_1_214' title='bbox 2899 1703 3066 1772; x_wconf 72' lang='lat' dir='ltr'><strong>apud</strong></span> <span class='ocrx_word' id='word_1_215' title='bbox 3091 1719 3152 1757; x_wconf 88' lang='lat' dir='ltr'><strong>se</strong></span> <span class='ocrx_word' id='word_1_216' title='bbox 3176 1705 3320 1773; x_wconf 87' lang='lat' dir='ltr'><strong>ipsas</strong></span> <span class='ocrx_word' id='word_1_217' title='bbox 3365 1712 3697 1759; x_wconf 71' lang='lat' dir='ltr'><strong>cunctantur</strong></span> <span class='ocrx_word' id='word_1_218' title='bbox 3729 1703 3776 1736; x_wconf 76' lang='lat'><strong>“</strong></span> 
     </span>
    </p>
   </div>
   <div class='ocr_carea' id='block_1_32' title="bbox 2181 1793 3770 1870">
    <p class='ocr_par' dir='ltr' id='par_1_32' title="bbox 2181 1793 3770 1870">
     <span class='ocr_line' id='line_1_32' title="bbox 2181 1793 3770 1870; baseline 0.004 -25"><span class='ocrx_word' id='word_1_219' title='bbox 2181 1793 2268 1847; x_wconf 84' lang='lat' dir='ltr'><strong>vel</strong></span> <span class='ocrx_word' id='word_1_220' title='bbox 2321 1795 2596 1850; x_wconf 84' lang='lat' dir='ltr'><strong>haesitant</strong></span> <span class='ocrx_word' id='word_1_221' title='bbox 2624 1795 2668 1826; x_wconf 70' lang='grc' dir='ltr'><strong>ιθ</strong></span> <span class='ocrx_word' id='word_1_222' title='bbox 2702 1806 2832 1850; x_wconf 85' lang='lat' dir='ltr'><strong>ante</strong></span> <span class='ocrx_word' id='word_1_223' title='bbox 2859 1795 3058 1852; x_wconf 86' lang='lat' dir='ltr'><strong>dicere.</strong></span> <span class='ocrx_word' id='word_1_224' title='bbox 3088 1797 3274 1852; x_wconf 85' lang='lat' dir='ltr'><strong>Potest</strong></span> <span class='ocrx_word' id='word_1_225' title='bbox 3297 1807 3353 1852; x_wconf 91' lang='lat' dir='ltr'><strong>et</strong></span> <span class='ocrx_word' id='word_1_226' title='bbox 3380 1799 3459 1853; x_wconf 89' lang='lat' dir='ltr'><strong>sic</strong></span> <span class='ocrx_word' id='word_1_227' title='bbox 3491 1798 3724 1870; x_wconf 76' lang='lat' dir='ltr'><strong>intelligi</strong></span> <span class='ocrx_word' id='word_1_228' title='bbox 3752 1812 3770 1851; x_wconf 85' lang='lat'><strong><em>:</em></strong></span> 
     </span>
    </p>
   </div>
   <div class='ocr_carea' id='block_1_33' title="bbox 485 1885 2076 1963">
    <p class='ocr_par' dir='ltr' id='par_1_33' title="bbox 485 1893 2076 1963">
     <span class='ocr_line' id='line_1_33' title="bbox 485 1893 2076 1963; baseline 0.004 -17"><span class='ocrx_word' id='word_1_229' title='bbox 485 1900 623 1946; x_wconf 80' lang='lat' dir='ltr'><strong>stum</strong></span> <span class='ocrx_word' id='word_1_230' title='bbox 688 1893 709 1924; x_wconf 85' lang='grc'><strong><em>⁸</em></strong></span> <span class='ocrx_word' id='word_1_231' title='bbox 778 1903 1084 1963; x_wconf 79' lang='lat' dir='ltr'><strong>quaerentes</strong></span> <span class='ocrx_word' id='word_1_232' title='bbox 1115 1933 1128 1957; x_wconf 93' lang='lat'><strong>,</strong></span> <span class='ocrx_word' id='word_1_233' title='bbox 1189 1901 1238 1946; x_wconf 89' lang='lat' dir='ltr'><strong>et</strong></span> <span class='ocrx_word' id='word_1_234' title='bbox 1305 1909 1397 1962; x_wconf 75' lang='lat' dir='ltr'><strong>pro</strong></span> <span class='ocrx_word' id='word_1_235' title='bbox 1460 1895 1604 1948; x_wconf 81' lang='lat' dir='ltr'><strong>nobis</strong></span> <span class='ocrx_word' id='word_1_236' title='bbox 1683 1912 1808 1950; x_wconf 84' lang='lat' dir='ltr'><strong>suae</strong></span> <span class='ocrx_word' id='word_1_237' title='bbox 1879 1895 2076 1952; x_wconf 74' lang='lat' dir='ltr'><strong>divinae</strong></span> 
     </span>
    </p>
   </div>
   <div class='ocr_carea' id='block_1_34' title="bbox 2179 1885 3776 1963">
    <p class='ocr_par' dir='ltr' id='par_1_34' title="bbox 2185 1885 3776 1960">
     <span class='ocr_line' id='line_1_34' title="bbox 2185 1885 3776 1960; baseline 0.004 -21"><span class='ocrx_word' id='word_1_238' title='bbox 2185 1892 2240 1939; x_wconf 88' lang='lat' dir='ltr'><strong>et</strong></span> <span class='ocrx_word' id='word_1_239' title='bbox 2266 1885 2409 1938; x_wconf 87' lang='lat' dir='ltr'><strong>enim</strong></span> <span class='ocrx_word' id='word_1_240' title='bbox 2435 1902 2540 1941; x_wconf 89' lang='lat' dir='ltr'><strong>non</strong></span> <span class='ocrx_word' id='word_1_241' title='bbox 2583 1887 2711 1960; x_wconf 80' lang='lat' dir='ltr'><strong>inde</strong></span> <span class='ocrx_word' id='word_1_242' title='bbox 2756 1890 3113 1959; x_wconf 77' lang='lat' dir='ltr'><strong>interrogant,</strong></span> <span class='ocrx_word' id='word_1_243' title='bbox 3144 1898 3200 1944; x_wconf 89' lang='lat' dir='ltr'><strong>et</strong></span> <span class='ocrx_word' id='word_1_244' title='bbox 3239 1890 3383 1944; x_wconf 85' lang='lat' dir='ltr'><strong>enim</strong></span> <span class='ocrx_word' id='word_1_245' title='bbox 3417 1903 3487 1944; x_wconf 91' lang='lat' dir='ltr'><strong>ne</strong></span> <span class='ocrx_word' id='word_1_246' title='bbox 3523 1891 3673 1954; x_wconf 84' lang='lat' dir='ltr'><strong>inde,</strong></span> <span class='ocrx_word' id='word_1_247' title='bbox 3703 1889 3776 1945; x_wconf 84' lang='lat' dir='ltr'><strong>ab</strong></span> 
     </span>
    </p>
   </div>
   <div class='ocr_carea' id='block_1_35' title="bbox 485 1983 2077 2049">
    <p class='ocr_par' dir='ltr' id='par_1_35' title="bbox 485 1983 2077 2049">
     <span class='ocr_line' id='line_1_35' title="bbox 485 1983 2077 2049; baseline 0.004 -12"><span class='ocrx_word' id='word_1_248' title='bbox 485 1984 707 2038; x_wconf 76' lang='lat' dir='ltr'><strong>actionis</strong></span> <span class='ocrx_word' id='word_1_249' title='bbox 750 1984 1022 2038; x_wconf 82' lang='lat' dir='ltr'><strong>scientiam</strong></span> <span class='ocrx_word' id='word_1_250' title='bbox 1054 1985 1343 2049; x_wconf 73' lang='lat' dir='ltr'><strong>discentes,</strong></span> <span class='ocrx_word' id='word_1_251' title='bbox 1385 1991 1432 2038; x_wconf 85' lang='lat' dir='ltr'><strong>e‘t</strong></span> <span class='ocrx_word' id='word_1_252' title='bbox 1483 2001 1572 2040; x_wconf 86' lang='lat' dir='ltr'><strong>eas</strong></span> <span class='ocrx_word' id='word_1_253' title='bbox 1600 1983 1784 2042; x_wconf 69' lang='lat' dir='ltr'><strong>Iesum</strong></span> <span class='ocrx_word' id='word_1_254' title='bbox 1827 1988 1850 2019; x_wconf 73' lang='grc'><strong>⁸</strong></span> <span class='ocrx_word' id='word_1_255' title='bbox 1874 1988 1930 2043; x_wconf 82' lang='lat' dir='ltr'><strong>in</strong></span> <span class='ocrx_word' id='word_1_256' title='bbox 1970 2005 2077 2044; x_wconf 86' lang='lat' dir='ltr'><strong>me-</strong></span> 
     </span>
    </p>
   </div>
   <div class='ocr_carea' id='block_1_36' title="bbox 485 2073 2078 2150">
    <p class='ocr_par' dir='ltr' id='par_1_36' title="bbox 485 2073 2078 2150">
     <span class='ocr_line' id='line_1_36' title="bbox 485 2073 2078 2150; baseline 0.005 -24"><span class='ocrx_word' id='word_1_257' title='bbox 485 2073 678 2127; x_wconf 81' lang='lat' dir='ltr'><strong>dietate</strong></span> <span class='ocrx_word' id='word_1_258' title='bbox 731 2074 756 2105; x_wconf 78' lang='grc'><strong><em>⁵</em></strong></span> <span class='ocrx_word' id='word_1_259' title='bbox 801 2074 1066 2128; x_wconf 82' lang='lat' dir='ltr'><strong>docentem</strong></span> <span class='ocrx_word' id='word_1_260' title='bbox 1111 2085 1158 2128; x_wconf 86' lang='lat' dir='ltr'><strong>et</strong></span> <span class='ocrx_word' id='word_1_261' title='bbox 1184 2074 1543 2146; x_wconf 84' lang='lat' dir='ltr'><strong>praelargiens</strong></span> <span class='ocrx_word' id='word_1_262' title='bbox 1563 2077 1637 2131; x_wconf 84' lang='lat' dir='ltr'><strong>eis</strong></span> <span class='ocrx_word' id='word_1_263' title='bbox 1659 2080 2078 2150; x_wconf 71' lang='lat' dir='ltr'><strong>manifestantem</strong></span> 
     </span>
    </p>
   </div>
   <div class='ocr_carea' id='block_1_37' title="bbox 485 2166 2075 2243">
    <p class='ocr_par' dir='ltr' id='par_1_37' title="bbox 485 2166 2075 2243">
     <span class='ocr_line' id='line_1_37' title="bbox 485 2166 2075 2243; baseline 0.006 -24"><span class='ocrx_word' id='word_1_264' title='bbox 485 2181 636 2219; x_wconf 79' lang='lat' dir='ltr'><strong>suam</strong></span> <span class='ocrx_word' id='word_1_265' title='bbox 681 2166 970 2220; x_wconf 78' lang='lat' dir='ltr'><strong>humanam</strong></span> <span class='ocrx_word' id='word_1_266' title='bbox 1007 2166 1395 2237; x_wconf 79' lang='lat' dir='ltr'><strong>benignitatem.</strong></span> <span class='ocrx_word' id='word_1_267' title='bbox 1444 2168 1797 2225; x_wconf 83' lang='lat' dir='ltr'><strong>Introducunt</strong></span> <span class='ocrx_word' id='word_1_268' title='bbox 1842 2187 2075 2243; x_wconf 88' lang='lat' dir='ltr'><strong>quoque,</strong></span> 
     </span>
    </p>
   </div>
   <div class='ocr_carea' id='block_1_38' title="bbox 483 2257 2078 2327">
    <p class='ocr_par' dir='ltr' id='par_1_38' title="bbox 483 2257 2078 2327">
     <span class='ocr_line' id='line_1_38' title="bbox 483 2257 2078 2327; baseline 0.005 -16"><span class='ocrx_word' id='word_1_269' title='bbox 483 2257 682 2325; x_wconf 85' lang='lat' dir='ltr'><strong>inquit,</strong></span> <span class='ocrx_word' id='word_1_270' title='bbox 722 2257 954 2327; x_wconf 79' lang='lat' dir='ltr'><strong>theologi</strong></span> <span class='ocrx_word' id='word_1_271' title='bbox 997 2259 1274 2326; x_wconf 84' lang='lat' dir='ltr'><strong>quasdam,</strong></span> <span class='ocrx_word' id='word_1_272' title='bbox 1320 2259 1422 2314; x_wconf 87' lang='lat' dir='ltr'><strong>hoc</strong></span> <span class='ocrx_word' id='word_1_273' title='bbox 1459 2267 1561 2326; x_wconf 87' lang='lat' dir='ltr'><strong>est,</strong></span> <span class='ocrx_word' id='word_1_274' title='bbox 1597 2261 2078 2320; x_wconf 81' lang='lat' dir='ltr'><strong>excellentissimas</strong></span> 
     </span>
    </p>
   </div>
   <div class='ocr_carea' id='block_1_39' title="bbox 485 2351 2078 2423">
    <p class='ocr_par' dir='ltr' id='par_1_39' title="bbox 485 2351 2078 2423">
     <span class='ocr_line' id='line_1_39' title="bbox 485 2351 2078 2423; baseline 0.004 -17"><span class='ocrx_word' id='word_1_275' title='bbox 485 2351 749 2406; x_wconf 83' lang='lat' dir='ltr'><strong>caelestes</strong></span> <span class='ocrx_word' id='word_1_276' title='bbox 777 2352 1076 2418; x_wconf 86' lang='lat' dir='ltr'><strong>essentias,</strong></span> <span class='ocrx_word' id='word_1_277' title='bbox 1120 2351 1262 2421; x_wconf 89' lang='lat' dir='ltr'><strong>apud</strong></span> <span class='ocrx_word' id='word_1_278' title='bbox 1315 2353 1486 2423; x_wconf 89' lang='lat' dir='ltr'><strong>ipsum</strong></span> <span class='ocrx_word' id='word_1_279' title='bbox 1533 2352 1714 2409; x_wconf 70' lang='lat' dir='ltr'><strong>Iesum</strong></span> <span class='ocrx_word' id='word_1_280' title='bbox 1768 2356 2078 2413; x_wconf 87' lang='lat' dir='ltr'><strong>immediate</strong></span> 
     </span>
    </p>
   </div>
   <div class='ocr_carea' id='block_1_40' title="bbox 481 2443 2077 2518">
    <p class='ocr_par' dir='ltr' id='par_1_40' title="bbox 481 2443 2077 2518">
     <span class='ocr_line' id='line_1_40' title="bbox 481 2443 2077 2518; baseline 0.004 -19"><span class='ocrx_word' id='word_1_281' title='bbox 481 2455 698 2513; x_wconf 78' lang='lat' dir='ltr'><strong>semper</strong></span> <span class='ocrx_word' id='word_1_282' title='bbox 726 2457 868 2508; x_wconf 91' lang='lat' dir='ltr'><strong>csse,</strong></span> <span class='ocrx_word' id='word_1_283' title='bbox 915 2454 1240 2514; x_wconf 84' lang='lat' dir='ltr'><strong>quaerentes</strong></span> <span class='ocrx_word' id='word_1_284' title='bbox 1286 2454 1341 2499; x_wconf 89' lang='lat' dir='ltr'><strong>et</strong></span> <span class='ocrx_word' id='word_1_285' title='bbox 1384 2443 1657 2503; x_wconf 83' lang='lat' dir='ltr'><strong>discentes</strong></span> <span class='ocrx_word' id='word_1_286' title='bbox 1701 2448 1774 2502; x_wconf 73' lang='lat' dir='ltr'><strong>ab&#39;</strong></span> <span class='ocrx_word' id='word_1_287' title='bbox 1800 2447 1916 2518; x_wconf 90' lang='lat' dir='ltr'><strong>ipso</strong></span> <span class='ocrx_word' id='word_1_288' title='bbox 1946 2463 2077 2506; x_wconf 89' lang='lat' dir='ltr'><strong>suae</strong></span> 
     </span>
    </p>
   </div>
   <div class='ocr_carea' id='block_1_41' title="bbox 479 2541 2077 2616">
    <p class='ocr_par' dir='ltr' id='par_1_41' title="bbox 479 2541 2077 2616">
     <span class='ocr_line' id='line_1_41' title="bbox 479 2541 2077 2616; baseline 0.008 -23"><span class='ocrx_word' id='word_1_289' title='bbox 479 2551 586 2611; x_wconf 84' lang='lat' dir='ltr'><strong>pro</strong></span> <span class='ocrx_word' id='word_1_290' title='bbox 609 2541 762 2596; x_wconf 86' lang='lat' dir='ltr'><strong>nobis</strong></span> <span class='ocrx_word' id='word_1_291' title='bbox 790 2541 1003 2597; x_wconf 88' lang='lat' dir='ltr'><strong>divinae</strong></span> <span class='ocrx_word' id='word_1_292' title='bbox 1033 2541 1282 2608; x_wconf 85' lang='lat' dir='ltr'><strong>actionis,</strong></span> <span class='ocrx_word' id='word_1_293' title='bbox 1311 2542 1414 2599; x_wconf 86' lang='lat' dir='ltr'><strong>hoc</strong></span> <span class='ocrx_word' id='word_1_294' title='bbox 1441 2548 1546 2611; x_wconf 74' lang='lat' dir='ltr'><strong>eSt,</strong></span> <span class='ocrx_word' id='word_1_295' title='bbox 1581 2547 1988 2616; x_wconf 84' lang='lat' dir='ltr'><strong>incarnationis,</strong></span> <span class='ocrx_word' id='word_1_296' title='bbox 2023 2559 2077 2606; x_wconf 86' lang='lat' dir='ltr'><strong>et</strong></span> 
     </span>
    </p>
   </div>
   <div class='ocr_carea' id='block_1_42' title="bbox 478 2632 2077 2710">
    <p class='ocr_par' dir='ltr' id='par_1_42' title="bbox 478 2632 2077 2710">
     <span class='ocr_line' id='line_1_42' title="bbox 478 2632 2077 2710; baseline 0.008 -23"><span class='ocrx_word' id='word_1_297' title='bbox 478 2632 767 2702; x_wconf 72' lang='lat' dir='ltr'><strong>passionis,</strong></span> <span class='ocrx_word' id='word_1_298' title='bbox 793 2642 847 2688; x_wconf 85' lang='lat' dir='ltr'><strong>et</strong></span> <span class='ocrx_word' id='word_1_299' title='bbox 877 2637 1310 2703; x_wconf 82' lang='lat' dir='ltr'><strong>resurrectionis,</strong></span> <span class='ocrx_word' id='word_1_300' title='bbox 1329 2646 1382 2692; x_wconf 88' lang='lat' dir='ltr'><strong>et</strong></span> <span class='ocrx_word' id='word_1_301' title='bbox 1399 2641 1849 2710; x_wconf 85' lang='lat' dir='ltr'><strong>assumptionisin</strong></span> <span class='ocrx_word' id='word_1_302' title='bbox 1867 2644 2077 2699; x_wconf 79' lang='lat' dir='ltr'><strong>ca‘clum&#39;</strong></span> 
     </span>
    </p>
   </div>
   <div class='ocr_carea' id='block_1_43' title="bbox 479 2721 2070 2800">
    <p class='ocr_par' dir='ltr' id='par_1_43' title="bbox 479 2721 2070 2800">
     <span class='ocr_line' id='line_1_43' title="bbox 479 2721 2070 2800; baseline 0.008 -22"><span class='ocrx_word' id='word_1_303' title='bbox 479 2722 782 2778; x_wconf 81' lang='lat' dir='ltr'><strong>scientiam.</strong></span> <span class='ocrx_word' id='word_1_304' title='bbox 841 2721 914 2779; x_wconf 82' lang='lat' dir='ltr'><strong>Et</strong></span> <span class='ocrx_word' id='word_1_305' title='bbox 960 2725 1311 2782; x_wconf 83' lang='lat' dir='ltr'><strong>introducunt</strong></span> <span class='ocrx_word' id='word_1_306' title='bbox 1349 2729 1528 2800; x_wconf 87' lang='lat' dir='ltr'><strong>ipsum</strong></span> <span class='ocrx_word' id='word_1_307' title='bbox 1564 2730 1748 2787; x_wconf 88' lang='lat' dir='ltr'><strong>.lesum</strong></span> <span class='ocrx_word' id='word_1_308' title='bbox 1787 2735 2070 2790; x_wconf 85' lang='lat' dir='ltr'><strong>docentem</strong></span> 
     </span>
    </p>
   </div>
   <div class='ocr_carea' id='block_1_44' title="bbox 479 2814 2067 2898">
    <p class='ocr_par' dir='ltr' id='par_1_44' title="bbox 479 2814 2067 2898">
     <span class='ocr_line' id='line_1_44' title="bbox 479 2814 2067 2898; baseline 0.009 -30"><span class='ocrx_word' id='word_1_309' title='bbox 479 2828 573 2869; x_wconf 88' lang='lat' dir='ltr'><strong>eas</strong></span> <span class='ocrx_word' id='word_1_310' title='bbox 596 2814 904 2872; x_wconf 84' lang='lat' dir='ltr'><strong>immediate</strong></span> <span class='ocrx_word' id='word_1_311' title='bbox 926 2825 979 2873; x_wconf 93' lang='lat' dir='ltr'><strong>et</strong></span> <span class='ocrx_word' id='word_1_312' title='bbox 1003 2820 1442 2875; x_wconf 76' lang='lat' dir='ltr'><strong>manifestantem</strong></span> <span class='ocrx_word' id='word_1_313' title='bbox 1485 2823 1550 2878; x_wconf 88' lang='lat' dir='ltr'><strong>iis</strong></span> <span class='ocrx_word' id='word_1_314' title='bbox 1592 2821 1633 2891; x_wconf 77' lang='grc'><strong>³,</strong></span> <span class='ocrx_word' id='word_1_315' title='bbox 1680 2823 2067 2898; x_wconf 81' lang='lat' dir='ltr'><strong>praelargiens,</strong></span> 
     </span>
    </p>
   </div>
   <div class='ocr_carea' id='block_1_45' title="bbox 479 2906 2070 2985">
    <p class='ocr_par' dir='ltr' id='par_1_45' title="bbox 479 2906 2070 2985">
     <span class='ocr_line' id='line_1_45' title="bbox 479 2906 2070 2985; baseline 0.009 -25"><span class='ocrx_word' id='word_1_316' title='bbox 479 2906 584 2961; x_wconf 86' lang='lat' dir='ltr'><strong>hoc</strong></span> <span class='ocrx_word' id='word_1_317' title='bbox 615 2915 714 2972; x_wconf 90' lang='lat' dir='ltr'><strong>est,</strong></span> <span class='ocrx_word' id='word_1_318' title='bbox 745 2909 895 2978; x_wconf 82' lang='lat' dir='ltr'><strong>prius</strong></span> <span class='ocrx_word' id='word_1_319' title='bbox 919 2924 1084 2980; x_wconf 86' lang='lat' dir='ltr'><strong>quam</strong></span> <span class='ocrx_word' id='word_1_320' title='bbox 1113 2913 1308 2968; x_wconf 85' lang='lat' dir='ltr'><strong>ceteris</strong></span> <span class='ocrx_word' id='word_1_321' title='bbox 1335 2913 1590 2985; x_wconf 83' lang='lat' dir='ltr'><strong>largiens,</strong></span> <span class='ocrx_word' id='word_1_322' title='bbox 1621 2918 1709 2972; x_wconf 88' lang='lat' dir='ltr'><strong>vel</strong></span> <span class='ocrx_word' id='word_1_323' title='bbox 1734 2920 1875 2974; x_wconf 86' lang='lat' dir='ltr'><strong>sicut</strong></span> <span class='ocrx_word' id='word_1_324' title='bbox 1909 2922 2070 2976; x_wconf 88' lang='lat' dir='ltr'><strong>etiam</strong></span> 
     </span>
    </p>
   </div>
   <div class='ocr_carea' id='block_1_46' title="bbox 477 2999 2074 3076">
    <p class='ocr_par' dir='ltr' id='par_1_46' title="bbox 477 2999 2074 3076">
     <span class='ocr_line' id='line_1_46' title="bbox 477 2999 2074 3076; baseline 0.009 -25"><span class='ocrx_word' id='word_1_325' title='bbox 477 3004 658 3068; x_wconf 86' lang='lat' dir='ltr'><strong>potest</strong></span> <span class='ocrx_word' id='word_1_326' title='bbox 705 2999 1074 3070; x_wconf 72' lang='lat' dir='ltr'><strong>interpretari,</strong></span> <span class='ocrx_word' id='word_1_327' title='bbox 1117 3003 1572 3076; x_wconf 84' lang='lat' dir='ltr'><strong>praelargientem</strong></span> <span class='ocrx_word' id='word_1_328' title='bbox 1611 3003 1632 3039; x_wconf 89' lang='lat'><strong><em>&quot;</em></strong></span> <span class='ocrx_word' id='word_1_329' title='bbox 1678 3019 1830 3064; x_wconf 84' lang='lat' dir='ltr'><strong>suam</strong></span> <span class='ocrx_word' id='word_1_330' title='bbox 1879 3011 2074 3065; x_wconf 83' lang='lat' dir='ltr'><strong>huma-</strong></span> 
     </span>
    </p>
   </div>
   <div class='ocr_carea' id='block_1_47' title="bbox 478 3087 2072 3171">
    <p class='ocr_par' dir='ltr' id='par_1_47' title="bbox 478 3087 2072 3171">
     <span class='ocr_line' id='line_1_47' title="bbox 478 3087 2072 3171; baseline 0.008 -27"><span class='ocrx_word' id='word_1_331' title='bbox 478 3103 625 3155; x_wconf 87' lang='lat' dir='ltr'><strong>nam,</strong></span> <span class='ocrx_word' id='word_1_332' title='bbox 659 3087 762 3147; x_wconf 90' lang='lat' dir='ltr'><strong>hoc</strong></span> <span class='ocrx_word' id='word_1_333' title='bbox 817 3103 902 3148; x_wconf 86' lang='lat' dir='ltr'><strong>est</strong></span> <span class='ocrx_word' id='word_1_334' title='bbox 948 3093 1272 3150; x_wconf 85' lang='lat' dir='ltr'><strong>clementem</strong></span> <span class='ocrx_word' id='word_1_335' title='bbox 1301 3109 1428 3168; x_wconf 75' lang='lat' dir='ltr'><strong>erga</strong></span> <span class='ocrx_word' id='word_1_336' title='bbox 1461 3099 1690 3153; x_wconf 88' lang='lat' dir='ltr'><strong>salutem</strong></span> <span class='ocrx_word' id='word_1_337' title='bbox 1722 3100 1942 3155; x_wconf 85' lang='lat' dir='ltr'><strong>humani</strong></span> <span class='ocrx_word' id='word_1_338' title='bbox 1982 3117 2072 3171; x_wconf 83' lang='lat' dir='ltr'><strong>ge-</strong></span> 
     </span>
    </p>
   </div>
   <div class='ocr_carea' id='block_1_48' title="bbox 478 3181 2072 3262">
    <p class='ocr_par' dir='ltr' id='par_1_48' title="bbox 478 3181 2072 3262">
     <span class='ocr_line' id='line_1_48' title="bbox 478 3181 2072 3262; baseline 0.006 -26"><span class='ocrx_word' id='word_1_339' title='bbox 478 3183 630 3237; x_wconf 84' lang='lat' dir='ltr'><strong>neris</strong></span> <span class='ocrx_word' id='word_1_340' title='bbox 656 3183 1066 3254; x_wconf 79' lang='lat' dir='ltr'><strong>benignitatem.</strong></span> <span class='ocrx_word' id='word_1_341' title='bbox 1109 3181 1223 3256; x_wconf 83' lang='lat' dir='ltr'><strong>Ego</strong></span> <span class='ocrx_word' id='word_1_342' title='bbox 1254 3189 1411 3252; x_wconf 77' lang='lat' dir='ltr'><strong>enim,</strong></span> <span class='ocrx_word' id='word_1_343' title='bbox 1446 3190 1639 3259; x_wconf 85' lang='lat' dir='ltr'><strong>inquit,</strong></span> <span class='ocrx_word' id='word_1_344' title='bbox 1682 3191 1890 3260; x_wconf 75' lang='lat' dir='ltr'><strong>disputo</strong></span> <span class='ocrx_word' id='word_1_345' title='bbox 1912 3191 2072 3262; x_wconf 74' lang='lat' dir='ltr'><strong>justi-</strong></span> 
     </span>
    </p>
   </div>
   <div class='ocr_carea' id='block_1_49' title="bbox 2184 1977 3768 2054">
    <p class='ocr_par' dir='ltr' id='par_1_49' title="bbox 2184 1977 3768 2054">
     <span class='ocr_line' id='line_1_49' title="bbox 2184 1977 3768 2054; baseline 0.004 -23"><span class='ocrx_word' id='word_1_346' title='bbox 2184 1977 2300 2046; x_wconf 85' lang='lat' dir='ltr'><strong>ipso</strong></span> <span class='ocrx_word' id='word_1_347' title='bbox 2352 1979 2601 2034; x_wconf 84' lang='lat' dir='ltr'><strong>videlicet</strong></span> <span class='ocrx_word' id='word_1_348' title='bbox 2654 1980 2815 2046; x_wconf 69' lang='lat' dir='ltr'><strong>Iesu,</strong></span> <span class='ocrx_word' id='word_1_349' title='bbox 2863 1981 3217 2052; x_wconf 69' lang='lat' dir='ltr'><strong>interrogant.</strong></span> <span class='ocrx_word' id='word_1_350' title='bbox 3281 1982 3563 2052; x_wconf 74' lang='lat' dir='ltr'><strong>Siquidem</strong></span> <span class='ocrx_word' id='word_1_351' title='bbox 3607 1996 3768 2054; x_wconf 84' lang='lat' dir='ltr'><strong>prae-</strong></span> 
     </span>
    </p>
   </div>
   <div class='ocr_carea' id='block_1_50' title="bbox 2182 2068 3771 2143">
    <p class='ocr_par' dir='ltr' id='par_1_50' title="bbox 2182 2068 3771 2143">
     <span class='ocr_line' id='line_1_50' title="bbox 2182 2068 3771 2143; baseline 0.004 -22"><span class='ocrx_word' id='word_1_352' title='bbox 2182 2068 2337 2132; x_wconf 75' lang='lat' dir='ltr'><strong>dixit,</strong></span> <span class='ocrx_word' id='word_1_353' title='bbox 2377 2078 2434 2123; x_wconf 92' lang='lat' dir='ltr'><strong>ut</strong></span> <span class='ocrx_word' id='word_1_354' title='bbox 2472 2068 2727 2138; x_wconf 86' lang='lat' dir='ltr'><strong>mediate,</strong></span> <span class='ocrx_word' id='word_1_355' title='bbox 2758 2071 2812 2126; x_wconf 92' lang='lat' dir='ltr'><strong>id</strong></span> <span class='ocrx_word' id='word_1_356' title='bbox 2851 2081 2936 2127; x_wconf 87' lang='lat' dir='ltr'><strong>est</strong></span> <span class='ocrx_word' id='word_1_357' title='bbox 2982 2074 3139 2143; x_wconf 88' lang='lat' dir='ltr'><strong>quasi</strong></span> <span class='ocrx_word' id='word_1_358' title='bbox 3166 2073 3418 2139; x_wconf 84' lang='lat' dir='ltr'><strong>mediate,</strong></span> <span class='ocrx_word' id='word_1_359' title='bbox 3451 2089 3558 2128; x_wconf 85' lang='lat' dir='ltr'><strong>non</strong></span> <span class='ocrx_word' id='word_1_360' title='bbox 3586 2083 3771 2128; x_wconf 79' lang='lat' dir='ltr'><strong>autem</strong></span> 
     </span>
    </p>
   </div>
   <div class='ocr_carea' id='block_1_51' title="bbox 2180 2162 3772 2237">
    <p class='ocr_par' dir='ltr' id='par_1_51' title="bbox 2180 2162 3772 2237">
     <span class='ocr_line' id='line_1_51' title="bbox 2180 2162 3772 2237; baseline 0.002 -20"><span class='ocrx_word' id='word_1_361' title='bbox 2180 2162 2402 2217; x_wconf 86' lang='lat' dir='ltr'><strong>omnino</strong></span> <span class='ocrx_word' id='word_1_362' title='bbox 2430 2163 2695 2230; x_wconf 87' lang='lat' dir='ltr'><strong>mediate;</strong></span> <span class='ocrx_word' id='word_1_363' title='bbox 2737 2164 2886 2220; x_wconf 90' lang='lat' dir='ltr'><strong>nulla</strong></span> <span class='ocrx_word' id='word_1_364' title='bbox 2919 2168 3120 2237; x_wconf 84' lang='lat' dir='ltr'><strong>quippe</strong></span> <span class='ocrx_word' id='word_1_365' title='bbox 3153 2175 3404 2222; x_wconf 79' lang='lat' dir='ltr'><strong>creatura</strong></span> <span class='ocrx_word' id='word_1_366' title='bbox 3449 2167 3596 2221; x_wconf 78' lang='lat' dir='ltr'><strong>inter</strong></span> <span class='ocrx_word' id='word_1_367' title='bbox 3622 2165 3772 2236; x_wconf 79' lang='lat' dir='ltr'><strong>ipsas</strong></span> 
     </span>
    </p>
   </div>
   <div class='ocr_carea' id='block_1_52' title="bbox 2180 2253 3770 2330">
    <p class='ocr_par' dir='ltr' id='par_1_52' title="bbox 2180 2253 3770 2330">
     <span class='ocr_line' id='line_1_52' title="bbox 2180 2253 3770 2330; baseline 0.003 -21"><span class='ocrx_word' id='word_1_368' title='bbox 2180 2263 2236 2309; x_wconf 89' lang='lat' dir='ltr'><strong>et</strong></span> <span class='ocrx_word' id='word_1_369' title='bbox 2260 2253 2444 2310; x_wconf 77' lang='lat' dir='ltr'><strong>lesum</strong></span> <span class='ocrx_word' id='word_1_370' title='bbox 2478 2255 2639 2311; x_wconf 90' lang='lat' dir='ltr'><strong>altior</strong></span> <span class='ocrx_word' id='word_1_371' title='bbox 2666 2265 2788 2323; x_wconf 84' lang='lat' dir='ltr'><strong>est,</strong></span> <span class='ocrx_word' id='word_1_372' title='bbox 2833 2266 2892 2312; x_wconf 94' lang='lat' dir='ltr'><strong>ut</strong></span> <span class='ocrx_word' id='word_1_373' title='bbox 2936 2259 3198 2330; x_wconf 86' lang='lat' dir='ltr'><strong>praefatis</strong></span> <span class='ocrx_word' id='word_1_374' title='bbox 3237 2258 3536 2314; x_wconf 78' lang='lat' dir='ltr'><strong>rationibus</strong></span> <span class='ocrx_word' id='word_1_375' title='bbox 3575 2259 3770 2314; x_wconf 84' lang='lat' dir='ltr'><strong>incon-</strong></span> 
     </span>
    </p>
   </div>
   <div class='ocr_carea' id='block_1_53' title="bbox 2179 2348 3768 2420">
    <p class='ocr_par' dir='ltr' id='par_1_53' title="bbox 2179 2348 3768 2420">
     <span class='ocr_line' id='line_1_53' title="bbox 2179 2348 3768 2420; baseline 0.003 -18"><span class='ocrx_word' id='word_1_376' title='bbox 2179 2361 2340 2402; x_wconf 84' lang='lat' dir='ltr'><strong>cusse</strong></span> <span class='ocrx_word' id='word_1_377' title='bbox 2364 2348 2644 2404; x_wconf 83' lang='lat' dir='ltr'><strong>deﬁnitum</strong></span> <span class='ocrx_word' id='word_1_378' title='bbox 2677 2350 2738 2404; x_wconf 81' lang='lat'><strong>&quot;.</strong></span> <span class='ocrx_word' id='word_1_379' title='bbox 2805 2349 2916 2405; x_wconf 87' lang='lat' dir='ltr'><strong>Cur</strong></span> <span class='ocrx_word' id='word_1_380' title='bbox 2949 2362 3128 2406; x_wconf 83' lang='lat' dir='ltr'><strong>autem</strong></span> <span class='ocrx_word' id='word_1_381' title='bbox 3167 2353 3320 2420; x_wconf 89' lang='lat' dir='ltr'><strong>quasi</strong></span> <span class='ocrx_word' id='word_1_382' title='bbox 3360 2351 3611 2416; x_wconf 86' lang='lat' dir='ltr'><strong>mediate,</strong></span> <span class='ocrx_word' id='word_1_383' title='bbox 3660 2365 3768 2406; x_wconf 70' lang='lat' dir='ltr'><strong>non</strong></span> 
     </span>
    </p>
   </div>
   <div class='ocr_carea' id='block_1_54' title="bbox 2179 2440 3768 2513">
    <p class='ocr_par' dir='ltr' id='par_1_54' title="bbox 2179 2440 3768 2513">
     <span class='ocr_line' id='line_1_54' title="bbox 2179 2440 3768 2513; baseline 0.003 -20"><span class='ocrx_word' id='word_1_384' title='bbox 2179 2449 2362 2494; x_wconf 89' lang='lat' dir='ltr'><strong>autem</strong></span> <span class='ocrx_word' id='word_1_385' title='bbox 2388 2441 2605 2512; x_wconf 88' lang='lat' dir='ltr'><strong>penitus</strong></span> <span class='ocrx_word' id='word_1_386' title='bbox 2630 2440 2962 2507; x_wconf 87' lang='lat' dir='ltr'><strong>immediate,</strong></span> <span class='ocrx_word' id='word_1_387' title='bbox 2987 2443 3070 2497; x_wconf 89' lang='lat' dir='ltr'><strong>vel</strong></span> <span class='ocrx_word' id='word_1_388' title='bbox 3104 2443 3320 2513; x_wconf 83' lang='lat' dir='ltr'><strong>penitus</strong></span> <span class='ocrx_word' id='word_1_389' title='bbox 3348 2443 3582 2498; x_wconf 83' lang='lat' dir='ltr'><strong>mediate</strong></span> <span class='ocrx_word' id='word_1_390' title='bbox 3607 2442 3768 2497; x_wconf 84' lang='lat' dir='ltr'><strong>inter-</strong></span> 
     </span>
    </p>
   </div>
   <div class='ocr_carea' id='block_1_55' title="bbox 2179 2532 3765 2606">
    <p class='ocr_par' dir='ltr' id='par_1_55' title="bbox 2179 2532 3765 2606">
     <span class='ocr_line' id='line_1_55' title="bbox 2179 2532 3765 2606; baseline 0.004 -20"><span class='ocrx_word' id='word_1_391' title='bbox 2179 2533 2405 2604; x_wconf 76' lang='lat' dir='ltr'><strong>rogant?</strong></span> <span class='ocrx_word' id='word_1_392' title='bbox 2440 2532 2726 2590; x_wconf 79' lang='lat' dir='ltr'><strong>Rationem</strong></span> <span class='ocrx_word' id='word_1_393' title='bbox 2763 2535 2938 2590; x_wconf 87' lang='lat' dir='ltr'><strong>reddit</strong></span> <span class='ocrx_word' id='word_1_394' title='bbox 2975 2553 2990 2588; x_wconf 85' lang='lat'><strong>:</strong></span> <span class='ocrx_word' id='word_1_395' title='bbox 3019 2537 3161 2606; x_wconf 88' lang='lat' dir='ltr'><strong>apud</strong></span> <span class='ocrx_word' id='word_1_396' title='bbox 3197 2551 3258 2590; x_wconf 89' lang='lat' dir='ltr'><strong>se</strong></span> <span class='ocrx_word' id='word_1_397' title='bbox 3293 2537 3438 2606; x_wconf 78' lang='lat' dir='ltr'><strong>ipsas</strong></span> <span class='ocrx_word' id='word_1_398' title='bbox 3473 2550 3603 2591; x_wconf 81' lang='lat' dir='ltr'><strong>vero</strong></span> <span class='ocrx_word' id='word_1_399' title='bbox 3631 2535 3765 2592; x_wconf 79' lang='lat' dir='ltr'><strong>deli-</strong></span> 
     </span>
    </p>
   </div>
   <div class='ocr_carea' id='block_1_56' title="bbox 2177 2629 3764 2702">
    <p class='ocr_par' dir='ltr' id='par_1_56' title="bbox 2177 2629 3764 2702">
     <span class='ocr_line' id='line_1_56' title="bbox 2177 2629 3764 2702; baseline 0.001 -17"><span class='ocrx_word' id='word_1_400' title='bbox 2177 2629 2371 2685; x_wconf 83' lang='lat' dir='ltr'><strong>berant</strong></span> <span class='ocrx_word' id='word_1_401' title='bbox 2396 2630 2750 2702; x_wconf 75' lang='lat' dir='ltr'><strong>interrogare,</strong></span> <span class='ocrx_word' id='word_1_402' title='bbox 2777 2631 2925 2686; x_wconf 89' lang='lat' dir='ltr'><strong>velut</strong></span> <span class='ocrx_word' id='word_1_403' title='bbox 2949 2632 3160 2701; x_wconf 88' lang='lat' dir='ltr'><strong>planius</strong></span> <span class='ocrx_word' id='word_1_404' title='bbox 3185 2632 3529 2696; x_wconf 81' lang='lat' dir='ltr'><strong>transfertur,</strong></span> <span class='ocrx_word' id='word_1_405' title='bbox 3550 2631 3764 2698; x_wconf 72' lang='lat' dir='ltr'><strong>dicem;</strong></span> 
     </span>
    </p>
   </div>
   <div class='ocr_carea' id='block_1_57' title="bbox 2177 2720 3762 2796">
    <p class='ocr_par' dir='ltr' id='par_1_57' title="bbox 2177 2720 3762 2796">
     <span class='ocr_line' id='line_1_57' title="bbox 2177 2720 3762 2796; baseline 0.003 -22"><span class='ocrx_word' id='word_1_406' title='bbox 2177 2720 2479 2776; x_wconf 86' lang='lat' dir='ltr'><strong>deliberant</strong></span> <span class='ocrx_word' id='word_1_407' title='bbox 2515 2722 2713 2793; x_wconf 88' lang='lat' dir='ltr'><strong>quippe</strong></span> <span class='ocrx_word' id='word_1_408' title='bbox 2761 2722 3048 2778; x_wconf 87' lang='lat' dir='ltr'><strong>altitudine</strong></span> <span class='ocrx_word' id='word_1_409' title='bbox 3095 2724 3480 2796; x_wconf 84' lang='lat' dir='ltr'><strong>mysteriorum</strong></span> <span class='ocrx_word' id='word_1_410' title='bbox 3528 2737 3762 2793; x_wconf 82' lang='lat' dir='ltr'><strong>expave-</strong></span> 
     </span>
    </p>
   </div>
   <div class='ocr_carea' id='block_1_58' title="bbox 2178 2811 3764 2887">
    <p class='ocr_par' dir='ltr' id='par_1_58' title="bbox 2178 2811 3764 2887">
     <span class='ocr_line' id='line_1_58' title="bbox 2178 2811 3764 2887; baseline 0.001 -19"><span class='ocrx_word' id='word_1_411' title='bbox 2178 2811 2306 2870; x_wconf 76' lang='lat' dir='ltr'><strong>lacti</strong></span> <span class='ocrx_word' id='word_1_412' title='bbox 2336 2853 2352 2881; x_wconf 89' lang='lat'><strong>,</strong></span> <span class='ocrx_word' id='word_1_413' title='bbox 2405 2825 2588 2871; x_wconf 82' lang='lat' dir='ltr'><strong>utrum</strong></span> <span class='ocrx_word' id='word_1_414' title='bbox 2649 2817 3048 2887; x_wconf 67' lang='lat' dir='ltr'><strong>interrogarent</strong></span> <span class='ocrx_word' id='word_1_415' title='bbox 3113 2817 3157 2848; x_wconf 72' lang='grc'><strong>³⁸</strong></span> <span class='ocrx_word' id='word_1_416' title='bbox 3199 2833 3388 2873; x_wconf 84' lang='lat' dir='ltr'><strong>necne.</strong></span> <span class='ocrx_word' id='word_1_417' title='bbox 3443 2816 3513 2872; x_wconf 79' lang='lat' dir='ltr'><strong>Et</strong></span> <span class='ocrx_word' id='word_1_418' title='bbox 3555 2817 3670 2886; x_wconf 87' lang='lat' dir='ltr'><strong>ipsa</strong></span> <span class='ocrx_word' id='word_1_419' title='bbox 3723 2817 3764 2850; x_wconf 75' lang='lat'>“</span> 
     </span>
    </p>
   </div>
   <div class='ocr_carea' id='block_1_59' title="bbox 2176 2905 3768 2977">
    <p class='ocr_par' dir='ltr' id='par_1_59' title="bbox 2176 2905 3768 2977">
     <span class='ocr_line' id='line_1_59' title="bbox 2176 2905 3768 2977; baseline 0 -17"><span class='ocrx_word' id='word_1_420' title='bbox 2176 2905 2496 2961; x_wconf 86' lang='lat' dir='ltr'><strong>deliberatio</strong></span> <span class='ocrx_word' id='word_1_421' title='bbox 2522 2905 2685 2960; x_wconf 86' lang='lat' dir='ltr'><strong>veluti</strong></span> <span class='ocrx_word' id='word_1_422' title='bbox 2722 2908 2768 2939; x_wconf 83' lang='grc'><strong>²⁶</strong></span> <span class='ocrx_word' id='word_1_423' title='bbox 2800 2907 3070 2977; x_wconf 78' lang='lat' dir='ltr'><strong>quaedam</strong></span> <span class='ocrx_word' id='word_1_424' title='bbox 3119 2908 3381 2962; x_wconf 85' lang='lat' dir='ltr'><strong>medietas</strong></span> <span class='ocrx_word' id='word_1_425' title='bbox 3427 2921 3466 2961; x_wconf 47' lang='grc' dir='ltr'><strong>δ’</strong></span> <span class='ocrx_word' id='word_1_426' title='bbox 3507 2906 3768 2976; x_wconf 70' lang='lat' dir='ltr'><strong>theologis</strong></span> 
     </span>
    </p>
   </div>
   <div class='ocr_carea' id='block_1_60' title="bbox 2177 2997 3762 3070">
    <p class='ocr_par' dir='ltr' id='par_1_60' title="bbox 2177 2997 3762 3070">
     <span class='ocr_line' id='line_1_60' title="bbox 2177 2997 3762 3070; baseline 0.001 -20"><span class='ocrx_word' id='word_1_427' title='bbox 2177 3007 2420 3053; x_wconf 87' lang='lat' dir='ltr'><strong>vocatur.</strong></span> <span class='ocrx_word' id='word_1_428' title='bbox 2501 2997 2740 3069; x_wconf 81' lang='lat' dir='ltr'><strong>ideoque</strong></span> <span class='ocrx_word' id='word_1_429' title='bbox 2799 3015 2975 3070; x_wconf 87' lang='lat' dir='ltr'><strong>neque</strong></span> <span class='ocrx_word' id='word_1_430' title='bbox 3028 2999 3291 3054; x_wconf 88' lang='lat' dir='ltr'><strong>medietas</strong></span> <span class='ocrx_word' id='word_1_431' title='bbox 3330 3008 3451 3065; x_wconf 86' lang='lat' dir='ltr'><strong>est,</strong></span> <span class='ocrx_word' id='word_1_432' title='bbox 3498 3014 3677 3069; x_wconf 83' lang='lat' dir='ltr'><strong>neque</strong></span> <span class='ocrx_word' id='word_1_433' title='bbox 3717 2999 3762 3030; x_wconf 79' lang='lat'>“</span> 
     </span>
    </p>
   </div>
   <div class='ocr_carea' id='block_1_61' title="bbox 2177 3091 3764 3148">
    <p class='ocr_par' dir='ltr' id='par_1_61' title="bbox 2177 3091 3764 3148">
     <span class='ocr_line' id='line_1_61' title="bbox 2177 3091 3764 3148; baseline 0.001 -2"><span class='ocrx_word' id='word_1_434' title='bbox 2177 3093 2534 3148; x_wconf 86' lang='lat' dir='ltr'><strong>imnredietas.</strong></span> <span class='ocrx_word' id='word_1_435' title='bbox 2584 3093 2712 3148; x_wconf 86' lang='lat' dir='ltr'><strong>Mihi</strong></span> <span class='ocrx_word' id='word_1_436' title='bbox 2758 3101 2938 3148; x_wconf 88' lang='lat' dir='ltr'><strong>autem</strong></span> <span class='ocrx_word' id='word_1_437' title='bbox 2965 3093 3178 3148; x_wconf 85' lang='lat' dir='ltr'><strong>videtur</strong></span> <span class='ocrx_word' id='word_1_438' title='bbox 3218 3107 3326 3147; x_wconf 92' lang='lat' dir='ltr'><strong>non</strong></span> <span class='ocrx_word' id='word_1_439' title='bbox 3369 3092 3587 3147; x_wconf 83' lang='lat' dir='ltr'><strong>aliunde</strong></span> <span class='ocrx_word' id='word_1_440' title='bbox 3624 3091 3764 3148; x_wconf 84' lang='lat' dir='ltr'><strong>hanc</strong></span> 
     </span>
    </p>
   </div>
   <div class='ocr_carea' id='block_1_62' title="bbox 2176 3185 3766 3255">
    <p class='ocr_par' dir='ltr' id='par_1_62' title="bbox 2176 3185 3766 3255">
     <span class='ocr_line' id='line_1_62' title="bbox 2176 3185 3766 3255; baseline 0 -15"><span class='ocrx_word' id='word_1_441' title='bbox 2176 3185 2623 3241; x_wconf 82' lang='lat' dir='ltr'><strong>deliberationem</strong></span> <span class='ocrx_word' id='word_1_442' title='bbox 2669 3186 3049 3242; x_wconf 79' lang='lat' dir='ltr'><strong>excellentium</strong></span> <span class='ocrx_word' id='word_1_443' title='bbox 3093 3187 3452 3242; x_wconf 85' lang='lat' dir='ltr'><strong>essentiamm</strong></span> <span class='ocrx_word' id='word_1_444' title='bbox 3491 3185 3766 3255; x_wconf 71' lang='lat' dir='ltr'><strong>theologos</strong></span> 
     </span>
    </p>
   </div>
   <div class='ocr_carea' id='block_1_63' title="bbox 481 3261 2076 3351">
    <p class='ocr_par' dir='ltr' id='par_1_63' title="bbox 481 3261 2069 3348">
     <span class='ocr_line' id='line_1_63' title="bbox 481 3261 2069 3348; baseline 0.009 -19"><span class='ocrx_word' id='word_1_445' title='bbox 481 3277 614 3330; x_wconf 84' lang='lat' dir='ltr'><strong>tiam</strong></span> <span class='ocrx_word' id='word_1_446' title='bbox 659 3287 710 3332; x_wconf 83' lang='lat' dir='ltr'><strong>et</strong></span> <span class='ocrx_word' id='word_1_447' title='bbox 724 3279 987 3348; x_wconf 79' lang='lat' dir='ltr'><strong>judicium</strong></span> <span class='ocrx_word' id='word_1_448' title='bbox 1038 3277 1321 3335; x_wconf 77' lang='lat' dir='ltr'><strong>Salutaris.</strong></span> <span class='ocrx_word' id='word_1_449' title='bbox 1357 3281 1639 3338; x_wconf 82' lang='lat' dir='ltr'><strong>Sententia</strong></span> <span class='ocrx_word' id='word_1_450' title='bbox 1672 3295 1892 3342; x_wconf 79' lang='lat' dir='ltr'><strong>sanetae</strong></span> <span class='ocrx_word' id='word_1_451' title='bbox 1915 3261 2069 3343; x_wconf 61' lang='grc' dir='ltr'><strong>Βρνὶ-</strong></span> 
     </span>
    </p>
   </div>
   <div class='ocr_carea' id='block_1_64' title="bbox 2179 3261 3766 3351">
    <p class='ocr_par' dir='ltr' id='par_1_64' title="bbox 2179 3278 3766 3351">
     <span class='ocr_line' id='line_1_64' title="bbox 2179 3278 3766 3351; baseline 0 -18"><span class='ocrx_word' id='word_1_452' title='bbox 2179 3280 2522 3346; x_wconf 82' lang='lat' dir='ltr'><strong>intellexisse,</strong></span> <span class='ocrx_word' id='word_1_453' title='bbox 2556 3281 2657 3335; x_wconf 87' lang='lat' dir='ltr'><strong>nisi</strong></span> <span class='ocrx_word' id='word_1_454' title='bbox 2684 3295 2749 3335; x_wconf 83' lang='lat' dir='ltr'><strong>ex</strong></span> <span class='ocrx_word' id='word_1_455' title='bbox 2779 3279 2894 3351; x_wconf 87' lang='lat' dir='ltr'><strong>ipsa</strong></span> <span class='ocrx_word' id='word_1_456' title='bbox 2923 3281 3149 3346; x_wconf 82' lang='lat' dir='ltr'><strong>visione,</strong></span> <span class='ocrx_word' id='word_1_457' title='bbox 3183 3294 3319 3349; x_wconf 88' lang='lat' dir='ltr'><strong>quae</strong></span> <span class='ocrx_word' id='word_1_458' title='bbox 3354 3278 3630 3344; x_wconf 86' lang='lat' dir='ltr'><strong>describit,</strong></span> <span class='ocrx_word' id='word_1_459' title='bbox 3661 3279 3766 3333; x_wconf 88' lang='lat' dir='ltr'><strong>duo</strong></span> 
     </span>
    </p>
   </div>
   <div class='ocr_carea' id='block_1_65' title="bbox 479 3370 2070 3446">
    <p class='ocr_par' dir='ltr' id='par_1_65' title="bbox 479 3370 2070 3446">
     <span class='ocr_line' id='line_1_65' title="bbox 479 3370 2070 3446; baseline 0.008 -24"><span class='ocrx_word' id='word_1_460' title='bbox 479 3375 676 3441; x_wconf 87' lang='lat' dir='ltr'><strong>pturae</strong></span> <span class='ocrx_word' id='word_1_461' title='bbox 703 3370 1162 3441; x_wconf 72' lang='lat' dir='ltr'><strong>approbat,‘quod</strong></span> <span class='ocrx_word' id='word_1_462' title='bbox 1186 3371 1447 3429; x_wconf 88' lang='lat' dir='ltr'><strong>Dominus</strong></span> <span class='ocrx_word' id='word_1_463' title='bbox 1476 3373 1634 3430; x_wconf 79' lang='lat' dir='ltr'><strong>lcsus</strong></span> <span class='ocrx_word' id='word_1_464' title='bbox 1662 3378 1939 3446; x_wconf 75' lang='lat' dir='ltr'><strong>proximas</strong></span> <span class='ocrx_word' id='word_1_465' title='bbox 1970 3381 2070 3435; x_wconf 84' lang='lat' dir='ltr'><strong>sibi</strong></span> 
     </span>
    </p>
   </div>
   <div class='ocr_carea' id='block_1_66' title="bbox 476 3462 2073 3540">
    <p class='ocr_par' dir='ltr' id='par_1_66' title="bbox 476 3462 2073 3540">
     <span class='ocr_line' id='line_1_66' title="bbox 476 3462 2073 3540; baseline 0.004 -20"><span class='ocrx_word' id='word_1_466' title='bbox 476 3462 746 3520; x_wconf 79' lang='lat' dir='ltr'><strong>caelestes</strong></span> <span class='ocrx_word' id='word_1_467' title='bbox 761 3465 1027 3520; x_wconf 87' lang='lat' dir='ltr'><strong>essentias</strong></span> <span class='ocrx_word' id='word_1_468' title='bbox 1054 3479 1268 3536; x_wconf 85' lang='lat' dir='ltr'><strong>semper</strong></span> <span class='ocrx_word' id='word_1_469' title='bbox 1296 3467 1506 3523; x_wconf 83' lang='lat' dir='ltr'><strong>doceat.</strong></span> <span class='ocrx_word' id='word_1_470' title='bbox 1539 3467 1670 3539; x_wconf 78' lang='lat' dir='ltr'><strong>Ego‘,</strong></span> <span class='ocrx_word' id='word_1_471' title='bbox 1701 3469 1893 3540; x_wconf 89' lang='lat' dir='ltr'><strong>inquit,</strong></span> <span class='ocrx_word' id='word_1_472' title='bbox 1917 3471 2073 3528; x_wconf 75' lang='lat' dir='ltr'><strong>leSus</strong></span> 
     </span>
    </p>
   </div>
   <div class='ocr_carea' id='block_1_67' title="bbox 476 3555 2070 3631">
    <p class='ocr_par' dir='ltr' id='par_1_67' title="bbox 476 3555 2070 3631">
     <span class='ocr_line' id='line_1_67' title="bbox 476 3555 2070 3631; baseline 0.008 -24"><span class='ocrx_word' id='word_1_473' title='bbox 476 3555 769 3621; x_wconf 82' lang='lat' dir='ltr'><strong>videlicet,</strong></span> <span class='ocrx_word' id='word_1_474' title='bbox 817 3557 1032 3627; x_wconf 78' lang='lat' dir='ltr'><strong>diSputo</strong></span> <span class='ocrx_word' id='word_1_475' title='bbox 1067 3556 1338 3625; x_wconf 83' lang='lat' dir='ltr'><strong>justitiam</strong></span> <span class='ocrx_word' id='word_1_476' title='bbox 1369 3565 1422 3613; x_wconf 91' lang='lat' dir='ltr'><strong>et</strong></span> <span class='ocrx_word' id='word_1_477' title='bbox 1465 3559 1729 3626; x_wconf 88' lang='lat' dir='ltr'><strong>judicium</strong></span> <span class='ocrx_word' id='word_1_478' title='bbox 1780 3557 2070 3631; x_wconf 79' lang='lat' dir='ltr'><strong>Salutaris,</strong></span> 
     </span>
    </p>
   </div>
   <div class='ocr_carea' id='block_1_68' title="bbox 479 3647 2072 3720">
    <p class='ocr_par' dir='ltr' id='par_1_68' title="bbox 479 3647 2072 3720">
     <span class='ocr_line' id='line_1_68' title="bbox 479 3647 2072 3720; baseline 0.004 -15"><span class='ocrx_word' id='word_1_479' title='bbox 479 3649 586 3705; x_wconf 88' lang='lat' dir='ltr'><strong>mei</strong></span> <span class='ocrx_word' id='word_1_480' title='bbox 615 3647 888 3720; x_wconf 78' lang='lat' dir='ltr'><strong>profecto,</strong></span> <span class='ocrx_word' id='word_1_481' title='bbox 936 3649 1030 3720; x_wconf 88' lang='lat' dir='ltr'><strong>qui</strong></span> <span class='ocrx_word' id='word_1_482' title='bbox 1072 3649 1098 3680; x_wconf 74' lang='lat'>&#39;</span> <span class='ocrx_word' id='word_1_483' title='bbox 1137 3650 1451 3706; x_wconf 85' lang='lat' dir='ltr'><strong>caelestium</strong></span> <span class='ocrx_word' id='word_1_484' title='bbox 1475 3662 1530 3706; x_wconf 89' lang='lat' dir='ltr'><strong>et</strong></span> <span class='ocrx_word' id='word_1_485' title='bbox 1561 3655 1897 3710; x_wconf 87' lang='lat' dir='ltr'><strong>terrestrium</strong></span> <span class='ocrx_word' id='word_1_486' title='bbox 1926 3656 2072 3712; x_wconf 82' lang='lat' dir='ltr'><strong>salus</strong></span> 
     </span>
    </p>
   </div>
   <div class='ocr_carea' id='block_1_69' title="bbox 480 3744 2072 3821">
    <p class='ocr_par' dir='ltr' id='par_1_69' title="bbox 480 3744 2072 3821">
     <span class='ocr_line' id='line_1_69' title="bbox 480 3744 2072 3821; baseline 0.004 -23"><span class='ocrx_word' id='word_1_487' title='bbox 480 3751 622 3808; x_wconf 74' lang='lat' dir='ltr'><strong>Sum,</strong></span> <span class='ocrx_word' id='word_1_488' title='bbox 655 3751 710 3798; x_wconf 85' lang='lat' dir='ltr'><strong>et</strong></span> <span class='ocrx_word' id='word_1_489' title='bbox 733 3757 860 3814; x_wconf 81' lang='lat' dir='ltr'><strong>pax,</strong></span> <span class='ocrx_word' id='word_1_490' title='bbox 889 3747 944 3798; x_wconf 86' lang='lat' dir='ltr'><strong>et</strong></span> <span class='ocrx_word' id='word_1_491' title='bbox 971 3745 1288 3815; x_wconf 82' lang='lat' dir='ltr'><strong>redemptio.</strong></span> <span class='ocrx_word' id='word_1_492' title='bbox 1318 3744 1467 3814; x_wconf 83' lang='lat' dir='ltr'><strong>Quae</strong></span> <span class='ocrx_word' id='word_1_493' title='bbox 1499 3747 1643 3802; x_wconf 90' lang='lat' dir='ltr'><strong>cnim</strong></span> <span class='ocrx_word' id='word_1_494' title='bbox 1668 3749 1839 3820; x_wconf 89' lang='lat' dir='ltr'><strong>major</strong></span> <span class='ocrx_word' id='word_1_495' title='bbox 1864 3749 2072 3821; x_wconf 90' lang='lat' dir='ltr'><strong>justitia</strong></span> 
     </span>
    </p>
   </div>
   <div class='ocr_carea' id='block_1_70' title="bbox 477 3834 2074 3908">
    <p class='ocr_par' dir='ltr' id='par_1_70' title="bbox 477 3834 2074 3908">
     <span class='ocr_line' id='line_1_70' title="bbox 477 3834 2074 3908; baseline 0.004 -19"><span class='ocrx_word' id='word_1_496' title='bbox 477 3841 580 3898; x_wconf 89' lang='lat' dir='ltr'><strong>est,</strong></span> <span class='ocrx_word' id='word_1_497' title='bbox 630 3845 790 3902; x_wconf 85' lang='lat' dir='ltr'><strong>quam</strong></span> <span class='ocrx_word' id='word_1_498' title='bbox 819 3841 878 3888; x_wconf 84' lang='lat' dir='ltr'><strong>ut</strong></span> <span class='ocrx_word' id='word_1_499' title='bbox 907 3835 928 3867; x_wconf 79' lang='grc'><strong>⁸</strong></span> <span class='ocrx_word' id='word_1_500' title='bbox 968 3834 1197 3889; x_wconf 86' lang='lat' dir='ltr'><strong>Creator</strong></span> <span class='ocrx_word' id='word_1_501' title='bbox 1225 3843 1534 3892; x_wconf 83' lang='lat' dir='ltr'><strong>creaturam</strong></span> <span class='ocrx_word' id='word_1_502' title='bbox 1559 3879 1572 3903; x_wconf 95' lang='lat'><strong>,</strong></span> <span class='ocrx_word' id='word_1_503' title='bbox 1624 3853 1786 3908; x_wconf 90' lang='lat' dir='ltr'><strong>quam</strong></span> <span class='ocrx_word' id='word_1_504' title='bbox 1817 3839 1885 3895; x_wconf 86' lang='lat' dir='ltr'><strong>ad</strong></span> <span class='ocrx_word' id='word_1_505' title='bbox 1938 3841 2074 3895; x_wconf 84' lang='lat' dir='ltr'><strong>ima-</strong></span> 
     </span>
    </p>
   </div>
   <div class='ocr_carea' id='block_1_71' title="bbox 480 3925 2073 3998">
    <p class='ocr_par' dir='ltr' id='par_1_71' title="bbox 480 3925 2073 3998">
     <span class='ocr_line' id='line_1_71' title="bbox 480 3925 2073 3998; baseline 0.005 -18"><span class='ocrx_word' id='word_1_506' title='bbox 480 3925 664 3998; x_wconf 69' lang='lat' dir='ltr'><strong>ginem</strong></span> <span class='ocrx_word' id='word_1_507' title='bbox 687 3937 843 3982; x_wconf 79' lang='lat' dir='ltr'><strong>suam</strong></span> <span class='ocrx_word' id='word_1_508' title='bbox 872 3926 1096 3992; x_wconf 83' lang='lat' dir='ltr'><strong>fecerat,</strong></span> <span class='ocrx_word' id='word_1_509' title='bbox 1133 3928 1200 3982; x_wconf 88' lang='lat' dir='ltr'><strong>ab</strong></span> <span class='ocrx_word' id='word_1_510' title='bbox 1227 3929 1507 3986; x_wconf 80' lang='lat' dir='ltr'><strong>erroribus</strong></span> <span class='ocrx_word' id='word_1_511' title='bbox 1535 3931 1648 3986; x_wconf 90' lang='lat' dir='ltr'><strong>suis</strong></span> <span class='ocrx_word' id='word_1_512' title='bbox 1679 3939 1896 3989; x_wconf 87' lang='lat' dir='ltr'><strong>revocet</strong></span> <span class='ocrx_word' id='word_1_513' title='bbox 1924 3935 2073 3989; x_wconf 84' lang='lat' dir='ltr'><strong>simi-</strong></span> 
     </span>
    </p>
   </div>
   <div class='ocr_carea' id='block_1_72' title="bbox 478 4017 2072 4098">
    <p class='ocr_par' dir='ltr' id='par_1_72' title="bbox 478 4017 2072 4098">
     <span class='ocr_line' id='line_1_72' title="bbox 478 4017 2072 4098; baseline 0.005 -24"><span class='ocrx_word' id='word_1_514' title='bbox 478 4017 695 4090; x_wconf 85' lang='lat' dir='ltr'><strong>lemque</strong></span> <span class='ocrx_word' id='word_1_515' title='bbox 723 4021 804 4076; x_wconf 88' lang='lat' dir='ltr'><strong>sui</strong></span> <span class='ocrx_word' id='word_1_516' title='bbox 831 4021 1115 4086; x_wconf 86' lang='lat' dir='ltr'><strong>restituat;</strong></span> <span class='ocrx_word' id='word_1_517' title='bbox 1144 4023 1274 4091; x_wconf 88' lang='lat' dir='ltr'><strong>quid</strong></span> <span class='ocrx_word' id='word_1_518' title='bbox 1303 4021 1476 4092; x_wconf 88' lang='lat' dir='ltr'><strong>majus</strong></span> <span class='ocrx_word' id='word_1_519' title='bbox 1504 4025 1791 4095; x_wconf 83' lang='lat' dir='ltr'><strong>judicium,</strong></span> <span class='ocrx_word' id='word_1_520' title='bbox 1822 4039 1983 4098; x_wconf 80' lang='lat' dir='ltr'><strong>quam</strong></span> <span class='ocrx_word' id='word_1_521' title='bbox 2016 4037 2072 4082; x_wconf 92' lang='lat' dir='ltr'><strong>ut</strong></span> 
     </span>
    </p>
   </div>
   <div class='ocr_carea' id='block_1_73' title="bbox 484 4113 2071 4188">
    <p class='ocr_par' dir='ltr' id='par_1_73' title="bbox 484 4113 2071 4188">
     <span class='ocr_line' id='line_1_73' title="bbox 484 4113 2071 4188; baseline 0.004 -22"><span class='ocrx_word' id='word_1_522' title='bbox 484 4113 672 4183; x_wconf 82' lang='lat' dir='ltr'><strong>puniat</strong></span> <span class='ocrx_word' id='word_1_523' title='bbox 701 4113 752 4166; x_wconf 85' lang='lat' dir='ltr'><strong>&#39;m</strong></span> <span class='ocrx_word' id='word_1_524' title='bbox 803 4122 1076 4180; x_wconf 79' lang='lat' dir='ltr'><strong>creatura,</strong></span> <span class='ocrx_word' id='word_1_525' title='bbox 1105 4115 1247 4184; x_wconf 89' lang='lat' dir='ltr'><strong>quod</strong></span> <span class='ocrx_word' id='word_1_526' title='bbox 1269 4127 1380 4169; x_wconf 81' lang='lat' dir='ltr'><strong>non</strong></span> <span class='ocrx_word' id='word_1_527' title='bbox 1407 4115 1554 4181; x_wconf 89' lang='lat' dir='ltr'><strong>fecit,</strong></span> <span class='ocrx_word' id='word_1_528' title='bbox 1584 4116 1798 4184; x_wconf 84' lang='lat' dir='ltr'><strong>liberet,</strong></span> <span class='ocrx_word' id='word_1_529' title='bbox 1827 4119 1972 4188; x_wconf 86' lang='lat' dir='ltr'><strong>quod</strong></span> <span class='ocrx_word' id='word_1_530' title='bbox 1995 4118 2071 4172; x_wconf 81' lang='lat' dir='ltr'><strong>fc-</strong></span> 
     </span>
    </p>
   </div>
   <div class='ocr_carea' id='block_1_74' title="bbox 481 4203 2070 4279">
    <p class='ocr_par' dir='ltr' id='par_1_74' title="bbox 481 4203 2070 4279">
     <span class='ocr_line' id='line_1_74' title="bbox 481 4203 2070 4279; baseline 0.001 -15"><span class='ocrx_word' id='word_1_531' title='bbox 481 4207 574 4264; x_wconf 89' lang='lat' dir='ltr'><strong>cit.</strong></span> <span class='ocrx_word' id='word_1_532' title='bbox 609 4207 745 4263; x_wconf 83' lang='lat' dir='ltr'><strong>Hinc</strong></span> <span class='ocrx_word' id='word_1_533' title='bbox 773 4203 1058 4262; x_wconf 63' lang='lat' dir='ltr'><strong>Psa&#39;lm‘i-Sta</strong></span> <span class='ocrx_word' id='word_1_534' title='bbox 1088 4208 1194 4261; x_wconf 86' lang='lat' dir='ltr'><strong>a‘it:</strong></span> <span class='ocrx_word' id='word_1_535' title='bbox 1221 4225 1240 4258; x_wconf 72' lang='grc' dir='ltr'><strong><em>ι</em></strong></span> <span class='ocrx_word' id='word_1_536' title='bbox 1273 4205 1698 4264; x_wconf 82' lang='lat' dir='ltr'><strong>Misericordiam</strong></span> <span class='ocrx_word' id='word_1_537' title='bbox 1729 4215 1783 4264; x_wconf 87' lang='lat' dir='ltr'><strong>et</strong></span> <span class='ocrx_word' id='word_1_538' title='bbox 1810 4211 2070 4279; x_wconf 82' lang='lat' dir='ltr'><strong>judicium</strong></span> 
     </span>
    </p>
   </div>
   <div class='ocr_carea' id='block_1_75' title="bbox 480 4299 2074 4365">
    <p class='ocr_par' dir='ltr' id='par_1_75' title="bbox 480 4299 2074 4365">
     <span class='ocr_line' id='line_1_75' title="bbox 480 4299 2074 4365; baseline 0.001 -9"><span class='ocrx_word' id='word_1_539' title='bbox 480 4301 714 4356; x_wconf 87' lang='lat' dir='ltr'><strong>cantabo</strong></span> <span class='ocrx_word' id='word_1_540' title='bbox 739 4299 857 4365; x_wconf 86' lang='lat' dir='ltr'><strong>tibi,</strong></span> <span class='ocrx_word' id='word_1_541' title='bbox 886 4299 1113 4355; x_wconf 87' lang='lat' dir='ltr'><strong>Domine</strong></span> <span class='ocrx_word' id='word_1_542' title='bbox 1134 4319 1152 4351; x_wconf 73' lang='grc' dir='ltr'><strong><em>ι</em></strong></span> <span class='ocrx_word' id='word_1_543' title='bbox 1183 4319 1196 4352; x_wconf 90' lang='lat'><strong>:</strong></span> <span class='ocrx_word' id='word_1_544' title='bbox 1222 4300 1652 4356; x_wconf 79' lang='lat' dir='ltr'><strong>misericordiam</strong></span> <span class='ocrx_word' id='word_1_545' title='bbox 1676 4303 1927 4358; x_wconf 85' lang='lat' dir='ltr'><strong>videlicet</strong></span> <span class='ocrx_word' id='word_1_546' title='bbox 1947 4304 2074 4358; x_wconf 86' lang='lat' dir='ltr'><strong>libe-</strong></span> 
     </span>
    </p>
   </div>
   <div class='ocr_carea' id='block_1_76' title="bbox 481 4392 2067 4464">
    <p class='ocr_par' dir='ltr' id='par_1_76' title="bbox 481 4392 2067 4464">
     <span class='ocr_line' id='line_1_76' title="bbox 481 4392 2067 4464; baseline 0.002 -17"><span class='ocrx_word' id='word_1_547' title='bbox 481 4392 658 4447; x_wconf 71' lang='lat' dir='ltr'><strong>randa</strong></span> <span class='ocrx_word' id='word_1_548' title='bbox 701 4400 982 4457; x_wconf 85' lang='lat' dir='ltr'><strong>naturam,</strong></span> <span class='ocrx_word' id='word_1_549' title='bbox 1022 4392 1282 4461; x_wconf 85' lang='lat' dir='ltr'><strong>judicium</strong></span> <span class='ocrx_word' id='word_1_550' title='bbox 1314 4408 1441 4448; x_wconf 88' lang='lat' dir='ltr'><strong>vero</strong></span> <span class='ocrx_word' id='word_1_551' title='bbox 1476 4395 1751 4464; x_wconf 89' lang='lat' dir='ltr'><strong>puniendo</strong></span> <span class='ocrx_word' id='word_1_552' title='bbox 1793 4396 2067 4452; x_wconf 84' lang='lat' dir='ltr'><strong>delictum.</strong></span> 
     </span>
    </p>
   </div>
   <div class='ocr_carea' id='block_1_77' title="bbox 482 4480 2072 4558">
    <p class='ocr_par' dir='ltr' id='par_1_77' title="bbox 482 4480 2072 4558">
     <span class='ocr_line' id='line_1_77' title="bbox 482 4480 2072 4558; baseline 0.003 -22"><span class='ocrx_word' id='word_1_553' title='bbox 482 4480 652 4536; x_wconf 75' lang='lat' dir='ltr'><strong>Miror</strong></span> <span class='ocrx_word' id='word_1_554' title='bbox 679 4491 875 4546; x_wconf 82' lang='lat' dir='ltr'><strong>autem,</strong></span> <span class='ocrx_word' id='word_1_555' title='bbox 905 4482 1028 4553; x_wconf 83' lang='lat' dir='ltr'><strong>quia</strong></span> <span class='ocrx_word' id='word_1_556' title='bbox 1057 4491 1106 4535; x_wconf 91' lang='lat' dir='ltr'><strong>et</strong></span> <span class='ocrx_word' id='word_1_557' title='bbox 1134 4482 1435 4537; x_wconf 77' lang='lat' dir='ltr'><strong>caelestium</strong></span> <span class='ocrx_word' id='word_1_558' title='bbox 1466 4487 1811 4540; x_wconf 82' lang='lat' dir='ltr'><strong>essentiarum</strong></span> <span class='ocrx_word' id='word_1_559' title='bbox 1849 4489 2072 4558; x_wconf 85' lang='lat' dir='ltr'><strong>primae,</strong></span> 
     </span>
    </p>
   </div>
   <div class='ocr_carea' id='block_1_78' title="bbox 2175 3371 3762 3443">
    <p class='ocr_par' dir='ltr' id='par_1_78' title="bbox 2175 3371 3762 3443">
     <span class='ocr_line' id='line_1_78' title="bbox 2175 3371 3762 3443; baseline 0 -16"><span class='ocrx_word' id='word_1_560' title='bbox 2175 3372 2468 3428; x_wconf 81' lang='lat' dir='ltr'><strong>Cberubim</strong></span> <span class='ocrx_word' id='word_1_561' title='bbox 2480 3375 2530 3406; x_wconf 77' lang='lat'><strong>&quot;</strong></span> <span class='ocrx_word' id='word_1_562' title='bbox 2541 3385 2599 3428; x_wconf 87' lang='lat' dir='ltr'><strong>se</strong></span> <span class='ocrx_word' id='word_1_563' title='bbox 2616 3373 2844 3428; x_wconf 89' lang='lat' dir='ltr'><strong>invicem</strong></span> <span class='ocrx_word' id='word_1_564' title='bbox 2861 3374 3056 3428; x_wconf 76' lang='lat' dir='ltr'><strong>intueri</strong></span> <span class='ocrx_word' id='word_1_565' title='bbox 3071 3384 3123 3428; x_wconf 89' lang='lat' dir='ltr'><strong>et</strong></span> <span class='ocrx_word' id='word_1_566' title='bbox 3137 3373 3292 3443; x_wconf 88' lang='lat' dir='ltr'><strong>quasi</strong></span> <span class='ocrx_word' id='word_1_567' title='bbox 3305 3372 3599 3436; x_wconf 88' lang='lat' dir='ltr'><strong>consiliari,</strong></span> <span class='ocrx_word' id='word_1_568' title='bbox 3619 3371 3762 3442; x_wconf 87' lang='lat' dir='ltr'><strong>quod</strong></span> 
     </span>
    </p>
   </div>
   <div class='ocr_carea' id='block_1_79' title="bbox 2174 3464 3756 3537">
    <p class='ocr_par' dir='ltr' id='par_1_79' title="bbox 2174 3464 3756 3537">
     <span class='ocr_line' id='line_1_79' title="bbox 2174 3464 3756 3537; baseline -0.002 -17"><span class='ocrx_word' id='word_1_569' title='bbox 2174 3467 2335 3520; x_wconf 88' lang='lat' dir='ltr'><strong>etiam</strong></span> <span class='ocrx_word' id='word_1_570' title='bbox 2367 3467 2472 3520; x_wconf 87' lang='lat' dir='ltr'><strong>iste</strong></span> <span class='ocrx_word' id='word_1_571' title='bbox 2508 3467 2765 3537; x_wconf 82' lang='lat' dir='ltr'><strong>magister</strong></span> <span class='ocrx_word' id='word_1_572' title='bbox 2795 3466 2847 3520; x_wconf 88' lang='lat' dir='ltr'><strong>in</strong></span> <span class='ocrx_word' id='word_1_573' title='bbox 2876 3468 3230 3536; x_wconf 83' lang='lat' dir='ltr'><strong>sequentibus</strong></span> <span class='ocrx_word' id='word_1_574' title='bbox 3259 3466 3495 3520; x_wconf 85' lang='lat' dir='ltr'><strong>voluisse</strong></span> <span class='ocrx_word' id='word_1_575' title='bbox 3525 3464 3756 3519; x_wconf 86' lang='lat' dir='ltr'><strong>videtur.</strong></span> 
     </span>
    </p>
   </div>
   <div class='ocr_carea' id='block_1_80' title="bbox 2176 3554 3762 3628">
    <p class='ocr_par' dir='ltr' id='par_1_80' title="bbox 2176 3554 3762 3628">
     <span class='ocr_line' id='line_1_80' title="bbox 2176 3554 3762 3628; baseline 0.001 -19"><span class='ocrx_word' id='word_1_576' title='bbox 2176 3554 2516 3611; x_wconf 76' lang='lat' dir='ltr'><strong>Ostendentes</strong></span> <span class='ocrx_word' id='word_1_577' title='bbox 2535 3558 2764 3628; x_wconf 82' lang='lat' dir='ltr'><strong>quidem,</strong></span> <span class='ocrx_word' id='word_1_578' title='bbox 2784 3560 2908 3625; x_wconf 83' lang='lat' dir='ltr'><strong>quia</strong></span> <span class='ocrx_word' id='word_1_579' title='bbox 2926 3559 3154 3624; x_wconf 81' lang='lat' dir='ltr'><strong>discunt,</strong></span> <span class='ocrx_word' id='word_1_580' title='bbox 3171 3568 3220 3612; x_wconf 88' lang='lat' dir='ltr'><strong>et</strong></span> <span class='ocrx_word' id='word_1_581' title='bbox 3233 3557 3762 3628; x_wconf 74' lang='lat' dir='ltr'><strong>deiﬁeaescienﬁae”</strong></span> 
     </span>
    </p>
   </div>
   <div class='ocr_carea' id='block_1_81' title="bbox 2173 3648 3756 3719">
    <p class='ocr_par' dir='ltr' id='par_1_81' title="bbox 2173 3648 3756 3719">
     <span class='ocr_line' id='line_1_81' title="bbox 2173 3648 3756 3719; baseline 0.002 -19"><span class='ocrx_word' id='word_1_582' title='bbox 2173 3657 2441 3716; x_wconf 83' lang='lat' dir='ltr'><strong>appetunt,</strong></span> <span class='ocrx_word' id='word_1_583' title='bbox 2458 3649 2561 3702; x_wconf 88' lang='lat' dir='ltr'><strong>hoc</strong></span> <span class='ocrx_word' id='word_1_584' title='bbox 2577 3657 2680 3715; x_wconf 88' lang='lat' dir='ltr'><strong>est,</strong></span> <span class='ocrx_word' id='word_1_585' title='bbox 2695 3663 2792 3719; x_wconf 88' lang='lat' dir='ltr'><strong>per</strong></span> <span class='ocrx_word' id='word_1_586' title='bbox 2818 3652 2964 3705; x_wconf 86' lang='lat' dir='ltr'><strong>hanc</strong></span> <span class='ocrx_word' id='word_1_587' title='bbox 2981 3648 3424 3705; x_wconf 82' lang='lat' dir='ltr'><strong>deliberationem</strong></span> <span class='ocrx_word' id='word_1_588' title='bbox 3448 3649 3756 3714; x_wconf 83' lang='lat' dir='ltr'><strong>ostendunt,</strong></span> 
     </span>
    </p>
   </div>
   <div class='ocr_carea' id='block_1_82' title="bbox 2174 3741 3756 3814">
    <p class='ocr_par' dir='ltr' id='par_1_82' title="bbox 2174 3741 3756 3814">
     <span class='ocr_line' id='line_1_82' title="bbox 2174 3741 3756 3814; baseline 0.003 -21"><span class='ocrx_word' id='word_1_589' title='bbox 2174 3741 2300 3809; x_wconf 84' lang='lat' dir='ltr'><strong>quia</strong></span> <span class='ocrx_word' id='word_1_590' title='bbox 2326 3741 2563 3806; x_wconf 86' lang='lat' dir='ltr'><strong>discunt,</strong></span> <span class='ocrx_word' id='word_1_591' title='bbox 2588 3751 2643 3797; x_wconf 90' lang='lat' dir='ltr'><strong>et</strong></span> <span class='ocrx_word' id='word_1_592' title='bbox 2678 3742 2922 3797; x_wconf 76' lang='lat' dir='ltr'><strong>deiﬁcum</strong></span> <span class='ocrx_word' id='word_1_593' title='bbox 2956 3745 3259 3810; x_wconf 88' lang='lat' dir='ltr'><strong>scientiam,</strong></span> <span class='ocrx_word' id='word_1_594' title='bbox 3287 3759 3428 3814; x_wconf 88' lang='lat' dir='ltr'><strong>quae</strong></span> <span class='ocrx_word' id='word_1_595' title='bbox 3451 3758 3512 3798; x_wconf 86' lang='lat' dir='ltr'><strong>se</strong></span> <span class='ocrx_word' id='word_1_596' title='bbox 3533 3742 3584 3775; x_wconf 70' lang='grc' dir='ltr'><strong>’δ</strong></span> <span class='ocrx_word' id='word_1_597' title='bbox 3605 3741 3756 3798; x_wconf 81' lang='lat' dir='ltr'><strong>deiﬁ-</strong></span> 
     </span>
    </p>
   </div>
   <div class='ocr_carea' id='block_1_83' title="bbox 2173 3834 3764 3907">
    <p class='ocr_par' dir='ltr' id='par_1_83' title="bbox 2173 3834 3764 3907">
     <span class='ocr_line' id='line_1_83' title="bbox 2173 3834 3764 3907; baseline 0.001 -18"><span class='ocrx_word' id='word_1_598' title='bbox 2173 3843 2282 3900; x_wconf 88' lang='lat' dir='ltr'><strong>cat,</strong></span> <span class='ocrx_word' id='word_1_599' title='bbox 2351 3836 2420 3891; x_wconf 86' lang='lat' dir='ltr'><strong>ab</strong></span> <span class='ocrx_word' id='word_1_600' title='bbox 2475 3835 2522 3867; x_wconf 81' lang='grc'>¹⁸</span> <span class='ocrx_word' id='word_1_601' title='bbox 2562 3834 2690 3891; x_wconf 79' lang='lat' dir='ltr'><strong>Jesu</strong></span> <span class='ocrx_word' id='word_1_602' title='bbox 2749 3845 2954 3907; x_wconf 85' lang='lat' dir='ltr'><strong>petunt.</strong></span> <span class='ocrx_word' id='word_1_603' title='bbox 3001 3835 3128 3891; x_wconf 86' lang='lat' dir='ltr'><strong>Non</strong></span> <span class='ocrx_word' id='word_1_604' title='bbox 3177 3846 3350 3891; x_wconf 79' lang='lat' dir='ltr'><strong>autent</strong></span> <span class='ocrx_word' id='word_1_605' title='bbox 3385 3835 3764 3906; x_wconf 56' lang='lat' dir='ltr'><strong>“praesidente:</strong></span> 
     </span>
    </p>
   </div>
   <div class='ocr_carea' id='block_1_84' title="bbox 2172 3929 3758 4003">
    <p class='ocr_par' dir='ltr' id='par_1_84' title="bbox 2172 3929 3758 4003">
     <span class='ocr_line' id='line_1_84' title="bbox 2172 3929 3758 4003; baseline 0.003 -19"><span class='ocrx_word' id='word_1_606' title='bbox 2172 3946 2265 4002; x_wconf 82' lang='lat' dir='ltr'><strong>per</strong></span> <span class='ocrx_word' id='word_1_607' title='bbox 2283 3929 2331 3963; x_wconf 82' lang='lat'><strong>&quot;</strong></span> <span class='ocrx_word' id='word_1_608' title='bbox 2359 3930 2590 3985; x_wconf 76' lang='lat' dir='ltr'><strong>divinam</strong></span> <span class='ocrx_word' id='word_1_609' title='bbox 2616 3935 2998 4003; x_wconf 80' lang='lat' dir='ltr'><strong>processionem</strong></span> <span class='ocrx_word' id='word_1_610' title='bbox 3023 3934 3245 3988; x_wconf 81' lang='lat' dir='ltr'><strong>inditam</strong></span> <span class='ocrx_word' id='word_1_611' title='bbox 3277 3933 3717 3989; x_wconf 82' lang='lat' dir='ltr'><strong>illuminationem</strong></span> <span class='ocrx_word' id='word_1_612' title='bbox 3741 3952 3758 3999; x_wconf 88' lang='lat'><strong><em>;</em></strong></span> 
     </span>
    </p>
   </div>
   <div class='ocr_carea' id='block_1_85' title="bbox 2172 4024 3761 4095">
    <p class='ocr_par' dir='ltr' id='par_1_85' title="bbox 2172 4024 3761 4095">
     <span class='ocr_line' id='line_1_85' title="bbox 2172 4024 3761 4095; baseline 0.001 -17"><span class='ocrx_word' id='word_1_613' title='bbox 2172 4024 2275 4078; x_wconf 90' lang='lat' dir='ltr'><strong>hoc</strong></span> <span class='ocrx_word' id='word_1_614' title='bbox 2336 4033 2460 4090; x_wconf 88' lang='lat' dir='ltr'><strong>est,</strong></span> <span class='ocrx_word' id='word_1_615' title='bbox 2505 4039 2616 4080; x_wconf 89' lang='lat' dir='ltr'><strong>non</strong></span> <span class='ocrx_word' id='word_1_616' title='bbox 2661 4024 2736 4079; x_wconf 90' lang='lat' dir='ltr'><strong>ita</strong></span> <span class='ocrx_word' id='word_1_617' title='bbox 2797 4032 2986 4095; x_wconf 85' lang='lat' dir='ltr'><strong>petunt</strong></span> <span class='ocrx_word' id='word_1_618' title='bbox 3057 4025 3294 4079; x_wconf 87' lang='lat' dir='ltr'><strong>divinam</strong></span> <span class='ocrx_word' id='word_1_619' title='bbox 3335 4025 3617 4081; x_wconf 79' lang='lat' dir='ltr'><strong>scientiam</strong></span> <span class='ocrx_word' id='word_1_620' title='bbox 3647 4067 3660 4088; x_wconf 87' lang='lat'><strong>,</strong></span> <span class='ocrx_word' id='word_1_621' title='bbox 3703 4032 3761 4079; x_wconf 84' lang='lat' dir='ltr'><strong>ut</strong></span> 
     </span>
    </p>
   </div>
   <div class='ocr_carea' id='block_1_86' title="bbox 2174 4116 3755 4187">
    <p class='ocr_par' dir='ltr' id='par_1_86' title="bbox 2174 4116 3755 4187">
     <span class='ocr_line' id='line_1_86' title="bbox 2174 4116 3755 4187; baseline 0.001 -18"><span class='ocrx_word' id='word_1_622' title='bbox 2174 4125 2572 4185; x_wconf 84' lang='lat' dir='ltr'><strong>praeoccupent</strong></span> <span class='ocrx_word' id='word_1_623' title='bbox 2597 4116 2824 4171; x_wconf 86' lang='lat' dir='ltr'><strong>inditam</strong></span> <span class='ocrx_word' id='word_1_624' title='bbox 2867 4116 2968 4172; x_wconf 85' lang='lat' dir='ltr'><strong>sibi</strong></span> <span class='ocrx_word' id='word_1_625' title='bbox 3014 4116 3462 4171; x_wconf 84' lang='lat' dir='ltr'><strong>illuminationem</strong></span> <span class='ocrx_word' id='word_1_626' title='bbox 3499 4131 3597 4187; x_wconf 87' lang='lat' dir='ltr'><strong>per</strong></span> <span class='ocrx_word' id='word_1_627' title='bbox 3623 4117 3755 4171; x_wconf 87' lang='lat' dir='ltr'><strong>divi-</strong></span> 
     </span>
    </p>
   </div>
   <div class='ocr_carea' id='block_1_87' title="bbox 2172 4208 3758 4280">
    <p class='ocr_par' dir='ltr' id='par_1_87' title="bbox 2172 4208 3758 4280">
     <span class='ocr_line' id='line_1_87' title="bbox 2172 4208 3758 4280; baseline 0 -16"><span class='ocrx_word' id='word_1_628' title='bbox 2172 4223 2300 4264; x_wconf 88' lang='lat' dir='ltr'><strong>nam</strong></span> <span class='ocrx_word' id='word_1_629' title='bbox 2347 4210 2746 4280; x_wconf 87' lang='lat' dir='ltr'><strong>processionem</strong></span> <span class='ocrx_word' id='word_1_630' title='bbox 2770 4209 2841 4263; x_wconf 67' lang='lat'><strong>&#39;7.</strong></span> <span class='ocrx_word' id='word_1_631' title='bbox 2877 4208 3022 4263; x_wconf 73' lang='lat' dir='ltr'><strong>Nihil</strong></span> <span class='ocrx_word' id='word_1_632' title='bbox 3049 4210 3190 4264; x_wconf 82' lang='lat' dir='ltr'><strong>enim</strong></span> <span class='ocrx_word' id='word_1_633' title='bbox 3223 4217 3438 4280; x_wconf 86' lang='lat' dir='ltr'><strong>petunt,</strong></span> <span class='ocrx_word' id='word_1_634' title='bbox 3465 4209 3565 4264; x_wconf 87' lang='lat' dir='ltr'><strong>nisi</strong></span> <span class='ocrx_word' id='word_1_635' title='bbox 3611 4210 3758 4278; x_wconf 86' lang='lat' dir='ltr'><strong>prius</strong></span> 
     </span>
    </p>
   </div>
   <div class='ocr_carea' id='block_1_88' title="bbox 2172 4303 3757 4374">
    <p class='ocr_par' dir='ltr' id='par_1_88' title="bbox 2172 4303 3757 4374">
     <span class='ocr_line' id='line_1_88' title="bbox 2172 4303 3757 4374; baseline -0.001 -17"><span class='ocrx_word' id='word_1_636' title='bbox 2172 4305 2518 4374; x_wconf 66' lang='lat' dir='ltr'><strong>processurus</strong></span> <span class='ocrx_word' id='word_1_637' title='bbox 2539 4303 2703 4356; x_wconf 86' lang='lat' dir='ltr'><strong>divini</strong></span> <span class='ocrx_word' id='word_1_638' title='bbox 2731 4303 2950 4357; x_wconf 87' lang='lat' dir='ltr'><strong>luminis</strong></span> <span class='ocrx_word' id='word_1_639' title='bbox 2978 4310 3325 4374; x_wconf 77' lang='lat' dir='ltr'><strong>cognoscant,</strong></span> <span class='ocrx_word' id='word_1_640' title='bbox 3350 4307 3530 4356; x_wconf 88' lang='lat' dir='ltr'><strong>utrum</strong></span> <span class='ocrx_word' id='word_1_641' title='bbox 3552 4311 3757 4372; x_wconf 86' lang='lat' dir='ltr'><strong>petant,</strong></span> 
     </span>
    </p>
   </div>
   <div class='ocr_carea' id='block_1_89' title="bbox 2174 4395 3758 4467">
    <p class='ocr_par' dir='ltr' id='par_1_89' title="bbox 2174 4395 3758 4467">
     <span class='ocr_line' id='line_1_89' title="bbox 2174 4395 3758 4467; baseline -0.001 -17"><span class='ocrx_word' id='word_1_642' title='bbox 2174 4398 2408 4466; x_wconf 81' lang='lat' dir='ltr'><strong>etquid,</strong></span> <span class='ocrx_word' id='word_1_643' title='bbox 2440 4405 2494 4451; x_wconf 90' lang='lat' dir='ltr'><strong>et</strong></span> <span class='ocrx_word' id='word_1_644' title='bbox 2522 4397 2792 4465; x_wconf 85' lang='lat' dir='ltr'><strong>quomodo</strong></span> <span class='ocrx_word' id='word_1_645' title='bbox 2820 4407 3004 4467; x_wconf 83' lang='lat' dir='ltr'><strong>petere</strong></span> <span class='ocrx_word' id='word_1_646' title='bbox 3043 4409 3142 4451; x_wconf 87' lang='lat' dir='ltr'><strong>eos</strong></span> <span class='ocrx_word' id='word_1_647' title='bbox 3167 4404 3397 4466; x_wconf 80' lang='lat' dir='ltr'><strong>Oportet.</strong></span> <span class='ocrx_word' id='word_1_648' title='bbox 3444 4396 3510 4449; x_wconf 87' lang='lat' dir='ltr'><strong>Et</strong></span> <span class='ocrx_word' id='word_1_649' title='bbox 3553 4395 3658 4450; x_wconf 82' lang='lat' dir='ltr'><strong>hoc</strong></span> <span class='ocrx_word' id='word_1_650' title='bbox 3679 4405 3758 4449; x_wconf 89' lang='lat' dir='ltr'><strong>est</strong></span> 
     </span>
    </p>
   </div>
   <div class='ocr_carea' id='block_1_90' title="bbox 2175 4487 3760 4560">
    <p class='ocr_par' dir='ltr' id='par_1_90' title="bbox 2175 4487 3760 4560">
     <span class='ocr_line' id='line_1_90' title="bbox 2175 4487 3760 4560; baseline -0.001 -19"><span class='ocrx_word' id='word_1_651' title='bbox 2175 4489 2317 4558; x_wconf 89' lang='lat' dir='ltr'><strong>quod</strong></span> <span class='ocrx_word' id='word_1_652' title='bbox 2343 4489 2474 4544; x_wconf 88' lang='lat' dir='ltr'><strong>dicit</strong></span> <span class='ocrx_word' id='word_1_653' title='bbox 2499 4488 2584 4543; x_wconf 80' lang='lat'><strong>&quot;:</strong></span> <span class='ocrx_word' id='word_1_654' title='bbox 2619 4504 2726 4544; x_wconf 88' lang='lat' dir='ltr'><strong>non</strong></span> <span class='ocrx_word' id='word_1_655' title='bbox 2760 4490 3134 4560; x_wconf 85' lang='lat' dir='ltr'><strong>praesilientes</strong></span> <span class='ocrx_word' id='word_1_656' title='bbox 3165 4489 3390 4542; x_wconf 83' lang='lat' dir='ltr'><strong>inditam</strong></span> <span class='ocrx_word' id='word_1_657' title='bbox 3424 4487 3760 4542; x_wconf 84' lang='lat' dir='ltr'><strong>illuminatio—</strong></span> 
     </span>
    </p>
   </div>
   <div class='ocr_carea' id='block_1_91' title="bbox 479 4575 3760 4678">
    <p class='ocr_par' dir='ltr' id='par_1_91' title="bbox 479 4575 3760 4678">
     <span class='ocr_line' id='line_1_91' title="bbox 479 4575 3760 4678; baseline -0 -43"><span class='ocrx_word' id='word_1_658' title='bbox 479 4590 530 4635; x_wconf 85' lang='lat' dir='ltr'><strong>et</strong></span> <span class='ocrx_word' id='word_1_659' title='bbox 566 4589 770 4633; x_wconf 84' lang='lat' dir='ltr'><strong>tantum</strong></span> <span class='ocrx_word' id='word_1_660' title='bbox 805 4578 962 4631; x_wconf 77' lang='lat' dir='ltr'><strong>simul</strong></span> <span class='ocrx_word' id='word_1_661' title='bbox 1002 4595 1177 4633; x_wconf 83' lang='lat' dir='ltr'><strong>omnes</strong></span> <span class='ocrx_word' id='word_1_662' title='bbox 1205 4581 1585 4651; x_wconf 80' lang='lat' dir='ltr'><strong>supereminent</strong></span> <span class='ocrx_word' id='word_1_663' title='bbox 1616 4583 1924 4637; x_wconf 75' lang='lat' dir='ltr'><strong>thearchicis</strong></span> <span class='ocrx_word' id='word_1_664' title='bbox 1956 4581 2076 4637; x_wconf 79' lang='lat' dir='ltr'><strong>illu-</strong></span> <span class='ocrx_word' id='word_1_665' title='bbox 2105 4619 2154 4678; x_wconf 69' lang='grc' dir='ltr'><strong>Β</strong></span> <span class='ocrx_word' id='word_1_666' title='bbox 2180 4597 2300 4636; x_wconf 86' lang='lat' dir='ltr'><strong>nem</strong></span> <span class='ocrx_word' id='word_1_667' title='bbox 2330 4583 2542 4638; x_wconf 83' lang='lat' dir='ltr'><strong>divinae</strong></span> <span class='ocrx_word' id='word_1_668' title='bbox 2569 4584 2951 4652; x_wconf 75' lang='lat' dir='ltr'><strong>precessionis.</strong></span> <span class='ocrx_word' id='word_1_669' title='bbox 2985 4581 3107 4636; x_wconf 87' lang='lat' dir='ltr'><strong>Non</strong></span> <span class='ocrx_word' id='word_1_670' title='bbox 3153 4575 3200 4620; x_wconf 73' lang='grc'><strong>³⁸</strong></span> <span class='ocrx_word' id='word_1_671' title='bbox 3227 4599 3348 4653; x_wconf 82' lang='lat' dir='ltr'><strong>ergo</strong></span> <span class='ocrx_word' id='word_1_672' title='bbox 3393 4582 3562 4652; x_wconf 81' lang='lat' dir='ltr'><strong>prima</strong></span> <span class='ocrx_word' id='word_1_673' title='bbox 3598 4580 3760 4634; x_wconf 82' lang='lat' dir='ltr'><strong>caele-</strong></span> 
     </span>
    </p>
   </div>
   <div class='ocr_carea' id='block_1_92' title="bbox 479 4670 2070 4741">
    <p class='ocr_par' dir='ltr' id='par_1_92' title="bbox 479 4670 2070 4741">
     <span class='ocr_line' id='line_1_92' title="bbox 479 4670 2070 4741; baseline 0.002 -14"><span class='ocrx_word' id='word_1_674' title='bbox 479 4670 854 4727; x_wconf 78' lang='lat' dir='ltr'><strong>minationibtts</strong></span> <span class='ocrx_word' id='word_1_675' title='bbox 906 4682 959 4724; x_wconf 78' lang='lat' dir='ltr'><strong>ut</strong></span> <span class='ocrx_word' id='word_1_676' title='bbox 1006 4671 1229 4725; x_wconf 85' lang='lat' dir='ltr'><strong>mediate</strong></span> <span class='ocrx_word' id='word_1_677' title='bbox 1295 4673 1627 4741; x_wconf 75' lang='lat' dir='ltr'><strong>quaestibues</strong></span> <span class='ocrx_word' id='word_1_678' title='bbox 1691 4686 1980 4730; x_wconf 81' lang='lat' dir='ltr'><strong>reverenter</strong></span> <span class='ocrx_word' id='word_1_679' title='bbox 2029 4677 2070 4709; x_wconf 84' lang='grc'><strong>¹⁰</strong></span> 
     </span>
    </p>
   </div>
   <div class='ocr_carea' id='block_1_93' title="bbox 479 4763 2070 4837">
    <p class='ocr_par' dir='ltr' id='par_1_93' title="bbox 479 4763 2070 4837">
     <span class='ocr_line' id='line_1_93' title="bbox 479 4763 2070 4837; baseline 0.004 -19"><span class='ocrx_word' id='word_1_680' title='bbox 479 4774 748 4837; x_wconf 85' lang='lat' dir='ltr'><strong>appetunt.</strong></span> <span class='ocrx_word' id='word_1_681' title='bbox 792 4763 936 4820; x_wconf 88' lang='lat' dir='ltr'><strong>Ordo</strong></span> <span class='ocrx_word' id='word_1_682' title='bbox 965 4766 1250 4820; x_wconf 88' lang='lat' dir='ltr'><strong>verborum</strong></span> <span class='ocrx_word' id='word_1_683' title='bbox 1282 4783 1296 4818; x_wconf 92' lang='lat'>:</span> <span class='ocrx_word' id='word_1_684' title='bbox 1328 4765 1510 4831; x_wconf 78' lang='lat' dir='ltr'><strong>Miror,</strong></span> <span class='ocrx_word' id='word_1_685' title='bbox 1544 4765 1670 4837; x_wconf 87' lang='lat' dir='ltr'><strong>quia</strong></span> <span class='ocrx_word' id='word_1_686' title='bbox 1703 4776 1963 4837; x_wconf 88' lang='lat' dir='ltr'><strong>appetunt</strong></span> <span class='ocrx_word' id='word_1_687' title='bbox 2009 4779 2070 4824; x_wconf 90' lang='lat' dir='ltr'><strong>ut</strong></span> 
     </span>
    </p>
   </div>
   <div class='ocr_carea' id='block_1_94' title="bbox 480 4860 2066 4929">
    <p class='ocr_par' dir='ltr' id='par_1_94' title="bbox 480 4860 2066 4929">
     <span class='ocr_line' id='line_1_94' title="bbox 480 4860 2066 4929; baseline 0 -13"><span class='ocrx_word' id='word_1_688' title='bbox 480 4860 715 4916; x_wconf 87' lang='lat' dir='ltr'><strong>mediale</strong></span> <span class='ocrx_word' id='word_1_689' title='bbox 761 4861 1106 4929; x_wconf 71' lang='lat' dir='ltr'><strong>quaestiolies</strong></span> <span class='ocrx_word' id='word_1_690' title='bbox 1155 4869 1464 4914; x_wconf 84' lang='lat' dir='ltr'><strong>reverenter</strong></span> <span class='ocrx_word' id='word_1_691' title='bbox 1508 4862 1715 4929; x_wconf 87' lang='lat' dir='ltr'><strong>primae</strong></span> <span class='ocrx_word' id='word_1_692' title='bbox 1759 4861 2066 4916; x_wconf 81' lang='lat' dir='ltr'><strong>caelestium</strong></span> 
     </span>
    </p>
   </div>
   <div class='ocr_carea' id='block_1_95' title="bbox 481 4955 2068 5026">
    <p class='ocr_par' dir='ltr' id='par_1_95' title="bbox 481 4955 2068 5026">
     <span class='ocr_line' id='line_1_95' title="bbox 481 4955 2068 5026; baseline -0.004 -11"><span class='ocrx_word' id='word_1_693' title='bbox 481 4957 840 5015; x_wconf 79' lang='lat' dir='ltr'><strong>essentiarum</strong></span> <span class='ocrx_word' id='word_1_694' title='bbox 867 4998 878 5019; x_wconf 94' lang='lat'><strong>,</strong></span> <span class='ocrx_word' id='word_1_695' title='bbox 929 4965 982 5011; x_wconf 87' lang='lat' dir='ltr'><strong>et</strong></span> <span class='ocrx_word' id='word_1_696' title='bbox 1011 4955 1414 5026; x_wconf 77' lang='lat' dir='ltr'><strong>superemimmt</strong></span> <span class='ocrx_word' id='word_1_697' title='bbox 1447 4967 1652 5011; x_wconf 83' lang='lat' dir='ltr'><strong>tantum</strong></span> <span class='ocrx_word' id='word_1_698' title='bbox 1685 4956 1845 5011; x_wconf 88' lang='lat' dir='ltr'><strong>simul</strong></span> <span class='ocrx_word' id='word_1_699' title='bbox 1881 4965 2068 5010; x_wconf 78' lang='lat' dir='ltr'><strong>omnes</strong></span> 
     </span>
    </p>
   </div>
   <div class='ocr_carea' id='block_1_96' title="bbox 483 5045 2068 5112">
    <p class='ocr_par' dir='ltr' id='par_1_96' title="bbox 483 5045 2068 5112">
     <span class='ocr_line' id='line_1_96' title="bbox 483 5045 2068 5112; baseline -0.004 -5"><span class='ocrx_word' id='word_1_700' title='bbox 483 5050 808 5108; x_wconf 85' lang='lat' dir='ltr'><strong>thearchi&#39;cis</strong></span> <span class='ocrx_word' id='word_1_701' title='bbox 846 5049 1346 5106; x_wconf 83' lang='lat' dir='ltr'><strong>illuminationibus.</strong></span> <span class='ocrx_word' id='word_1_702' title='bbox 1383 5045 1449 5103; x_wconf 79' lang='lat' dir='ltr'><strong>Et</strong></span> <span class='ocrx_word' id='word_1_703' title='bbox 1494 5057 1577 5104; x_wconf 82' lang='lat' dir='ltr'><strong>est</strong></span> <span class='ocrx_word' id='word_1_704' title='bbox 1616 5059 1806 5104; x_wconf 82' lang='lat' dir='ltr'><strong>sensus</strong></span> <span class='ocrx_word' id='word_1_705' title='bbox 1836 5063 1850 5102; x_wconf 89' lang='lat'><strong>:</strong></span> <span class='ocrx_word' id='word_1_706' title='bbox 1881 5048 2068 5112; x_wconf 81' lang='lat' dir='ltr'><strong>Miror,</strong></span> 
     </span>
    </p>
   </div>
   <div class='ocr_carea' id='block_1_97' title="bbox 2181 4674 3760 4750">
    <p class='ocr_par' dir='ltr' id='par_1_97' title="bbox 2181 4674 3760 4750">
     <span class='ocr_line' id='line_1_97' title="bbox 2181 4674 3760 4750; baseline 0.001 -22"><span class='ocrx_word' id='word_1_707' title='bbox 2181 4675 2337 4728; x_wconf 77' lang='lat' dir='ltr'><strong>stium</strong></span> <span class='ocrx_word' id='word_1_708' title='bbox 2366 4674 2723 4729; x_wconf 77' lang='lat' dir='ltr'><strong>intellectuum</strong></span> <span class='ocrx_word' id='word_1_709' title='bbox 2767 4676 3026 4729; x_wconf 74' lang='lat' dir='ltr'><strong>ierareltia</strong></span> <span class='ocrx_word' id='word_1_710' title='bbox 3073 4675 3152 4739; x_wconf 73' lang='grc' dir='ltr'><strong>³ο,</strong></span> <span class='ocrx_word' id='word_1_711' title='bbox 3202 4675 3266 4727; x_wconf 82' lang='lat' dir='ltr'><strong>ab</strong></span> <span class='ocrx_word' id='word_1_712' title='bbox 3295 4675 3408 4743; x_wconf 86' lang='lat' dir='ltr'><strong>ipsa</strong></span> <span class='ocrx_word' id='word_1_713' title='bbox 3451 4674 3760 4750; x_wconf 61' lang='lat' dir='ltr'><strong>rrltrapzla</strong></span> 
     </span>
    </p>
   </div>
   <div class='ocr_carea' id='block_1_98' title="bbox 2177 4765 3761 4838">
    <p class='ocr_par' dir='ltr' id='par_1_98' title="bbox 2177 4765 3761 4838">
     <span class='ocr_line' id='line_1_98' title="bbox 2177 4765 3761 4838; baseline -0.001 -18"><span class='ocrx_word' id='word_1_714' title='bbox 2177 4767 2526 4836; x_wconf 76' lang='lat' dir='ltr'><strong>sanctiﬁcata,</strong></span> <span class='ocrx_word' id='word_1_715' title='bbox 2556 4781 2658 4838; x_wconf 78' lang='lat' dir='ltr'><strong>quo</strong></span> <span class='ocrx_word' id='word_1_716' title='bbox 2681 4769 2740 4821; x_wconf 80' lang='lat' dir='ltr'><strong>in</strong></span> <span class='ocrx_word' id='word_1_717' title='bbox 2757 4783 2872 4821; x_wconf 87' lang='lat' dir='ltr'><strong>eam</strong></span> <span class='ocrx_word' id='word_1_718' title='bbox 2897 4766 3195 4821; x_wconf 78' lang='lat' dir='ltr'><strong>immediate</strong></span> <span class='ocrx_word' id='word_1_719' title='bbox 3221 4765 3520 4819; x_wconf 66' lang='lat' dir='ltr'><strong>extenditur</strong></span> <span class='ocrx_word' id='word_1_720' title='bbox 3539 4766 3606 4829; x_wconf 75' lang='grc'><strong>³³,</strong></span> <span class='ocrx_word' id='word_1_721' title='bbox 3642 4782 3761 4819; x_wconf 59' lang='lat' dir='ltr'><strong>sano</strong></span> 
     </span>
    </p>
   </div>
   <div class='ocr_carea' id='block_1_99' title="bbox 2179 4841 3762 4933">
    <p class='ocr_par' dir='ltr' id='par_1_99' title="bbox 2179 4860 3762 4933">
     <span class='ocr_line' id='line_1_99' title="bbox 2179 4860 3762 4933; baseline -0.001 -19"><span class='ocrx_word' id='word_1_722' title='bbox 2179 4863 2410 4916; x_wconf 80' lang='lat' dir='ltr'><strong>ctissima</strong></span> <span class='ocrx_word' id='word_1_723' title='bbox 2440 4864 2747 4933; x_wconf 70' lang='lat' dir='ltr'><strong>purgatione</strong></span> <span class='ocrx_word' id='word_1_724' title='bbox 2795 4862 2960 4917; x_wconf 84' lang='lat' dir='ltr'><strong>multo</strong></span> <span class='ocrx_word' id='word_1_725' title='bbox 3002 4860 3197 4915; x_wconf 79' lang='lat' dir='ltr'><strong>lumine</strong></span> <span class='ocrx_word' id='word_1_726' title='bbox 3230 4861 3612 4930; x_wconf 70' lang='lat' dir='ltr'><strong>anteperfectae</strong></span> <span class='ocrx_word' id='word_1_727' title='bbox 3638 4875 3762 4913; x_wconf 86' lang='lat' dir='ltr'><strong>con-</strong></span> 
     </span>
    </p>
   </div>
   <div class='ocr_carea' id='block_1_100' title="bbox 2180 4955 3774 5026">
    <p class='ocr_par' dir='ltr' id='par_1_100' title="bbox 2180 4955 3774 5026">
     <span class='ocr_line' id='line_1_100' title="bbox 2180 4955 3774 5026; baseline -0.001 -16"><span class='ocrx_word' id='word_1_728' title='bbox 2180 4958 2541 5010; x_wconf 81' lang='lat' dir='ltr'><strong>summationis</strong></span> <span class='ocrx_word' id='word_1_729' title='bbox 2559 4998 2570 5018; x_wconf 92' lang='lat'><strong>,</strong></span> <span class='ocrx_word' id='word_1_730' title='bbox 2596 4955 3056 5026; x_wconf 72' lang='lat' dir='ltr'><strong>proportionaliter</strong></span> <span class='ocrx_word' id='word_1_731' title='bbox 3086 4963 3197 5008; x_wconf 69' lang='lat' dir='ltr'><strong>ezmt</strong></span> <span class='ocrx_word' id='word_1_732' title='bbox 3227 4956 3464 5025; x_wconf 66' lang='lat' dir='ltr'><strong>implens,</strong></span> <span class='ocrx_word' id='word_1_733' title='bbox 3488 4961 3774 5024; x_wconf 70' lang='lat' dir='ltr'><strong>purgatur,</strong></span> 
     </span>
    </p>
   </div>
   <div class='ocr_carea' id='block_1_101' title="bbox 2179 5045 3766 5118">
    <p class='ocr_par' dir='ltr' id='par_1_101' title="bbox 2179 5045 3766 5118">
     <span class='ocr_line' id='line_1_101' title="bbox 2179 5045 3766 5118; baseline -0.001 -15"><span class='ocrx_word' id='word_1_734' title='bbox 2179 5057 2226 5103; x_wconf 88' lang='lat' dir='ltr'><strong>et</strong></span> <span class='ocrx_word' id='word_1_735' title='bbox 2254 5049 2602 5114; x_wconf 81' lang='lat' dir='ltr'><strong>illaminatur,</strong></span> <span class='ocrx_word' id='word_1_736' title='bbox 2650 5059 2696 5102; x_wconf 88' lang='lat' dir='ltr'><strong>et</strong></span> <span class='ocrx_word' id='word_1_737' title='bbox 2733 5049 3024 5118; x_wconf 73' lang='lat' dir='ltr'><strong>perﬁcitur.</strong></span> <span class='ocrx_word' id='word_1_738' title='bbox 3049 5047 3194 5103; x_wconf 86' lang='lat' dir='ltr'><strong>Ordo</strong></span> <span class='ocrx_word' id='word_1_739' title='bbox 3225 5047 3510 5101; x_wconf 80' lang='lat' dir='ltr'><strong>verborum</strong></span> <span class='ocrx_word' id='word_1_740' title='bbox 3541 5065 3552 5100; x_wconf 93' lang='lat'><strong>:</strong></span> <span class='ocrx_word' id='word_1_741' title='bbox 3581 5045 3766 5102; x_wconf 80' lang='lat' dir='ltr'><strong>Nonne</strong></span> 
     </span>
    </p>
   </div>
   <div class='ocr_carea' id='block_1_102' title="bbox 1777 5183 2476 5246">
    <p class='ocr_par' dir='ltr' id='par_1_102' title="bbox 1777 5183 2476 5246">
     <span class='ocr_line' id='line_1_102' title="bbox 1777 5183 2476 5246; baseline -0.003 0"><span class='ocrx_word' id='word_1_742' title='bbox 1777 5189 2032 5246; x_wconf 70' lang='lat' dir='ltr'><strong>VARLAE</strong></span> <span class='ocrx_word' id='word_1_743' title='bbox 2077 5183 2476 5246; x_wconf 77' lang='lat' dir='ltr'><strong>LECTIONES‘.</strong></span> 
     </span>
    </p>
   </div>
   <div class='ocr_carea' id='block_1_103' title="bbox 519 5301 1427 5370">
    <p class='ocr_par' dir='ltr' id='par_1_103' title="bbox 519 5301 1427 5370">
     <span class='ocr_line' id='line_1_103' title="bbox 519 5301 1427 5370; baseline -0.003 -1"><span class='ocrx_word' id='word_1_744' title='bbox 519 5367 524 5370; x_wconf 83' lang='lat'><strong>.</strong></span> <span class='ocrx_word' id='word_1_745' title='bbox 559 5315 576 5345; x_wconf 86' lang='grc'>¹</span> <span class='ocrx_word' id='word_1_746' title='bbox 614 5313 656 5367; x_wconf 90' lang='grc' dir='ltr'><strong>Β</strong></span> <span class='ocrx_word' id='word_1_747' title='bbox 684 5322 756 5368; x_wconf 83' lang='lat' dir='ltr'><strong>est</strong></span> <span class='ocrx_word' id='word_1_748' title='bbox 783 5311 1045 5368; x_wconf 80' lang='lat' dir='ltr'><strong>dominus.</strong></span> <span class='ocrx_word' id='word_1_749' title='bbox 1147 5309 1170 5342; x_wconf 78' lang='grc'><strong><em>¹</em></strong></span> <span class='ocrx_word' id='word_1_750' title='bbox 1192 5301 1233 5364; x_wconf 84' lang='grc' dir='ltr'><strong>Β</strong></span> <span class='ocrx_word' id='word_1_751' title='bbox 1265 5305 1427 5366; x_wconf 83' lang='lat' dir='ltr'><strong>illius.</strong></span> 
     </span>
    </p>
   </div>
   <div class='ocr_carea' id='block_1_104' title="bbox 485 5386 687 5448">
    <p class='ocr_par' dir='ltr' id='par_1_104' title="bbox 485 5386 687 5448">
     <span class='ocr_line' id='line_1_104' title="bbox 485 5386 687 5448; baseline -0.01 -7"><span class='ocrx_word' id='word_1_752' title='bbox 485 5386 687 5448; x_wconf 75' lang='lat' dir='ltr'><strong>Je’sum.</strong></span> 
     </span>
    </p>
   </div>
   <div class='ocr_carea' id='block_1_105' title="bbox 493 5447 1118 5510">
    <p class='ocr_par' dir='ltr' id='par_1_105' title="bbox 493 5447 1118 5510">
     <span class='ocr_line' id='line_1_105' title="bbox 493 5447 1118 5510; baseline -0.003 0"><span class='ocrx_word' id='word_1_753' title='bbox 493 5447 536 5489; x_wconf 64' lang='grc' dir='ltr'><strong>’θ</strong></span> <span class='ocrx_word' id='word_1_754' title='bbox 568 5455 655 5510; x_wconf 84' lang='grc' dir='ltr'>ΑΒ</span> <span class='ocrx_word' id='word_1_755' title='bbox 686 5466 740 5508; x_wconf 85' lang='lat' dir='ltr'><strong>ut</strong></span> <span class='ocrx_word' id='word_1_756' title='bbox 793 5455 1118 5508; x_wconf 81' lang='lat' dir='ltr'><strong>reverenter.</strong></span> 
     </span>
    </p>
   </div>
   <div class='ocr_carea' id='block_1_106' title="bbox 488 5524 1377 5588">
    <p class='ocr_par' dir='ltr' id='par_1_106' title="bbox 488 5524 1377 5588">
     <span class='ocr_line' id='line_1_106' title="bbox 488 5524 1377 5588; baseline 0.001 -11"><span class='ocrx_word' id='word_1_757' title='bbox 488 5529 605 5584; x_wconf 67' lang='lat' dir='ltr'><strong>rari.</strong></span> <span class='ocrx_word' id='word_1_758' title='bbox 633 5535 774 5580; x_wconf 85' lang='lat' dir='ltr'><strong>corr.</strong></span> <span class='ocrx_word' id='word_1_759' title='bbox 809 5525 905 5588; x_wconf 82' lang='lat' dir='ltr'><strong>B&#39;;</strong></span> <span class='ocrx_word' id='word_1_760' title='bbox 940 5524 1028 5578; x_wconf 67' lang='grc' dir='ltr'>ΑΒ</span> <span class='ocrx_word' id='word_1_761' title='bbox 1057 5535 1377 5581; x_wconf 75' lang='lat' dir='ltr'><strong>cunctanter.</strong></span> 
     </span>
    </p>
   </div>
   <div class='ocr_carea' id='block_1_107' title="bbox 487 5593 1976 5668">
    <p class='ocr_par' dir='ltr' id='par_1_107' title="bbox 487 5593 1976 5668">
     <span class='ocr_line' id='line_1_107' title="bbox 487 5593 1976 5668; baseline -0.003 -15"><span class='ocrx_word' id='word_1_762' title='bbox 487 5593 981 5668; x_wconf 65' lang='lat' dir='ltr'><strong>ABdeliberaeant.</strong></span> <span class='ocrx_word' id='word_1_763' title='bbox 1102 5597 1142 5632; x_wconf 77' lang='grc'><strong>¹⁹</strong></span> <span class='ocrx_word' id='word_1_764' title='bbox 1173 5597 1264 5652; x_wconf 82' lang='lat' dir='ltr'><strong>Sic</strong></span> <span class='ocrx_word' id='word_1_765' title='bbox 1289 5596 1328 5651; x_wconf 75' lang='grc' dir='ltr'><strong>Ο</strong></span> <span class='ocrx_word' id='word_1_766' title='bbox 1355 5606 1409 5650; x_wconf 84' lang='lat' dir='ltr'><strong>et</strong></span> <span class='ocrx_word' id='word_1_767' title='bbox 1436 5613 1580 5652; x_wconf 83' lang='lat' dir='ltr'><strong>corr.</strong></span> <span class='ocrx_word' id='word_1_768' title='bbox 1614 5600 1670 5650; x_wconf 80' lang='grc' dir='ltr'>Β·</span> <span class='ocrx_word' id='word_1_769' title='bbox 1694 5618 1706 5662; x_wconf 91' lang='grc'>;</span> <span class='ocrx_word' id='word_1_770' title='bbox 1735 5599 1823 5652; x_wconf 80' lang='grc' dir='ltr'>ΑΒ</span> <span class='ocrx_word' id='word_1_771' title='bbox 1851 5600 1976 5668; x_wconf 85' lang='lat' dir='ltr'><strong>ipse.</strong></span> 
     </span>
    </p>
   </div>
   <div class='ocr_carea' id='block_1_108' title="bbox 1227 5455 1507 5509">
    <p class='ocr_par' dir='ltr' id='par_1_108' title="bbox 1227 5455 1507 5509">
     <span class='ocr_line' id='line_1_108' title="bbox 1227 5455 1507 5509; baseline 0.007 -3"><span class='ocrx_word' id='word_1_772' title='bbox 1227 5455 1266 5486; x_wconf 84' lang='lat'>“</span> <span class='ocrx_word' id='word_1_773' title='bbox 1307 5455 1345 5507; x_wconf 87' lang='grc' dir='ltr'>Β</span> <span class='ocrx_word' id='word_1_774' title='bbox 1375 5472 1507 5509; x_wconf 85' lang='lat' dir='ltr'><strong>cum.</strong></span> 
     </span>
    </p>
   </div>
   <div class='ocr_carea' id='block_1_109' title="bbox 490 5659 2970 5740">
    <p class='ocr_par' dir='ltr' id='par_1_109' title="bbox 490 5659 2970 5740">
     <span class='ocr_line' id='line_1_109' title="bbox 490 5659 2970 5740; baseline -0.001 -16"><span class='ocrx_word' id='word_1_775' title='bbox 490 5659 608 5740; x_wconf 55' lang='lat' dir='ltr'><strong>rati.</strong></span> <span class='ocrx_word' id='word_1_776' title='bbox 638 5683 780 5722; x_wconf 90' lang='lat' dir='ltr'><strong>corr.</strong></span> <span class='ocrx_word' id='word_1_777' title='bbox 818 5661 1057 5740; x_wconf 58' lang='lat' dir='ltr'><strong>dei/learn</strong></span> <span class='ocrx_word' id='word_1_778' title='bbox 1101 5670 1407 5740; x_wconf 78' lang='lat' dir='ltr'><strong>scientiam;</strong></span> <span class='ocrx_word' id='word_1_779' title='bbox 1455 5668 1495 5724; x_wconf 88' lang='lat' dir='ltr'><strong>C</strong></span> <span class='ocrx_word' id='word_1_780' title='bbox 1538 5659 1811 5740; x_wconf 80' lang='lat' dir='ltr'><strong>ostendens</strong></span> <span class='ocrx_word' id='word_1_781' title='bbox 1857 5659 2072 5738; x_wconf 75' lang='lat' dir='ltr'><strong>quidem</strong></span> <span class='ocrx_word' id='word_1_782' title='bbox 2106 5686 2159 5739; x_wconf 90' lang='lat' dir='ltr'><strong>q.</strong></span> <span class='ocrx_word' id='word_1_783' title='bbox 2203 5671 2258 5722; x_wconf 87' lang='lat' dir='ltr'><strong>d.</strong></span> <span class='ocrx_word' id='word_1_784' title='bbox 2298 5677 2353 5724; x_wconf 88' lang='lat' dir='ltr'><strong>et</strong></span> <span class='ocrx_word' id='word_1_785' title='bbox 2399 5661 2639 5738; x_wconf 74' lang='lat' dir='ltr'><strong>deiﬁcum</strong></span> <span class='ocrx_word' id='word_1_786' title='bbox 2681 5667 2970 5723; x_wconf 85' lang='lat' dir='ltr'><strong>scientiam.</strong></span> 
     </span>
    </p>
   </div>
   <div class='ocr_carea' id='block_1_110' title="bbox 1274 5737 3553 5810">
    <p class='ocr_par' dir='ltr' id='par_1_110' title="bbox 1274 5737 3553 5810">
     <span class='ocr_line' id='line_1_110' title="bbox 1274 5737 3553 5810; baseline 0 -18"><span class='ocrx_word' id='word_1_787' title='bbox 1274 5737 1319 5769; x_wconf 76' lang='grc'>’⁷</span> <span class='ocrx_word' id='word_1_788' title='bbox 1355 5740 1575 5794; x_wconf 81' lang='lat' dir='ltr'><strong>inditam</strong></span> <span class='ocrx_word' id='word_1_789' title='bbox 1620 5737 2080 5803; x_wconf 79' lang='lat' dir='ltr'><strong>illuminationem,</strong></span> <span class='ocrx_word' id='word_1_790' title='bbox 2126 5737 2222 5797; x_wconf 69' lang='lat' dir='ltr'><strong>hoc</strong></span> <span class='ocrx_word' id='word_1_791' title='bbox 2251 5749 2324 5795; x_wconf 87' lang='lat' dir='ltr'><strong>est</strong></span> <span class='ocrx_word' id='word_1_792' title='bbox 2369 5737 2576 5795; x_wconf 19' lang='lat' dir='ltr'><strong>non’ita</strong></span> <span class='ocrx_word' id='word_1_793' title='bbox 2615 5748 2791 5810; x_wconf 81' lang='lat' dir='ltr'><strong>petunt</strong></span> <span class='ocrx_word' id='word_1_794' title='bbox 2825 5771 2893 5780; x_wconf 89' lang='lat'><strong>——</strong></span> <span class='ocrx_word' id='word_1_795' title='bbox 2923 5741 3300 5808; x_wconf 80' lang='lat' dir='ltr'><strong>processionem</strong></span> <span class='ocrx_word' id='word_1_796' title='bbox 3342 5755 3449 5794; x_wconf 91' lang='lat' dir='ltr'><strong>om.</strong></span> <span class='ocrx_word' id='word_1_797' title='bbox 3493 5737 3553 5793; x_wconf 91' lang='grc' dir='ltr'>Β.</span> 
     </span>
    </p>
   </div>
   <div class='ocr_carea' id='block_1_111' title="bbox 1914 5837 3498 5909">
    <p class='ocr_par' dir='ltr' id='par_1_111' title="bbox 1914 5837 3498 5909">
     <span class='ocr_line' id='line_1_111' title="bbox 1914 5837 3498 5909; baseline 0.001 -16"><span class='ocrx_word' id='word_1_798' title='bbox 1914 5839 1954 5870; x_wconf 74' lang='grc'><strong>⁸⁸</strong></span> <span class='ocrx_word' id='word_1_799' title='bbox 1987 5840 2282 5896; x_wconf 67' lang='lat' dir='ltr'><strong>extenditur</strong></span> <span class='ocrx_word' id='word_1_800' title='bbox 2308 5854 2415 5894; x_wconf 91' lang='lat' dir='ltr'><strong>om.</strong></span> <span class='ocrx_word' id='word_1_801' title='bbox 2450 5837 2559 5902; x_wconf 73' lang='lat' dir='ltr'><strong>AB,</strong></span> <span class='ocrx_word' id='word_1_802' title='bbox 2596 5839 2773 5894; x_wconf 78' lang='lat' dir='ltr'><strong>addidi</strong></span> <span class='ocrx_word' id='word_1_803' title='bbox 2803 5853 2871 5894; x_wconf 77' lang='lat' dir='ltr'><strong>ex</strong></span> <span class='ocrx_word' id='word_1_804' title='bbox 2903 5855 3045 5895; x_wconf 85' lang='lat' dir='ltr'><strong>vers.</strong></span> <span class='ocrx_word' id='word_1_805' title='bbox 3075 5847 3128 5896; x_wconf 89' lang='lat' dir='ltr'><strong>et</strong></span> <span class='ocrx_word' id='word_1_806' title='bbox 3159 5848 3288 5895; x_wconf 78' lang='lat' dir='ltr'><strong>text.</strong></span> <span class='ocrx_word' id='word_1_807' title='bbox 3318 5851 3498 5909; x_wconf 67' lang='lat' dir='ltr'><strong>graec.</strong></span> 
     </span>
    </p>
   </div>
   <div class='ocr_carea' id='block_1_112' title="bbox 490 5736 1177 5811">
    <p class='ocr_par' dir='ltr' id='par_1_112' title="bbox 490 5736 1177 5811">
     <span class='ocr_line' id='line_1_112' title="bbox 490 5736 1177 5811; baseline 0.001 -16"><span class='ocrx_word' id='word_1_808' title='bbox 490 5739 586 5795; x_wconf 84' lang='lat' dir='ltr'><strong>rad</strong></span> <span class='ocrx_word' id='word_1_809' title='bbox 616 5753 759 5794; x_wconf 90' lang='lat' dir='ltr'><strong>corr.</strong></span> <span class='ocrx_word' id='word_1_810' title='bbox 790 5756 841 5792; x_wconf 92' lang='lat' dir='ltr'><strong>a.</strong></span> <span class='ocrx_word' id='word_1_811' title='bbox 919 5736 964 5769; x_wconf 81' lang='lat'>&quot;</span> <span class='ocrx_word' id='word_1_812' title='bbox 1005 5737 1043 5793; x_wconf 87' lang='grc' dir='ltr'>Β</span> <span class='ocrx_word' id='word_1_813' title='bbox 1069 5759 1177 5811; x_wconf 82' lang='lat' dir='ltr'><strong>per.</strong></span> 
     </span>
    </p>
   </div>
   <div class='ocr_carea' id='block_1_113' title="bbox 491 5820 1831 5893">
    <p class='ocr_par' dir='ltr' id='par_1_113' title="bbox 491 5820 1831 5893">
     <span class='ocr_line' id='line_1_113' title="bbox 491 5820 1831 5893; baseline 0 -2"><span class='ocrx_word' id='word_1_814' title='bbox 491 5835 702 5891; x_wconf 78' lang='lat' dir='ltr'><strong>dicitur.</strong></span> <span class='ocrx_word' id='word_1_815' title='bbox 785 5837 830 5872; x_wconf 73' lang='lat'><strong><em>”</em></strong></span> <span class='ocrx_word' id='word_1_816' title='bbox 856 5837 895 5890; x_wconf 85' lang='grc' dir='ltr'><strong>Β</strong></span> <span class='ocrx_word' id='word_1_817' title='bbox 922 5841 932 5855; x_wconf 81' lang='grc'>⁶</span> <span class='ocrx_word' id='word_1_818' title='bbox 966 5820 1358 5893; x_wconf 54' lang='grc' dir='ltr'><strong>ροι’ί’.”Νοηηε.</strong></span> <span class='ocrx_word' id='word_1_819' title='bbox 1441 5837 1482 5866; x_wconf 83' lang='grc'><strong>³⁰</strong></span> <span class='ocrx_word' id='word_1_820' title='bbox 1515 5837 1556 5890; x_wconf 86' lang='grc' dir='ltr'>Α</span> <span class='ocrx_word' id='word_1_821' title='bbox 1589 5839 1831 5891; x_wconf 72' lang='lat' dir='ltr'><strong>ierarrhi.</strong></span> 
     </span>
    </p>
   </div>
   <div class='ocr_carea' id='block_1_114' title="bbox 1534 5307 2636 5382">
    <p class='ocr_par' dir='ltr' id='par_1_114' title="bbox 1534 5307 2636 5382">
     <span class='ocr_line' id='line_1_114' title="bbox 1534 5307 2636 5382; baseline -0.004 -14"><span class='ocrx_word' id='word_1_822' title='bbox 1534 5313 1554 5344; x_wconf 81' lang='grc'><strong>³</strong></span> <span class='ocrx_word' id='word_1_823' title='bbox 1583 5309 1852 5370; x_wconf 83' lang='lat' dir='ltr'><strong>Christum</strong></span> <span class='ocrx_word' id='word_1_824' title='bbox 1883 5330 1992 5369; x_wconf 87' lang='lat' dir='ltr'><strong>om.</strong></span> <span class='ocrx_word' id='word_1_825' title='bbox 2023 5311 2085 5379; x_wconf 74' lang='grc' dir='ltr'><strong>Ο,</strong></span> <span class='ocrx_word' id='word_1_826' title='bbox 2118 5327 2259 5367; x_wconf 86' lang='lat' dir='ltr'><strong>vers.</strong></span> <span class='ocrx_word' id='word_1_827' title='bbox 2296 5323 2347 5368; x_wconf 85' lang='lat' dir='ltr'><strong>et</strong></span> <span class='ocrx_word' id='word_1_828' title='bbox 2383 5317 2516 5367; x_wconf 76' lang='lat' dir='ltr'><strong>text.</strong></span> <span class='ocrx_word' id='word_1_829' title='bbox 2556 5307 2636 5382; x_wconf 77' lang='lat' dir='ltr'><strong>gr.</strong></span> 
     </span>
    </p>
   </div>
   <div class='ocr_carea' id='block_1_115' title="bbox 765 5381 2160 5510">
    <p class='ocr_par' dir='ltr' id='par_1_115' title="bbox 765 5381 2160 5510">
     <span class='ocr_line' id='line_1_115' title="bbox 765 5381 2160 5448; baseline -0.001 -10"><span class='ocrx_word' id='word_1_830' title='bbox 765 5383 788 5415; x_wconf 81' lang='lat'><strong>&#39;</strong></span> <span class='ocrx_word' id='word_1_831' title='bbox 821 5383 974 5438; x_wconf 85' lang='lat' dir='ltr'><strong>Corr.</strong></span> <span class='ocrx_word' id='word_1_832' title='bbox 1006 5381 1088 5447; x_wconf 86' lang='lat' dir='ltr'><strong>B&#39;,</strong></span> <span class='ocrx_word' id='word_1_833' title='bbox 1119 5384 1156 5436; x_wconf 77' lang='grc' dir='ltr'>Α</span> <span class='ocrx_word' id='word_1_834' title='bbox 1190 5385 1243 5437; x_wconf 83' lang='lat' dir='ltr'><strong>in</strong></span> <span class='ocrx_word' id='word_1_835' title='bbox 1277 5383 1626 5448; x_wconf 83' lang='lat' dir='ltr'><strong>medietatem,</strong></span> <span class='ocrx_word' id='word_1_836' title='bbox 1653 5385 1693 5438; x_wconf 88' lang='grc' dir='ltr'><strong>Β</strong></span> <span class='ocrx_word' id='word_1_837' title='bbox 1736 5385 2160 5440; x_wconf 78' lang='lat' dir='ltr'><strong>itmnedietatem.</strong></span> 
     </span>
     <span class='ocr_line' id='line_1_116' title="bbox 793 5455 2160 5510; baseline 0 -2"><span class='ocrx_word' id='word_1_838' title='bbox 793 5455 1118 5508; x_wconf 82' lang='lat' dir='ltr'><strong>reverenter.</strong></span> <span class='ocrx_word' id='word_1_839' title='bbox 1227 5455 1266 5486; x_wconf 84' lang='lat'>“</span> <span class='ocrx_word' id='word_1_840' title='bbox 1307 5455 1345 5507; x_wconf 87' lang='grc' dir='ltr'>Β</span> <span class='ocrx_word' id='word_1_841' title='bbox 1375 5472 1507 5509; x_wconf 84' lang='lat' dir='ltr'><strong>cum.</strong></span> <span class='ocrx_word' id='word_1_842' title='bbox 1590 5457 1632 5486; x_wconf 77' lang='grc'><strong>¹⁹</strong></span> <span class='ocrx_word' id='word_1_843' title='bbox 1673 5457 1731 5510; x_wconf 81' lang='grc' dir='ltr'>Β·</span> <span class='ocrx_word' id='word_1_844' title='bbox 1776 5473 1919 5510; x_wconf 80' lang='lat' dir='ltr'><strong>corr.</strong></span> <span class='ocrx_word' id='word_1_845' title='bbox 1965 5465 2075 5508; x_wconf 84' lang='lat' dir='ltr'><strong>tua.</strong></span> <span class='ocrx_word' id='word_1_846' title='bbox 2157 5460 2160 5470; x_wconf 89' lang='lat'><em>‘</em></span> 
     </span>
    </p>
   </div>
   <div class='ocr_carea' id='block_1_116' title="bbox 1776 5473 2075 5512">
    <p class='ocr_par' dir='ltr' id='par_1_116' title="bbox 1776 5473 2075 5512">
     <span class='ocr_line' id='line_1_117' title="bbox 1776 5473 2075 5512; baseline -0.013 0"><span class='ocrx_word' id='word_1_847' title='bbox 1776 5473 1919 5512; x_wconf 72' lang='lat' dir='ltr'><strong>C(ll‘l‘.</strong></span> <span class='ocrx_word' id='word_1_848' title='bbox 1965 5473 2075 5508; x_wconf 74' lang='lat' dir='ltr'><strong>(ita.</strong></span> 
     </span>
    </p>
   </div>
   <div class='ocr_carea' id='block_1_117' title="bbox 1479 5527 2652 5596">
    <p class='ocr_par' dir='ltr' id='par_1_117' title="bbox 1479 5527 2652 5596">
     <span class='ocr_line' id='line_1_118' title="bbox 1479 5527 2652 5596; baseline -0.002 -15"><span class='ocrx_word' id='word_1_849' title='bbox 1479 5527 1520 5558; x_wconf 73' lang='grc'><strong>’⁸</strong></span> <span class='ocrx_word' id='word_1_850' title='bbox 1555 5527 1643 5581; x_wconf 80' lang='grc' dir='ltr'>ΑΒ</span> <span class='ocrx_word' id='word_1_851' title='bbox 1673 5531 1885 5589; x_wconf 80' lang='lat' dir='ltr'><strong>esitant.</strong></span> <span class='ocrx_word' id='word_1_852' title='bbox 1915 5527 1973 5581; x_wconf 77' lang='lat' dir='ltr'><strong>B&#39;</strong></span> <span class='ocrx_word' id='word_1_853' title='bbox 2005 5539 2166 5596; x_wconf 81' lang='lat' dir='ltr'><strong>supra</strong></span> <span class='ocrx_word' id='word_1_854' title='bbox 2196 5527 2373 5581; x_wconf 82' lang='lat' dir='ltr'><strong>adscr.</strong></span> <span class='ocrx_word' id='word_1_855' title='bbox 2407 5527 2652 5581; x_wconf 75' lang='lat' dir='ltr'><strong>hesitant.</strong></span> 
     </span>
    </p>
   </div>
   <div class='ocr_carea' id='block_1_118' title="bbox 2078 5595 3762 5666">
    <p class='ocr_par' dir='ltr' id='par_1_118' title="bbox 2078 5595 3762 5666">
     <span class='ocr_line' id='line_1_119' title="bbox 2078 5595 3762 5666; baseline -0.002 -14"><span class='ocrx_word' id='word_1_856' title='bbox 2078 5598 2122 5630; x_wconf 82' lang='grc'><strong>¹⁰</strong></span> <span class='ocrx_word' id='word_1_857' title='bbox 2148 5599 2194 5652; x_wconf 84' lang='grc' dir='ltr'>Α</span> <span class='ocrx_word' id='word_1_858' title='bbox 2220 5598 2375 5652; x_wconf 79' lang='lat' dir='ltr'><strong>velut.</strong></span> <span class='ocrx_word' id='word_1_859' title='bbox 2432 5598 2495 5666; x_wconf 76' lang='lat'><strong>_“</strong></span> <span class='ocrx_word' id='word_1_860' title='bbox 2532 5598 2572 5650; x_wconf 93' lang='grc' dir='ltr'><strong>Β</strong></span> <span class='ocrx_word' id='word_1_861' title='bbox 2598 5614 2707 5651; x_wconf 88' lang='lat' dir='ltr'><strong>nec.</strong></span> <span class='ocrx_word' id='word_1_862' title='bbox 2786 5597 2830 5628; x_wconf 68' lang='grc' dir='ltr'>υ</span> <span class='ocrx_word' id='word_1_863' title='bbox 2857 5598 2896 5651; x_wconf 90' lang='grc' dir='ltr'><strong>Β</strong></span> <span class='ocrx_word' id='word_1_864' title='bbox 2923 5595 3194 5666; x_wconf 66' lang='lat' dir='ltr'><strong>cherubin,</strong></span> <span class='ocrx_word' id='word_1_865' title='bbox 3226 5598 3303 5652; x_wconf 72' lang='lat' dir='ltr'><strong>sic</strong></span> <span class='ocrx_word' id='word_1_866' title='bbox 3332 5598 3547 5666; x_wconf 64' lang='lat' dir='ltr'><strong>ubique.</strong></span> <span class='ocrx_word' id='word_1_867' title='bbox 3594 5598 3668 5666; x_wconf 34' lang='lat'><strong>1”“</strong></span> 
     </span>
    </p>
   </div>
   <div class='ocr_carea' id='block_1_119' title="bbox 2732 5307 3765 5382">
    <p class='ocr_par' dir='ltr' id='par_1_119' title="bbox 2732 5307 3765 5382">
     <span class='ocr_line' id='line_1_120' title="bbox 2732 5307 3765 5382; baseline -0.001 -15"><span class='ocrx_word' id='word_1_868' title='bbox 2732 5313 2752 5341; x_wconf 78' lang='lat'><strong>&quot;</strong></span> <span class='ocrx_word' id='word_1_869' title='bbox 2792 5307 2882 5367; x_wconf 89' lang='lat' dir='ltr'><strong>Sic</strong></span> <span class='ocrx_word' id='word_1_870' title='bbox 2910 5309 3029 5379; x_wconf 81' lang='lat' dir='ltr'><strong>AB‘;</strong></span> <span class='ocrx_word' id='word_1_871' title='bbox 3061 5325 3204 5368; x_wconf 90' lang='lat' dir='ltr'><strong>vers.</strong></span> <span class='ocrx_word' id='word_1_872' title='bbox 3239 5323 3290 5367; x_wconf 84' lang='lat' dir='ltr'><strong>ct</strong></span> <span class='ocrx_word' id='word_1_873' title='bbox 3325 5322 3454 5367; x_wconf 71' lang='lat' dir='ltr'><strong>text.</strong></span> <span class='ocrx_word' id='word_1_874' title='bbox 3487 5329 3569 5382; x_wconf 82' lang='lat' dir='ltr'><strong>gr.</strong></span> <span class='ocrx_word' id='word_1_875' title='bbox 3600 5313 3765 5382; x_wconf 80' lang='lat' dir='ltr'><strong>ipsum</strong></span> 
     </span>
    </p>
   </div>
   <div class='ocr_carea' id='block_1_120' title="bbox 2239 5381 3762 5455">
    <p class='ocr_par' dir='ltr' id='par_1_120' title="bbox 2239 5381 3762 5455">
     <span class='ocr_line' id='line_1_121' title="bbox 2239 5381 3762 5455; baseline -0.001 -19"><span class='ocrx_word' id='word_1_876' title='bbox 2239 5384 2257 5414; x_wconf 77' lang='grc' dir='ltr'><strong>θ</strong></span> <span class='ocrx_word' id='word_1_877' title='bbox 2286 5382 2327 5436; x_wconf 91' lang='grc' dir='ltr'><strong>Β</strong></span> <span class='ocrx_word' id='word_1_878' title='bbox 2355 5385 2447 5438; x_wconf 84' lang='lat' dir='ltr'><strong>eis.</strong></span> <span class='ocrx_word' id='word_1_879' title='bbox 2525 5382 2546 5414; x_wconf 84' lang='lat'>&quot;</span> <span class='ocrx_word' id='word_1_880' title='bbox 2566 5381 2618 5436; x_wconf 81' lang='grc' dir='ltr'><strong>Β</strong></span> <span class='ocrx_word' id='word_1_881' title='bbox 2646 5383 3072 5455; x_wconf 73' lang='lat' dir='ltr'><strong>praelargienter.</strong></span> <span class='ocrx_word' id='word_1_882' title='bbox 3151 5385 3170 5415; x_wconf 75' lang='grc'><strong>⁸</strong></span> <span class='ocrx_word' id='word_1_883' title='bbox 3200 5386 3240 5438; x_wconf 83' lang='grc' dir='ltr'>Α</span> <span class='ocrx_word' id='word_1_884' title='bbox 3273 5381 3512 5455; x_wconf 77' lang='lat' dir='ltr'><strong>quidem.</strong></span> <span class='ocrx_word' id='word_1_885' title='bbox 3543 5454 3546 5455; x_wconf 15' lang='grc' dir='ltr'><em>ν</em></span> <span class='ocrx_word' id='word_1_886' title='bbox 3577 5386 3596 5455; x_wconf 55' lang='lat' dir='ltr'><strong>F‘</strong></span> <span class='ocrx_word' id='word_1_887' title='bbox 3623 5381 3668 5438; x_wconf 81' lang='grc' dir='ltr'><strong>Α</strong></span> <span class='ocrx_word' id='word_1_888' title='bbox 3696 5393 3762 5436; x_wconf 84' lang='lat' dir='ltr'><strong>et.</strong></span> 
     </span>
    </p>
   </div>
   <div class='ocr_carea' id='block_1_121' title="bbox 2157 5453 3765 5524">
    <p class='ocr_par' dir='ltr' id='par_1_121' title="bbox 2157 5453 3765 5524">
     <span class='ocr_line' id='line_1_122' title="bbox 2157 5453 3765 5524; baseline -0.004 -16"><span class='ocrx_word' id='word_1_889' title='bbox 2157 5453 2205 5485; x_wconf 66' lang='grc'><strong>¹⁶</strong></span> <span class='ocrx_word' id='word_1_890' title='bbox 2241 5455 2300 5508; x_wconf 89' lang='lat' dir='ltr'><strong>B&#39;</strong></span> <span class='ocrx_word' id='word_1_891' title='bbox 2330 5471 2471 5510; x_wconf 88' lang='lat' dir='ltr'><strong>corr.</strong></span> <span class='ocrx_word' id='word_1_892' title='bbox 2520 5453 2653 5508; x_wconf 51' lang='lat' dir='ltr'><strong>tua.</strong></span> <span class='ocrx_word' id='word_1_893' title='bbox 2739 5453 2783 5484; x_wconf 76' lang='lat'>“</span> <span class='ocrx_word' id='word_1_894' title='bbox 2822 5453 3002 5517; x_wconf 64' lang='lat' dir='ltr'><strong>Corn,</strong></span> <span class='ocrx_word' id='word_1_895' title='bbox 3036 5455 3124 5509; x_wconf 83' lang='lat' dir='ltr'><strong>AB</strong></span> <span class='ocrx_word' id='word_1_896' title='bbox 3155 5453 3366 5524; x_wconf 68' lang='lat' dir='ltr'><strong>seip‘s‘os.</strong></span> <span class='ocrx_word' id='word_1_897' title='bbox 3452 5454 3493 5486; x_wconf 79' lang='grc'><strong>⁷⁵</strong></span> <span class='ocrx_word' id='word_1_898' title='bbox 3530 5454 3619 5509; x_wconf 86' lang='lat' dir='ltr'><strong>Sic</strong></span> <span class='ocrx_word' id='word_1_899' title='bbox 3647 5455 3684 5508; x_wconf 79' lang='lat' dir='ltr'><strong>C</strong></span> <span class='ocrx_word' id='word_1_900' title='bbox 3717 5464 3765 5506; x_wconf 66' lang='lat' dir='ltr'><strong>vt</strong></span> 
     </span>
    </p>
   </div>
   <div class='ocr_carea' id='block_1_122' title="bbox 2757 5524 3762 5598">
    <p class='ocr_par' dir='ltr' id='par_1_122' title="bbox 2757 5524 3762 5598">
     <span class='ocr_line' id='line_1_123' title="bbox 2757 5524 3762 5598; baseline -0.024 -14"><span class='ocrx_word' id='word_1_901' title='bbox 2757 5527 2800 5598; x_wconf 55' lang='grc' dir='ltr'><strong>ίῗ</strong></span> <span class='ocrx_word' id='word_1_902' title='bbox 2840 5527 2899 5581; x_wconf 88' lang='lat' dir='ltr'><strong>B&#39;</strong></span> <span class='ocrx_word' id='word_1_903' title='bbox 2929 5543 3088 5598; x_wconf 81' lang='lat' dir='ltr'><strong>supra</strong></span> <span class='ocrx_word' id='word_1_904' title='bbox 3119 5528 3292 5583; x_wconf 82' lang='lat' dir='ltr'><strong>adscr.</strong></span> <span class='ocrx_word' id='word_1_905' title='bbox 3322 5537 3415 5582; x_wconf 84' lang='lat' dir='ltr'><strong>est.</strong></span> <span class='ocrx_word' id='word_1_906' title='bbox 3507 5525 3553 5566; x_wconf 74' lang='lat' dir='ltr'><strong>1&#39;s</strong></span> <span class='ocrx_word' id='word_1_907' title='bbox 3591 5524 3762 5598; x_wconf 24' lang='lat' dir='ltr'><strong>conjs</strong></span> 
     </span>
    </p>
   </div>
   <div class='ocr_carea' id='block_1_123' title="bbox 3551 5656 3768 5793">
    <p class='ocr_par' dir='ltr' id='par_1_123' title="bbox 3551 5656 3768 5793">
     <span class='ocr_line' id='line_1_124' title="bbox 3551 5656 3768 5793; baseline -0.009 -27"><span class='ocrx_word' id='word_1_908' title='bbox 3551 5656 3602 5698; x_wconf 75' lang='lat'><strong>&quot;&#39;</strong></span> <span class='ocrx_word' id='word_1_909' title='bbox 3637 5665 3702 5766; x_wconf 71' lang='lat'><strong>&#39;1&#39;.</strong></span> <span class='ocrx_word' id='word_1_910' title='bbox 3729 5665 3768 5793; x_wconf 67' lang='lat' dir='ltr'><strong>ﬁ</strong></span> 
     </span>
    </p>
   </div>
   <div class='ocr_carea' id='block_1_124' title="bbox 3081 5665 3453 5724">
    <p class='ocr_par' dir='ltr' id='par_1_124' title="bbox 3081 5665 3453 5724">
     <span class='ocr_line' id='line_1_125' title="bbox 3081 5665 3453 5724; baseline -0.005 0"><span class='ocrx_word' id='word_1_911' title='bbox 3081 5665 3128 5698; x_wconf 63' lang='grc'><strong>’⁵</strong></span> <span class='ocrx_word' id='word_1_912' title='bbox 3166 5688 3219 5724; x_wconf 75' lang='lat' dir='ltr'><strong>se</strong></span> <span class='ocrx_word' id='word_1_913' title='bbox 3251 5685 3357 5722; x_wconf 90' lang='lat' dir='ltr'><strong>om.</strong></span> <span class='ocrx_word' id='word_1_914' title='bbox 3395 5665 3453 5722; x_wconf 70' lang='lat' dir='ltr'><strong>l3.</strong></span> 
     </span>
    </p>
   </div>
  </div>
