4028 6274
560 362 660 422 191

1634 368 2140 429 EXPOSITIONES
2177 366 2461 427 JOANNIS
2499 367 2693 425 SCOTI

3722 370 3827 427 l9!

557 478 744 536 Ambit
769 485 951 536 autem
993 488 1271 537 aeternam
1312 481 1627 549 scientiam,
1657 499 1767 540 non
1800 492 1860 540 ut
1902 485 2141 541 exterius
2166 486 2219 547 Α
2241 480 2624 538 excelsissimae
2644 481 2811 552 ipsius
2836 478 3241 536 illuminationis
3282 481 3586 536 emmentia.
3608 479 3827 538 Laudes
3868 478 3881 491 '

552 568 674 629 eam
704 573 1183 642 £circumscribat,
1235 575 1329 631 sed
1358 585 1421 631 ut
1470 576 1698 633 interius
1749 591 1870 633 eam
1922 576 2134 633 lustret.

550 662 829 731 Quaenam
866 675 1115 721 creatura
1148 666 1253 733 sit,
1280 682 1420 738 quae
1456 676 1731 724 aeternam
1756 670 1839 725 sui
1864 668 2138 727 Creatoris

553 756 838 814 scientiam
861 760 1071 816 ambire
1093 760 1287 829 possit,
1317 776 1457 831 quae
1482 762 1663 817 omnia
1687 762 1831 817 intra
1860 778 1919 818 se
1943 762 1966 794 ¹¹
2008 778 2136 819 con—

553 850 690 908 tinet
746 861 911 924 atque
957 852 1202 910 coartat?
1250 855 1558 910 Secundum
1604 854 2134 922 excellentissimam,

551 950 816 1011 quantum
841 944 1048 1015 angelis
1075 945 1408 1011 conceditur,
1440 960 1657 1017 semper
1681 945 1935 1002 mobilem
1970 945 2136 1002 collo-
2172 962 2175 963 '

547 1033 854 1102 cationem;
887 1048 1102 1105 semper
1127 1036 1330 1107 quippe
1378 1037 1664 1093 collocatio
1703 1037 1851 1109 ejus,
1894 1036 1998 1094 hoc
2027 1047 2132 1103 est,

546 1134 725 1183 status
753 1128 971 1184 mobilis
996 1138 1097 1194 est,
1123 1138 1179 1186 et
1207 1139 1384 1187 motus
1412 1130 1742 1186 collocabilis
1769 1129 2131 1197 uniformiter,

544 1216 798 1275 videlicet
823 1218 1056 1275 stabilis.
1079 1218 1221 1288 Quid
1247 1220 1467 1286 mirum,
1503 1220 1631 1275 dum
1665 1230 1720 1275 et
1764 1218 1925 1289 hujus
1952 1220 2131 1276 sensi-

543 1306 670 1365 bilis
696 1310 960 1380 sphaerae
998 1309 1021 1342 ³
1055 1310 1265 1366 stabilis
1298 1320 1478 1367 motus
1521 1312 1612 1377 sit,
1640 1326 1896 1381 quoniam
1929 1310 2134 1366 unifor-

542 1401 708 1458 miter
735 1411 1002 1469 movetur,
1029 1411 1085 1459 et
1123 1411 1297 1458 status
1339 1402 1576 1469 mobilis,
1620 1403 1875 1473 quoniam
1919 1417 2133 1473 semper

542 1504 794 1552 movetur
835 1495 887 1550 δι
921 1495 1121 1552 Multas
1145 1496 1354 1569 quidem
1385 1506 1433 1551 et
1455 1497 1632 1551 beatas
1655 1496 1833 1552 videns
1856 1512 1986 1566 pure
2006 1512 2132 1550 con-

541 1586 905 1659 templationes
927 1628 943 1655 ,
992 1588 1205 1659 simplos
1248 1589 1273 1621 ⁸
1310 1605 1428 1645 vero
1470 1598 1519 1643 et
1564 1589 1863 1643 immediate
1902 1586 2130 1657 fulgores

539 1675 864 1744 illuminata,
886 1687 934 1732 et
968 1677 1144 1732 divino
1171 1677 1419 1733 alimento
1449 1677 1663 1755 repleta.
1687 1676 1902 1740 Multas,
1930 1675 2128 1746 inquit,

539 1772 598 1819 et
630 1766 820 1823 beatas
848 1767 1085 1823 tbeorias
1118 1768 1293 1837 prima
1327 1767 1592 1825 ierarchia
1623 1783 1757 1839 pure
1800 1766 1963 1822 videt.
2009 1766 2130 1836 Ipsa

2239 572 2409 642 ipsius
2437 572 2599 639 dicit,
2636 572 2831 642 quibus
2867 573 3035 628 Deum
3076 572 3346 645 gloriﬁcat
3384 572 3687 640 theologia,
3724 574 3826 630 ho-

2237 666 2474 722 minibus
2500 665 2725 721 tradidit
2743 665 2808 718 “.
2833 663 2941 719 Alii
2959 666 3168 733 quidem
3184 668 3321 720 enim
3343 665 3487 736 ejus,
3511 666 3832 722 sensibiliter

2234 754 2406 810 dicere
2421 755 2485 820 ¹³,
2511 755 2616 811 hoc
2634 763 2750 820 est,
2774 754 2864 810 alii
2880 755 3094 826 quidem
3124 755 3415 826 participes
3438 752 3583 823 eius,
3615 756 3828 825 primae

2236 845 2501 903 videlicet
2531 846 2831 903 ierarchiae
2849 888 2864 913 ,
2903 846 3234 903 sensibiliter
3252 847 3433 903 dicere
3470 845 3519 879 “
3537 864 3569 902 a
3604 846 3654 880 “
3678 849 3835 905 theo-

2234 940 2371 1012 logis
2399 943 2704 1009 traduntur,
2732 953 2981 1015 tanquam
3010 959 3109 998 vos:
3148 958 3405 1015 aquarum
3435 943 3654 997 reboant
3680 960 3701 998 :
3726 943 3827 999 Be-

2234 1033 2440 1089 nedicta
2480 1032 2647 1105 gloria
2672 1033 2886 1089 Domini
2922 1050 2986 1089 ex
3010 1018 3122 1089 loco
3161 1051 3258 1088 suo
3295 1032 3356 1085 ¹⁶.
3381 1032 3488 1088 Alii
3511 1051 3630 1089 vero
3670 1034 3825 1089 illam

2234 1124 2385 1179 valde
2405 1123 2722 1179 laudabilem
2744 1133 2793 1179 et
2811 1125 3099 1194 piissimam
3127 1125 3418 1179 reclamant
3445 1124 3768 1195 theologiam
3804 1144 3824 1181 :

2235 1215 2463 1272 Sanctus
2480 1256 2497 1283 ,
2525 1215 2775 1283 Sanctus,
2798 1214 3027 1272 Sanctus
3050 1216 3306 1271 Dominus
3332 1216 3471 1271 Deus
3491 1217 3535 1249 "
3562 1217 3824 1276 Sabaoth.

2232 1305 2386 1376 plena
2409 1315 2485 1361 est
2507 1308 2677 1361 omnis
2700 1318 2841 1362 terra
2861 1306 3061 1377 gloriae
3088 1308 3223 1378 ejus.
3260 1306 3360 1363 Ubi
3392 1309 3674 1378 posuimus
3698 1311 3825 1378 piis-

2232 1397 2456 1463 simam,
2496 1399 2571 1454 ibi
2595 1400 2762 1454 etiam
2787 1399 3313 1456 honorabilissimam
3333 1441 3347 1465 ,
3378 1401 3461 1455 vel
3494 1402 3650 1455 valde
3689 1400 3821 1456 ado-

2233 1486 2460 1543 randam
2499 1488 2545 1521 ¹⁸
2568 1497 2751 1560 potest
2800 1490 3169 1562 interpretari.
3217 1490 3373 1559 Quod
3426 1504 3612 1548 autem
3661 1492 3824 1556 dicit,

2235 1579 2566 1636 sensibiliter
2601 1596 2696 1636 eos
2727 1582 2912 1638 dicere
2947 1582 3011 1647 ι’,
3045 1600 3154 1639 non
3200 1582 3359 1640 facile
3408 1592 3588 1654 patet,
3639 1592 3823 1640 utrum

2232 1671 2398 1727 veluti
2420 1686 2517 1743 per
2547 1674 2810 1744 quaedam
2838 1674 3139 1745 spiritualia
3163 1691 3391 1747 corpora
3415 1675 3460 1707 ’θ
3490 1675 3595 1731 sibi
3621 1691 3829 1732 conua-

2234 1761 2483 1817 turaliter
2507 1761 2792 1832 adjuncta,
2827 1764 2880 1818 in
2925 1765 3123 1835 quibus
3148 1765 3315 1821 etiam
3337 1765 3595 1821 humanis
3617 1766 3824 1823 visibus

543 1856 764 1926 quidem
810 1858 992 1914 divina
1021 1859 1286 1930 sapientia
1310 1899 1327 1925 ,
1359 1875 1520 1930 quam
1568 1858 1713 1914 clare
1757 1859 2126 1929 conspicatur,
2158 1859 2204 1919 B
2232 1860 2549 1930 apparuisse
2593 1862 2775 1917 divina
2806 1863 2972 1919 tradit
3018 1865 3279 1930 historia,
3329 1865 3603 1937 praelatas
3633 1865 3825 1922 laudes

537 1948 821 2020 multiplex
843 1959 928 2006 est
952 1957 1008 2005 et
1032 1950 1210 2007 beata.
1252 1950 1516 2020 Quoniam
1544 1966 1675 2007 vero
1702 1952 1816 2021 ipsa
1846 1950 2129 2022 multiplex

535 2042 801 2113 sapientia
838 2043 1030 2113 simpla
1064 2051 1153 2099 est
1200 2053 1255 2100 et
1306 2045 1616 2112 individua,
1668 2056 1955 2117 propterea
1999 2047 2128 2102 sim-

534 2134 707 2206 plices
754 2150 882 2191 suos
924 2134 1164 2207 fulgores
1206 2137 1261 2191 in
1311 2138 1539 2208 primam
1582 2139 1835 2208 primitus
1878 2139 2127 2197 dilfundit

536 2211 883 2294 ielarchiam,
910 2228 1108 2298 quibus
1137 2228 1225 2283 illa
1251 2228 1606 2296 illuminatur,
1634 2246 1699 2286 ac
1740 2231 1904 2288 veluti
1943 2233 2125 2289 divino

536 2319 816 2385 alimento,
845 2320 979 2386 sive,
1012 2330 1072 2376 ut
1090 2320 1307 2391 planius
1336 2321 1682 2387 transfertur,
1704 2322 1888 2378 divina
1917 2323 2125 2379 laetitia

533 2414 730 2469 satiata
766 2414 1025 2485 repletur.
1074 2414 1249 2469 Multa
1276 2415 1488 2486 quidem
1528 2416 1696 2486 primo
1736 2417 1861 2470 data
1894 2416 2119 2487 fusione,

531 2506 648 2561 sola
692 2523 811 2562 vero
850 2507 1133 2563 domestica
1158 2518 1207 2563 et
1230 2508 1427 2577 uni/ica
1452 2509 1659 2564 divinae
1690 2510 1987 2580 refectionis
2009 2511 2126 2565 uni-

530 2605 673 2662 tate;
698 2597 965 2669 multaque
994 2601 1357 2655 communione
1378 2599 1474 2655 Dei
1500 2610 1548 2655 et
1579 2602 1945 2672 cooperatione
1961 2603 2122 2672 digna

529 2688 715 2758 eﬁ‘ecta
743 2688 812 2744 ad
835 2706 969 2756 eam,
1002 2701 1059 2745 ut
1086 2692 1359 2762 possibile,
1384 2691 1727 2747 similitudine
1749 2695 2002 2749 bonarum
2026 2695 2122 2749 Ita-

530 2778 825 2834 bitudinum
869 2790 919 2835 et
968 2781 1252 2837 actionum.
1289 2782 1590 2837 Verborum
1628 2784 1961 2839 constructio
1999 2783 2122 2839 talis

528 2876 653 2925 est:
688 2870 856 2942 Digna
884 2870 1075 2928 eﬂ‘ecta
1097 2880 1184 2929 est
1212 2873 1379 2928 multa
1412 2874 1588 2943 primo
1624 2882 1750 2929 ante
1783 2873 1917 2929 alias
1942 2874 2116 2929 ierar-

529 2962 679 3019 chias
701 2963 912 3022 fusione
936 2966 1254 3037 sapientiae,
1278 2965 1395 3022 sola
1423 2981 1572 3032 vero,
1604 2967 1707 3022 hoc
1725 2975 1811 3021 est
1834 2966 2114 3037 singulari,

530 3058 847 3124 domestica,
890 3058 1134 3128 proxima
1165 3057 1346 3128 plane,
1390 3065 1446 3112 et
1483 3058 1681 3113 uniﬁca
1719 3056 1935 3112 divinae
1980 3056 2118 3112 refe-

530 3147 729 3203 ctionis
760 3150 999 3215 unitate;
1046 3164 1154 3204 non
1184 3148 1332 3203 enim
1356 3149 1533 3203 omnis
1562 3150 1741 3205 unitas
1770 3149 1968 3205 unilica
1998 3156 2113 3216 est,

2232 1954 2508 2023 corporeis
2536 1954 2786 2011 sensibus
2813 1956 3060 2011 sensibili
3104 1972 3240 2013 voce
3288 1967 3569 2026 coaptatas
3609 1958 3825 2030 hymni-

2230 2046 2441 2113 zant“,
2478 2061 2548 2101 an
2574 2047 2703 2117 quia
2731 2048 3063 2118 propheticis
3089 2047 3390 2109 visionibus
3418 2048 3493 2104 ita
3519 2061 3825 2120 apparuere

2227 2137 2392 2193 veluti
2425 2139 2729 2204 sensibiles,
2755 2140 2811 2194 in
2833 2140 3188 2197 similitudine
3206 2141 3457 2197 videlicet
3483 2125 3822 2196 sensibilium

2227 2243 2418 2284 vocum
2465 2230 2727 2301 prolatae.
2786 2231 3172 2287 Verumtamen
3240 2232 3622 2303 quoquomodo
3677 2232 3821 2301 sint,

2227 2324 2295 2377 ab
2319 2322 2703 2379 excelsissimis
2726 2325 2934 2394 primae
2977 2324 3278 2381 ierarchiae
3307 2326 3557 2381 essentiis
3583 2341 3682 2381 eas
3706 2325 3820 2381 ﬁeri

2227 2413 2509 2487 theologus
2539 2415 2641 2472 iste
2667 2424 2919 2472 testatur.
2961 2417 3052 2472 Ait
3077 2417 3221 2473 enim
3251 2436 3266 2473 :
3305 2416 3418 2472 Has
3446 2430 3623 2473 autem
3658 2417 3821 2472 excel-

2224 2509 2464 2563 sissimus
2498 2508 2797 2563 caelestium
2844 2510 3141 2566 animorum
3170 2511 3534 2582 hymnologias
3562 2512 3682 2581 jam
3705 2511 3818 2583 qui-

2224 2599 2523 2653 demittitis
2562 2616 2699 2671 quae
2738 2610 2860 2655 sunt
2902 2602 2967 2655 de
3015 2602 3208 2656 divinis
3253 2602 3530 2668 laudibus,
3560 2612 3816 2672 quantum

2221 2689 2499 2759 possibile,
2539 2690 2872 2760 aperuimus,
2919 2701 2967 2746 et
3009 2691 3207 2746 dictum
3250 2702 3325 2748 est
3368 2693 3432 2747 de
3467 2693 3551 2747 his
3575 2694 3631 2746 in
3671 2693 3814 2758 illis,

2220 2791 2476 2852 quantum
2497 2783 2565 2834 ad
2593 2799 2685 2837 nos
2705 2823 2719 2847 ,
2748 2781 3060 2854 sufﬁcienter
3074 2801 3093 2850 ;
3116 2800 3182 2839 ea:
3199 2784 3388 2854 quibus
3412 2783 3468 2837 in
3499 2784 3821 2838 admonitio-

2223 2887 2337 2926 nem
2369 2874 2552 2944 suﬁicit
2583 2874 2755 2928 dicere
2778 2866 2982 2928 tantum
3005 2876 3292 2929 secundum
3326 2891 3574 2945 praesens
3595 2884 3817 2941 tempus.

2221 2962 2301 3018 Ex
2347 2964 2450 3019 hac
2493 2966 2757 3020 sententia
2798 2981 3086 3037 possumus
3122 2981 3487 3038 cognoscere,
3522 2966 3590 3021 de
3614 2965 3819 3020 divinis

2221 3053 2468 3110 laudibus
2497 3056 2668 3126 ipsum
2688 3056 2993 3127 scripsisse,
3014 3058 3268 3128 quoniam
3296 3057 3350 3112 in
3375 3056 3516 3112 libro
3536 3056 3605 3113 de
3619 3056 3821 3113 divinis

2220 3147 2530 3203 nominibus
2552 3162 2622 3202 ex
2651 3149 2929 3204 amatoriis
2952 3149 3170 3220 hymnis
3198 3150 3369 3205 sancti
3387 3147 3626 3205 Jerothei
3655 3163 3822 3219 quae-

532 3244 766 3314 sed,sola
792 3245 1007 3311 divina;
1039 3244 1317 3315 multaque
1339 3245 1720 3300 communione
1739 3244 1836 3301 Dei
1856 3242 2122 3315 et'coope-
2148 3241 2195 3305 C
2226 3241 2351 3295 dam
2383 3240 2712 3304 introduxit,
2743 3240 2797 3295 in
2826 3241 3025 3310 quibus
3047 3241 3113 3296 de
3142 3241 3437 3312 praedictis
3465 3240 3716 3295 laudibus
3742 3240 3824 3294 ni-

529 3337 742 3391 ratione
798 3336 959 3406 digna
1013 3334 1176 3391 facta.
1230 3336 1365 3392 Eunt
1405 3336 1603 3406 quippe
1652 3336 1829 3406 primo
1880 3337 2123 3393 omnium

532 3428 929 3492 communicat,
954 3426 1057 3483 hoc
1085 3435 1169 3482 est
1222 3426 1530 3498 participat,
1564 3426 1725 3497 eique
1758 3426 1780 3458 ⁸
1805 3437 2127 3499 cooperatur

529 3518 585 3573 in
630 3518 1096 3574 administratione
1143 3519 1517 3576 universitatis
1564 3518 1705 3574 infra
1750 3534 1810 3574 se
1852 3520 2121 3576 conditae.

528 3609 808 3676 Quomodo
850 3611 1217 3666 communicat
1260 3618 1316 3666 et
1359 3610 1724 3682 cooperatur?
1761 3610 1818 3666 In
1877 3610 2125 3666 similitu-

531 3702 690 3768 dine,
736 3702 986 3760 videlicet
1030 3702 1099 3758 ad
1148 3719 1292 3768 eam,
1337 3704 1772 3761 communionem
1818 3704 2016 3775 plane,
2070 3711 2127 3759 et

534 3796 916 3864 cooperatione
958 3796 1222 3852 bonarum
1271 3795 1647 3854 habitudinum
1699 3804 1754 3852 et
1805 3796 2079 3853 actionum
2106 3835 2123 3863 ,

532 3894 799 3955 quantum
828 3874 1011 3956 potest
1040 3885 1178 3943 tieri.
1225 3885 1285 3942 In
1344 3885 1701 3942 similitudine
1734 3885 1920 3955 itaque
1954 3886 2125 3941 bona-

531 3990 655 4032 rum
698 3975 1115 4044 habitudinum,
1156 3976 1260 4030 hoc
1304 3984 1388 4032 est
1428 3976 1718 4039 virtutum,
1753 3975 1925 4030 virtus
1977 3974 2122 4030 enim

529 4072 615 4121 est
638 4065 860 4122 habitus
895 4064 1179 4122 rationalis
1203 4074 1299 4121 aut
1324 4064 1708 4122 intellectualis
1750 4064 1948 4131 animi,
1980 4073 2035 4120 et
2065 4065 2123 4120 in

530 4156 883 4213 similitudine
929 4157 1193 4214 bonarum
1243 4159 1516 4213 actionum
1563 4157 1930 4212 communicat
1976 4156 2120 4224 Deo,

527 4230 688 4318 eique
736 4256 1080 4319 cooperator.
1139 4248 1413 4320 Multaque
1454 4248 1754 4304 diuinorum
1802 4248 2123 4317 superposita

478 4366 485 4371 -
528 4356 840 4410 cognoscens
858 4379 875 4406 ,
908 4349 956 4394 et
981 4340 1189 4394 divinae
1218 4341 1466 4394 scientiae
1493 4349 1541 4395 et
1566 4340 1877 4411 cognitionis
1904 4340 1961 4393 in
1990 4354 2118 4409 par-

528 4429 852 4500 ticipatione,
871 4429 1159 4484 secundum
1175 4430 1313 4495 quod
1335 4428 1420 4499 fas
1439 4439 1538 4495 est,
1557 4430 1716 4499 facta.
1741 4428 2012 4498 Factaque
2036 4437 2121 4483 est

484 4538 491 4543 ·
527 4518 824 4577 secundum
870 4520 1014 4589 quod
1033 4518 1140 4585 fas,
1164 4520 1269 4574 hoc
1301 4526 1387 4578 est
1413 4519 1462 4586 ⁷,
1488 4518 1636 4585 licet,
1672 4527 1755 4574 est
1778 4519 1800 4550 ⁸
1828 4517 2037 4588 justum
2071 4522 2117 4585 ο,

2227 3330 2303 3386 hil
2348 3337 2632 3386 tractatur.
2692 3328 2796 3386 Ubi
2841 3331 3122 3401 posuimus
3185 3331 3611 3386 admonitionem
3645 3330 3715 3393 θ’,
3744 3330 3818 3384 ibi

2226 3423 2512 3494 ὑπόμνησιν
2538 3422 2593 3477 in
2623 3421 2834 3478 Graeco
2852 3464 2867 3490 ,
2891 3423 2994 3478 hoc
3020 3432 3104 3478 est
3122 3463 3136 3488 ,
3165 3423 3592 3478 admonitionem
3620 3419 3710 3477 vel
3730 3435 3821 3476 re-

2227 3513 2622 3568 cordationem.
2656 3511 2865 3568 Sullicit
2887 3555 2902 3579 ,
2927 3515 3130 3583 inquit,
3158 3513 3294 3569 haec
3322 3528 3491 3583 pauca
3522 3529 3589 3568 ex
3619 3511 3824 3567 divinis

2228 3602 2478 3661 laudibus
2513 3605 2580 3660 ad
2607 3620 2865 3676 praesens
2907 3613 3121 3675 tempus
3170 3605 3226 3659 in
3275 3604 3703 3660 admonitionem
3734 3602 3823 3659 vel

2227 3698 2664 3754 recordationem
2709 3698 2912 3754 dicere.
2946 3697 3086 3763 Quia
3116 3697 3459 3768 theologicam
3473 3696 3521 3728 ’³
3546 3695 3823 3750 scientiam

2225 3791 2342 3861 ipsa
2371 3792 2542 3862 prima
2586 3789 2861 3862 dispositio
2875 3789 2947 3856 ",
2977 3801 3232 3861 quantum
3255 3789 3339 3859 fas
3361 3829 3376 3855 ,
3413 3788 3717 3843 illuminata
3746 3798 3820 3842 est

2227 3902 2260 3939 a
2273 3884 2571 3938 thearchica
2587 3883 2836 3948 bonitate,
2850 3883 2952 3937 hoc
2964 3890 3066 3946 est,
3086 3880 3213 3951 quia
3226 3882 3399 3952 prima
3414 3881 3690 3936 ierarchia
3706 3880 3825 3934 illa»

2225 3979 2432 4034 minata
2462 3985 2547 4032 est
2575 3976 2630 4030 in
2661 3973 3024 4045 theologicam
3072 3972 3359 4028 scientiam
3387 3972 3457 4028 ab
3492 3972 3607 4043 ipsa
3639 3971 3820 4027 divina

2224 4071 2488 4125 bonitate.
2518 4069 2586 4124 Et
2611 4083 2680 4123 ne
2711 4067 2927 4127 mireris
2955 4066 3420 4124 constructionem
3458 4079 3473 4120 :
3514 4064 3818 4119 illuminata

2226 4161 2585 4233 theologicam
2643 4159 2963 4226 scientiam;
3028 4166 3112 4214 est
3170 4157 3318 4213 enim
3382 4166 3530 4223 rata,
3587 4157 3820 4212 dicimur

2223 4253 2423 4323 quippe
2448 4251 2724 4305 illuminor
2750 4250 2797 4281 "
2819 4266 2849 4304 a
2876 4258 2931 4305 te
2958 4256 3165 4315 artem;
3179 4250 3350 4305 doceo
3378 4256 3430 4321 te
3453 4247 3813 4319 disciplinam.

2225 4340 2345 4406 Qua
2368 4351 2621 4410 tanquam
2649 4340 2921 4411 deiformis
2946 4342 3208 4395 ierarcltia
3235 4350 3283 4394 et
3313 4340 3432 4394 aliis
3453 4339 3665 4411 quidem
3694 4356 3815 4394 ean:

2223 4434 2341 4488 dem
2363 4433 2548 4488 deinde
2567 4434 2820 4501 tradidit;
2849 4436 2952 4490 hoc
2972 4446 3058 4490 est
3083 4453 3096 4489 :
3121 4451 3187 4490 ex
3214 4451 3319 4505 qua
3344 4436 3526 4491 divina
3544 4435 3791 4490 bonitate
3808 4477 3824 4501 ,

2224 4524 2310 4580 vel
2330 4533 2390 4579 ut
2410 4525 2626 4597 planius
2649 4524 2999 4593 transfertur,
3029 4541 3098 4581 ex
3125 4528 3312 4582 eadem
3337 4527 3520 4582 divina
3540 4527 3825 4594 bonitate;

529 4614 587 4672 in
633 4613 1048 4685 participatione
1094 4611 1310 4668 divinae
1351 4611 1618 4669 scientiae
1665 4619 1721 4667 et
1762 4612 2116 4683 cognitionis,
2146 4598 2199 4658 Ι)
2226 4625 2482 4688 tanquam
2534 4615 2846 4684 deil‘ormis;
2890 4618 3345 4691 quemadmodum
3393 4618 3593 4689 quippe
3638 4616 3826 4673 divina

529 4720 892 4777 cognoscens,
929 4704 1055 4759 dum
1076 4703 1374 4776 cognoscit,
1400 4702 1871 4773 supereminenter
1889 4701 2057 4757 multa
2072 4702 2116 4735 ιο

528 4796 1199 4864 divinorum,subauditur
1226 4794 1617 4850 intellectuum.
1645 4794 1902 4864 Sequitur
1935 4811 1949 4847 :
1983 4793 2118 4849 Pro-

526 4900 704 4962 pterea
726 4897 776 4944 et
819 4888 1003 4943 laudes
1024 4886 1190 4959 ipsius
1231 4883 1489 4955 theologia
1530 4884 1661 4948 Itis,
1691 4884 1782 4955 qui
1811 4884 1867 4937 in
1908 4883 2114 4938 terra“

531 4990 689 5051 sunt,
731 4981 988 5047 tradidit,
1049 4980 1107 5035 in
1163 4977 1352 5051 quibus
1398 4975 1708 5033 mirabiliter
1746 4975 2117 5047 manifestatur

2224 4707 2440 4764 bonitas
2468 4706 2775 4766 conformat
2795 4710 2976 4764 omnia
2995 4749 3012 4777 ,
3037 4711 3111 4764 ita
3132 4719 3187 4765 et
3209 4711 3324 4782 ipsa
3347 4710 3522 4780 prima
3549 4710 3825 4765 ierarchia

2225 4809 2530 4856 ceterarum
2555 4801 2896 4871 sequentium
2921 4817 2981 4858 se
3007 4800 3288 4859 deilormis
3314 4811 3399 4858 est
3416 4841 3434 4869 ,
3458 4803 3559 4858 hoc
3579 4810 3696 4867 est,
3725 4817 3825 4858 eas

2225 4892 2364 4947 sicut
2396 4892 2540 4949 Deus
2571 4892 2800 4959 format;
2849 4901 2908 4949 et
2952 4891 3075 4949 aliis
3102 4894 3320 4963 quidem
3367 4893 3594 4948 eandem
3626 4892 3829 4948 deinde

2225 4983 2476 5049 tradidit,
2527 4984 2584 5040 id
2630 4993 2750 5053 est,
2795 4985 3026 5041 eandem
3074 4985 3312 5041 divinam
3341 4985 3684 5051 bonitatem,
3713 5001 3827 5057 qua

1819 5090 1910 5146 VA
1919 5088 2081 5145 RIAE
2119 5088 2525 5151 LECTIONES.

605 5189 622 5221 ί
646 5188 694 5244 Α
714 5204 854 5244 eum.
927 5185 950 5218 '
978 5202 1035 5241 se
1054 5200 1165 5241 om.
1193 5183 1259 5239 Β.
1362 5183 1386 5217 ⁸
1405 5184 1497 5240 ΔΒ
1515 5200 1682 5256 apere.

528 5275 672 5318 corr.
696 5270 868 5331 atque.
943 5257 965 5289 ⁷
994 5256 1036 5310 Β
1058 5256 1198 5327 quod
1222 5257 1319 5311 hoc
1339 5256 1421 5327 fas
1445 5254 1551 5320 est,
1569 5256 1631 5308 Β·
1653 5255 1832 5309 adscr.
1854 5268 1998 5308 corr.
2019 5254 2158 5324 quod
2181 5255 2263 5325 fas
2287 5254 2358 5312 est
2485 5266 2583 5312 est.

525 5357 925 5428 participatione
965 5352 1256 5428 secundum
1279 5355 1417 5428 quod
1446 5352 1529 5419 fas
1562 5362 1659 5428 est2
1690 5350 1809 5428 .hoc
1841 5359 1930 5428 est
1965 5348 2084 5428 licet
2112 5359 2163 5428 et
2175 5336 2439 5428 injustam
2453 5336 2976 5428 "inparticipat‘ione
2989 5360 3106 5428 cet.

1618 5423 1660 5453 “
1682 5422 1738 5474 in
1764 5420 1951 5491 quibus
1976 5421 2287 5475 mirabiliter
2317 5449 2389 5460 —
2410 5421 2630 5475 tradidit
2652 5419 2762 5475 om}
2798 5419 2859 5474 Β.

1383 5493 1428 5525 ⁸⁸
1456 5493 1633 5549 Verba
1658 5506 1822 5561 supra
1858 5491 2059 5547 omissa
2093 5508 2107 5546 :
2140 5493 2195 5545 in
2221 5492 2408 5559 quibus
2443 5491 2754 5546 mirabiliter
2801 5521 2871 5530 —
2898 5493 3181 5547 eminentia
3222 5493 3265 5548 Β
3306 5493 3373 5547 ad
3404 5507 3577 5563 marg.
3607 5492 3824 5557 adscr.,

1760 5588 1802 5622 ’7
1828 5586 1921 5644 Sic
1939 5587 2049 5649 ΔΒ,
2082 5588 2136 5642 in
2162 5587 2371 5644 Graeco
2399 5590 2521 5651 est;
2553 5588 2723 5643 deest.

2008 5659 2052 5691 “
2074 5659 2166 5713 ΑΒ
2176 5662 2464 5729 gmnisant,
2481 5660 2558 5715 sic
2574 5661 2791 5729 ubique.
2869 5661 2915 5692 ²¹¹
2934 5660 2996 5715 Β⁶
3016 5677 3161 5716 corr.
3183 5661 3628 5729 antmonitionem.
3707 5660 3761 5691 ⁸³
3778 5659 3827 5715 Β

2091 5729 2139 5762 ³⁸
2165 5729 2257 5787 Sic
2283 5731 2325 5786 C
2350 5739 2403 5787 et
2432 5746 2576 5788 corr.
2604 5730 2690 5798 B‘,
2716 5730 2807 5786 AB
2834 5732 3109 5803 depositio.

526 5424 834 5482 eminentem
865 5424 1106 5479 multam.
1215 5424 1259 5455 “
1281 5424 1329 5478 Α
1351 5425 1516 5478 intra.

526 5494 766 5551 dicendo.
870 5494 916 5527 ¹⁸
944 5495 986 5550 Β
1007 5496 1104 5551 hoc
1123 5504 1199 5551 est
1227 5512 1282 5550 a.

526 5592 622 5651 sed
649 5592 781 5650 falso
806 5592 912 5649 huc
937 5568 1221 5648 inserenda
1240 5605 1363 5646 esse
1386 5588 1667 5645 indicavit.

526 5675 650 5720 tem.
728 5663 770 5696 "
788 5663 831 5719 Β
863 5662 1036 5719 dicere
1054 5678 1163 5718 eos.
1238 5662 1286 5694 ὀ
1309 5661 1585 5731 Βοοηιρτα
1602 5659 1923 5731 spiritualia.

524 5735 651 5808 quia
685 5735 854 5810 ipsum
883 5731 1226 5821 tlteologicam
1250 5728 1475 5805 (puncta
1500 5728 1563 5784 B‘
1589 5728 1693 5800 adj.
1726 5730 1989 5803 videtur).

1783 5181 1807 5214 ⁸
1831 5192 1880 5236 et
1908 5192 2077 5237 status
2092 5184 2298 5258 mobilis
2311 5188 2559 5258 quoniam
2575 5202 2778 5258 semper
2802 5194 3036 5258 movetur
3065 5201 3177 5241 om.
3194 5185 3257 5241 B.
3274 5254 3302 5258 ι
3333 5185 3356 5219 ⁸
3383 5183 3476 5242 Sic
3501 5185 3610 5242 AB.

3714 5186 3823 5217 ιη·

3221 5187 3257 5241 ι.
3333 5187 3356 5219 ⁸
3383 5187 3476 5242 Sic
3501 5187 3610 5242 AB.
3714 5187 3738 5217 ‘
3758 5187 3823 5243 B'

3221 5258 3247 5294 ⁹
3270 5254 3333 5311 Β⁴
3363 5260 3541 5314 adscr.
3567 5266 3664 5311 est.
3691 5258 3741 5313 Ο
3770 5261 3827 5313 in

3223 5351 3266 5381 ¹⁰
3297 5348 3389 5406 Sic
3419 5350 3482 5416 C,
3515 5350 3606 5404 ΑΒ
3630 5366 3825 5417 super-

2961 5420 3009 5453 “
3037 5423 3210 5476 dicere
3232 5437 3342 5477 om.
3377 5422 3440 5475 Β.
3520 5421 3563 5452 ⁸³
3584 5419 3646 5473 Β*
3670 5436 3823 5475 corr.

2726 5254 2909 5328 Conj.,
2951 5254 3042 5310 AB
3064 5266 3137 5311 et.

2822 5588 2867 5621 ¹⁸
2892 5587 3073 5654 SicC,
3101 5598 3157 5645 et
3181 5605 3325 5646 corr.
3354 5587 3441 5653 B‘,
3470 5588 3560 5644 AB
3588 5588 3827 5644 adoran-

3195 5731 3242 5763 ³⁸
3265 5730 3420 5788 Corr.
3451 5730 3539 5797 B',
3560 5728 3649 5784 AB
3683 5729 3824 5785 illn-

528 5831 691 5899 mino,
719 5829 781 5887 B‘
813 5846 983 5904 marg.
1018 5830 1198 5888 adscr.
1230 5828 1310 5886 vel
1349 5826 1584 5885 erudiar.
1615 5826 1657 5885 (ἒ
1684 5826 1925 5884 illumino
1973 5838 2022 5883 te
2062 5836 2247 5884 artem.

2396 5936 2439 5965 ΓΑ
