4028 6274
201 375 305 436 193

1046 374 1272 430 SUPER
1305 371 1733 432 'IERARCHIAM
1770 369 2176 429 CAELESTEM
2215 375 2272 431 S.
2320 373 2630 435 DIONYSII.

3345 379 3443 440 hil

191 499 376 568 primo
415 494 768 558 iiluminatur,
815 493 933 548 aliis
968 494 1195 556 deinde,
1228 494 1577 562 sequentibus
1626 492 1773 546 vide-
1799 489 1853 548 Α
1881 488 2136 546 feminino
2163 492 2365 559 διεῖσα,
2395 498 2536 564 quod
2585 495 2823 552 nascitur
2863 512 2892 551 a
2927 498 3091 553 verbo
3125 509 3310 571 όιειμι,
3345 502 3446 556 hoc

197 592 324 644 licet
351 602 445 651 se,
483 584 778 641 distribuit.
807 583 952 636 Illud
975 601 1067 652 per
1097 585 1394 638 brevitatem
1437 583 1610 636 dicere
1649 583 1772 636 sub-

192 680 561 739 introducens,
591 677 694 730 hoc
723 684 807 729 est
826 715 841 738 ,
870 673 996 728 illud
1026 675 1261 728 breviter
1290 673 1471 726 dicere
1499 671 1772 727 subintro-

191 769 341 824 ducit
371 770 487 836 ipsa
523 765 786 820 ierarchia
806 805 819 827 ,
852 765 1019 832 ipsam
1052 764 1070 795 ¹
1103 764 1392 833 piissimam
1413 771 1459 814 et
1481 761 1594 832 plus
1616 775 1773 830 quant

190 859 518 912 laudabilem
546 867 593 911 et
631 855 1106 910 laudabilissimam
1146 854 1466 908 thearcltiam
1491 853 1570 922 {as
1593 865 1664 906 est
1689 851 1776 904 be-

191 948 495 1002 nedictam'
535 961 645 1000 esse
681 962 714 998 a
765 942 1127 1007 tlteodochis’,
1176 951 1430 1012 quantum
1475 938 1769 1010 possibile‘,

189 1039 435 1109 cognosci
459 1048 506 1090 et
532 1036 777 1100 laudari,
802 1034 1182 1097 intellectibus;
1225 1033 1324 1099 ipsi
1345 1034 1480 1087 enim
1508 1042 1626 1086 sunt
1657 1041 1774 1085 tan-

185 1148 348 1200 quam
392 1131 670 1199 dcifarmes
716 1129 878 1182 divini
921 1127 1022 1182 loci
1065 1127 1423 1190 tltearclticae,
1465 1135 1520 1179 ut
1569 1123 1773 1193 eloquia

186 1223 361 1285 aiunt,
389 1219 596 1290 quietis.
632 1218 742 1272 Hoc
767 1227 845 1272 est
869 1258 885 1282 ,
916 1217 1110 1286 inquit,
1157 1216 1298 1285 quod
1327 1217 1561 1271 breviter
1591 1216 1775 1269 subin-

187 1314 434 1367 troducit
461 1312 632 1382 prima
661 1309 961 1374 ierarebia,
990 1309 1134 1380 quod
1174 1308 1252 1363 fas
1280 1318 1363 1362 est
1400 1317 1455 1362 et
1480 1308 1566 1362 lex
1598 1317 1653 1362 et
1692 1307 1775 1377 ju-

184 1413 357 1457 stum.
406 1403 579 1473 Ipsam
613 1401 936 1472 piissimam.
981 1400 1066 1455 vel
1115 1399 1660 1465 honorabilissimam,
1690 1399 1775 1453 vel

185 1493 348 1547 valde
378 1491 705 1546 adorandam
726 1531 742 1556 ,
765 1497 820 1544 et
863 1489 1345 1558 superlaudabilem
1380 1498 1435 1544 et
1463 1488 1774 1544 laudabilis-

185 1583 390 1636 simam
417 1581 762 1636 Divinitatem
781 1578 863 1634 fas
906 1587 990 1634 est
1017 1577 1396 1633 benedictam‘
1416 1593 1535 1633 esse
1560 1594 1590 1632 a
1628 1579 1775 1633 theo-

184 1675 386 1729 docbis
423 1672 808 1736 intellectibus,
831 1688 894 1726 ex
919 1671 1301 1740 recipientibus
1329 1670 1580 1724 videlicet
1607 1671 1771 1724 Deum

186 1765 582 1820 intellectibus.
620 1763 722 1833 lpsi
753 1763 896 1816 enim
925 1761 1262 1826 intellectus,
1299 1761 1390 1830 qui
1438 1761 1604 1815 Deum
1638 1762 1773 1816 reci-

185 1856 382 1924 piunt,
423 1863 682 1924 tanquam
735 1851 1024 1908 deil‘ormes
1067 1851 1233 1906 divini
1265 1851 1370 1906 loci
1401 1860 1525 1907 sunt
1561 1852 1774 1908 divinae

182 1943 430 2013 quietis,
464 1952 525 1996 ut
551 1951 738 1996 sancta
771 1950 1038 1995 testantur
1065 1940 1300 2009 eloquia.
1346 1939 1403 1996 lu
1450 1941 1581 2009 ipsis
1607 1941 1774 2010 siqui-

183 2038 312 2090 dem
346 2034 489 2088 Deus
514 2033 766 2103 quiescit.
795 2031 1148 2088 Tbeodocbos
1174 2040 1354 2087 autem
1389 2033 1589 2088 dicitur
1618 2035 1772 2104 quasi

181 2130 304 2184 ϐιοῦ
329 2127 514 2198 δοχὸς,
544 2128 644 2180 boc
667 2134 769 2190 est,
793 2126 887 2180 Dei
918 2133 1184 2195 receptor.
1208 2125 1326 2192 Quo
1354 2125 1573 2180 nomine
1597 2125 1776 2181 omnis

183 2235 365 2290 purus
399 2220 612 2273 animus
648 2219 762 2272 sive
803 2218 1072 2272 humanus
1115 2218 1230 2272 sive
1275 2216 1550 2287 angelicas
1596 2225 1777 2286 potest

184 2311 402 2368 vocari.
430 2312 487 2366 ln
516 2311 647 2380 ipsis
685 2309 1066 2364 enim'duobus
1097 2310 1237 2365 Deus
1262 2309 1513 2379 quiescit.
1549 2309 1614 2363 Et
1648 2311 1774 2380 quia

185 2420 382 2458 manas
405 2413 480 2455 est
504 2414 550 2456 et
569 2402 592 2432 ⁸
613 2402 811 2466 unitas,
832 2410 936 2455 tres
959 2400 1392 2455 substantialiter.
1419 2401 1532 2456 Iloc
1558 2415 1774 2472 quoque

185 2493 594 2548 subintroducit
614 2491 634 2521 ⁷
662 2491 1012 2560 sequentibus
1037 2505 1095 2546 se
1114 2491 1398 2546 ierarchiis
1420 2491 1592 2560 prima
1609 2493 1775 2547 ierar-

185 2588 318 2642 chia
349 2585 630 2648 caelestis,
657 2584 797 2653 quod
827 2582 1102 2638 tbearchia
1121 2623 1135 2647 ,
1166 2582 1220 2638 id
1250 2583 1634 2648 estDivinitas,
1667 2600 1777 2639 mo-

184 2687 368 2750 nas‘;
390 2685 503 2745 .boc
531 2693 619 2738 est
643 2683 851 2746 unitas;
882 2690 992 2735 tres
1041 2679 1488 2744 substantialiter,
1514 2679 1776 2734 Divinitas

183 2778 395 2849 quippe
422 2777 603 2830 unitas
631 2775 786 2830 estin
815 2773 1050 2829 essentia
1071 2813 1085 2837 ,
1111 2773 1326 2828 trinitas
1352 2773 1405 2828 in
1432 2772 1769 2828 substantiis.

185 2870 342 2924 Inter
376 2868 606 2922 monada
649 2876 825 2922 autem
866 2875 920 2921 et
965 2865 1171 2930 enada,
1201 2864 1450 2935 quamvis
1491 2865 1631 2933 apud
1677 2880 1776 2918 nos

185 2975 359 3012 unam
391 2959 626 3013 habeant
666 2957 1202 3026 interpretationem,
1237 2970 1426 3010 monas
1469 2955 1612 3010 enim
1643 2953 1776 3010 dici—

187 3059 282 3104 tur
330 3050 546 3113 unitas,
589 3049 839 3103 similiter
877 3063 1010 3103 enas
1056 3048 1268 3112 unitas,
1309 3046 1431 3101 talis
1473 3046 1771 3101 dill‘erentia

187 3143 410 3196 videtur
441 3142 700 3196 interesse
719 3181 732 3205 ,
767 3141 908 3210 quod
940 3155 1128 3196 monas
1154 3140 1224 3195 sit
1253 3140 1467 3210 proprie
1498 3140 1610 3210 ipsa
1653 3139 1772 3194 uni-

191 3245 309 3297 tas,
359 3248 426 3287 ex
472 3248 577 3303 qua
623 3247 811 3287 omnes
842 3232 1046 3287 numeri
1093 3231 1418 3301 procedunt,
1449 3231 1771 3302 principium

187 3325 394 3394 quippe
425 3330 480 3377 et
505 3337 664 3376 causa
691 3331 775 3376 est
797 3322 960 3377 totius
986 3319 1408 3386 numerositatis,
1436 3335 1568 3375 enas
1589 3319 1610 3350 °
1644 3333 1776 3375 vero

188 3423 274 3469 eet
297 3415 412 3482 ipsa
435 3412 614 3470 unitas
634 3411 1059 3467 substantiarum
1075 3413 1188 3466 sive
1202 3411 1256 3466 in
1271 3411 1710 3480 superessentiali
1728 3412 1774 3444 ¹⁰

190 3506 434 3564 essentia
457 3547 471 3570 ,
498 3520 638 3574 quae
668 3505 808 3559 Deus
837 3514 952 3570 est,
984 3504 1098 3559 sive
1133 3505 1187 3558 in
1217 3505 1537 3574 generibus,
1577 3506 1690 3560 sive
1723 3505 1773 3559 in

191 3598 418 3661 formis,
446 3607 500 3651 et
523 3597 842 3667 simpliciter
874 3597 926 3650 in
957 3596 1206 3653 omnibus
1226 3635 1240 3660 ,
1285 3609 1424 3664 quae
1452 3610 1612 3649 unam
1642 3609 1774 3650 ean-

190 3693 428 3761 demque
454 3690 781 3760 participant
803 3689 1111 3744 essentiam.
1139 3688 1326 3742 Divina
1356 3689 1535 3756 itaque
1561 3687 1775 3743 bonitas

192 3799 389 3839 monas
409 3791 514 3847 est,
538 3783 790 3852 quoniam
815 3780 1136 3850 principium
1160 3790 1214 3834 et
1240 3794 1402 3834 causa
1428 3787 1510 3834 est
1531 3779 1772 3833 omnium

189 3891 337 3946 quae
386 3884 541 3939 sunt,
579 3874 768 3929 enas“
815 3883 1028 3936 autem,
1059 3871 1312 3941 quoniam
1341 3871 1523 3926 unitas
1547 3872 1688 3925 est“
1720 3872 1772 3924 in

192 3968 374 4021 tribus
399 3966 716 4020 substantiis
735 4005 750 4028 ,
782 3973 834 4018 et
868 3973 977 4018 tres
1002 3962 1336 4018 substantiae
1367 3961 1419 4015 in
1449 3961 1656 4016 unitate
1683 3951 1776 4016 es;

191 4056 428 4112 sentiae.
454 4055 496 4107 Α
522 4053 982 4125 supercaelestibus
1021 4053 1255 4107 essentiis
1306 4068 1465 4120 usque
1499 4052 1568 4105 ad
1606 4051 1777 4105 novis-

191 4150 329 4202 sima
348 4147 394 4180 ¹⁸
415 4156 584 4201 terrae
603 4147 881 4200 extendens
905 4145 1180 4198 bonitatem
1203 4159 1351 4197 suam
1373 4143 1428 4196 in
1445 4143 1620 4196 omnia
1643 4160 1776 4213 quae

192 4250 316 4294 sunt
340 4238 736 4308 providentiam.
767 4237 879 4290 l‘loc
909 4235 1033 4289 item
1063 4235 1233 4304 prima
1271 4234 1539 4289 ierarcbia
1570 4234 1625 4288 in
1658 4234 1776 4289 lau-

193 4331 319 4384 dem
347 4327 657 4381 Divinitatis
687 4323 1106 4389 subintroducit,
1136 4323 1278 4395 quod
1310 4338 1340 4377 a
1369 4308 1774 4379 sublimissimis

193 4420 525 4475 caelestibus
553 4418 802 4472 essentiis
833 4430 1002 4485 usque
1049 4415 1116 4470 ad
1160 4413 1450 4468 novissima
1483 4422 1662 4469 terrae
1694 4415 1776 4468 in-

195 4509 682 4565 tenditbonitatem
699 4524 869 4571 suam,
887 4506 1139 4561 videlicet
1167 4506 1218 4558 in
1235 4505 1436 4568 omnia,
1457 4520 1600 4574 quae
1620 4515 1770 4570 sunt,

193 4602 614 4672 providentiam.
645 4601 710 4654 Et
738 4614 896 4654 nemo
924 4597 1239 4662 arbitretur,
1267 4611 1350 4651 me
1381 4612 1477 4667 per
1519 4599 1777 4667 ignoran-

195 4696 328 4750 tiam
356 4693 699 4750 transtulisse
725 4710 740 4749 :
765 4690 1080 4757 extendens,
1110 4704 1208 4760 pro
1253 4703 1450 4758 graeco
1493 4691 1776 4761 participio

1876 591 1958 636 est
1998 586 2254 652 pervenio
2281 585 2324 617 ¹¹⁸
2347 587 2692 656 Vulpenetro;
2726 589 2828 643 hoc
2857 589 2998 642 enim
3028 599 3248 659 propter
3274 591 3448 645 facili-

1879 683 2043 730 tatem
2070 677 2455 747 intelligentiae
2493 679 2591 732 feci
2610 680 2674 733 ¹⁸.
2705 681 2810 736 Sed
2841 681 2885 736 si
2913 682 3034 751 quis
3059 683 3444 752 proprietatem

1878 768 2340 838 interpretationis
2363 771 2512 840 sequi
2543 772 2807 837 voluerit,
2833 789 2930 843 pro
2951 775 3246 829 extendens
3272 782 3450 844 potest

1877 859 2056 914 dicere
2085 862 2426 930 pervenire“
2455 861 2538 915 vel
2562 871 2844 932 penetrare
2874 863 3077 917 faciens
3099 904 3114 928 ,
3145 874 3202 917 ut
3231 865 3354 918 talis
3379 865 3451 918 sit

1879 964 2098 1004 sensus:
2122 951 2168 1004 Α
2195 951 2680 1019 supercaelestibus
2703 953 2953 1008 essentiis
2977 970 3144 1023 usque
3171 957 3236 1008 ad
3267 958 3446 1010 novis-

1877 1040 2012 1093 sima
2047 1049 2222 1096 terrae
2244 1043 2539 1097 bonitatem
2562 1060 2734 1108 suam,
2780 1045 2882 1100 hoc
2922 1055 3004 1101 est
3035 1048 3452 1116 providentiam,

1876 1135 2078 1199 omnia,
2106 1148 2245 1204 quae
2273 1145 2416 1200 sunt,
2463 1147 2751 1205 penetrare
2792 1136 2940 1192 facit.
2971 1136 3242 1208 Tanquam
3285 1142 3454 1194 omnis

1877 1227 2126 1280 essentiae
2152 1227 2589 1297 superprincipale
2616 1229 2927 1298 principium
2964 1240 3010 1282 et
3042 1245 3202 1283 causa
3221 1271 3236 1293 ,
3279 1233 3454 1284 omnia

1875 1319 2375 1387 superessentialiter
2427 1320 2840 1372 inimensurabili
2875 1321 3190 1374 continentia
3233 1322 3455 1374 circum.

1877 1406 2067 1477 ligans.
2092 1407 2208 1463 Non
2233 1409 2506 1473 inmerito,
2529 1409 2728 1478 inquit,
2751 1409 3088 1478 providentia
3132 1410 3246 1479 ejus
3269 1421 3456 1464 exleao

1876 1498 2024 1553 ditur
2053 1499 2106 1552 in
2127 1501 2308 1554 omnia
2331 1542 2346 1566 ,
2379 1501 2462 1556 vel
2492 1510 2742 1571 penetrat
2760 1502 2963 1556 omnia.
2989 1503 3082 1556 Est
3106 1503 3250 1557 enim
3279 1505 3456 1558 omnis

1878 1592 2148 1646 essentiae
2239 1592 2691 1661 superessentiale
2775 1593 3132 1662 principium,
3201 1603 3258 1648 et
3336 1609 3454 1648 om-

1878 1681 1966 1735 nia
2027 1683 2550 1751 supercssentialiter
2628 1684 3050 1739 itnmensurabili
3127 1686 3457 1740 continentia

1879 1772 2238 1843 circumligat.
2289 1773 2390 1830 Ubi
2436 1775 2706 1840 similiter,
2758 1783 2816 1828 ut
2872 1775 3083 1830 facilius
3136 1775 3457 1845 intelligere-

1807 1835 1852 1896 Β
1881 1873 1987 1928 tur,
2046 1865 2426 1936 circumligans
2480 1866 2728 1920 transtuli
2780 1881 2877 1936 pro
2923 1881 3122 1936 graeco
3172 1866 3456 1937 participio

1876 1952 2340 2030 περιδεδραγμίνη,
2392 1955 2535 2025 quod
2582 1956 2801 2026 proprie
2846 1957 3230 2028 interpretatur
3273 1957 3457 2028 palmo

1876 2047 1961 2101 vel
1982 2063 2161 2118 pugno
2176 2049 2658 2117 contprebendens.
2682 2047 2829 2103 Finit
2845 2049 3134 2120 capitulum
3155 2051 3449 2120 septimum.

1876 2137 2069 2207 Incipit
2098 2149 2356 2194 octavum.

2325 2252 2421 2309 CA
2443 2250 2811 2311 PITULUM
2849 2252 3013 2312 Vlll.

2353 2367 2517 2439 Cujus
2546 2368 2810 2439 praefatio
2835 2381 2918 2430 est
2959 2389 2974 2428 :

1877 2479 1953 2535 De
1980 2477 2433 2535 Dominationibus
2456 2491 2504 2533 et
2537 2479 2828 2536 Virtutibus
2857 2492 2904 2536 et
2931 2482 3286 2542 Potestatibus
3323 2495 3373 2542 et
3393 2486 3460 2542 de

2300 2551 2473 2604 media
2496 2567 2677 2605 earum
2705 2552 2965 2606 ierarcltia
2982 2565 3033 2607 ι.

1949 2667 1976 2739 §
2010 2668 2061 2722 l.
2103 2665 2502 2722 Transeundum
2545 2683 2683 2721 nunc
2729 2667 2875 2722 nobis
2916 2668 2971 2721 in
2999 2669 3040 2701 ¹⁷
3081 2670 3306 2725 mediam
3335 2687 3458 2725 cae-

1876 2759 2083 2824 lestium
2103 2758 2458 2813 intellectuum
2486 2757 2859 2828 expositionem
2875 2799 2890 2825 ,
2917 2759 3312 2817 Dominationes
3335 2763 3457 2818 illas

1875 2850 2312 2919 supermundanis
2361 2849 2545 2913 oculis,
2585 2859 2840 2920 quantum
2883 2852 3129 2920 possibile
3155 2862 3254 2918 est,
3280 2855 3460 2924 explo-

1876 2939 2136 3004 rantibus,
2158 2949 2207 2992 et
2234 2955 2347 2994 vere
2375 2939 2608 3008 potentia
2633 2938 2992 3008 speculamina
3018 2940 3320 2996 divinarum
3345 2943 3455 2998 Po-

1875 3037 2118 3082 testatum
2165 3036 2214 3082 et
2266 3025 2549 3081 Virtutum.
2580 3027 2707 3081 Post
2742 3028 3198 3097 esplanationem,
3255 3031 3451 3101 inquit,

1875 3118 2085 3187 primae
2107 3126 2162 3170 et
2184 3116 2526 3172 sublissimae
2564 3116 2866 3172 ierarcbiae
2898 3119 3286 3175 transeundum
3310 3137 3453 3178 nunc

1801 3193 1843 3250 (ἶ
1878 3212 1930 3264 in
1955 3211 2186 3266 mediam
2211 3210 2558 3274 ierarcbiam,
2589 3224 2730 3279 quae
2755 3211 2919 3266 etiam
2959 3213 3194 3267 secunda
3223 3225 3327 3279 est,
3355 3230 3452 3270 no-

1881 3306 1964 3359 bis
1990 3303 2417 3374 explorantibus,
2455 3303 2540 3359 vel
2561 3305 2702 3360 sicut
2727 3303 2942 3374 proprie
2968 3305 3316 3372 transfertur,
3349 3323 3452 3364 no-

1878 3393 1962 3448 bis
1987 3393 2326 3448 intuentibus
2355 3394 2762 3448 Dominationes
2779 3394 2822 3427 ¹⁸
2851 3394 2974 3449 illas
2998 3394 3454 3453 intellectualibus

1878 3486 2050 3543 oculis
2079 3487 2372 3541 secundum
2413 3495 2653 3541 nostram
2686 3487 3120 3557 possibilitatem,
3151 3495 3207 3544 et
3248 3488 3304 3544 in
3329 3505 3456 3545 vere

1878 3577 2174 3647 potentia“
2227 3577 2592 3649 speculamina
2662 3577 2968 3632 divinarum
3022 3577 3360 3635 Potestatum
3403 3591 3460 3635 et

1881 3667 2171 3732 Virtutum,
2207 3667 2457 3722 similiter
2501 3666 2760 3722 subaudis
2805 3668 3213 3723 transeundum.
3244 3667 3454 3724 Etenim

1881 3775 2222 3828 unaquaeque
2247 3775 2404 3827 super
2427 3775 2519 3812 nos
2554 3758 2898 3812 essentiamm
2929 3760 3313 3830 cognominatio
3333 3777 3456 3830 pro-

1877 3850 1993 3918 pria
2021 3867 2203 3903 earum
2226 3850 2486 3920 signiﬁcat
2509 3851 2719 3904 virtutes
2733 3850 2799 3904 ¹⁰.
2831 3849 3007 3920 Igitur
3025 3859 3329 3905 sanctarum
3345 3850 3455 3905 Do-

1878 3948 2223 4004 minationum
2270 3943 2710 4013 manifestativam
2780 3943 3186 3996 nominationem
3241 3944 3458 3997 aestimo

1878 4045 2144 4100 declarare
2165 4038 2456 4093 absolutam
2481 4036 2748 4106 quandam
2790 4047 2836 4088 et
2867 4037 3008 4090 omni
3035 4037 3323 4105 ignominia
3357 4039 3458 4088 mi-

1879 4134 2167 4190 norationis
2193 4131 2410 4184 liberam
2452 4142 2739 4197 anagogen.
2772 4126 2923 4194 Quod
2957 4127 3120 4180 etiam
3150 4127 3228 4181 sic
3262 4143 3423 4198 possu
3448 4156 3460 4167 -

1880 4243 2001 4284 mus
2045 4221 2411 4293 interpretari,
2451 4234 2555 4274 non
2591 4218 2840 4274 servilem
2882 4221 3156 4290 quandam
3208 4229 3264 4274 et
3302 4222 3452 4275 omni

1880 4315 2218 4389 subpedestri
2275 4312 2638 4368 minoratione
2693 4310 2921 4366 liberam
2972 4327 3274 4384 anagogen.
3339 4313 3454 4368 Hoc

1879 4426 2095 4484 quoque
2134 4409 2186 4462 in
2224 4405 2473 4461 laudibus
2515 4403 2860 4456 Thronorum
2898 4403 3094 4472 posuit.
3136 4402 3458 4474 Ignominia-

1881 4520 2001 4562 sum
2024 4502 2220 4572 quippe
2269 4505 2436 4553 estet
2475 4494 2852 4549 minorationis
2897 4503 2954 4548 et
2995 4493 3367 4564 subjectionis,
3399 4497 3454 4552 id

1885 4605 2003 4660 est;
2018 4589 2296 4649 servitutis
2327 4586 2606 4648 indicium,
2635 4583 2770 4652 pede
2803 4583 3035 4654 ingredi,
3064 4600 3130 4639 ex
3155 4601 3259 4655 qua
3282 4584 3451 4641 libera

1881 4701 1937 4747 et
1963 4685 2208 4743 absoluta
2242 4688 2324 4737 est
2365 4676 2676 4734 caelestium
2707 4674 3145 4731 Dominationum
3188 4691 3452 4748 anagoge,

1471 4811 1726 4869 VARIAE
1766 4806 2166 4869 LECTIONES.

263 4935 283 4968 ι
308 4935 478 5002 ipsam
504 4945 614 5002 om.
630 4927 912 5002 ABLadd.
945 4941 1007 4981 ex
1050 4940 1194 5002 vers.
1240 4933 1472 5002 et_test.

189 4995 372 5062 adscr.
406 5011 502 5055 est.
581 4999 716 5054 'Sic
757 4999 797 5053 C
843 5007 897 5051 et
937 5013 1079 5052 corr.
1130 4997 1212 5058 B',
1261 4995 1350 5048 AB
1395 4995 1678 5051 benedicta.

192 5074 442 5129 traducit.
519 5072 540 5102 ⁸
583 5069 645 5122 B'
705 5084 866 5138 supra
906 5068 1082 5138 adscr.
1130 5078 1224 5120 est.

191 5146 331 5199 tiali.
409 5144 450 5173 ¹¹
479 5141 517 5195 Α
548 5141 707 5195 eno/ts
737 5137 782 5192 BI
803 5137 983 5192 enalts.

188 5213 489 5286 praeocnio.

1561 4943 1703 4983 race.
1781 4929 1801 4959 ²
1847 4925 1940 4980 Sic
1977 4923 2048 4982 C.
2091 4919 2178 4972 AD
2223 4916 2508 4969 benedicta.

1758 4999 1846 5051 6et
1889 5012 1998 5050 om.
2031 4989 2146 5045 AB.
2212 4985 2335 5040 add.
2390 5001 2456 5039 ex
2513 4999 2654 5038 vers.
2715 4989 2767 5036 et
2815 4989 2942 5051 text.

1301 5065 1321 5096 °
1370 5066 1415 5119 A
1453 5067 1632 5121 cna/is.
1661 5068 1700 5121 Β
1736 5069 1918 5122 enahs.

1061 5137 1103 5168 ¹³
1137 5145 1210 5189 est
1235 5151 1342 5189 om.
1374 5135 1433 5189 Β.
1510 5129 1878 5191 u—Rad.corr.
1912 5135 1980 5198 B;
2013 5132 2056 5184 A
2081 5127 2440 5190 novissimum,
2467 5123 2886 5198 B_novissimar_n.

571 5211 615 5241 ¹⁸
646 5209 686 5262 Β
721 5199 1023 5278 facilitatem
1067 5206 1166 5275 feci
1188 5205 1572 5278 intelligentiae.
1606 5277 1615 5278 ί
1651 5207 1697 5237 ’³
1726 5205 1996 5278 ΞῘΟᾼΑΒῼ.

2600 4911 2705 4965 ³Β⁴
2767 4925 2912 4965 corr.
2962 4910 3267 4965 theotochis.
3346 4908 3453 4964 ‘B'

2993 4994 3174 5049 graec.
3249 4979 3271 5012 "
3303 4980 3345 5033 Β
3371 4983 3454 5034 in-

1995 5062 2038 5094 ¹⁰
2068 5061 2111 5113 Α
2153 5058 2192 5110 Β
2219 5056 2322 5110 sive
2368 5057 2423 5108 in
2456 5050 2908 5123 superessentiali,
2947 5047 3089 5123 Cist?
3125 5067 3454 5123 superessgn:

2966 5119 3268 5184 “Emend,
3298 5122 3336 5173 A
3360 5119 3450 5173 BC

2099 5201 2140 5230 "
2177 5199 2234 5252 Β·
2265 5211 2414 5265 supr.
2465 5195 2640 5265 adscr.
2679 5201 2770 5265 est
2817 5190 3016 5265 in._'“
3042 5191 3087 5244 A
3119 5190 3448 5265 donationes.

193 5259 241 5316 i's'
258 5259 1030 5340 ροηῖιίέξᾹΒνυενε
1057 5259 1209 5344 palen
1233 5259 1297 5328 ie.
1353 5259 1418 5306 ”²⁰
1445 5275 1535 5329 Sic
1556 5277 1663 5341 AB,
1698 5259 1874 5330 versit)
1901 5275 2060 5328 habet
2086 5290 2097 5323 :
2134 5259 2534 5350 cogpoxninatio
2559 5263 2651 5316 Dei
2672 5261 2986 5315 imitatorias
3018 5273 3204 5316 earum
3246 5259 3448 5330 signi/5‘

191 5366 273 5409 cat
299 5353 579 5422 deiformes
604 5349 965 5420 proprietates,
987 5361 1126 5414 quae
1146 5361 1265 5401 cum
1292 5354 1438 5400 textu
1463 5363 1657 5415 graeco
1688 5348 1754 5400 ad
1775 5347 1996 5401 verbum
2027 5344 2371 5396 conveniunt.

1712 5464 1942 5522 NOTAE

257 5603 280 5630 ι
307 5593 350 5642 Α
392 5587 589 5642 litteris
632 5585 869 5640 miniatis
909 5602 921 5637 :
957 5583 1100 5639 Finit
1141 5583 1428 5655 capitulum
1462 5586 1756 5655 septimum.

183 5661 380 5725 Incipit
404 5668 663 5717 octauum,
679 5657 829 5725 cujus
847 5655 1105 5725 praefatio
1126 5652 1284 5709 estde
1306 5652 1758 5708 Dominationibus

181 5741 232 5782 et
270 5729 564 5782 Virtutibus
587 5737 633 5778 et
660 5725 1008 5779 Potestatibus
1030 5736 1077 5779 et
1104 5733 1168 5780 de
1190 5726 1361 5780 media
1387 5741 1568 5779 eorum
1601 5725 1764 5775 ierar-

183 5800 322 5853 chia.
356 5799 397 5852 Β
431 5797 626 5851 litteris
669 5796 900 5849 miniatis
928 5810 942 5847 :
975 5795 1275 5866 Capitulum
1310 5811 1500 5850 nonum
1521 5794 1584 5847 de
1611 5791 1763 5846 Prin-

505 5887 778 5947 PATuor..
818 5885 1078 5946 CXXII.

1871 5578 2068 5639 cipibns
2098 5586 2144 5630 et
2171 5572 2509 5644 Arclzangelis
2542 5582 2588 5626 et
2612 5569 2820 5641 Angelis
2860 5579 2906 5621 et
2948 5566 3024 5644 de
3057 5562 3240 5616 ultima
3270 5578 3448 5644 eorum

1867 5634 2159 5711 ivrare/tia;
2208 5645 2264 5699 ll‘
2342 5634 2406 5699 ili
2444 5644 2626 5699 iulium
2672 5634 2821 5709 parte
2853 5637 3214 5711 membranae
3268 5634 3446 5711 adscr.

2208 5697 2219 5699 ἓ
2238 5697 2392 5768 VI
2418 5697 2959 5784 tlerDomit'tationibus
2988 5716 3047 5784 _e_t
3091 5697 3376 5757 Virtutibus
3401 5713 3446 5756 et

1879 5778 2227 5840 Potestatibus
2253 5794 2300 5838 et
2322 5786 2385 5840 tle
2407 5785 2575 5838 media
2604 5797 2781 5836 eorum
2807 5778 3089 5832 ierarrhia.

3016 5866 3053 5924 7
