3984 5550
443 365 457 380 ’
547 401 653 459 195

1671 405 2170 467 EXPOSITIONES
2201 402 2484 462 JOANNIS
2522 404 2734 462 SCOTl

3701 416 3799 472 195

551 515 656 569 hoc
683 520 1017 579 est,sursnm
1050 529 1238 570 versus
1260 516 1521 581 altitudo;
1551 518 1626 572 nil
1653 520 1797 575 enim
1824 530 2120 592 terrenum,
2150 529 2199 586 Λ
2226 517 2508 588 membris,
2536 520 2857 576 subauditur
2882 535 2911 575 a
2935 522 3339 592 superioribus:
3368 527 3599 582 aestimo
3622 529 3800 585 decla-

550 609 623 663 nil
650 608 775 666 vile.
821 608 893 661 nil
947 608 1141 664 servile
1194 611 1429 679 ipsarum
1481 612 1817 669 altitudinem
1848 617 2117 687 deprimit.

552 699 674 753 Non
712 699 972 755 assimilat
1026 701 1421 770 tyrannicarum
1459 704 1946 762 dissimilitudinum
1971 711 1986 740 ¹
2013 710 2119 764 ullo

546 790 724 854 modo,
744 790 846 845 boc
868 797 971 855 est,
1005 805 1065 845 se
1090 791 1281 861 tingit”
1303 791 1385 846 vel
1407 792 1619 848 colorat
1641 794 1851 852 illarum
1873 798 2116 864 altitudo,

546 895 711 939 unam
757 896 879 936 esse
912 882 1309 951 tyrannicarum
1339 882 1863 941 dissimilitudinum.
1911 888 2119 959 Tyran-

548 972 667 1025 nica
696 973 894 1042 quippe
921 973 1213 1028 dominatio
1232 989 1392 1028 verae
1416 976 1780 1031 Dontinationi
1806 978 2117 1035 dissimilis3

546 1071 648 1115 est.
674 1061 946 1116 Caelestes
990 1072 1169 1118 autem
1197 1063 1601 1121 nominationes
1647 1083 1751 1121 non
1800 1070 2077 1139 tyrannice
2100 1111 2114 1133 ,

547 1168 653 1205 non
708 1152 961 1221 superbe,
1017 1153 1111 1206 sed
1160 1155 1400 1210 modeste
1429 1163 1485 1210 et
1515 1156 1790 1212 humiliter
1832 1158 1883 1212 in
1933 1174 2119 1214 altiore

546 1243 639 1297 Dei
683 1251 739 1299 et
789 1243 1125 1298 subditorum
1176 1244 1278 1299 sibi
1327 1246 1686 1301 dominantur.
1751 1245 2120 1303 Universaliter

543 1351 659 1390 eam
713 1334 1020 1389 inclinatam
1053 1335 1370 1390 liberaliter"
1412 1353 1643 1391 severam
1685 1339 2116 1407 dominationem,

545 1429 686 1482 omni
712 1429 991 1481 minutivae
1005 1427 1026 1458 ⁵
1038 1427 1269 1482 servituti
1282 1429 1681 1497 superpositam,
1705 1446 1734 1484 a
1751 1431 2119 1501 superioribus

543 1519 878 1585 subauditur,
910 1519 1124 1573 aestimo
1157 1517 1447 1585 declarare,
1470 1521 1849 1576 universaliter
1894 1522 2127 1595 inelina-l

543 1620 653 1665 tam
677 1610 916 1667 modeste
944 1619 996 1663 et
1021 1609 1295 1663 humiliter
1315 1616 1370 1663 et
1394 1609 1688 1667 liberaliter
1709 1625 1977 1677 severam,
2004 1611 2118 1666 sive

540 1712 599 1757 ut
620 1708 799 1771 potest
825 1699 1129 1765 transferri,
1179 1700 1705 1769 irreprehensibilem
1738 1700 1760 1731 ‘
1791 1700 2115 1756 dominatio-

545 1807 669 1847 nem
701 1790 1095 1861 superpositam
1127 1790 1272 1846 omni
1301 1789 1655 1847 minorativae
1675 1791 1944 1847 servituti.
1990 1791 2113 1847 Non

2230 625 2372 664 rare.
2402 609 2627 680 Proprie
2648 606 2701 666 ὃν
2727 612 3050 679 universale,
3080 613 3254 684 ipsum
3299 631 3574 673 summum
3601 619 3798 675 bonum

2226 699 2378 764 dicit,
2409 700 2553 769 quod
2602 702 2818 771 preprie
2864 713 2968 769 est,
3008 712 3062 759 et
3108 706 3414 763 universale
3458 711 3665 765 bonum
3700 720 3797 767 est.

2226 791 2419 847 Omnia
2446 792 2711 863 siquidem
2736 796 2875 850 bona
2912 812 3018 859 non
3046 814 3145 868 per
3173 816 3232 855 se
3266 802 3431 867 bona,
3462 805 3559 858 sed
3582 806 3801 875 partici-

2223 882 2441 950 patione
2488 884 2808 939 universalis
2845 885 3001 953 boni,
3047 891 3190 959 quod
3217 893 3411 947 vere”
3448 893 3652 948 bonum
3700 906 3797 958 est,

2224 975 2363 1030 bona
2393 985 2537 1030 sunt.
2564 977 2793 1048 ideoque
2817 980 2950 1034 dixit
2975 998 2989 1034 :
3012 982 3079 1035 ad
3100 983 3300 1039 nullum
3324 1001 3459 1041 vana
3477 987 3797 1052 videntium,

2225 1065 2329 1121 boe
2353 1075 2459 1133 est,
2490 1067 2555 1121 ad
2570 1068 2773 1123 nullum
2798 1071 3222 1142 eorum",quae
3249 1090 3347 1145 per
3375 1091 3432 1131 se
3459 1078 3799 1133 considerata

2224 1173 2361 1212 vana
2379 1160 2957 1216 videntur.Videntium
2977 1164 3120 1218 enim
3139 1165 3267 1219 dicit
3287 1182 3383 1235 pro
3410 1167 3679 1231 visorum,
3706 1169 3803 1224 hoc

2220 1259 2325 1315 est,
2363 1267 2502 1318 quae
2532 1252 2799 1319 videntur,
2828 1254 3178 1310 usitatissimo
3207 1258 3253 1288 ’⁸
3275 1256 3611 1313 Graecorum
3634 1275 3795 1321 more,

2222 1352 2279 1398 et
2312 1344 2435 1412 quia
2458 1359 2488 1397 a
2513 1344 2675 1400 verbo
2707 1344 2975 1418 δὸκομαι²⁶
2994 1388 3009 1411 ,
3032 1338 3143 1402 Ἰιοο
3167 1356 3251 1403 est
3274 1349 3430 1405 video
3452 1359 3506 1405 et
3521 1351 3566 1382 ⁸⁷
3594 1351 3796 1415 videor,

2223 1432 2538 1497 derivatur,
2572 1435 2825 1503 quoniam
2865 1451 3151 1493 commune
3197 1447 3319 1504 est;
3364 1449 3423 1494 ut
3465 1440 3541 1494 sit
3562 1456 3795 1495 sensus:

2222 1524 2315 1579 sed
2338 1525 2388 1556 ⁸⁸
2418 1524 2647 1579 aestimo
2675 1525 2950 1582 declarare
2973 1543 3292 1583 conversam
3337 1544 3445 1584 non
3485 1531 3555 1585 ad
3602 1531 3799 1601 aliquid

2221 1632 2432 1683 eorum,
2454 1631 2593 1688 quae
2636 1633 2777 1672 vana
2824 1619 3093 1683 videntur,
3154 1621 3277 1691 quia
3309 1637 3407 1691 per
3431 1636 3491 1676 se
3531 1637 3644 1676 non
3677 1622 3799 1678 sub-

2221 1706 2442 1771 sistunt,
2480 1706 2573 1761 sed
2620 1707 2687 1762 ad
2727 1708 2802 1772 id,
2828 1708 2971 1777 quod
3006 1709 3224 1779 proprie
3256 1720 3341 1765 est
3369 1719 3425 1765 et
3464 1711 3793 1767 universale.

2220 1797 2787 1863 Animadvertendum,
2836 1799 2979 1869 quod
3023 1798 3213 1856 Graeci
3259 1800 3425 1856 Deum
3473 1811 3675 1856 vocant
3699 1801 3795 1856 ali-

538 1884 851 1954 indigentem
903 1880 1239 1950 subjectionis
1280 1881 1444 1936 omnis
1497 1892 1546 1935 et
1594 1892 1843 1936 remotam
1891 1883 1956 1936 ab
1996 1882 2113 1936 uni-
2143 1871 2190 1932 Β
2220 1891 2779 1961 quandonemmuler
2804 1888 2859 1947 δν
2885 1931 2901 1955 ,
2931 1892 3074 1961 quod
3126 1901 3228 1956 est,
3254 1891 3547 1961 aliquando
3589 1908 3796 1948 masc"-

538 1989 687 2031 versa
721 1971 1148 2026 dissimilitudine
1181 1979 1229 2023 et
1256 1969 1581 2039 Ityriarcliiae
1602 1972 1620 2002 "
1660 1973 1977 2026 incessanter
2022 1989 2114 2042 ap-

536 2071 811 2132 petentem.
862 2060 1100 2116 Aestimo
1148 2059 1423 2115 declarare
1449 2059 1684 2115 “nullius
1728 2060 2111 2131 subjectionis’

538 2152 906 2221 indigentem,
946 2150 1048 2203 nisi
1084 2148 1182 2204 soli
1199 2147 1242 2181 ¹⁰
1286 2149 1395 2203 Deo
1441 2150 1557 2203 et“
1601 2151 1941 2220 praecedenti
1966 2152 2009 2184 η
2056 2166 2113 2205 se

539 2243 872 2306 ierai'chiae;
900 2249 953 2294 et
968 2248 1229 2295 remotam
1253 2239 1321 2294 ab
1334 2240 1482 2294 omni
1505 2240 1957 2306 dissimilitudine,
1974 2256 2113 2310 quae

537 2350 657 2388 eam
672 2332 965 2389 deformem
984 2331 1405 2402 dissimilemque
1419 2332 1658 2388 Creatori
1676 2320 1820 2389 1‘suo
1836 2334 2031 2390 efficiat
2046 2335 2110 2400 ",

536 2416 682 2493 et’ky
695 2422 981 2478 riarchiam
999 2422 1045 2454 ⁸⁸
1071 2463 1086 2488 ,
1111 2422 1213 2477 hoc
1243 2431 1347 2485 est,
1382 2422 1554 2492 ipsam
1581 2424 1947 2491 Divinitatem,
1975 2440 2114 2495 quae

534 2513 844 2585 byriarcbia
862 2514 904 2545 ¹⁶
932 2512 1148 2579 dicitur,
1173 2513 1428 2583 quoniam
1456 2514 1706 2584 princeps
1723 2525 1808 2571 est
1833 2525 1887 2571 et
1913 2516 2114 2586 princi-

538 2611 685 2682 pium
710 2608 1290 2672 totiusdominatiouis,
1330 2609 1696 2664 indesinenter
1719 2610 2007 2664 desiderat.
2046 2610 2112 2664 Et

538 2704 607 2757 ad
651 2705 819 2774 ipsam
849 2703 993 2757 illius
1020 2703 1181 2773 ipsius
1212 2701 1527 2755 naturaliter
1551 2702 2111 2760 subsistentis.virtutis

535 2795 967 2859 similitudinem,
1015 2803 1269 2865 quantum
1336 2791 1614 2863 possibile,
1675 2802 1724 2845 et
1773 2792 2019 2862 seipsam,
2064 2800 2112 2845 et

535 2904 673 2958 quae
688 2896 805 2957 post
828 2902 945 2941 eam
978 2893 1122 2947 sunt,
1143 2882 1470 2952 deiformiter
1504 2880 1941 2951 conformantem.
1965 2881 2114 2936 llaue

534 2978 860 3036 sententiam
887 2985 1171 3048 prepterea
1199 2974 1277 3029 sic
1302 2973 1640 3042 interpretati
1668 2987 1854 3027 sumus
1879 2986 1975 3041 per
2000 2987 2112 3026 am-

534 3071 729 3133 bitum,
748 3067 1001 3137 quoniam
1022 3065 1177 3142 κυρία
1200 3065 1239 3096 ¹⁷
1269 3064 1321 3117 in
1343 3061 1551 3119 Graeco
1565 3070 1652 3116 est
1673 3062 1929 3131 positum,
1960 3061 2112 3131 cujus

535 3159 911 3228 interpretatio
941 3156 1157 3227 propria
1185 3169 1293 3209 uno
1320 3169 1424 3207 non
1463 3152 1784 3223 exprimitur
1804 3153 1986 3215 verbo,
2017 3152 2111 3206 sed

534 3250 613 3305 sic
641 3264 656 3303 :
685 3246 1007 3303 naturaliter
1031 3246 1332 3300 subsistens
1357 3243 1546 3305 virtus,
1579 3249 1639 3296 ut
1663 3242 1736 3296 sit
1758 3255 1949 3296 sensus
1979 3258 1992 3294 :
2023 3239 2109 3295 ln-
2137 3231 2181 3292 C

534 3343 848 3398 desinenter
867 3338 1072 3408 appetit
1104 3334 1508 3391 similitudinem
1539 3334 1607 3386 ad
1637 3333 1805 3401 ipsam
1832 3331 2109 3402 kyrian“,

534 3433 639 3488 hoc
663 3440 748 3488 est
770 3432 1046 3490 virtutem.
1079 3441 1219 3497 quae
1257 3424 1580 3479 naturaliter
1603 3439 1701 3492 per
1743 3438 1800 3477 se
1845 3422 2110 3489 subsistit,

536 3533 592 3578 et
617 3537 760 3593 quae
776 3520 910 3575 nihil
956 3519 1101 3573 aliud
1127 3528 1232 3583 est,
1265 3516 1368 3571 nisi
1407 3516 1522 3585 ipsa
1562 3529 1659 3584 per
1705 3514 1937 3584 seipsam
1984 3515 2111 3570 sub-

536 3615 735 3670 sistens
783 3610 1064 3675 Divinitas,
1114 3623 1289 3677 quae,
1320 3614 1580 3676 quantum
1626 3605 1878 3674 possibile
1927 3614 2032 3673 est,
2060 3616 2115 3662 et

536 3707 733 3775 ipsam,
783 3700 1206 3757 dominationem
1244 3698 1512 3763 videlicet,
1548 3705 1605 3754 et
1648 3712 1790 3767 quae
1829 3707 1952 3769 post
1993 3713 2112 3753 eam

534 3804 684 3861 sunt,
720 3797 775 3850 in
814 3792 1161 3849 inferioribus
1205 3789 1488 3845 ordinibus
1528 3789 1852 3846 conformat.
1888 3791 2115 3847 Videtur

536 3889 681 3944 enim
717 3901 875 3960 posse
925 3886 1003 3941 sie
1039 3884 1276 3939 breviter
1296 3881 1341 3916 ⁸⁹
1383 3880 1705 3937 transferri:
1733 3882 1800 3939 Et
1842 3884 1911 3938 ad
1942 3883 2113 3953 ipsam

537 3979 779 4049 ejusdem
815 3976 1088 4049 propriam
1106 3975 1150 4007 ¹⁰
1183 3973 1611 4038 similitudinem,
1637 3982 1896 4042 quantum
1940 3975 2114 4044 possi-

532 4072 642 4128 bile
662 4071 732 4136 “,
771 4079 826 4125 et
853 4084 911 4123 se
956 4067 1150 4137 ipsam,
1179 4072 1234 4120 et
1255 4078 1395 4135 quae
1421 4071 1543 4134 post
1569 4079 1690 4120 eam
1728 4072 1872 4128 sunt,
1904 4065 2114 4121 confor-

545 4173 806 4228 mantem,
838 4169 899 4217 ut
923 4175 1115 4216 sensus
1138 4158 1211 4214 sit
1241 4176 1253 4211 :
1285 4158 1353 4212 Et
1380 4158 1611 4214 aestimo
1636 4158 1913 4213 declarare
1949 4174 2113 4229 appe-

472 4310 479 4315 ,
534 4264 742 4311 tentem
790 4253 858 4308 ad
904 4251 1072 4320 ipsam
1119 4247 1392 4319 propriam
1421 4245 1828 4302 similitudinem
1850 4246 2113 4315 ejusdem,

534 4345 875 4421 kyriarcliiae
927 4343 1105 4413 plane,
1146 4347 1406 4410 quantum
1442 4339 1714 4407 possibile,
1764 4347 1817 4393 et
1861 4339 2113 4409 seipsam,

542 4440 969 4494 dominationem
1014 4434 1238 4495 scilicet,
1270 4440 1328 4487 et
1363 4446 1505 4500 quae
1532 4441 1654 4501 post
1682 4447 1797 4485 eam
1826 4441 1972 4498 sunt,
2002 4432 2116 4487 dei-

536 4527 787 4584 formiter
812 4522 1239 4580 eonformantem
1270 4531 1324 4577 et
1347 4521 1705 4592 ellingentem.
1726 4520 1793 4576 Et
1814 4524 1883 4577 ad
1912 4523 2113 4579 nullum

2216 1982 2323 2038 line
2345 1978 2433 2048 ὧν,
2455 1983 2544 2052 qui
2563 1991 2666 2039 est.
2684 1982 2750 2035 Et
2765 1982 3120 2052 ltyriarcliicae
3141 1983 3187 2014 ¹⁹
3205 1999 3406 2052 semper
3428 1983 3796 2052 deiformitatis

2213 2074 2269 2128 in
2292 2073 2691 2143 participatione
2709 2075 2994 2127 secundum
3014 2073 3152 2143 quod
3181 2072 3425 2143 possibile
3450 2074 3554 2143 ipsi
3579 2074 3791 2143 factum.

2215 2165 2328 2221 [Ioc
2356 2166 2604 2223 ultimum
2631 2167 2849 2223 omnino
2872 2175 3039 2237 patet.
3079 2166 3232 2234 Quod
3262 2165 3407 2221 enim
3437 2166 3570 2221 dicit
3599 2167 3657 2221 in
3674 2182 3795 2237 par-

2213 2256 2524 2328 ticipatione
2585 2257 2921 2329 kyriareliiae
2950 2258 2994 2288 ³⁰
3065 2255 3444 2312 deiformitatis
3490 2254 3692 2310 factam
3711 2255 3792 2321 ³⁸,

2214 2363 2501 2405 commune
2521 2357 2606 2405 est
2632 2349 2875 2404 omnium
2898 2348 3222 2404 caelestium
3245 2347 3633 2407 essentiarum.
3667 2346 3793 2401 0m-

2212 2441 2297 2497 nis
2336 2441 2535 2512 quippe
2558 2440 2736 2497 virtus
2779 2455 2964 2496 earum
3006 2439 3060 2494 in
3111 2438 3527 2510 participatione
3572 2437 3795 2491 Deitatis

2212 2533 2374 2600 est”,
2398 2546 2539 2603 quae
2561 2532 2606 2563 ³³
2629 2540 2715 2587 est
2743 2530 3184 2588 Dominationum
3232 2530 3502 2600 princeps.
3546 2527 3727 2598 Ipsam
3748 2527 3796 2559 ”

2211 2640 2330 2678 vero
2350 2631 2654 2677 sanctarum
2692 2620 2978 2686 Virtutum,
3007 2619 3327 2675 subauditur
3363 2618 3592 2673 aestimo
3625 2616 3793 2671 decla-

2215 2731 2335 2770 rare
2363 2714 2806 2780 nominationem,
2844 2713 3033 2782 fortem
3056 2711 3319 2782 quandam
3357 2720 3406 2765 et
3448 2711 3793 2764 incommuta.

2213 2805 2366 2859 bilem
2398 2804 2702 2859 virilitatem
2731 2803 2786 2858 in
2816 2820 2992 2858 omnes
3032 2801 3319 2857 secundum
3367 2818 3551 2854 earum
3594 2800 3791 2870 deifor—

2212 2899 2444 2952 mitatem
2465 2898 2811 2968 operationes,
2835 2896 2904 2948 ad
2935 2895 3135 2949 nullam
3182 2894 3565 2964 susceptionem
3595 2894 3789 2950 indita-

2212 3003 2329 3041 rum
2362 2988 2409 3041 ei
2462 2987 2761 3041 diuinarum
2809 2984 3253 3040 illuminationum
3291 2984 3620 3038 imbecilliter
3650 2984 3794 3054 inﬁr—

2212 3086 2407 3132 matam
2425 3117 2441 3142 ,
2468 3086 2701 3147 potenter
2722 3076 2776 3129 in
2801 3075 3142 3128 imitationem
3179 3075 3223 3105 ³⁵
3252 3073 3347 3128 Dei
3375 3076 3662 3139 reductam,
3694 3091 3791 3129 non

2213 3166 2584 3236 relinquentem
2626 3166 2814 3219 suimet
2844 3163 3195 3218 imbecillitate
3224 3164 3535 3233 deiformem
3566 3175 3783 3228 motum,

2213 3255 2302 3309 sed
2341 3255 2561 3324 ﬁrmiter
2588 3255 2835 3326 ferentem
2859 3255 2913 3308 in
2935 3254 3419 3321 superessentialcm
3443 3265 3492 3308 et
3536 3252 3795 3325 potentiﬁ-

2213 3362 2329 3400 cam
2345 3346 2390 3377 ³⁸
2408 3348 2665 3411 virtutem,
2680 3356 2727 3401 et
2744 3346 2904 3415 ipsius
2921 3345 3196 3416 imaginem
3214 3346 3392 3418 virtuti
3412 3346 3637 3400 similem
3641 3347 3792 3416 juxta

2213 3437 2352 3507 quod
2380 3436 2495 3492 licet
2540 3437 2733 3508 factam
2757 3437 2827 3504 ⁸⁷,
2856 3446 2904 3492 et
2939 3436 3007 3490 ad
3030 3439 3196 3506 ipsam
3218 3436 3425 3508 quidem
3450 3446 3506 3490 nt
3536 3439 3796 3509 principa-

2213 3528 2312 3585 lem
2350 3530 2590 3584 virtutem
2631 3537 2864 3600 potenter
2910 3545 3245 3594 conversam,
3287 3528 3357 3581 ad
3397 3528 3632 3582 secunda
3683 3544 3793 3583 vero

2215 3621 2417 3674 virtutis
2436 3622 2688 3675 datricem
2728 3630 2774 3675 et
2815 3621 3140 3691 deiformiter
3168 3622 3582 3692 provenientem.
3621 3621 3796 3677 Nomi-

2214 3712 2388 3778 natio,
2424 3712 2617 3783 inquit,
2663 3712 2935 3769 Virtutum
2964 3711 3158 3768 fortem
3197 3721 3253 3767 et
3302 3714 3795 3769 incommutabilem

2215 3816 2403 3858 earum
2442 3804 2754 3860 virilitatem
2799 3803 2884 3858 vel
2918 3805 3156 3875 vigorem
3190 3804 3272 3859 vel
3317 3806 3707 3861 strenuilatem
3749 3804 3795 3858 in

2213 3909 2403 3950 omnes
2434 3894 2723 3951 deiformes
2750 3897 3095 3967 operationes
3117 3896 3380 3960 declarat,
3405 3911 3549 3967 quae
3577 3896 3798 3951 virilitas

2214 3988 2358 4043 nulla
2398 3987 2763 4043 imbecillitate
2800 3989 3111 4044 infirmatur
3146 3990 3200 4044 in
3239 3990 3584 4060 susceptione
3626 3990 3799 4045 insita-

2217 4094 2336 4134 rum
2357 4079 2456 4134 sibi
2480 4079 2782 4135 divinarum
2811 4078 3285 4145 illuminationum,
3305 4094 3444 4148 quae
3473 4089 3730 4149 potenter
3751 4080 3798 4134 in

2215 4168 2573 4224 imitationem
2604 4168 2697 4224 Dei
2733 4170 3026 4235 reducitur,
3056 4171 3159 4225 hoc
3188 4179 3270 4226 est
3308 4185 3526 4226 sursum
3556 4171 3799 4234 ducitur,

2214 4273 2353 4328 quae
2388 4273 2494 4313 non
2529 4259 2844 4329 relinquit”
2872 4275 2969 4315 sua
3005 4260 3303 4324 debilitate,
3354 4259 3484 4329 quia
3527 4274 3800 4329 nunquam

2215 4349 2545 4415 debilitatur,
2570 4348 2887 4405 deiformem
2911 4359 3138 4417 motum,
3165 4350 3259 4408 sed
3282 4350 3515 4405 firmiter
3544 4365 3608 4405 se
3634 4352 3800 4420 ipsam

2222 4440 2348 4507 fert,
2379 4443 2483 4497 hoc
2537 4450 2651 4509 est,
2682 4443 2910 4497 firmiter
2956 4444 3128 4499 tendit
3169 4445 3223 4498 in
3261 4441 3801 4513 superessentialem,

2221 4530 2459 4585 divinam
2489 4532 2645 4603 plane
2668 4533 2940 4597 virtutem,
2970 4548 3110 4603 quae
3131 4533 3175 4565 "
3201 4548 3261 4611 se
3283 4541 3562 4602 potentem
3594 4530 3803 4595 facit“,

541 4638 677 4677 uana
703 4619 1006 4679 videntium.
1029 4617 1118 4671 sed
1140 4618 1209 4669 πά
1233 4616 1439 4685 Ρνορνίθ
1461 4613 1563 4670 ‘ON
1588 4615 1874 4668 universale
1902 4633 2116 4672 conrer-
2149 4602 2197 4660 ι)
2224 4632 2279 4677 et
2305 4640 2443 4694 quae
2466 4624 2509 4657 δι
2536 4625 2677 4680 facta
2705 4635 2788 4681 est
2809 4627 3183 4698 imagoipsius
3207 4605 3684 4699 superessentialis
3695 4627 3801 4681 vir-

537 4727 693 4778 sam;
727 4711 783 4766 in
830 4710 1080 4765 omnibus
1130 4706 1287 4777 hujus
1328 4705 1631 4761 sententiae
1658 4705 1868 4772 colis",
1907 4708 2007 4763 hoc
2036 4718 2118 4763 est

2227 4714 2373 4777 tutis,
2409 4714 2535 4769 dum
2557 4716 2630 4770 sit
2652 4716 2838 4771 virtuti
2861 4717 3075 4783 similis,
3100 4727 3156 4773 et
3191 4732 3328 4788 quae
3356 4717 3804 4788 convertiturpo-

1816 4798 2070 4855 VARIAE
2108 4802 2511 4862 LECTIONES.

613 4898 630 4928 ί
653 4893 835 4957 Corn,
874 4891 964 4946 AB
999 4880 1494 4946 dissimilitudinem.

1590 4889 1611 4919 ³
1758 4889 1837 4963 λος
1866 4890 1907 4943 A
1947 4902 2019 4973 set
2060 4895 2227 4973 irigit_,
2268 4895 2310 4950 B
2335 4899 2519 4973 fringit
2538 4899 2699 4973 ,ρει
2736 4916 2887 4973 corr.
2913 4902 3083 4973 ﬁngit.

3185 4903 3206 4934 ³
3233 4902 3276 4956 Α
3301 4901 3509 4958 similis.
3617 4902 3643 4935 ⁵
3666 4901 3708 4955 Β
3736 4901 3802 4955 li-

542 4963 831 5043 beraliliter
851 4961 1058 5036 (punct.
1082 4962 1141 5017 B‘
1183 4960 1289 5030 adj.
1335 4957 1600 5030 videtur);
1630 4957 1694 5012 B‘
1715 4960 1873 5030 stupra
1896 4962 2075 5018 adscr.
2101 4957 2148 5019 ἐι
2172 4957 2485 5024 liberaliter.
2540 4957 2584 5002 ’⁸
2607 4971 2650 5023 Β
2673 4971 2881 5026 minuti.
2913 4957 2972 5025 'B‘
2989 4957 3169 5043 "supra
3198 4957 3503 5028 adserere.
3560 4972 3582 5003 ⁸
3604 4972 3651 5027 Β
3676 4973 3803 5025 ἕνης

539 5040 936 5151 ρτρῗρςῃιὶὸξιεηι
960 5066 1167 5139 (punct.
1190 5064 1297 5135 adj.
1340 5072 1394 5119 et
1419 5081 1445 5118 s
1473 5078 1635 5134 supra
1665 5065 1840 5120 adscr.
1866 5064 1953 5132 B‘,
1982 5077 2040 5123 ut
2078 5068 2222 5142 legas
2248 5074 2717 5147 irrepressibilem).
2792 5078 2812 5108 "
2838 5075 2990 5151 Corr.
3026 5040 3108 5145 ΒΣ,
3135 5077 3178 5132 Α
3202 5076 3524 5148 kyiarcliiae,
3549 5076 3595 5131 Β
3618 5076 3800 5148 kyrar-

798 5175 821 5208 ⁸
847 5174 937 5230 Sic
969 5174 1074 5239 BC,
1109 5172 1170 5226 B‘
1197 5186 1340 5227 corr.
1374 5169 1658 5237 declinare,
1697 5171 1740 5225 A
1763 5171 2047 5288 decimare.

542 5177 709 5231 cltiae.

542 5363 677 5442 ΑΒ-ς]
702 5362 924 5450 inficiat.
1003 5361 1048 5392 ¹⁶
1065 5360 1156 5415 Sic
1184 5359 1312 5450 ΛΕὰ
1342 5358 1386 5450 'l}
1409 5357 1780 5450 kyriarcltﬁiam:

846 5433 998 5470 ληίτου
1024 5446 1190 5488 posse-
1267 5420 1312 5460 ³ο
1342 5427 1383 5468 ῐζ
1412 5420 1671 5476 aii-nmini?!
1717 5424 1945 5472 ρὶυςίίρυι

2148 5178 2168 5209 ⁹
2196 5176 2241 5230 Α
2269 5178 2632 5235 subvectionis.

542 5285 586 5316 η
618 5282 710 5339 Sic
748 5281 791 5338 C
844 5290 898 5337 et
928 5295 1071 5337 corr.
1125 5279 1208 5344 B‘,
1251 5277 1701 5359 ABpraecidenti.
1776 5276 1820 5307 ¹³
1846 5268 2089 5359 ig'riutori
2114 5279 2319 5351 (punct.
2366 5285 2471 5355 adj.
2505 5297 2559 5342 et
2586 5305 2670 5342 cre
2699 5268 2858 5359 supr‘a
2888 5306 2995 5346 ser.
3023 5292 3234 5346 videtur
3261 5290 3367 5352 B‘).

1876 5356 2182 5452 3.5“.93.‘
2212 5378 2356 5419 οοηο
2387 5365 2473 5444 Bt.
2497 5366 2585 5420 AB
2606 5356 2899 5437 kyrarcliia.
2977 5369 3016 5401 ιτ
3049 5372 3139 5424 ΑΒ

2744 5184 2787 5215 ¹⁰
2807 5182 2850 5237 Β
2882 5149 2994 5237 solii:
3020 5185 3061 5256 (i
3088 5200 3233 5255 supr.
3267 5180 3498 5253 scr.B‘).
3579 5183 3621 5215 ¹¹
3646 5183 3693 5237 Α
3719 5196 3801 5234 es.

3446 5287 3491 5318 “
3512 5287 3695 5386 Eon._
3716 5287 3801 5350 B‘,

3437 5366 3557 5399 1'“
