3984 5342
169 431 272 490 I97

991 421 1212 477 SUPER
1252 415 1677 476 IERARCIIIAM
1716 415 2123 473 CAELESTENI
2165 416 2224 472 S.
2265 413 2581 472 DIONYSII.

3329 409 3429 466 l98

170 541 425 602 tenterad
442 541 610 611 ipsam
625 538 879 590 virtutem
895 535 1089 590 merito
1106 533 1744 615 principalcm,quoniam
1778 537 1820 594 Α
1849 551 1939 601 per
1978 534 2203 587 mediam
2234 533 2379 585 illam
2413 533 2454 562 "
2498 530 2726 584 secunda
2765 529 3183 599 manifestationc
3215 529 3430 585 delatis.

169 635 409 691 omnimn
428 631 684 685 virtutum
699 636 753 682 et
777 628 1030 697 princeps
1056 636 1109 679 et
1136 625 1457 694 principium
1485 633 1585 690 est,
1609 639 1748 694 quae

169 727 334 780 etiam
363 723 430 777 ad
457 719 693 775 secunda
723 719 978 772 virtutem
1006 717 1095 772 dat
1117 727 1170 769 et
1197 715 1534 770 deiformiter
1557 731 1750 786 prove—

170 815 270 879 nit,
292 815 396 868 hoc
416 820 521 876 est,
551 811 722 864 instar
743 807 958 862 divinae
977 806 1355 876 proccssionis.
1371 807 1436 860 Et
1457 807 1748 861 notandum

169 905 333 974 quod,
366 903 455 957 ubi
481 902 757 972 posuimus
789 899 807 931 ¹
854 899 1038 952 virtuti
1071 898 1302 952 similem
1332 907 1387 951 ct
1413 898 1630 952 virtutis
1657 898 1752 952 da-

171 997 388 1059 tricem,
421 996 494 1049 ibi
538 994 590 1046 in
639 992 850 1047 Graeco
875 991 1173 1060 composita
1217 999 1344 1044 sunt
1387 991 1578 1051 verba,
1614 1005 1752 1058 quae

170 1085 524 1154 compositive
576 1097 680 1137 non
727 1097 1014 1150 possumus
1063 1079 1379 1144 transferre,
1436 1081 1538 1134 nisi
1588 1081 1748 1143 forte,

169 1177 416 1248 quamvis
445 1175 720 1237 inusitate,
766 1171 1008 1227 dicamus
1057 1170 1360 1240 δυναμοηδῆ
1400 1170 1421 1202 ¹
1453 1169 1756 1224 virtutifor-

170 1284 344 1331 mem;
371 1264 728 1339 δυναμοδὸτως
765 1264 785 1295 ³
821 1279 968 1325 vero,
1001 1263 1127 1316 dum
1167 1262 1477 1316 adverbium
1519 1261 1749 1323 videtur,

170 1359 402 1426 nonnisi
432 1356 740 1412 nominibus
759 1363 933 1424 potest
976 1349 1281 1417 transferri,
1324 1368 1392 1408 ne
1417 1354 1640 1407 nimium
1679 1353 1756 1407 in-

171 1449 370 1503 usitate
411 1455 680 1502 vertatur.
732 1445 1027 1515 Propterea
1081 1444 1316 1498 diximus
1348 1460 1360 1496 :
1393 1444 1577 1498 virtuti
1605 1443 1754 1497 simi-

171 1538 273 1596 lem
291 1548 350 1595 et
368 1540 586 1592 virtutis
600 1539 880 1592 datricem.
900 1536 1080 1605 Ipsam
1097 1537 1117 1566 ⁵
1135 1547 1307 1590 autem
1322 1549 1622 1590 sanctarum
1643 1537 1753 1590 Po-

171 1640 443 1693 testatum,
470 1630 572 1683 hoc
604 1637 706 1692 est,
763 1629 934 1697 ipsam
977 1627 1402 1681 nominationem
1441 1637 1751 1682 sanctarum

169 1720 505 1775 Potestatum
535 1721 765 1774 aestimo
781 1720 802 1750 '
827 1719 1104 1774 declarare
1133 1721 1546 1790 aequipolentcm
1570 1719 1591 1750 ⁶
1615 1719 1752 1772 divi-

169 1827 353 1864 narum
381 1807 809 1864 Dominationum
853 1819 902 1863 et
958 1808 1218 1862 Virtutum
1265 1811 1390 1863 bene
1433 1820 1676 1863 ornatam
1702 1819 1750 1863 et

167 1905 496 1973 inconfusam
533 1905 673 1958 circa
713 1905 916 1958 divinas
947 1905 1290 1973 susceptiones
1343 1905 1748 1969 ordinationem,
1782 1881 1827 1938 Β

165 2007 214 2049 et
257 1996 563 2049 ordinatum
594 1995 614 2026 τ
643 1995 1096 2065 supermundanae
1134 2004 1181 2048 et
1217 1993 1584 2049 intellectualis
1612 2003 1754 2063 pote-

164 2087 332 2149 statis,
362 2102 468 2139 non
491 2086 760 2154 tyrannice
784 2086 838 2138 in
853 2102 934 2145 ea.
963 2101 1097 2155 quae
1119 2085 1372 2153 inferiora
1395 2094 1515 2138 sunt
1535 2084 1582 2148 ⁸,
1610 2094 1752 2154 pote-

164 2178 364 2232 statiris
388 2177 669 2230 virtutibus
697 2176 1094 2246 praecipitatae,
1119 2175 1210 2227 sed
1238 2183 1472 2243 potenter
1493 2175 1546 2227 in
1574 2174 1751 2226 divina

163 2278 273 2338 post
312 2270 445 2321 bene
484 2268 757 2321 ordinatas
794 2267 1060 2331 reductae,
1107 2276 1155 2320 et
1190 2276 1301 2336 post
1344 2283 1398 2320 se
1429 2265 1754 2334 deiformiter

165 2361 485 2425 reducentis,
519 2369 567 2413 et
607 2353 962 2429 potentificam
996 2357 1016 2389 ⁹
1067 2358 1538 2423 exusiarchiam“,
1577 2373 1751 2427 quan-

162 2465 268 2507 tum
305 2454 390 2522 fas
420 2462 522 2518 est,
562 2451 904 2513 assimilatae,
932 2460 979 2503 et
1009 2467 1148 2513 eam,
1179 2459 1236 2502 ut
1261 2449 1527 2518 possibile,
1551 2449 1752 2519 angelis

165 2543 444 2597 revelantis
471 2543 526 2595 in
551 2542 674 2595 bene
693 2542 894 2595 ornatis
923 2557 1015 2610 per
1036 2541 1204 2610 ipsam
1226 2541 1498 2594 ordinibus
1521 2550 1752 2611 potesta-

164 2635 264 2688 tiva
290 2636 501 2689 virtute.
527 2633 728 2702 ipsa“.
761 2633 958 2702 inquit,
993 2632 1288 2686 nominatio
1306 2641 1618 2688 sanctarum
1648 2632 1751 2688 Po-

163 2732 418 2776 testatnm
460 2723 700 2777 declarat
755 2720 1260 2791 aequepotentem“
1307 2721 1389 2775 vel
1433 2721 1753 2790 aequeordi-

164 2811 412 2864 natam"
470 2811 864 2865 ordinationem
921 2811 1116 2865 divinis
1181 2811 1647 2865 Dominationibus
1699 2820 1754 2865 et

165 2902 496 2967 Virtutibus,
543 2911 602 2956 et
638 2901 774 2956 bene
807 2910 1075 2963 ornatam,
1124 2911 1179 2956 ct
1222 2900 1582 2966 inconfusam,
1613 2917 1752 2972 quae

168 3008 269 3045 non
302 2993 612 3063 tyrannice,
648 2994 749 3048 hoc
776 3003 883 3057 est,
910 3008 1014 3048 non
1039 2992 1258 3047 abusiva
1298 3000 1566 3062 potestate
1590 2993 1642 3045 in
1662 3006 1744 3054 ea,

161 3098 297 3152 quae
321 3084 430 3138 sibi
459 3085 673 3139 subdita
717 3095 864 3147 sunt,
908 3085 963 3138 in
1017 3084 1139 3138 [icta
1183 3084 1226 3115 “
1286 3083 1638 3138 similitudine
1661 3099 1751 3152 po-

164 3177 542 3230 testativarum
596 3177 855 3231 virtutum
888 3175 1298 3246 praecipitatur,
1341 3173 1434 3228 sed
1475 3182 1746 3243 potenter,

164 3267 276 3320 sive
326 3275 387 3320 ut
437 3267 656 3336 proprie
711 3265 1056 3329 transfertur,
1084 3265 1458 3334 potentissime
1484 3264 1536 3316 in
1565 3263 1748 3317 divina

164 3358 446 3412 reducitur
465 3366 586 3426 post
615 3356 751 3411 bene
773 3356 1071 3419 ordinatas,
1106 3357 1212 3409 hoc
1245 3363 1348 3420 est,
1383 3363 1503 3424 post
1539 3354 1751 3423 primae

163 3449 471 3503 ierarchiae
524 3448 748 3518 pulchre
795 3447 1074 3502 ordinatas
1130 3447 1397 3513 virtutes,
1453 3459 1593 3516 quae
1631 3461 1750 3501 eam

162 3541 521 3609 praecedunt,
551 3549 606 3593 et
650 3547 770 3608 post
788 3554 868 3601 se,
899 3539 950 3591 id
981 3546 1067 3592 est
1108 3539 1174 3603 ",
1199 3537 1337 3593 infra
1377 3553 1436 3593 se
1474 3539 1751 3594 ordinatas

161 3631 392 3686 virtutes
440 3629 779 3685 deiformitcr
805 3631 1016 3685 reducit
1040 3630 1108 3695 ",
1141 3646 1356 3686 sursum
1384 3631 1544 3702 plane
1574 3631 1744 3695 ducit,

159 3727 213 3772 et
267 3721 619 3789 potentilicae
669 3720 1068 3784 exusiarchiae,
1125 3720 1226 3776 hoc
1277 3729 1362 3776 est
1408 3720 1746 3784 Divinitatis,

162 3824 295 3878 quae
326 3810 759 3875 £Eoueionoio'c",
805 3810 932 3878 quia
973 3819 1267 3879 potestates
1303 3810 1447 3874 facit,
1483 3813 1750 3884 ἔξουσιαρ-

162 3902 314 3974 xta“
342 3919 493 3966 vero,
527 3903 655 3972 quia
705 3910 1032 3970 potestatum
1064 3903 1316 3970 princeps
1359 3911 1441 3955 est
1470 3909 1524 3956 et
1544 3903 1748 3972 princi-

161 3992 326 4059 pium,
359 3992 700 4055 nominatur,
732 3999 994 4060 quantum
1033 3990 1176 4054 licet,
1222 3988 1415 4044 similis
1465 3989 1607 4044 facta
1642 4001 1742 4056 est,

159 4093 213 4138 et
234 4101 356 4140 eam
402 4085 863 4162 ἕξουσιαρχίανη,
909 4093 1164 4152 quantum
1215 4084 1492 4154 possibile,
1545 4086 1748 4157 angelis

163 4175 365 4230 revelat
393 4176 718 4245 potestativa
748 4176 946 4229 virtute
978 4176 1030 4230 in
1068 4175 1202 4231 bene
1229 4177 1438 4232 ornatis
1467 4178 1748 4235 ordinibus

163 4280 256 4333 per
279 4268 481 4336 ipsam,
518 4283 672 4322 suam
704 4267 954 4322 videlicet
1007 4268 1427 4332 ordinationem,
1461 4285 1560 4339 per
1584 4287 1745 4340 quam

163 4355 454 4413 inferiores
497 4359 718 4413 ordines
763 4369 1048 4414 ornantur.
1093 4360 1207 4414 Has
1241 4362 1434 4416 habens
1468 4364 1746 4434 deiformes

163 4450 504 4517 proprietates
520 4451 693 4504 media
706 4449 1006 4504 caelestium
1020 4451 1314 4505 animorum
1329 4453 1598 4524 dispositio
1631 4469 1751 4525 pur-

1850 628 1977 690 llas,
2016 626 2208 694 inquit,
2244 625 2491 694 proprias
2534 624 2762 677 virtutes
2809 638 2871 676 ac
2913 622 3202 681 deiformes
3224 623 3436 678 medius

1849 719 2164 775 caelestium
2195 717 2497 770 animorum
2527 722 2748 770 ornatus
2774 715 2957 778 habet,
2984 715 3210 784 ideoque
3234 727 3437 785 purga—

1851 824 1941 870 tur
1991 824 2047 869 et
2108 813 2442 867 illuminatur
2500 821 2555 866 et
2609 811 2925 880 perficitur,
2977 808 3434 879 quemadmodum

1851 906 2051 960 dictum
2083 912 2166 959 est
2194 904 2244 956 in
2275 901 2540 964 superiori
2570 901 2816 970 Capitulo
2838 901 2904 954 de
2941 899 3112 967 prima
3144 897 3432 953 icrarchia.

1853 994 1962 1048 Nec
1988 992 2204 1047 aliunde
2234 1000 2494 1061 purgatur
2541 998 2598 1044 et
2655 990 2991 1044 illumiaatur
3037 998 3092 1042 et
3139 989 3435 1058 perficitur,

1852 1083 1956 1137 nisi
1985 1097 2014 1134 a
2042 1080 2239 1135 divinis
2268 1079 2776 1141 illuminationibus,
2821 1079 3004 1133 inditis
3050 1079 3149 1133 sibi
3177 1079 3436 1138 secundo,

1852 1172 2225 1228 adverbium"
2249 1180 2330 1226 est
2345 1172 2600 1232 secundo,
2633 1185 2728 1240 per
2748 1171 2978 1240 primam
3009 1169 3367 1223 ierarehicam
3391 1167 3440 1199 "

1854 1265 2283 1335 diSpositionem,
2335 1263 2591 1332 quoniam
2656 1261 2743 1316 illa
2782 1262 2995 1330 primo,
3039 1261 3140 1316 ista
3186 1276 3318 1315 vero
3353 1275 3444 1315 se-

1853 1358 2030 1412 cundo
2056 1371 2155 1425 per
2207 1355 2351 1409 illam
2399 1355 2610 1408 divinas
2657 1354 2950 1423 participat
2994 1353 3438 1417 illuminationes,

1852 1460 1908 1506 et
1935 1465 2033 1519 per
2065 1449 2297 1503 mediam
2330 1447 2475 1500 illam
2510 1447 2706 1500 iterum
2737 1445 2969 1500 secunda
3001 1445 3439 1499 manifestatione

1855 1544 1907 1597 in
1933 1543 2146 1596 tertiam
2169 1540 2492 1596 ierarchiam
2508 1539 2672 1593 veluti
2702 1554 2800 1607 per
2829 1539 3118 1594 secundam
3139 1537 3188 1570 ”
3213 1537 3440 1593 manife-

1854 1633 2139 1688 stationem
2173 1632 2304 1700 ipsis
2329 1630 2526 1685 divinis
2555 1629 3038 1683 illuminationibus
3072 1628 3297 1694 delatis,
3327 1629 3445 1684 sive

1854 1733 1914 1778 ut
1941 1724 2158 1794 proprie
2193 1721 2542 1786 transfertur,
2575 1721 2899 1776 distributis.

1909 1815 1936 1886 ᾗ
1953 1815 2199 1884 2.1taque
2211 1829 2302 1882 per
2312 1812 2471 1866 aliam
2486 1813 2759 1866 dictionem
2777 1811 2946 1865 venire
2959 1811 3014 1864 in
3025 1810 3188 1864 alium
3201 1811 3444 1881 angelum

1854 1902 2422 1972 auditum,sgmbolum
2450 1903 2497 1933 "
2521 1903 2772 1970 faciemus
2802 1919 2833 1954 a
2861 1899 3008 1969 longe
3031 1901 3445 1970 superperfectae

1855 2009 1902 2052 et
1922 2014 2014 2066 per
2031 1997 2409 2066 processioncm
2427 1993 2659 2048 occultae
2684 1994 2738 2045 in
2766 1993 3084 2062 sequentium
3103 1991 3150 2022 "
3170 1990 3446 2060 perfectio-

1857 2089 1956 2141 nis.
2024 2088 2190 2151 Haec,
2242 2086 2436 2155 inquit,
2490 2099 2845 2153 supernorum
2893 2083 3090 2136 civium
3141 2081 3441 2150 colloquia,

1855 2181 2050 2250 quibus
2075 2179 2320 2234 videmus
2348 2191 2446 2246 per
2471 2176 2637 2230 alium
2668 2173 2918 2244 angelum
2942 2173 3231 2228 dictionem
3256 2172 3443 2226 venire

1857 2274 1910 2327 in
1942 2271 2105 2325 alium
2140 2269 2412 2340 angelum,
2446 2269 2498 2321 in
2529 2282 2635 2336 quo
2663 2275 2746 2320 est
2772 2265 3006 2327 auditus,
3039 2265 3251 2334 signum
3281 2257 3444 2319 facie-

1857 2379 1977 2418 mus
1999 2379 2029 2416 a
2055 2362 2212 2431 longe
2238 2358 2696 2430 superperfectae,
2720 2358 2822 2412 hoc
2849 2366 2952 2420 cst,
2982 2357 3102 2426 plus
3127 2369 3288 2425 quam
3317 2369 3442 2425 per-

1857 2452 2032 2508 fectae
2055 2451 2406 2522 perfectionis
2425 2490 2439 2514 ,
2465 2458 2519 2503 et
2552 2464 2648 2518 per
2682 2449 3082 2518 processioncm
3111 2446 3357 2500 occultae
3387 2445 3441 2501 in

1857 2531 2192 2617 seq‘uentiam
2219 2544 2286 2597 ".
2315 2543 2392 2597 Ac
2420 2543 2465 2596 si
2506 2550 2689 2612 aperte
2737 2541 2942 2595 diceret
2974 2557 2986 2592 :
3019 2537 3127 2593 Nos
3176 2537 3445 2604 homines,

1856 2639 1946 2708 qui
1983 2652 2087 2691 non
2115 2635 2511 2706 experimento,
2539 2632 2632 2686 sed
2664 2639 2984 2699 argumento
3011 2629 3223 2685 divinos
3255 2629 3442 2699 explo-

1857 2743 2042 2782 ramus
2071 2740 2279 2786 sensus,
2311 2723 2570 2778 faciemus
2599 2723 2647 2754 "‘
2679 2730 3052 2790 argumentum
3083 2728 3138 2773 et
3164 2719 3446 2788 apertissi-

1857 2833 2004 2871 mum
2033 2816 2265 2886 signum,
2294 2814 2423 2882 quid
2449 2814 2516 2867 de
2547 2813 2723 2881 longe,
2769 2813 2872 2866 hoc
2908 2819 3010 2874 est,
3039 2811 3108 2864 ab
3137 2811 3250 2880 ipsa
3276 2809 3440 2865 celsi-

1858 2907 2042 2962 tudine
2097 2905 2310 2960 divinae
2365 2903 2752 2964 sublimitatis,
2807 2915 2950 2971 quae
3007 2900 3319 2970 longissime
3375 2901 3446 2954 ab

1855 2998 2126 3062 omnibus,
2160 3011 2296 3066 quae
2318 3004 2464 3059 sunt,
2500 3001 2829 3058 removetur,
2859 2987 2980 3062 plus
3006 3008 3169 3061 quam
3196 2991 3438 3061 perfecta

1853 3099 1908 3146 et
1933 3105 2030 3161 per
2055 3104 2308 3144 arcanam
2341 3087 2739 3158 processioncm
2770 3086 2978 3141 occulta
3017 3084 3347 3154 perfectione
3392 3084 3439 3116 "

1856 3179 2120 3251 gradatim
2153 3187 2206 3233 et
2226 3177 2472 3231 ordinate
2498 3178 2552 3232 in
2582 3175 3000 3246 scquentiam“,
3025 3177 3076 3230 in
3123 3175 3439 3231 caelestium

1857 3271 2117 3325 virtutum
2150 3268 2404 3323 videlicet
2450 3276 2869 3337 consequentem
2913 3267 3310 3324 ordinationem
3345 3266 3439 3320 de-

1856 3361 2082 3417 scendit.
2114 3361 2179 3414 Et
2206 3361 2308 3414 hoc
2335 3367 2417 3414 est
2445 3358 2574 3413 illud
2604 3367 3052 3430 argumentnmet
3077 3358 3313 3428 signum,
3340 3372 3438 3427 per

1854 3457 2017 3513 alium
2041 3455 2286 3526 angelum
2310 3453 2550 3524 profecto
2575 3453 2618 3486 ³¹
2643 3453 2826 3508 venire
2846 3452 3138 3507 dictionem
3167 3466 3196 3505 a
3227 3465 3438 3505 summa

1853 3548 2144 3603 Divinitate
2165 3547 2216 3600 in
2252 3546 2416 3599 alium
2445 3544 2720 3616 angelum,
2751 3544 2803 3598 iu
2835 3560 2941 3614 quo
2971 3543 3098 3598 illud
3127 3543 3357 3597 vertitur
3384 3543 3430 3575 “

1853 3641 2056 3696 dictum
2088 3640 2140 3694 in
2166 3638 2442 3702 auditum;
2477 3653 2580 3692 non
2607 3637 2750 3707 quod
2775 3637 2828 3690 in
2859 3638 2938 3691 eis
2966 3636 3212 3706 corporei
3244 3651 3435 3690 sensus

1853 3734 1983 3798 sint,
2025 3731 2118 3787 sed
2169 3730 2314 3800 quod
2360 3730 2438 3784 sic
2480 3730 2616 3784 visio
2647 3728 2959 3799 prophetica
2991 3728 3218 3782 formata
3252 3728 3342 3782 sit.
3375 3725 3436 3783 Si

1851 3822 2157 3892 ergo,quod
2188 3835 2395 3874 summa
2435 3820 2647 3874 bonitas
2677 3819 2954 3890 praecipit,
2983 3819 3157 3887 prima
3189 3817 3235 3850 ⁸³
3267 3819 3437 3872 ierar-

1850 3914 1972 3968 chia
2002 3913 2055 3966 in
2105 3911 2265 3966 aliam
2317 3920 2479 3981 atque
2531 3911 2694 3964 aliam
2751 3911 3092 3973 ierarchiam,
3151 3908 3320 3964 veluti
3385 3908 3440 3962 in

1849 4001 2013 4057 alium
2047 4010 2209 4070 atque
2235 4001 2398 4054 alium
2449 3999 2696 4070 angelum
2721 4026 2739 4060 ι,
2783 3999 2836 4052 in
2885 3999 3082 4067 quibus
3133 3997 3220 4052 illa
3271 3997 3439 4052 dictio

1850 4092 2086 4154 auditur,
2117 4091 2414 4154 descendit,
2438 4090 2651 4159 signum
2703 4096 2786 4142 cst
2831 4088 2877 4119 3‘
2923 4089 3302 4142 incunctanter
3347 4087 3436 4140 di-

1848 4185 2004 4238 vinae
2032 4181 2396 4252 proccssionis
2441 4197 2538 4249 per
2573 4181 2852 4234 ordinatos
2900 4181 3100 4246 gradus
3144 4194 3175 4232 a
3225 4193 3440 4234 summo

1849 4287 2019 4343 usque
2046 4272 2318 4334 deorsum,
2343 4269 2444 4323 hoc
2489 4277 2592 4333 est,
2632 4269 2698 4324 ab
2749 4268 3222 4324 excellentissimis
3271 4267 3441 4322 caele-

1850 4364 2022 4419 stibus
2050 4358 2304 4416 essentiis
2336 4374 2505 4428 usque
2537 4358 2601 4411 ad
2635 4359 2916 4421 homines,
2944 4357 3037 4427 qui
3068 4357 3231 4410 etiam
3262 4357 3440 4428 angeli

1851 4455 2124 4517 dicuntur,
2158 4451 2376 4521 quando
2405 4449 2645 4505 divinum
2684 4449 3000 4514 coasi'iunt,
3026 4447 3170 4518 quod
3198 4462 3298 4517 per
3347 4463 3441 4501 su-

162 4547 313 4603 gatur
337 4541 549 4609 quidem
572 4551 617 4594 et
648 4540 982 4594 illuminatur
1003 4551 1051 4594 et
1073 4542 1361 4611 per/icitur,
1401 4546 1746 4614 quemadmo-
1777 4573 1826 4630 ι)
1851 4547 2091 4616 perieres
2106 4543 2322 4612 angelos
2344 4543 2632 4612 accipiunt,
2657 4540 3006 4596 inferioribus
3026 4554 3083 4594 se
3098 4538 3443 4592 annuutiant.

162 4627 280 4680 dum
300 4631 501 4683 dictum
517 4641 612 4693 est,
641 4650 672 4684 a
703 4631 894 4684 divinis
909 4630 1400 4699 illuminationibus,
1430 4636 1612 4691 inditis
1645 4639 1745 4692 sibi

163 4719 386 4772 secundo
416 4737 511 4789 per
533 4722 759 4789 primam
788 4721 1190 4775 ierarchicam“
1227 4722 1644 4795 dispositionem,
1697 4742 1746 4785 et

1852 4638 1968 4693 Hoc
2012 4647 2192 4691 autem
2223 4635 2374 4697 dicit,
2423 4642 2484 4688 ut
2532 4633 2893 4702 intelligamus
2930 4632 3231 4689 mirabilem
3259 4646 3442 4685 rerum

1847 4730 2277 4801 dispositionem,
2307 4743 2405 4797 per
2444 4741 2607 4795 quam
2639 4727 2819 4780 divina
2849 4727 3193 4783 Providentia
3225 4724 3448 4779 univer-

1448 4850 1703 4908 V’ARIAE
1740 4852 2142 4933 LECTIONE‘S.

233 4975 436 5055 ‘-Corr.
461 4975 542 5038 θ’,
567 4991 666 5046 pro
685 4975 934 5055 quo-«lubi
963 4974 1228 5055 p_osnimu_s
1306 4975 1347 5028 Β
1379 4979 1466 5055 ubi
1493 4983 1762 5050 posuimus
1785 4981 1944 5051 quod,
1971 4981 2033 5055 ρ,
2059 4977 2198 5050 quod
2222 4993 2342 5055 non_
2361 4974 2652 5055 posuimus.
2699 5041 2710 5055 .
2727 4973 2748 5004 ⁸
2780 4971 3090 5055 δυναμρειόἦ
3115 4971 3168 5055 ip
3196 4967 3359 5055 £963:

162 5046 424 5121 scriptum
457 5045 658 5121 est,j_ut
695 5045 949 5121 facillime
996 5045 1140 5121 legas
1198 5046 1332 5098 falso
1379 5045 1718 5121 δυνάμοσίαν,

1773 5041 1941 5119 quare
1980 5041 2038 5103 B‘
2071 5041 2244 5119 marg.
2277 5041 2457 5101 adscr.
2500 5043 2537 5095 i.
2575 5059 2624 5096 e.
2676 5041 3050 5112 dynamosian.

3132 5040 3152 5070 ³
3198 5037 3255 5089 Β·
3280 5051 3459 5106 marg.

164 5105 338 5169 adscr.
389 5105 951 5186 i._e.’dinamodotos.
1027 5105 1138 5186 ‘fB‘
1175 5131 1346 5183 marg.
1403 5105 2079 5186 ads‘crjbe'polestatibus.
2158 5105 2248 5169 ’Ἄ
2295 5119 2392 5186 ips.
2435 5129 2577 5186 nom.
2616 5105 2783 5186 sanct.
2828 5126 3019 5185 potest.
3052 5105 3463 5186 nominationem

163 5186 401 5246 aestimo,
438 5183 484 5236 Β
517 5185 610 5253 ips.
646 5203 698 5238 n.
737 5201 782 5237 s.
826 5202 878 5250 p.
921 5184 1321 5238 nominationem
1345 5190 1578 5244 aestimo.

163 5273 320 5320 τίονα-
404 5273 427 5302 ⁹
461 5272 592 5314 Γην*
642 5275 703 5303 τ’·
789 5274 870 5321 AR
921 5256 1240 5320 imlulﬁlni...
1294 5257 1354 5308 ἰο
1387 5277 1443 5317 no

1655 5190 1676 5220 ⁰
1719 5189 1811 5244 Sic
1838 5189 1989 5244 ABC.

1493 5298 1650 5322 unoan
1687 5293 1775 5317 εον
1827 5279 1979 5324 nuta,
2008 5279 2269 5326 ρηηεηῘοηι
2299 5275 2574 5314 ηΛΙοηΙῖηκς

3062 5185 3084 5216 ⁸
3115 5180 3156 5233 Β
3185 5182 3298 5228 sunt
3322 5172 3465 5240 infe-

3107 5273 3153 5290 ‘.
3184 5265 3237 5282 ne
3309 5262 3381 5276 Its
3421 5265 3464 5296 ,ι

2064 5192 2084 5222 ἰ
2121 5189 2182 5242 Β⁶
2221 5183 2402 5241 adscr.
2433 5184 2534 5235 i.e.
2565 5183 2974 5243 ordinatio-nem.
