3984 5348
510 442 618 503 lim

1613 441 2111 504 EXPOSlTIONES
2150 442 2430 504 JOANNIS
2469 444 2665 503 SCOTl

3655 440 3757 502 2GB

502 536 685 593 sitatis
713 534 962 592 conditae
1001 534 1390 607 plenitudinem
1436 535 1692 593 ineffabili
1742 540 2083 609 processioue
2111 544 2156 601 Α
2186 539 2383 608 cipium
2423 540 2689 602 omnium,
2739 537 2881 609 quod
2939 538 3389 609 superessentiale
3432 545 3536 604 est,
3589 538 3757 595 Deum

505 627 759 697 diSponit.
789 625 946 680 Enim
980 628 1239 698 sapientes
1271 630 1410 683 circa
1438 645 1617 682 sacras
1672 638 1876 682 nostras
1922 630 1940 663 ¹
1986 630 2085 682 im-

502 721 810 776 molationes
836 724 858 752 ²
889 723 1072 787 aiunt,
1123 739 1216 792 per
1258 724 1454 791 seipsas
1501 722 1728 776 lucentes
1789 722 2082 775 divinorum

501 810 873 879 plcnitudines,
897 826 990 880 per
1018 810 1212 865 alteras
1263 810 1781 881 contemplativarum
1823 811 1843 842 ³
1871 810 2086 879 partici-

499 898 802 963 pationem,
861 914 970 952 esse
1024 898 1374 968 perfectiores.
1413 898 1567 965 Quod
1625 898 1923 968 praedixit,
1984 912 2085 966 per

501 1000 837 1043 summorum
916 989 1258 1044 sacerdotum
1353 989 1616 1059 approbat
1690 988 2075 1042 testimonium.

502 1078 788 1148 Sapientes
830 1080 999 1143 enim,
1044 1079 1236 1148 inquit,
1283 1079 1375 1148 qui
1420 1093 1603 1134 sacras
1630 1086 1844 1132 nostras
1878 1078 2084 1132 hostias

500 1174 557 1217 et
586 1165 981 1221 immolationes
1008 1167 1030 1197 ⁸
1055 1167 1311 1238 mysticas
1371 1167 1609 1236 perfecte
1645 1166 1969 1237 intelligunt,
1996 1166 2082 1220 di-

500 1261 650 1317 cunt,
678 1269 777 1323 per
800 1270 857 1310 se
894 1257 1038 1325 ipsas
1083 1256 1390 1311 immediate
1432 1256 1676 1312 lucentes
1720 1255 2083 1325 plenitudincs

500 1346 804 1401 divinorum
835 1338 1222 1411 intelilectuiim,
1252 1348 1352 1402 hoc
1374 1355 1477 1411 est,
1511 1348 1723 1401 divinos
1750 1346 2078 1408 intellectus,

498 1439 590 1506 qui
616 1453 714 1509 per
738 1454 797 1494 se
826 1440 970 1510 ipsos
1000 1440 1307 1494 immediate
1355 1439 1668 1510 plenissime
1714 1442 1927 1503 lucent,
1959 1452 2093 1508 pero.

496 1528 751 1582 tectiores
778 1541 918 1592 esse,
948 1542 1110 1595 quam
1142 1528 1595 1597 contemplativae
1611 1527 2077 1597 participationes,

499 1615 944 1684 “contemplativi
979 1614 1000 1645 “
1038 1613 1254 1675 scilicet
1319 1616 1646 1681 intellectus,
1699 1616 1792 1686 qui
1841 1616 2079 1671 divinam

497 1703 1001 1772 contemplationem
1063 1718 1161 1774 per
1202 1704 1402 1759 alteras
1448 1705 1679 1765 virtutes
1729 1704 2074 1775 participant.

495 1792 649 1855 Quod
677 1792 913 1847 breviter
942 1791 1199 1863 colligere
1223 1808 1529 1862 possumus.
1561 1791 1923 1850 Perfectiores
1950 1801 2078 1848 sunt

2184 628 2459 692 videlicet,
2489 630 2838 691 reducuntur,
2866 637 2922 682 et
2949 643 2978 681 a
3010 628 3053 661 ³⁸
3081 628 3497 697 participatione
3542 626 3763 683 teletae»

2184 717 2483 782 cbicarum,
2512 719 2818 795 divinarum
2842 718 3126 782 videlicet,
3151 719 3530 788 purgationem
3560 726 3618 773 et
3644 717 3766 775 illu-

2184 807 2539 862 minationum
2561 816 2615 863 et
2641 807 3057 876 perfectionem,
3074 817 3334 877 quantum
3360 808 3509 873 licet,
3526 808 3764 864 efﬁciun-

2183 904 2291 948 tur.
2318 895 2581 951 Divinitas
2631 896 2677 929 ’θ
2714 905 2915 961 autem,
2944 904 3005 951 ut
3045 910 3208 966 saepe
3247 894 3360 965 iam
3408 897 3613 953 dictum
3676 899 3722 930 "
3746 937 3763 962 ,

2185 985 2496 1041 teletarchis
2520 986 2721 1042 dicitur
2741 988 2856 1041 sive
2882 987 3216 1049 teletarchia,
3247 987 3505 1058 quoniam
3556 987 3789 1049 hosti»;

2184 1091 2305 1130 rum
2332 1076 2657 1146 principium
2681 1085 2766 1131 est
2790 1085 2847 1130 et
2889 1077 3163 1147 princeps.
3192 1076 3261 1132 Et
3297 1078 3433 1132 haec
3474 1077 3524 1108 ³³
3568 1077 3656 1132 lex
3698 1091 3765 1129 es

2182 1168 2362 1222 divina
2387 1167 2710 1232 taxiarcbio,
2736 1169 2841 1223 hoe
2864 1176 2948 1223 est
2969 1168 3039 1231 ⁸³,
3066 1182 3133 1221 ex
3161 1165 3210 1211 ³⁸
3243 1166 3358 1239 ipsa
3381 1167 3601 1228 deitate,
3624 1182 3769 1237 quae

2180 1268 2465 1327 propterea
2494 1258 2795 1313 taxiarehia
2833 1259 3056 1321 dicitur,
3088 1259 3217 1328 quia
3254 1259 3420 1338 totius
3463 1258 3767 1313 ordinatio—

2182 1348 2265 1401 nis
2291 1347 2614 1417 principium
2650 1356 2806 1402 estct
2824 1347 3093 1418 princeps,
3122 1348 3281 1417 quasi
3299 1350 3493 1414 τάξιυν
3518 1350 3666 1425 ἀρχή
3695 1347 3765 1411 ³⁸.

2180 1438 2325 1508 quod
2350 1449 2439 1493 est
2476 1439 2729 1493 ordinum
2779 1439 3126 1510 principium,
3169 1440 3363 1494 tradita
3382 1448 3492 1503 est,
3522 1440 3763 1495 secunda

2179 1527 2388 1582 scilicet
2432 1527 2797 1596 speculamina
2843 1543 2942 1598 per
2975 1528 3153 1597 prima
3191 1528 3403 1584 divinas
3431 1528 3769 1598 participare

2180 1619 2617 1675 illuminationes.
2660 1618 2899 1675 Invenies
2928 1630 3101 1675 autem
3137 1621 3254 1677 hoc.
3281 1631 3330 1676 et
3371 1620 3672 1674 multaticia:
3718 1618 3766 1653 ³⁸

2178 1711 2430 1781 theologis
2465 1713 2521 1746 ’³⁷
2570 1713 2996 1777 expressum.«Ac
3033 1713 3080 1767 si
3108 1714 3349 1769 diceret:
3379 1729 3485 1769 non
3519 1713 3694 1769 solum
3731 1726 3769 1768 ι

2178 1804 2500 1860 sacerdotali
2528 1805 2837 1869 traditione,
2872 1820 3057 1860 verum
3092 1806 3256 1860 etiam
3283 1807 3351 1860 ab
3374 1806 3509 1876 ipsis
3535 1805 3767 1875 prophe-

495 1883 662 1945 divini
689 1884 1115 1954 intellectus,qui
1145 1899 1241 1955 per
1264 1901 1324 1941 se
1340 1886 1484 1955 ipsos
1504 1886 1811 1942 immediate
1836 1886 2072 1940 divinam
2102 1897 2149 1956 Β
2179 1896 2248 1951 iis
2276 1897 2597 1967 saepissime
2616 1895 2915 1965 praefatam
2944 1896 3115 1967 lcgem
3147 1897 3391 1953 invenies
3413 1895 3771 1951 inculcatam.

493 1973 817 2043 participant
837 1975 1365 2045 contemplationem,
1390 1991 1551 2045 quam
1571 1978 1760 2040 ceteri,
1806 1977 1898 2045 qui
1924 1977 1943 2008 ⁷
1975 1991 2074 2045 per

496 2063 839 2120 medietatem
869 2064 1122 2119 altiorum
1157 2080 1216 2120 se
1245 2067 1470 2122 eandem
1512 2068 2019 2137 contemplationem
2050 2066 2072 2098 "

494 2157 794 2228 suscipiunt
811 2156 853 2210 ⁸.
888 2156 1134 2223 Intuere,
1183 2158 1273 2213 ubi
1299 2159 1578 2228 posuimus
1603 2159 1895 2228 sapientes,
1925 2158 1993 2213 ibi
2018 2159 2072 2213 in

493 2251 702 2306 Graeco
727 2249 901 2312 ama,
929 2264 1028 2319 pro
1052 2265 1161 2319 quo
1186 2262 1363 2320 potest
1390 2253 1433 2284 ¹⁰
1459 2253 1582 2323 quis
1625 2253 1808 2307 dicere
1854 2270 1870 2307 :
1922 2266 2075 2307 reve-

492 2343 646 2400 rendi
674 2340 758 2397 vel
792 2342 950 2410 periti
980 2342 1061 2396 vel
1086 2344 1377 2413 sapientes.
1407 2343 1498 2400 Sic
1526 2347 1764 2410 aestimo,
1787 2355 1836 2400 et
1875 2345 2075 2417 angeli-

491 2447 670 2487 corum
703 2430 949 2485 ordinum
996 2433 1352 2488 immediatam
1398 2435 1848 2506 participationem
1902 2437 2074 2504 primo

489 2524 545 2576 in
578 2521 743 2576 Deum
773 2530 1097 2577 ostentorum
1122 2523 1477 2594 perfectiorem
1498 2542 1607 2580 esse
1634 2542 1726 2596 per
1745 2527 2073 2580 medietatem
2098 2558 2103 2563 -

492 2613 859 2684 perfecturum.
886 2612 1369 2679 Quemadmodum,
1396 2615 1589 2684 inquit,
1623 2630 1718 2686 per
1743 2630 1803 2670 se
1829 2614 2074 2671 lucentes

486 2704 841 2775 perfectiores
866 2712 992 2759 sunt
1021 2705 1107 2761 his
1125 2746 1140 2770 ,
1167 2706 1258 2776 qui
1291 2721 1387 2776 per
1415 2706 1549 2762 alios
1575 2706 1745 2761 lucem
1778 2706 2071 2776 accipiunt,

489 2798 564 2851 ita
592 2796 828 2851 arbitror
854 2796 1123 2866 augelicos
1146 2797 1391 2861 ordines,
1419 2798 1508 2867 qui
1538 2796 1847 2852 immediate
1886 2796 2074 2867 primi-

490 2898 578 2942 tus
605 2887 658 2940 in
690 2886 1161 2956 participationem
1190 2887 1282 2947 Dei
1313 2887 1695 2952 extenduntur,
1720 2887 2074 2957 perfectiores

487 2991 611 3034 esse
631 2976 994 3047 perfectorem
1024 2978 1089 3042 “,
1117 2992 1305 3032 eorum
1338 2977 1610 3040 videlicet,
1633 2977 1724 3048 qui
1761 2977 1939 3048 aliqua
1961 2993 2073 3035 me-

489 3068 687 3124 dietate
717 3068 1034 3138 interposita
1054 3068 1283 3138 perfecti
1333 3079 1479 3124 sunt.
1526 3069 1626 3125 Ubi
1672 3069 1826 3139 posui
1856 3088 1868 3123 :
1898 3069 2074 3139 perfe-

486 3159 732 3223 ctiorem,
757 3157 832 3214 ibi
872 3158 925 3212 in
956 3158 1166 3215 Graeco
1202 3161 1569 3235 ἐναργεστέραν
1601 3162 1667 3226 ¹¹,
1699 3161 1841 3229 quod
1885 3175 2073 3230 possu-

485 3263 608 3304 mus
641 3249 823 3304 dicere
870 3264 885 3301 :

484 3346 634 3394 certe
659 3337 1043 3393 cfﬁcaciorem;
1077 3336 1299 3408 Propter
1336 3340 1476 3409 quod
1501 3348 1548 3393 et
1572 3357 1605 3394 a
1624 3349 1804 3394 nostra
1831 3341 2074 3395 sacerdo-

486 3426 582 3481 tali
602 3428 884 3481 traditione
912 3426 1222 3498 pcrfcctiuae
1255 3437 1303 3483 et
1332 3429 1377 3462 ⁸³
1412 3428 1649 3497 luci/leae
1685 3438 1731 3483 et
1774 3428 2075 3500 purgativar

486 3515 699 3570 uirtutes
736 3517 891 3585 primi
924 3515 968 3548 “
1011 3517 1302 3575 intellectus
1341 3521 1680 3573 nominantur
1720 3519 2030 3589 inferiorum
2055 3561 2072 3587 ,

487 3613 736 3676 tanquam
762 3623 851 3677 per
872 3624 925 3662 se
942 3606 986 3640 "
1004 3608 1054 3663 in
1069 3611 1299 3665 omnium
1320 3608 1748 3680 supcressentiale
1759 3611 2072 3681 principium

488 3695 840 3762 reductorum,
862 3707 908 3752 et
937 3698 1421 3753 theletarcliicarnm
1451 3700 1823 3771 purgationum
1868 3710 1916 3755 et
1946 3700 2071 3754 illu-

488 3787 829 3843 minationum
859 3799 907 3843 ct
947 3790 1325 3860 perfectionum
1352 3789 1406 3842 in
1432 3790 1858 3860 participatione,
1883 3807 2072 3846 secun-

487 3875 613 3931 dum
658 3879 730 3932 eis
772 3879 877 3949 fas,
911 3880 1195 3949 factorum.
1237 3878 1348 3934 Hoc
1373 3881 1511 3955 enim
1533 3890 1609 3935 est
1634 3882 1845 3936 omnino
1893 3882 2073 3938 divina

494 3967 791 4041 tuatiarcltia
829 3970 872 4001 ³⁸
894 3957 1147 4024 divinitus
1167 3970 1553 4041 promulgatum
1586 3972 1650 4037 ⁸⁷,
1686 3989 1779 4043 per
1798 3974 1969 4044 prima
1988 3990 2074 4029 se-

493 4058 668 4114 cunda
697 4059 883 4115 divinis
910 4061 1227 4131 participare
1265 4060 1755 4119 illuminationibus.
1809 4063 1922 4123 Hac
1968 4081 2073 4121 una

489 4147 749 4220 perplana
778 4148 821 4180 ιδ
850 4148 1287 4221 lucidissimaque
1314 4153 1581 4208 sententia
1621 4154 1864 4209 ordinem
1899 4156 2075 4211 caele-

486 4234 651 4291 stium
666 4238 1022 4293 essentiarum
1038 4240 1458 4311 dignitatemque
1475 4244 1711 4301 breviter
1725 4247 1899 4317 aperit
1912 4257 2076 4319 atque

486 4326 1097 4399 concluditJ’ropterea,
1116 4333 1309 4403 inquit,
1325 4345 1509 4390 nostra
1525 4337 1759 4392 humana
1775 4341 2077 4397 sacerdota-

488 4417 556 4471 lis
573 4418 817 4473 doctrina
834 4427 943 4472 tres
956 4420 1158 4489 primos
1170 4423 1389 4478 ordines
1406 4425 1612 4494 primae
1636 4426 1887 4483 caelestis
1911 4429 2076 4484 ierar-

491 4505 649 4561 chiae
678 4507 1005 4578 perfectivas
1034 4519 1089 4563 et
1114 4511 1358 4569 lucificas
1383 4524 1439 4569 et
1476 4517 1790 4586 purgativas
1832 4520 2077 4575 nominat

2176 1986 2402 2051 Quando
2428 1987 2564 2041 enim
2590 1986 2768 2041 divina
2790 1995 2839 2041 et
2879 1995 3101 2056 paterna
3152 1986 3455 2041 humanitas
3504 1986 3552 2018 ⁸⁸
3592 1980 3765 2039 Israel

2175 2076 2580 2131 conversibiliter
2605 2076 2653 2109 ”
2686 2091 2781 2146 pro
2826 2092 2981 2131 sacra
3027 2077 3141 2146 ejus
3189 2075 3358 2131 salute
3395 2075 3670 2140 erudiens,
3714 2081 3765 2131 et

2173 2170 2539 2225 ulciscentibus
2562 2180 2611 2225 et
2642 2168 2929 2223 immitibus
2959 2168 3258 2239 nationibus
3299 2169 3355 2221 in
3393 2167 3767 2222 correctionem

2175 2262 2407 2327 tradens,
2437 2261 2712 2331 omnigena
2735 2260 3064 2329 provisorum
3087 2260 3143 2312 in
3176 2257 3360 2319 melius
3408 2257 3759 2315 traductione.

2174 2360 2222 2405 et
2246 2351 2594 2421 captivitatem
2623 2349 2847 2412 dimisit,
2877 2359 2925 2402 et
2960 2348 3029 2402 ad
3051 2349 3279 2418 priorem
3304 2347 3585 2402 clementer
3611 2348 3761 2400 redu-

2173 2443 2250 2498 xit
2277 2443 2646 2505 constantiam,
2695 2441 2845 2495 videtr
2873 2439 3229 2510 theologorum
3285 2456 3420 2493 unus
3469 2438 3765 2493 Zacharias

2173 2549 2337 2587 unum
2360 2534 2672 2601 primorum,
2701 2540 2757 2585 ut
2797 2532 3033 2591 aestimo,
3076 2541 3125 2589 et
3166 2530 3305 2585 circa
3340 2529 3510 2584 Deum
3552 2529 3767 2599 angelo—

2175 2641 2325 2688 rum;
2360 2638 2632 2678 commune
2654 2623 2698 2654 ³⁰
2729 2622 2867 2678 enim
2892 2631 2969 2675 est
3017 2622 3063 2654 ²¹
3109 2622 3349 2675 omnibus
3390 2623 3487 2674 hoc
3526 2619 3762 2690 angelica

2175 2715 2628 2785 cognominatione
2645 2714 2712 2778 ",
2738 2715 2803 2768 ab
2831 2713 2943 2783 ipso
2962 2713 3007 2744 ³³
3046 2711 3154 2766 Deo
3181 2713 3462 2771 discentem
3488 2710 3557 2774 de
3584 2711 3633 2742 “
3668 2712 3763 2764 hoc

2174 2805 2544 2869 consolatoria,
2561 2815 2616 2859 ut
2642 2807 2836 2860 dictum
2862 2814 2961 2868 est,
2984 2804 3155 2861 verba.
3185 2802 3329 2860 Ordo
3350 2804 3640 2861 verborum
3671 2803 3719 2835 ³³
3741 2820 3763 2861 :

2175 2898 2334 2953 Videt
2393 2899 2553 2953 enim—
2584 2898 2632 2943 ιθ
2692 2897 3088 2966 theologorum,
3144 2896 3528 2966 prophetarum
3578 2893 3760 2963 plane,

2174 3003 2317 3042 unus
2346 2987 2564 3042 nomine
2591 2986 2883 3041 Zacharias
2911 3001 3077 3041 unum
3101 2986 3399 3055 primorum
3419 2984 3758 3056 angelorum,

2173 3077 2553 3148 principalium
2586 3078 2836 3133 videlicet
2867 3077 3163 3140 Virtutum,
3209 3090 3349 3144 quae
3398 3076 3545 3137 circa
3591 3075 3763 3132 Deum

2178 3176 2329 3229 sunt,
2356 3175 2417 3222 ut
2444 3165 2701 3231 aestimo;
2756 3166 2858 3220 hoc
2885 3166 3029 3221 enim
3060 3179 3276 3229 nomen,
3311 3165 3455 3233 quod
3480 3173 3567 3219 est
3593 3166 3775 3245 anget'

943 3248 1348 3318 perfectiorem,
1412 3250 1497 3304 vel
1551 3251 1932 3320 potentiorem,
1988 3252 2072 3306 vel
2103 3237 2145 3297 C
2181 3256 2284 3320 lus,
2312 3263 2370 3309 ut
2405 3255 2670 3325 praedixi,
2712 3270 3000 3311 commune
3040 3262 3125 3309 est
3147 3253 3398 3309 omnibus
3434 3237 3762 3309 caelestibus

2176 3348 2463 3404 virtutibus
2486 3357 2709 3417 propter
2735 3346 3056 3418 angelicam,
3080 3347 3182 3403 hoc
3205 3354 3307 3409 est,
3326 3345 3757 3401 annuntiativam

2173 3438 2731 3509 cognominationem;
2784 3439 2852 3493 ab
2904 3438 3020 3507 ipso
3057 3438 3168 3492 Deo
3217 3439 3544 3504 discentem,
3571 3437 3761 3493 didicit

2173 3530 2319 3585 enim
2360 3530 2476 3599 ipse
2502 3544 2643 3587 unus
2688 3530 2985 3600 primorum
3017 3529 3329 3599 angelorum
3363 3530 3433 3584 ab
3481 3529 3601 3598 ipso
3649 3528 3759 3584 Deo

2173 3620 2484 3677 immediate
2511 3621 2577 3676 de
2605 3621 2726 3684 hoc,
2759 3620 2827 3675 de
2855 3620 3030 3675 reditu
3069 3620 3225 3689 plane
3247 3619 3435 3682 lsrael,
3454 3620 3758 3675 consolato-

2173 3712 2255 3767 ria
2289 3712 2472 3776 verba,
2504 3713 2647 3768 sicut
2692 3712 2897 3767 dictum
2932 3720 3037 3777 est,
3071 3712 3123 3766 in
3186 3712 3504 3782 prophetica
3550 3712 3758 3768 scilicet

2171 3804 2400 3868 visione,
2424 3804 2641 3873 quando
2685 3803 2865 3857 divina
2918 3810 2971 3856 et
3017 3811 3242 3870 paterna
3294 3803 3625 3868 humanitas,
3660 3805 3759 3858 hoc

2172 3903 2257 3951 est
2286 3892 2597 3957 clementia,
2620 3891 2826 3952 dimisit
2872 3892 3257 3961 captivitatem,
3303 3898 3359 3952 et
3398 3891 3466 3945 ad
3521 3893 3757 3961 priorem

2172 3984 2389 4040 reduxit
2458 3981 2799 4052 indulgenter
2856 3980 3241 4043 constantiam,
3290 3981 3548 4035 erudiens
3597 3982 3759 4037 Israel

2172 4072 2628 4136 conversibiliter,
2658 4071 2759 4127 hoc
2802 4079 2904 4135 est,
2932 4078 2991 4123 ut
3028 4078 3454 4135 converteretur,
3477 4085 3581 4141 pro
3607 4087 3756 4127 sacra

2172 4164 2288 4232 ejus
2312 4163 2517 4228 salute;
2553 4160 2723 4216 noluit
2749 4161 2893 4215 enim
2918 4175 3040 4215 eum
3088 4160 3334 4217 hostibus
3380 4161 3496 4215 suis
3544 4164 3758 4217 tradere

2172 4255 2463 4325 aSperitate
2488 4252 2777 4319 vindictae,
2808 4252 2903 4307 sed
2930 4251 3097 4305 voluit
3133 4251 3406 4321 corrigere
3444 4261 3503 4307 et
3545 4254 3759 4308 saivare

2173 4344 2584 4400 mansuetudine
2624 4342 2977 4406 clementiae;
3027 4350 3081 4395 et
3120 4341 3528 4408 ulciscentibus,
3559 4344 3676 4398 sive
3704 4352 3759 4396 ut

2173 4435 2556 4505 congruentius
2585 4435 2711 4490 huic
2737 4434 2853 4489 loco
2885 4433 3233 4497 transfertur,
3261 4436 3676 4499 coercentibus,
3705 4445 3759 4490 et

2177 4525 2488 4591 immitibus,
2512 4524 2595 4578 vel
2625 4524 2835 4594 asperis
2858 4524 2913 4577 in
2934 4522 3323 4578 correctionem
3352 4522 3395 4555 ³⁸³
3424 4525 3671 4590 tradens,
3690 4524 3756 4577 ad

488 4598 740 4673 virtutes,
761 4600 1014 4677 quoniam
1037 4601 1320 4660 inferiores
1342 4605 1559 4661 ordines
1592 4623 1692 4677 per
1713 4624 1807 4665 eos
1828 4612 1896 4664 ad
1920 4611 2070 4680 prin-
2099 4599 2148 4657 Β
2173 4614 2567 4686 corrigendum,
2597 4614 2880 4686 omnigena
2910 4613 2955 4645 ³⁸
2996 4614 3333 4684 provisorum
3391 4616 3755 4680 traductione,

1790 4740 2044 4799 VARIAE
2080 4744 2482 4803 LECTIONES.

562 4872 640 4957 :‘B
655 4881 860 4957 nostras
872 4889 1080 4957 sacras.
1115 4953 1123 4957 Δ
1155 4874 1253 4957 ‘_B'
1282 4875 1662 4957 φατι-θόρον.
1684 4879 1784 4957 ine.
1814 4880 2078 4957 sacriﬁcia
2104 4885 2208 4957 sive
2244 4891 2627 4957 sa_cramentg._
2668 4882 2763 4957 ’_B‘
2780 4898 2951 4954 marg.
2976 4884 3153 4957 adscr.
3177 4885 3290 4957 ine.
3317 4886 3753 4957 contemplatiois.

452 4967 495 5006 μ
555 4941 598 4997 Β
648 4943 1029 4999 immolationes
1076 4953 1124 4999 et
1169 4941 1427 5001 hostiasf
1462 4947 1485 4979 ⁵
1534 4947 1577 5000 Β
1613 4941 1964 5038 pet-ﬁctiones
2012 4954 2457 5024 participationes.
2532 4952 2553 4981 ⁸
2596 4953 2728 5006 Rad.
2782 4941 2930 5008 corr:
2996 4953 3057 5006 Β·
3093 4994 3108 5018 ,
3172 4955 3265 5009 ΛΒ
3315 4941 3751 5027 contemplatiois.

436 5062 439 5075 ν
492 5048 514 5082 ¹¹
549 5048 640 5120 qui
698 5064 808 5104 om.
855 5048 919 5113 B,
965 5050 1031 5103 ad
1071 5064 1243 5121 marg.
1274 5050 1452 5106 adscr.
1478 5052 1563 5107 B‘.
1630 5034 1661 5085 7°
1688 5034 2173 5127 conterriplationem
2196 5074 2307 5112 om.
2336 5057 2379 5110 Β
2447 5057 2469 5088 ⁵
2508 5057 2550 5108 Β
2573 5034 2888 5142 ᾇᾷᾝεὶρίιιηι.
2966 5058 3011 5089 ¹⁰
3047 5068 3213 5127 potest
3237 5073 3348 5113 om.
3376 5060 3437 5124 Β,
3462 5060 3534 5115 ad
3575 5076 3749 5139 marg.

495 5141 670 5194 adscr.
700 5140 784 5193 Β..
863 5143 904 5173 ’ί
942 5143 1005 5196 Β”
1046 5158 1214 5196 mare.
1248 5145 1407 5186 Ωιιαρι·
1479 5145 1494 5180 ὅ
1552 5162 1577 5178 ι»

2614 5033 2667 5068 ill

3692 5162 3749 5184 ᾇ-
