3984 5408
478 374 587 446 905

1574 382 2074 441 EXPOSITIONES
2109 381 2396 440 JOANNIS
2434 384 2635 443 SCOTI

3644 398 3743 455 ειη

387 554 394 569 ,
475 505 680 568 munia,
709 504 937 576 imperat
966 518 1062 571 per
1100 501 1389 557 Cberubim
1426 502 1664 573 reliquos
1697 502 1939 573 angelos,
1969 500 2059 570 qui
2088 507 2134 561 Α
2165 502 2340 555 rantia
2372 501 2674 557 divinorum
2700 514 3180 561 sacramentorum.
3211 492 3334 562 Νοιὶ
3351 507 3497 564 enim
3530 506 3744 579 imperi-

410 606 419 613 ‘
474 609 695 648 secures
723 594 1013 657 habebant,
1039 594 1221 647 doceri
1257 610 1286 647 a
1326 594 1491 665 priori
1528 596 1544 626 ’
1576 594 1770 663 angelo
1817 593 2061 647 divinum

466 682 727 753 judicium
749 682 816 736 dc
844 681 966 746 hoc,
1005 690 1062 735 ut
1103 682 1371 737 discerent
1408 683 1616 738 scilicet
1643 684 1878 738 divinam
1904 682 2062 752 justi-

469 771 600 837 tiam
628 769 698 825 de
728 772 831 826 hoc
865 770 1180 827 discrimine
1220 773 1577 827 obnoxiorum
1614 782 1669 828 et
1697 774 2056 828 innoxiorum.

468 860 537 915 Ei
566 862 775 933 quidem
802 864 939 916 enim
967 863 1097 917 dixit
1140 864 1363 918 mediam
1394 867 1619 920 transire
1663 865 1979 929 Jerusalem,
2011 874 2059 919 et

467 955 595 1033 dare
625 972 840 1025 regnum
882 955 935 1010 in
975 954 1169 1025 frontes
1214 956 1547 1011 innoxiorum
1574 958 1857 1025 frirorum;
1897 955 2056 1011 aliis:

466 1044 624 1100 Exite
653 1046 705 1100 in
735 1047 990 1101 civitatem
1006 1056 1121 1117 post
1143 1064 1283 1113 eum,
1306 1058 1353 1103 et
1382 1049 1650 1119 percutile,
1681 1058 1726 1102 et
1751 1048 1908 1102 nolite
1936 1063 2058 1117 par-

464 1153 580 1192 cere
608 1137 772 1193 oculis
809 1139 1006 1201 vestris,
1050 1137 1119 1193 ad
1158 1155 1334 1193 omnes
1380 1148 1574 1201 autem,
1610 1156 1766 1207 super
1814 1154 1942 1209 quos
1982 1143 2058 1192 est

461 1230 693 1300 signum,
725 1246 787 1285 ne
828 1229 1269 1301 appropinquetis.
1320 1229 1382 1283 Ei
1425 1230 1639 1299 quidem
1666 1232 1710 1294 ⁸,
1740 1229 1936 1298 inquit,
1960 1244 2054 1284 or-

461 1319 621 1375 dini'
665 1318 982 1387 Cherubim,
1031 1319 1115 1374 vel
1162 1318 1430 1385 absolute,
1468 1319 1517 1374 ei
1566 1318 1877 1384 Cbcrubim,
1921 1335 2055 1389 quo-

458 1413 607 1469 niam
657 1413 946 1468 Cherubim
990 1421 1045 1469 ct
1088 1410 1368 1481 Seraphim
1413 1408 1669 1466 bebraire
1715 1409 1736 1441 ⁸
1773 1409 2053 1479 utriusque

458 1504 670 1559 numeri
697 1503 719 1536 ⁸
770 1502 1075 1559 communia
1114 1501 1330 1556 nomina
1370 1510 1515 1556 sunt.
1562 1499 1694 1554 Nam
1741 1511 1793 1554 et
1835 1498 2052 1554 Cberub

452 1603 514 1650 “et
542 1593 834 1650 Cherubim
883 1592 1228 1662 singulariter
1268 1591 1615 1661 proferuntur
1658 1606 1754 1661 per
1790 1592 2046 1656 σύνταξιν,

454 1688 561 1746 hoc
597 1697 682 1744 est
714 1702 812 1758 per
850 1685 1304 1742 constructionem
1358 1699 1740 1750 numerorum;
1795 1683 2049 1737 similiter

454 1780 522 1836 de
571 1780 745 1857 §erub
780 1777 802 1809 ⁸
843 1786 897 1832 ει
966 1775 1288 1847 εει-υἱιίιιι,
1347 1785 1404 1829 ει
1458 1775 1680 1846 pluralis
1728 1774 1937 1829 numeri
1993 1782 2047 1829 et

2166 598 2254 645 tus
2301 590 2603 647 divinorum
2653 594 3020 649 intellectuum
3072 597 3212 651 viam
3280 599 3526 655 veritatis
3574 612 3746 670 potest

2160 678 2393 749 ingredi,
2421 696 2521 735 nec
2550 681 2723 736 lucem
2753 682 2920 753 ipsius
2949 686 3271 754 conspicari,
3311 687 3431 742 sine
3450 704 3558 758 qua
3594 706 3746 748 nemo

2164 766 2519 824 deiﬁcabitur.
2564 768 2842 841 Siquidem
2870 773 2918 805 “
2947 788 3053 828 non
3085 774 3296 842 sulllcit,
3336 787 3396 831 ut
3434 780 3560 849 quis
3598 782 3748 853 sagit‘

2160 869 2273 913 tam
2309 860 2375 916 de
2418 861 2638 917 vulnere
2669 864 2927 928 retrahat,
2965 867 3065 921 nisi
3109 868 3248 922 adsit
3277 869 3344 932 ³³,
3371 870 3462 938 qui
3513 873 3750 931 sanando

2154 951 2372 1006 vulneri
2416 952 2738 1009 medicinam
2780 955 3049 1011 adhibeat.
3095 956 3280 1013 Gratia
3317 959 3364 992 “
3386 976 3624 1031 namque
3659 963 3748 1018 ba-

2156 1041 2339 1112 ptismi
2367 1041 2470 1097 hoc
2514 1043 2687 1099 solum
2727 1055 2986 1116 praestat,
3029 1050 3319 1118 praeterita
3347 1066 3455 1106 non
3486 1053 3532 1084 ²⁷
3556 1069 3747 1111 nocere

2159 1131 2375 1199 delicta,
2401 1142 2456 1189 et
2495 1135 2547 1189 in
2584 1134 2819 1192 divinam
2869 1138 3143 1195 lilietatem
3183 1143 3329 1197 nasci
3362 1160 3375 1196 :
3417 1159 3528 1199 non
3573 1155 3746 1201 autem

2157 1221 2385 1293 largitur
2405 1224 2582 1280 futura
2605 1229 2892 1283 commissa
2924 1243 3029 1283 non
3052 1230 3344 1299 impedire;
3366 1233 3470 1287 hoc
3491 1232 3538 1265 ’⁸
3555 1236 3748 1306 quippe

2156 1315 2372 1373 divinae
2420 1318 2628 1385 gratiae
2674 1333 2774 1388 per
2835 1320 3223 1389 poenitentiam
3285 1321 3457 1377 libero
3522 1323 3746 1379 arbitrio

2155 1404 2532 1470 committitur,
2566 1408 2781 1463 divinae
2810 1409 3027 1480 quidem
3074 1412 3279 1482 gratiae
3326 1428 3424 1483 per
3462 1414 3742 1483 poeniten-

2155 1496 2304 1561 tiam,
2358 1498 2529 1554 libero
2576 1501 2802 1556 arbitrio
2859 1515 2958 1570 per
3006 1502 3420 1571 providentiam.
3477 1504 3669 1561 Potest
3700 1508 3742 1541 "

2152 1606 2385 1661 namque
2417 1590 2555 1663 quis,
2589 1606 2657 1646 ne
2684 1592 2900 1647 incaute
2926 1602 3131 1663 peccet,
3172 1595 3479 1664 providere,
3512 1596 3614 1651 sed
3642 1612 3742 1654 non

2151 1683 2269 1739 sine
2306 1684 2500 1755 gratia.
2540 1683 2727 1739 Potest
2766 1684 2938 1756 gratia
2967 1694 3191 1755 peccata
3221 1686 3524 1757 indulgere,
3571 1702 3743 1759 neque

2151 1773 2254 1828 hoc
2307 1774 2511 1844 absque
2559 1775 2700 1830 bona
2751 1775 2987 1831 hominis
3026 1776 3321 1833 voluntate.
3374 1775 3563 1848 Neque
3603 1781 3741 1837 enim

453 1870 748 1926 masculina
778 1868 994 1925 nomina
1025 1878 1170 1922 sunt.
1201 1866 1301 1937 ipsi
1337 1868 1517 1937 itaque
1546 1865 1836 1943 Cberubim
1860 1865 2040 1920 divina
2073 1872 2119 1933 Β
2149 1862 2347 1918 invitos
2382 1863 2495 1917 vult
2530 1864 2674 1919 Deus
2698 1865 2991 1931 attrahere,
3020 1865 3114 1921 sed
3143 1865 3401 1931 volentes,
3435 1883 3504 1923 ne
3542 1869 3739 1924 donum

452 1959 752 2016 taxiarcbia
785 1959 942 2025 dixit,
973 1958 1204 2028 primum
1230 1966 1350 2028 post
1379 1972 1436 2012 se
1463 1958 1483 1989 ⁷
1510 1957 1740 2012 mediam
1770 1966 2037 2026 pertrans—

447 2052 529 2111 it'e
571 2050 865 2107 civitatem.
917 2048 1072 2104 Velut
1115 2047 1432 2118 simpliciter
1476 2057 1653 2118 potest
1701 2047 1944 2119 intelligi,
1988 2047 2035 2101 ei

445 2143 621 2213 primo
662 2152 787 2212 p03t
824 2138 1137 2204 Cberubim,
1175 2139 1278 2192 sed.
1300 2153 1396 2206 per
1438 2152 1496 2192 se
1532 2138 1705 2209 ipsum
1746 2136 2037 2192 Cherubim

443 2234 582 2295 dixit
603 2231 872 2288 mediam“
896 2229 1229 2305 pertransit-0
1254 2226 1587 2294 Jerusalem;
1612 2228 1882 2284 mediam9
1908 2242 2037 2284 vero

444 2324 596 2391 Jicit,
631 2322 735 2378 hoc
761 2330 868 2387 est,
899 2321 952 2375 in
984 2320 1246 2375 obnoxios
1279 2318 1633 2388 inuoxiosqne
1679 2318 1939 2385 divisam;
1983 2327 2039 2374 et

448 2416 581 2473 dare
613 2414 847 2487 signum,
876 2411 1058 2468 crucis
1083 2410 1283 2467 Christi
1315 2408 1588 2473 videlicet,
1615 2409 1671 2464 in
1714 2406 1925 2465 frentes
1954 2409 2036 2466 in—

446 2505 751 2563 noxiorum.
770 2504 962 2558 Datum
980 2502 1022 2533 ¹⁰
1041 2510 1125 2557 est
1137 2502 1281 2556 enim
1303 2500 1514 2571 signum
1533 2499 1573 2532 “
1588 2512 1627 2556 Τ
1644 2500 1683 2531 ι’
1698 2500 1750 2554 in
1767 2498 2036 2556 frontibus

440 2611 651 2652 eorum.
683 2593 801 2648 Tan
826 2602 1005 2649 autem
1034 2591 1440 2647 similitudinem
1470 2589 1647 2645 crucis
1668 2598 1883 2661 gestare
1913 2589 2034 2661 quis

442 2687 681 2751 lidelium
728 2685 981 2758 ignorat?
1026 2684 1104 2738 llli
1153 2683 1253 2738 soli
1307 2683 1469 2755 igitur
1500 2682 1543 2714 ³³
1572 2682 1895 2749 liberantur,
1941 2683 2032 2754 qui

441 2795 660 2837 crucem
683 2778 895 2834 Domini
914 2777 1145 2833 ﬁdeliter
1166 2777 1414 2833 credunt.
1429 2794 1446 2827 ι
1468 2773 2030 2841 Arbitraimirenimi,

440 2872 520 2928 ait
566 2870 786 2936 Paulus,
820 2887 839 2918 ι
867 2867 1154 2941 justilicari
1189 2868 1461 2924 hominem
1497 2880 1596 2938 per
1630 2866 1791 2921 fidem
1833 2885 1877 2919 ι.
1926 2865 2032 2920 Alii

437 2971 616 3017 autem
643 2975 870 3017 secures
892 2959 1181 3024 habebant,
1213 2957 1409 3028 quibus
1437 2958 1759 3028 imperatum
1792 2966 1876 3011 est
1903 2956 2032 3011 nulli

435 3067 677 3126 parcere.
702 3052 934 3109 Pulchre
958 3061 1137 3106 autem
1164 3051 1206 3084 ⁸³
1229 3068 1365 3107 unus
1391 3051 1731 3105 innoxiorum
1761 3051 1806 3083 ”
1833 3051 2031 3121 signat,

434 3154 492 3201 et.
514 3161 621 3201 non
643 3145 751 3200 alio
771 3145 926 3216 signo
950 3143 1056 3209 nisi
1087 3142 1287 3198 crucis.
1314 3142 1463 3198 Unus
1483 3150 1567 3196 est
1591 3142 1735 3196 enim
1760 3142 2029 3206 Christus,

2144 1955 2299 2013 liberi
2347 1956 2557 2011 arbitrii
2605 1957 2659 2011 in
2712 1958 3029 2013 servitutem
3079 1958 3322 2028 redigere
3371 1960 3625 2014 videatur
3674 1960 3735 2016 ³⁸.

2143 2044 2358 2102 Primus
2386 2063 2516 2120 ergo
2546 2056 2666 2118 post
2705 2047 2998 2104 Cherubim
3047 2049 3226 2121 signat
3260 2048 3469 2106 frontes
3492 2052 3741 2109 imioxio-

2143 2155 2283 2194 rum.
2320 2138 2550 2194 Obuoxii
2579 2148 2754 2204 erant,
2789 2139 2881 2194 sed
2908 2139 3186 2210 signorum
3225 2139 3369 2194 noxii
3420 2150 3549 2195 sunt
3587 2141 3736 2199 lacti.

2140 2228 2322 2297 Quare
2355 2228 2605 2285 Christus
2642 2228 2932 2285 cruciﬁxus
2977 2229 3186 2299 primus
3206 2230 3409 2292 dicitur
3439 2242 3565 2301 post
3594 2232 3734 2289 Che-

2140 2320 2338 2374 rubim.
2354 2319 2492 2375 Audi
2509 2318 2879 2375 Psalmistam:
2905 2340 2922 2370 ι
2948 2319 3225 2375 Minorasti
3240 2335 3364 2375 eum
3381 2323 3544 2391 paulo
3560 2324 3736 2379 minus
3803 2330 3812 2339 ”

2140 2409 2209 2464 ab
2243 2408 2447 2481 angelis
2470 2428 2514 2463 ι.
2532 2409 2627 2464 Vis
2642 2424 2824 2474 nosse,
2840 2410 3110 2479 quomodo
3131 2410 3433 2465 minoratus
3458 2413 3578 2465 est?
3598 2413 3732 2467 Audi

2138 2497 2396 2555 Paulum:
2422 2519 2439 2549 ‹
2463 2498 2850 2569 Semetipsuim
2866 2539 2881 2563 ,
2897 2499 3091 2568 inquit,
3115 2517 3133 2550 ι
3156 2499 3479 2564 exinanivit,
3499 2499 3731 2554 formam

2138 2591 2278 2647 servi
2309 2592 2580 2661 accipiens
2613 2591 2667 2648 in
2706 2590 3114 2647 similitudinem
3139 2592 3184 2623 "
3210 2592 3488 2647 homirnam
3533 2592 3731 2654 factus.

2137 2681 2395 2738 obediens
2433 2681 2581 2739 Patri
2623 2696 2795 2753 usque
2821 2681 2888 2735 ad
2917 2692 3143 2738 mortem
3183 2682 3388 2747 igaudi
3430 2682 3654 2753 signum
3684 2683 3730 2735 in

2136 2771 2405 2828 frontibus
2437 2772 2703 2843 signatum
2741 2790 2755 2826 :
2790 2790 2808 2824 ι
2840 2781 3066 2827 mortem
3090 2781 3270 2827 autem
3295 2773 3475 2828 crucis
3502 2792 3549 2826 ι.
3572 2772 3733 2828 Solus

2135 2864 2334 2933 signat,
2366 2862 2512 2919 solus
2544 2863 2741 2934 quippe
2778 2861 3007 2928 liberat;
3038 2862 3214 2933 angeli
3238 2862 3283 2893 ³³
3303 2861 3420 2930 ejus
3445 2863 3730 2918 securibus

2134 2948 2462 3024 percutiunt,
2493 2969 2592 3023 per
2621 2952 2901 3009 ministros
2922 2967 3050 3008 suos
3082 2952 3335 3007 aedificat
3376 2953 3479 3006 sibi
3503 2953 3727 3007 domu

2134 3061 2200 3099 ex
2237 3045 2470 3100 humana
2506 3053 2694 3098 natura
2720 3043 2920 3110 dolata,
2946 3061 3011 3100 cx
3049 3043 3384 3100 iuformitate
3406 3061 3504 3100 sua
3538 3047 3592 3099 in
3617 3046 3727 3101 for-

2138 3153 2279 3192 mam
2311 3137 2500 3208 ipsius,
2526 3138 2592 3193 ad
2615 3137 2770 3209 cujus
2821 3139 3111 3209 imaginem
3147 3139 3436 3206 lactaest,
3470 3140 3721 3195 reducta.

434 3236 527 3307 qui
570 3252 702 3292 suae
729 3234 998 3307 passionis
1029 3235 1228 3288 virtute
1273 3234 1557 3295 credentes
1607 3233 1660 3287 in
1711 3248 1769 3288 se
1816 3232 2027 3288 liberat.
2059 3236 2103 3297 ρ
2135 3229 2289 3297 Quod
2320 3245 2449 3286 vero
2477 3230 2653 3285 securi
2683 3230 2731 3261 ³³
2762 3230 2926 3285 ferire
2965 3229 3305 3299 8"jubentur,
3357 3232 3562 3305 nemini
3611 3232 3726 3287 suis

430 3326 541 3385 Alii
567 3336 746 3382 autem
773 3341 1016 3390 secures,
1043 3325 1143 3381 hoc
1164 3334 1267 3390 est,
1291 3324 1526 3379 dolatilia
1552 3322 1836 3394 gestabant
1856 3337 2028 3387 arma,

431 3427 574 3484 quae
615 3413 1214 3484 plus-aedificationem
1240 3412 1549 3483 significant
1585 3427 1747 3481 quam
1793 3411 2025 3476 ruinam,

430 3503 647 3561 divinae
690 3502 930 3573 iustitiae
984 3502 1330 3558 severitatem
1377 3501 1686 3571 figurantia,
1736 3514 1877 3569 quae
1932 3515 2028 3569 per

432 3595 676 3665 angelos,
731 3596 1137 3665 praedicatores
1186 3595 1344 3665 plane
1392 3594 1685 3657 EccleSiae,
1726 3594 1953 3648 virtutes
1996 3608 2025 3646 a

432 3688 600 3750 vitiis,
651 3696 899 3741 naturam
943 3702 974 3742 a
1017 3686 1169 3756 culpa
1223 3694 1530 3757 segregant,
1574 3682 1840 3754 superflua
1889 3683 2024 3737 inci-

379 3823 384 3829 .
429 3776 564 3830 dunt
613 3776 679 3842 ¹⁶,
720 3776 984 3830 naturalia
1034 3774 1392 3840 conformant,
1446 3790 1512 3829 ex
1561 3773 1756 3844 quibus
1805 3774 2021 3827 domum

430 3866 645 3921 divinae
673 3868 1004 3938 possessioni
1034 3876 1213 3938 aptam
1244 3874 1584 3942 construunt.
1613 3864 1693 3938 Ad
1709 3880 1803 3920 eos
1817 3871 2020 3929 autem,

428 3961 520 4032 qui
557 3961 668 4016 sola
696 3961 801 4018 lide
829 3962 1042 4016 divinae
1070 3959 1361 4032 passionis,
1403 3960 1527 4013 dum
1554 3957 1806 4029 primitus
1837 3972 2021 4011 sat-ra-

427 4062 669 4111 mentum
691 4053 1032 4125 baptismatis
1046 4054 1299 4118 subeunt,
1315 4052 1464 4107 liberi
1481 4060 1605 4106 sunt
1619 4050 1685 4115 ‘7,
1703 4049 1957 4105 accedere
1974 4049 2016 4081 ιδ

427 4145 802 4217 prohibentur.
859 4145 1031 4201 Dolati
1082 4147 1225 4201 enim
1276 4145 1426 4216 prius
1473 4142 1546 4209 1’;
1602 4143 1779 4197 omnis
1822 4142 2018 4211 quippe

423 4236 769 4307 superﬂuitas
796 4253 981 4293 eorum
1006 4238 1149 4293 dono
1180 4236 1302 4291 ﬁdei
1343 4237 1387 4268 ²⁰
1415 4244 1689 4305 amputata
1716 4232 1782 4287 η.
1810 4233 1943 4288 Nam
1968 4235 2012 4275 ⁸⁸

425 4327 673 4397 quisquis
716 4336 840 4397 post
889 4329 1118 4398 gratiam
1185 4326 1526 4395 baptismatis
1587 4327 1834 4396 adeptam
1908 4343 2013 4381 non

424 4418 753 4496 peccaverit,
787 4404 1126 4473 correctione
1154 4418 1200 4448 ³³
1230 4417 1548 4472 delictorum
1588 4433 1693 4471 non
1730 4418 2007 4488 indigebit.

423 4507 693 4578 Purgatur
725 4508 921 4586 quippe
949 4508 1117 4564 semel
1164 4516 1218 4561 et
1262 4507 1421 4561 simul
1462 4508 1530 4562 ab
1568 4508 1714 4561 omni
1758 4507 2007 4578 originali

2133 3320 2302 3376 oculis
2342 3336 2589 3390 parcere,
2641 3320 2909 3397 significat
2931 3323 3278 3379 severitatem
3326 3323 3544 3381 divinae
3575 3321 3723 3378 Scri-

2131 3421 2323 3482 pturae
2348 3412 2395 3444 ³⁸
2426 3412 2481 3467 in
2508 3409 2935 3468 discretionibus
2956 3421 3012 3468 et
3038 3412 3470 3469 correctionibus
3498 3414 3547 3445 ³⁸
3588 3413 3725 3469 deli-

2130 3511 2363 3569 ctorum,
2396 3518 2624 3572 quorum
2660 3503 2825 3574 judex
2863 3511 2964 3558 est.
2997 3501 3268 3558 Bonorum
3310 3503 3581 3573 siquidem
3607 3516 3719 3560 ma-

2128 3595 2419 3665 gistrorum
2453 3596 2598 3666 juste
2630 3595 2674 3628 "
2704 3596 3033 3662 discernere,
3078 3612 3183 3650 non
3228 3605 3411 3651 autem
3458 3595 3714 3651 blandiri.

2126 3686 2241 3742 Non
2274 3688 2455 3758 itaque
2479 3688 2524 3719 ³³
2560 3687 2701 3743 Deus
2736 3695 3009 3752 naturam,
3050 3702 3214 3756 quam
3245 3685 3394 3752 fecit,
3430 3687 3713 3752 interimit,

2128 3783 2222 3837 sed
2251 3783 2320 3837 ab
2344 3798 2430 3849 ea,
2462 3781 2604 3852 quod
2643 3798 2761 3837 eam
2797 3782 2989 3847 inlicit,
3022 3790 3287 3854 segregat.
3320 3781 3435 3835 Non
3460 3782 3606 3836 enim
3638 3782 3717 3837 di-

2125 3876 2282 3930 vinae
2306 3875 2565 3931 bonitatis
2586 3873 2871 3932 inell’abilis
2890 3877 3065 3946 pietas
3085 3877 3214 3931 sinit
3246 3885 3519 3942 naturam,
3548 3893 3709 3945 quam

2122 3966 2204 4021 sui
2243 3964 2473 4019 similem
2524 3963 2670 4030 fecit,
2718 3965 3069 4020 aeternaliter
3112 3963 3517 4020 deformitatem
3573 3965 3702 4035 pati.

2119 4055 2385 4111 Permittit
2422 4064 2602 4131 autem
2636 4056 2703 4111 ad
2734 4066 2947 4127 tempus
2993 4071 3113 4110 eam
3149 4055 3369 4124 corrigi,
3407 4064 3468 4109 ut
3495 4055 3708 4109 avidius

2118 4154 2174 4199 et
2203 4145 2482 4201 ardentius
2511 4145 2574 4199 ad
2604 4162 2755 4200 suam
2779 4146 3091 4217 dignitatem
3120 4144 3324 4208 redeat,
3352 4144 3637 4199 aerumnis
3661 4141 3707 4174 ³³

2117 4236 2229 4291 suis
2249 4236 2567 4305 iustissimis
2598 4236 2831 4292 erudita.
2865 4236 3023 4290 Ratio
3069 4235 3336 4305 siquidem
3372 4250 3481 4289 non
3514 4247 3707 4290 conce-

2116 4326 2217 4393 dit,
2262 4328 2548 4399 imaginem
2600 4328 2694 4383 Dei
2739 4329 2789 4383 iu
2826 4339 3047 4385 acterna
3080 4326 3413 4397 turpitudine
3449 4326 3701 4382 detineri.

2114 4418 2362 4488 Alioquin
2391 4429 2677 4477 coaeterna
2706 4421 2811 4481 erit
2856 4421 3077 4479 miseria
3107 4419 3455 4484 beatitudini,
3494 4418 3701 4474 malitia

2114 4510 2367 4576 bonitati,
2401 4527 2626 4583 regnum
2657 4512 2854 4566 diaboli
2895 4527 3062 4582 regno
3090 4512 3206 4567 Dei.
3238 4512 3354 4571 Non
3388 4521 3574 4567 autem
3603 4512 3701 4577 hcc

424 4601 752 4681 proprioque
782 4612 1022 4671 peccato.
1054 4601 1259 4671 lndiget
1285 4608 1467 4655 autem
1516 4599 1731 4670 purgari
1768 4600 1834 4654 ab
1860 4600 2007 4667 iguo-
2039 4591 2088 4653 D
2112 4602 2357 4668 dicimus,
2389 4608 2540 4674 quasi
2568 4606 2711 4660 nulla
2748 4621 2918 4675 poena
2950 4605 2995 4638 δ’
3023 4606 3093 4660 sit
3122 4615 3363 4672 aeterna,
3385 4607 3516 4661 dum
3540 4623 3694 4662 unus,

1686 4682 1968 4770 vannus
2005 4717 2405 4776 LECTIONES.

492 4808 512 4843 ‘
545 4809 603 4864 B'
650 4820 793 4862 corr.
872 4804 1060 4871 priore.

663 4946 684 4977 ’
714 4949 756 4999 A
819 4944 1010 4997 media.
1088 4945 1131 4976 ¹⁰
1173 4943 1354 5011 Cunj.,
1398 4943 1781 5003 ABC’Dictum.

419 4953 589 5005 (lium.

682 5089 850 5140 rantes
897 5085 1260 5139 innoxiorum.

415 5093 597 5149 adscr.

1156 5154 1198 5187 ia
1247 5154 1306 5208 Βδ
1362 5170 1503 5210 ρον..-
1554 5167 1676 5202 ην...
1729 5175 1754 5184 -

418 5180 527 5218 νος,
628 5155 672 5203 λθ
796 5155 1049 5210 accidere.

847 4804 1180 4893 .pri‘orrg-A:
1222 4802 1378 4893 qur;
1436 4805 1523 4869 B',
1564 4806 1708 4893 ABE
1743 4809 1870 4878 quid
1920 4820 2016 4867 est.
2093 4814 2113 4845 ⁸
2269 4815 2456 4893 adscr.
2513 4817 2652 4893 ἱκιίΣ
2699 4816 2889 4893 ordini.

423 4882 464 4937 (ἶ
500 4889 555 4933 et
606 4892 747 4932 corr.
802 4874 888 4938 B‘,
932 4874 1022 4927 ΛΒ
1061 4874 1199 4933 miri.
1277 4874 1379 4954 “.13
1420 4893 1592 4945 serup,
1648 4876 1709 4930 B‘
1755 4874 1904 4935 corr.
1958 4900 2132 4955 semp,
2174 4884 2214 4939 C
2278 4884 2489 4939 rlierub.
2564 4888 2583 4917 ⁷
2615 4886 2657 4939 Β
2725 4902 2829 4947 ose,
2880 4885 2940 4938 B'

423 4953 589 5005 ilium.
663 4946 684 4977 ’
714 4949 756 4999 A
819 4944 1010 4997 media.
1088 4945 1131 4976 ¹⁰
1173 4944 1354 5010 (Σιηιιη
1398 4946 1530 5001 ABG
1552 4947 1781 5003 Dictum.
1883 4952 1922 4984 “
1969 4952 2052 5009 DC
2097 4956 2267 5010 siuna.
2344 4954 2386 4993 υ
2433 4962 2476 5008 Τ
2518 4972 2628 5009 οιη.
2808 4956 2853 4989 ³⁸
2900 4955 2940 5010 C

419 4971 589 5005 (Παπί-
665 4971 683 4977 ⁷
714 4971 756 4999 δ
819 4971 1010 4997 "mm"
1088 4971 1127 4976 ”
1173 4971 1354 5011 υυιυοι
1398 4971 1530 5001 nou
1552 4971 1781 5003 utcmm.
1883 4971 1922 4984 ”
1969 4971 2052 5009 ut.
2097 4971 2267 5024 signa.
2346 4971 2386 4993 '-'
2433 4971 2476 5008 Τ
2518 4972 2628 5009 οιη.
2670 4971 2731 5011 υ.
2808 4971 2853 4989 ³·
2900 4971 3079 5024 non)”
3123 4971 3187 5007 AI

418 5020 482 5076 B'
531 5033 675 5076 corr.
730 5014 822 5068 Illi
867 5016 1151 5097 igitur,_et
1194 5015 1262 5069 ad
1304 5031 1477 5116 marg.
1525 5018 1702 5073 adscr.
1755 5021 1886 5084 soli,
1940 5024 1981 5078 C
2023 5023 2103 5078 illi
2154 5041 2273 5092 ergo
2319 5024 2438 5078 soli.
2547 5026 2592 5059 “
2634 5024 2739 5080 Pro
2774 5034 2950 5079 autem
2989 5023 3040 5079 Ἀ
3094 5024 3187 5077 ait.

418 5093 597 5146 adscr.
657 5087 850 5146 frontes
897 5100 1260 5139 innoxiorum.
1397 5089 1411 5117 ³
1465 5085 1523 5139 Β⁶
1564 5102 1707 5142 corr.
1759 5092 2053 5146 abscidunt-
2176 5094 2295 5122 "1“
2443 5095 2502 5114 ἰ·
2876 5096 2886 5106 -
3100 5093 3181 5130 Δρ

1695 5130 1707 5141 ο
1759 5110 2053 5148 ηυδειαιιιιι-
2176 5110 2212 5122 ¹¹
2241 5110 2255 5120 ”
2288 5112 2295 5118 ⁴
2471 5110 2502 5114 ’“

2987 4814 3009 4846 ⁸
3062 4813 3150 4868 AB
3202 4813 3422 4867 ebraire.
3522 4814 3546 4846 ⁸
3603 4812 3691 4870 Sic

2993 4900 3137 4967 corr.
3171 4899 3279 5005 lper
3308 4900 3381 4964 se.
3444 4883 3482 4964 .'
3508 4884 3687 4966 {Agne-

2993 4971 3079 5005 ιι..
3123 4954 3166 5005 A
3271 4951 3362 5005 Illi
3408 4969 3454 5004 si
3509 4963 3684 5005 mitur.

2808 4956 2853 4989 ³⁸
2900 4955 3079 5024 Conj.,
3123 4951 3212 5007 AD
3271 4951 3364 5005 Illi
3408 4954 3455 5004 si
3509 4954 3684 5024 igitur,

2812 5034 2950 5079 idem
2989 5023 3040 5079 Ἀ
3094 5024 3187 5077 ait.
3306 5021 3353 5093 Ψ
3401 5022 3682 5093 Βέιιιιιιε.

2176 5094 2295 5122 111‘.
2443 5095 2502 5114 ἰ’
2876 5096 2886 5106 ‘
3100 5093 3181 5130 ΛΠ
3210 5092 3419 5155 liberis,
3462 5092 3503 5147 Ο
3558 5092 3683 5148 libe-
