4028 6274
243 352 357 410 235

1090 343 1311 402 SUPER
1349 339 1774 411 IERARCHIAM
1812 338 2229 399 CAELESTEM
2257 342 2315 396 S.
2359 341 2670 398 DIONYSII.

3396 338 3499 394 ωδ
3520 371 3526 377 .

242 463 479 534 quisque
526 474 622 515 sua
676 456 1010 513 conscientia
1056 458 1170 512 sive
1223 456 1654 522 beatiﬁcabitur,
1709 456 1823 511 sive
1851 454 2168 519 Achiarum
2190 455 2387 510 summi
2411 455 2720 510 sacerdotes
2758 461 2984 523 possunt
3023 452 3322 523 appellari;
3367 461 3497 510 sunt

242 552 592 609 damnabitur
638 550 691 604 in
739 557 1040 612 aeternum,
1068 548 1162 603 sed
1209 548 1544 603 solummodo
1592 547 1819 625 agimus,

241 645 389 714 quod
417 642 561 697 nulla
589 651 780 695 natura
813 638 865 693 in
904 639 1009 693 ullo
1053 639 1304 709 punietur
1333 650 1380 692 α.
1415 638 1717 692 Redeamus
1755 636 1824 692 ad

238 733 602 805 propositum.
634 729 862 785 Pulchre
902 729 1083 798 itaque
1128 728 1357 783 duorum
1410 729 1819 799 prophetarum,

202 820 209 821 ί
238 823 526 880 Zachariae
565 821 688 876 dico
715 828 770 875 et
789 819 1058 883 Ezechiel,
1083 819 1320 873 visiones
1341 832 1608 873 consonae
1636 831 1823 887 appro-

236 916 394 979 bant,
426 914 595 968 Deum
620 910 930 965 immediate
953 909 1350 964 excelsissimas
1376 908 1655 972 essentias,
1684 920 1822 976 quae

236 1008 393 1073 circa
427 1020 550 1059 eum
582 1013 729 1066 sunt,
764 1002 977 1065 docere,
1029 1000 1221 1055 deinde
1255 999 1545 1053 ordinatim
1583 1014 1679 1067 per
1706 997 1819 1068 pri-

236 1112 360 1152 mos
384 1095 625 1156 secundi,
659 1108 755 1163 per
783 1092 1048 1147 secundos
1080 1090 1245 1156 tertii,
1278 1106 1373 1161 per
1400 1090 1588 1146 tertios
1613 1089 1817 1159 quarti,

234 1189 342 1243 hoc
370 1186 486 1242 est'
513 1184 764 1256 theologi,
808 1183 1073 1238 docentur
1093 1182 1328 1238 ordines.
1357 1180 1647 1236 Zacharias
1674 1182 1821 1235 enim

235 1280 403 1343 ait,se
417 1277 618 1331 vidisse
632 1291 795 1330 unum
812 1275 1109 1344 primorum
1126 1275 1193 1329 ab
1209 1274 1325 1344 ipso
1339 1267 1449 1328 Deo
1463 1274 1756 1328 discentem
1773 1273 1815 1325 ².

231 1368 335 1425 Cui
361 1369 503 1423 alter
529 1365 767 1422 occurrit
802 1363 1116 1419 inferiorum
1153 1362 1485 1434 angelorum,
1522 1362 1612 1432 qui
1654 1360 1847 1431 vcluti_

230 1458 478 1514 secundo
508 1456 673 1528 gradu
710 1470 805 1524 per
834 1454 1068 1524 primum
1118 1453 1296 1507 divina
1343 1452 1532 1507 didicit
1561 1451 1815 1517 consilia;

228 1550 328 1620 qui
353 1549 550 1603 iterum
573 1546 843 1602 secundus
869 1544 1090 1613 angelus
1121 1544 1280 1597 veluti
1304 1558 1545 1599 summus
1569 1543 1820 1597 sacerdos

230 1636 910 1710 theologum,‘Zachariam
940 1636 1078 1699 dico,
1105 1636 1361 1699 erudivit,
1378 1634 1424 1688 si
1449 1634 1571 1703 quis
1592 1633 1671 1688 sic
1694 1633 1820 1688 velit

228 1732 555 1802 intelligere,
588 1727 733 1798 quod
762 1729 1021 1798 magister
1046 1726 1365 1781 aitzdeinde
1393 1725 1459 1779 ab
1488 1724 1605 1794 ipso
1630 1739 1818 1779 occur-

1922 560 2064 600 emm
2093 547 2397 616 pontiﬁces,
2426 546 2673 615 quamvis
2709 560 2895 601 eorum
2922 547 3262 615 pontiﬁcatus
3295 559 3495 614 aequa-

1921 633 1988 690 lis
2016 652 2122 691 non
2163 636 2264 701 sit;
2293 636 2383 690 alii
2425 636 2621 706 quippe
2651 637 2785 693 alios
2814 638 3160 705 praecedunt.
3194 636 3303 691 Nisi
3354 638 3494 693 forte

1920 727 2042 795 quis
2062 727 2276 793 dixerit,
2292 743 2456 783 unum
2478 727 2501 780 l
2499 728 2641 785 uisse
2659 743 2725 783 ex
2747 728 3027 784 ordinibus
3044 730 3310 795 secundae
3324 730 3493 785 ierar—

1922 819 2091 882 chiae,
2138 833 2236 888 per
2281 835 2444 889 quam
2485 820 2650 874 veluti
2701 820 3041 875 medietatem
3072 819 3337 889 quandam
3384 830 3492 896 ter;

1922 909 1997 963 tia
2024 909 2047 941 °
2071 911 2312 967 docetur.
2338 911 2404 965 Et
2428 910 2472 965 si
2496 911 2567 965 ita
2608 920 2714 975 est,
2756 910 3043 979 cogemur"
3068 909 3489 980 subintelligerc,

1920 1007 2013 1054 aut
2040 999 2201 1054 alium
2225 999 2473 1068 angelum
2503 999 2809 1054 inferiorem
2830 999 2920 1052 illo
2954 982 3301 1053 mediator-em
3329 998 3493 1054 fuisse

1922 1091 2062 1145 inter
2114 1091 2286 1159 ipsum
2334 1099 2391 1144 et
2442 1089 2786 1159 theologum,
2821 1088 2867 1143 si
2911 1103 3012 1158 per
3054 1089 3269 1143 tertiam
3324 1088 3494 1143 icun—

1864 1228 1887 1243 ..
1921 1182 2099 1237 chiam
2129 1182 2387 1236 docentur
2410 1181 2687 1245 homines;
2712 1180 2797 1235 vel
2843 1189 2992 1236 certe
3017 1194 3124 1235 non
3157 1179 3329 1235 solum
3364 1194 3491 1236 san-

1921 1281 2036 1329 ctos
2068 1271 2340 1342 theologos
2367 1271 2392 1304 ⁸
2414 1287 2510 1341 per
2559 1270 2778 1341 angelos
2812 1270 3006 1325 tertiae
3035 1268 3355 1335 ierarchiae,
3395 1284 3492 1325 ve-

1921 1381 2038 1419 rum
2067 1365 2232 1420 etiam
2265 1379 2361 1433 per
2386 1363 2607 1434 angelos
2633 1361 2862 1428 mediae,
2906 1377 3004 1417 nec
3034 1378 3143 1417 non
3185 1370 3240 1417 et
3261 1362 3489 1433 primae,

1921 1455 1990 1509 ab
2012 1454 2126 1525 ipsa
2152 1455 2314 1509 etiam
2342 1454 2552 1508 Deitate
2579 1454 2600 1484 ’
2632 1466 2788 1522 posse
2818 1453 3023 1518 doceri,
3046 1468 3152 1507 non
3183 1461 3267 1507 est
3293 1467 3495 1524 negan-

1921 1545 2069 1599 dum.
2096 1544 2248 1612 Quod
2276 1545 2418 1599 idem
2460 1543 2745 1615 Dionysius
2796 1544 2848 1598 in
2898 1544 3036 1599 libro
3069 1563 3082 1597 :
3113 1543 3491 1599 Ecclesiastica

1921 1637 2185 1691 ierarchia
2217 1637 2428 1691 videtur
2442 1652 2716 1699 asserere,
2756 1636 2849 1691 ubi
2874 1636 2969 1701 ait,
2993 1637 3259 1692 humanos
3285 1636 3496 1691 animos

1923 1728 2219 1783 secundum
2253 1728 2525 1798 propriam
2582 1728 3003 1799 uniuscujusque
3055 1729 3356 1798 analogiam
3401 1730 3481 1784 tri-

228 1831 388 1879 rente
429 1820 619 1892 angelo
646 1831 902 1889 tanquam
944 1835 974 1874 a
1005 1833 1218 1873 summo
1246 1816 1525 1872 sacerdote
1547 1815 1816 1870 eruditum

1921 1824 2019 1878 bus
2044 1823 2367 1879 caelestibus
2389 1823 2671 1877 ierarchiis
2697 1823 2888 1878 insitos
2912 1837 3049 1878 esse.
3079 1822 3212 1889 Quis
3231 1824 3375 1878 enim
3402 1822 3497 1877 ab-

228 1915 383 1970 videt
417 1928 736 1968 conversum
770 1911 1115 1982 theologum;
1167 1918 1222 1964 et
1266 1910 1371 1964 hoc
1410 1909 1603 1964 docere
1647 1908 1812 1973 videt,

226 2006 491 2077 quoniam
545 2005 820 2059 fructuose
859 2003 1193 2059 habitabitur
1232 1999 1550 2056 Jerusalem.
1604 1997 1658 2054 Si
1688 2014 1814 2054 vero

224 2098 356 2167 quis
395 2094 699 2165 intelligere
728 2094 842 2149 vult
873 2109 888 2147 :
929 2095 1123 2148 deinde
1155 2092 1314 2147 videt
1329 2092 1598 2146 eruditum
1625 2106 1814 2146 occur-

229 2200 446 2246 rentem
488 2189 738 2258 angelum
770 2189 838 2244 ab
866 2188 981 2258 ipso
1010 2188 1208 2257 primo,
1237 2186 1326 2256 qui
1357 2202 1422 2241 ex
1452 2186 1561 2241 Deo
1590 2185 1810 2249 didicit,

144 2302 157 2313 ·
228 2289 496 2350 tanquam
535 2295 564 2332 a
612 2294 825 2333 summo
851 2279 1154 2344 sacerdote,
1207 2293 1544 2348 consequens
1581 2278 1704 2341 erit,
1755 2285 1812 2331 ut

228 2385 341 2426 non
372 2372 487 2439 ipse
515 2385 831 2435 occurrens,
863 2370 956 2424 sed
987 2371 1194 2439 primus
1225 2384 1254 2422 a
1282 2368 1390 2424 Deo
1419 2370 1635 2424 discens
1661 2384 1813 2423 sum-

225 2476 355 2515 mus
382 2461 637 2515 sacerdos
667 2444 1028 2530 intelligatur;
1072 2469 1129 2514 ut
1154 2458 1522 2515 snhinl‘eratur
1554 2478 1567 2513 :
1600 2468 1656 2514 et
1682 2459 1814 2514 vidit

223 2564 558 2606 conversum
586 2548 889 2619 theologum
908 2550 1012 2605 hoc
1033 2549 1236 2615 dicere,
1267 2549 1320 2604 id
1335 2558 1442 2615 est,
1467 2549 1595 2603 vidit
1623 2565 1813 2604 secun-

224 2646 358 2697 dum
389 2641 409 2673 ³
441 2641 692 2712 angelum
736 2657 763 2694 a
788 2642 965 2711 primo
985 2642 1254 2697 eruditum
1277 2642 1471 2698 docere
1506 2642 1811 2712 theologum

224 2749 550 2789 conversum
607 2735 660 2788 in
710 2735 810 2790 huc
855 2735 899 2799 δ,
930 2736 1186 2804 quoniam
1236 2737 1511 2791 fructuose
1552 2737 1814 2791 habitabi-

226 2832 319 2880 tur
366 2823 684 2881 Jerusalem.
719 2826 969 2881 Ezechiel
1005 2841 1132 2881 vero
1172 2827 1250 2881 ait
1292 2826 1467 2895 primo
1506 2826 1528 2857 ⁸
1575 2827 1643 2881 ab
1701 2828 1811 2897 ipsa

227 2915 617 2986 gloriosissima
670 2916 960 2971 Divinitate
1009 2916 1300 2972 Cheruhim
1354 2918 1575 2983 doceri,
1622 2918 1814 2973 deinde

228 3022 329 3075 per
354 3006 501 3075 ipsos
526 3005 734 3074 primus
754 3016 874 3076 post
901 3007 1149 3073 docetur,
1168 3009 1263 3077 qui
1291 3009 1346 3063 in
1369 3009 1690 3064 sacerdotali
1713 3012 1811 3063 ha-

230 3097 345 3150 bitu
377 3097 523 3151 visus
556 3104 671 3162 est;
700 3111 796 3165 per
823 3112 985 3167 quem
1026 3098 1223 3152 iterum
1262 3097 1426 3152 veluti
1456 3098 1616 3153 tertio
1644 3100 1812 3167 gradu

228 3188 496 3243 docentur
516 3188 720 3260 angeli;
754 3197 813 3243 nt
843 3191 977 3245 ordo
1007 3191 1114 3245 sit:
1145 3191 1215 3246 ab
1244 3192 1359 3261 ipso
1390 3194 1498 3247 Deo
1524 3192 1814 3247 Cherubim

225 3277 613 3357 instruuntur,
640 3280 708 3334 ab
750 3280 881 3349 ipsis
918 3281 1209 3339 Cherubim
1252 3284 1482 3352 primus,
1506 3284 1816 3355 quicunque

227 3369 316 3431 sit,
346 3383 413 3423 ex
456 3370 738 3425 ordinibus
766 3373 1036 3428 secundae
1090 3374 1388 3430 ierarchiae
1437 3375 1680 3441 docetur,
1723 3377 1815 3446 qui

227 3462 431 3515 iterum
486 3462 722 3531 reliquos
763 3464 983 3535 angelos
1029 3466 1218 3521 tertiae
1262 3465 1561 3522 ierarchiae
1614 3467 1812 3533 docet,

228 3566 327 3621 per
348 3568 485 3621 quos
507 3563 781 3623 postremo
806 3556 1174 3628 theologorum
1217 3558 1430 3613 animus
1458 3558 1812 3613 illuminatur.

229 3641 289 3696 In
340 3643 549 3698 visione
598 3655 772 3699 tamen
824 3645 1118 3701 Zachariae
1166 3647 1388 3702 dubium
1435 3649 1650 3704 videtur
1673 3665 1814 3715 csse,

226 3743 417 3788 utrum
461 3735 527 3790 de
561 3738 831 3792 secundae
859 3752 927 3791 an
972 3738 1038 3794 de
1066 3739 1254 3793 tertiae
1284 3740 1583 3795 ierarchiae
1608 3742 1816 3795 ordini-

226 3823 336 3879 bus
363 3835 482 3901 erat
512 3825 600 3881 illc
628 3827 767 3881 alter
788 3828 1032 3907 angelus,
1060 3830 1150 3899 qui
1176 3830 1266 3885 uni
1298 3831 1596 3900 primorum
1628 3847 1817 3885 occurv

228 3915 328 3979 rit,
375 3931 472 3985 per
514 3933 674 3986 quem
729 3918 1008 3989 theol0gus
1048 3919 1293 3974 eruditus
1342 3929 1444 3974 est.
1489 3919 1623 3975 Nam
1673 3920 1817 3988 quod

230 4020 485 4061 summus
521 4008 778 4062 sacerdos
809 4008 1127 4079 appellatur,
1153 4007 1284 4062 nulli
1311 4009 1509 4062 mirum
1551 4008 1815 4063 dehetvi-

232 4094 379 4162 deri,
406 4098 659 4166 quoniam
689 4113 879 4154 omnes
900 4099 1064 4154 animi
1104 4099 1266 4153 trium
1295 4098 1609 4155 caelestium
1647 4098 1818 4151 ierar-

1921 1915 2099 1970 nuerit
2129 1915 2195 1978 ¹⁰,
2222 1923 2435 1985 raptum
2458 1914 2772 1983 Apostolum
2815 1915 2866 1967 in
2918 1913 3135 1969 tertium
3164 1913 3393 1979 caelum,
3440 1913 3495 1969 in

1923 2007 2136 2061 tertiam
2171 2005 2327 2076 plane
2383 2005 2706 2061 ierarchiam
2748 2003 2934 2071 fuisse,
2983 2003 3073 2059 ubi
3114 2004 3168 2058 in
3212 2003 3498 2062 medietate

1919 2096 1988 2150 ab
2018 2096 2132 2165 ipso
2154 2095 2264 2151 Deo
2290 2094 2579 2150 inell‘abilia
2610 2094 2817 2149 audivit
2844 2095 3046 2150 verba?
3067 2093 3206 2160 Quid
3255 2093 3495 2163 fortassis

1917 2193 2031 2260 quis
2058 2191 2247 2244 dixerit
2268 2190 2332 2243 de
2356 2189 2557 2253 dicente
2579 2189 2761 2258 angelo
2778 2186 2847 2240 ad
2871 2184 3054 2241 Daniel
3071 2201 3090 2241 :
3107 2185 3277 2240 Eatiuit
3290 2203 3457 2240 sermo
3474 2185 3500 2239 ?

1919 2293 2011 2335 aut
2041 2281 2105 2335 de
2133 2282 2243 2351 ipso
2287 2281 2453 2350 primo
2496 2281 2667 2349 ignem
2698 2294 2762 2332 ea:
2805 2278 2974 2331 nzedio
3023 2276 3300 2331 Cherubim
3363 2278 3495 2331 rcci-

1917 2372 2126 2441 pieute?
2174 2381 2267 2424 aut
2303 2370 2436 2424 illud
2461 2370 2693 2440 ejusdem
2733 2369 3153 2422 abundantius“
3203 2369 3258 2421 in
3299 2367 3497 2421 ordinis

1918 2464 2139 2535 angelici
2177 2465 2540 2527 ostensionem,
2586 2463 2836 2533 quoniam
2864 2471 2911 2515 et
2942 2458 3220 2515 Cherubim
3267 2459 3501 2515 immitti:

1919 2556 2089 2626 ignem
2119 2558 2173 2610 in
2216 2572 2402 2611 manus
2438 2565 2671 2609 sanctam
2704 2554 2893 2609 stolam
2929 2553 3141 2608 induti?
3187 2563 3277 2607 aut
3303 2554 3367 2606 de
3414 2568 3503 2607 vo-

1920 2656 2069 2700 cante
2101 2647 2478 2701 divinissimum
2497 2646 2538 2676 “
2556 2642 2784 2710 Gabriel,
2811 2655 2856 2697 et
2885 2645 3084 2697 dicente
3098 2644 3145 2697 ei
3173 2641 3323 2697 :Fac
3354 2643 3501 2698 illum

1919 2737 2204 2807 intelligere
2232 2736 2634 2790 visionem?aut
2676 2750 3011 2805 quaecunque
3051 2734 3095 2767 ⁸³
3124 2733 3231 2787 alia
3265 2751 3297 2787 a
3336 2735 3500 2788 sacris

1921 2827 2171 2898 theologis
2196 2829 2335 2881 dicta
2362 2835 2481 2881 sunt
2504 2827 2568 2880 de
2589 2825 2889 2880 caelestium
2920 2826 3297 2880 ierarchiarum
3335 2824 3378 2857 ”
3406 2825 3496 2878 de-

1921 2920 2075 2990 formi
2115 2931 2326 2985 ornatu,
2369 2921 2440 2973 ad
2458 2936 2611 2991 quem
2645 2929 2853 2973 nostrae
2890 2919 3178 2972 ierarchiae
3212 2919 3494 2982 ordinatio,

1920 3010 2203 3065 secundum
2248 3012 2387 3081 quod
2418 3009 2661 3079 possibile
2697 3019 2794 3074 est,
2839 3010 3165 3072 assimilata,
3208 3007 3497 3078 angelicam

1920 3098 2358 3167 pulchritudinem
2407 3101 2471 3167 “’,
2521 3110 2774 3171 quantum
2798 3101 2853 3153 in
2873 3098 3186 3168 imaginibus
3207 3097 3251 3130 ⁸⁸
3271 3096 3493 3159 habebit,
3538 3120 3551 3127 κ

1921 3191 2200 3257 {armatam
2250 3185 2342 3261 per
2364 3206 2502 3255 eum,
2535 3200 2583 3244 et
2614 3190 2881 3245 reductam
2908 3190 2976 3243 ad
3020 3187 3501 3260 supercssentialem

1918 3281 2073 3335 simul
2097 3281 2262 3335 omnis
2287 3266 2595 3337 ierarchiae.
2622 3278 2754 3345 Quis
2777 3287 2862 3333 est
2888 3277 3132 3348 angelus;
3165 3278 3254 3347 qui
3286 3276 3501 3333 locutus

1918 3375 2082 3431 estad
2100 3374 2506 3441 Daniel,sancta
2533 3371 2772 3427 declarat
2790 3370 3015 3425 historia
3039 3371 3133 3424 ".4
3155 3370 3401 3436 Adhuc»,
3420 3369 3501 3426 in-

1918 3469 2036 3536 quit
2063 3468 2176 3537 ipse
2208 3465 2417 3529 Daniel,
2442 3484 2462 3517 ι
2485 3480 2570 3521 me
2598 3465 2850 3535 loquente
2878 3464 2933 3518 in
2959 3463 3222 3529 oratione,
3249 3478 3376 3519 ecce
3418 3463 3502 3517 vir

1919 3560 2156 3626 Gabriel,
2201 3573 2358 3629 quem
2392 3556 2632 3613 videram
2665 3557 2717 3611 in
2759 3555 2963 3611 visione
3008 3571 3038 3609 a
3079 3555 3366 3624 principio,
3395 3555 3502 3610 cito

1922 3654 2107 3709 volans
2139 3652 2314 3722 tetigit
2339 3666 2424 3705 me
2448 3649 2500 3703 in
2528 3657 2766 3718 tempore
2792 3646 3043 3703 sacrillcii
3089 3646 3403 3717 vespertini.
3438 3646 3504 3699 Et

1928 3746 2111 3802 docuit
2146 3759 2254 3808 me,
2291 3753 2346 3798 et
2379 3743 2589 3796 locutus
2625 3740 2898 3804 estmihi,
2934 3739 3178 3809 dixitque
3211 3756 3223 3793 :
3264 3738 3451 3794 Daniel
3485 3739 3497 3790 !

1927 3854 2069 3894 nunc
2090 3851 2190 3904 ego
2219 3835 2263 3868 ⁸⁸
2290 3848 2542 3903 egressus
2574 3846 2714 3897 sum,
2753 3839 2811 3885 ut
2836 3832 3088 3886 docerem
3126 3839 3197 3897 te,
3228 3843 3279 3885 et
3311 3828 3504 3884 intelli-

1925 3944 2096 4000 geres.
2123 3928 2207 3983 Ab
2219 3925 2440 3981 exordio
2454 3939 2679 3994 precum
2690 3933 2899 3979 tuarum
2926 3939 3177 3993 egressus
3191 3930 3273 3978 est
3288 3938 3468 3979 sermo
3486 3939 3500 3987 ;

1924 4035 2023 4089 ego
2048 4026 2228 4072 autem
2256 4016 2398 4079 veni,
2429 4023 2488 4067 ut
2528 4014 2820 4068 indicarem
2869 4014 2983 4077 tibi,
3014 4015 3138 4083 quia
3184 4015 3267 4068 vir
3295 4013 3504 4070 deside-

1926 4114 2131 4167 riorum
2164 4125 2242 4165 es.
2271 4108 2312 4163 Τ
2318 4124 2347 4161 ιι
2378 4116 2558 4161 autem
2587 4106 2956 4160 animadverte
2986 4120 3313 4170 sermonem,
3344 4114 3398 4160 et
3423 4106 3507 4160 in-

631 4284 638 4293 .
1520 4229 1775 4285 VARIAE
1812 4220 2210 4283 LECTIONES.

313 4317 331 4350 ⁸
355 4316 446 4372 Sic
473 4318 581 4383 AC,
612 4334 685 4375 est
707 4338 817 4378 om.
846 4326 907 4380 B.
983 4328 1005 4359 ²
1031 4327 1184 4382 Corr.
1213 4325 1294 4389 B',
1328 4325 1415 4379 AB
1443 4324 1852 4386 descendentem,
1879 4319 1995 4376 Cab
2009 4333 2067 4389 eo
2100 4316 2208 4389 ipso
2235 4309 2680 4389 descendentem.“
2720 4311 2740 4341 ³
2758 4308 2816 4389 ,Β
2839 4318 3096 4389 sanctum.
3338 4325 3502 4389 supra
3530 4370 3541 4375 ,

237 4389 420 4467 adscr.
446 4389 660 4467 scilicet.
765 4396 787 4427 ⁸
836 4398 877 4449 Β
900 4398 1069 4467 primo
1106 4399 1197 4450 ait.

1311 4397 1332 4427 ‘
1363 4396 1453 4451 Sic
1486 4397 1567 4457 (ἔς
1603 4394 1693 4448 AB
1738 4395 1941 4448 tertiae.

2042 4388 2061 4418 ⁷
2109 4378 2151 4437 Α
2201 4398 2461 4453 cogemus.
2566 4382 2588 4411 ⁸
2640 4379 2814 4449 Gonni,
2864 4378 2993 4453 ADC
3041 4378 3209 4433 sancti
3261 4378 3500 4453 theologi.

235 4457 552 4538 'ILmarg.
587 4463 762 4538 adscr.
812 4449 1261 4538 Quadi-revelatio
1305 4449 1604 4536 prophetica
1651 4465 1962 4538 quandoque
2021 4458 2076 4527 ﬁt
2106 4471 2218 4538 .per
2266 4449 2478 4538 angelos
2534 4453 2752 4538 tertiae;
2787 4449 3098 4538 quandoque
3128 4449 3504 4538 Δρειξῌιιηλςῃξζᾳις

234 4518 477 4592 maiae,
502 4518 983 4610 Tquandoque‘
1024 4518 1256 4607 angelos
1300 4518 1889 4601 bri‘maeiViera'rchiae,'
1941 4518 2250 4610 quandoque
2284 4518 2481 4610 ,εεὶῂαὸ
2538 4523 2646 4591 ipso
2704 4518 2815 4610 per)
2872 4518 3200 4610 ξηιηιίῖίιὲαιιὲι
3237 4518 3509 4610 :‘ievjelatio-

241 4614 359 4679 nem
409 4602 607 4679 accipiu
616 4616 688 4658 nt.

235 4684 453 4722 simum.

776 4608 834 4639 “°
862 4608 907 4660 A
933 4608 1177 4660 abnuere.

1281 4599 1321 4637 ¹’¹
1346 4606 1388 4659 Β
1411 4606 1820 4666 habundantius,
1853 4605 1930 4658 sic
1960 4599 2177 4665 ubique.

563 4671 609 4705 ”
635 4676 677 4728 A
706 4694 1064 4747 quencunque,
1096 4676 1136 4730 B
1163 4693 1516 4747 quemcunque
1558 4680 1763 4747 (punct.
1802 4674 1913 4747 ad].
1958 4671 2063 4739 η’).

2284 4593 2328 4624 ¹²
2366 4592 2443 4645 Ex
2477 4589 2620 4645 vers.
2669 4601 2723 4647 et
2776 4602 2907 4646 text.
2958 4605 3137 4659 graec.
3170 4592 3214 4643 Α
3237 4589 3275 4642 Β
3304 4591 3507 4660 dignis-

2176 4661 2394 4732 ”Conj.
2444 4662 2488 4716 Α
2532 4664 2978 4724 therarchiurum,
3098 4661 3503 4732 thearcltiurum,

238 4736 307 4791 B‘
340 4754 484 4793 corr.
519 4730 933 4802 therarc'hiarum
956 4730 1250 4872 'kfortas'se
1279 4752 1292 4766 '
1335 4730 1610 4817 legébatti'r
1648 4730 2070 4799 cherarchiarmn
2094 4750 2192 4806 pro
2226 4730 2625 4816 ierarchiarum,
2674 4734 2814 4813 unde
2845 4731 3266 4812 errauit-repere
3288 4730 3507 4799 potuit).

242 4806 294 4839 ⁸³
342 4809 387 4861 Α
412 4810 826 4872 similitudinem,
904 4818 948 4849 ιδ
1022 4822 1038 4840 θ
1080 4833 1241 4872 supra
1267 4819 1447 4872 adscr,
1481 4827 1575 4872 εει,
1656 4816 1696 4850 ⁸⁷
1726 4815 1813 4870 ΑΒ
1860 4817 2064 4872 ξδιονίίι,
2097 4808 2177 4862 sic
2218 4806 2448 4872 ubique;
2480 4802 2522 4858 (Σ
2551 4803 2805 4872 hystona.
2884 4801 2928 4833 ¹³
2962 4800 3052 4856 Sic
3094 4800 3135 4855 Ο
3160 4807 3216 4853 θι
3249 4813 3392 4854 ΟΟΙΤ.
3417 4799 3507 4867 Β⁴ι

242 4806 294 4839 ⁸⁵
342 4809 826 4873 Asimilitudinem.
904 4818 948 4849 “

1080 4833 1241 4888 supra
1267 4819 1447 4874 adscr.
1481 4827 1575 4872 est.

240 4876 336 4933 AB
363 4895 506 4949 ergo.

1656 4816 1696 4850 "
1726 4815 1813 4870 ΑΒ
1860 4817 2064 4876 istoria,
2096 4802 2177 4862 sic
2218 4805 2448 4874 ubique;
2480 4802 2522 4858 C
2551 4803 2805 4873 Itgstoria.

2884 4801 2928 4833 ¹³
2962 4800 3052 4856 Sic
3094 4800 3135 4855 C
3160 4807 3216 4853 et
3249 4813 3392 4854 corr.
3417 4799 3508 4867 B‘,

1772 4988 2003 5045 NOTAE

316 5118 345 5147 ι
392 5103 595 5159 Eadem
634 5102 748 5159 fere
795 5103 862 5157 de
909 5111 1099 5155 natura
1149 5116 1253 5156 non
1306 5100 1596 5170 punienda,
1652 5101 1826 5170 deque
1855 5106 1903 5165 ι)
1931 5109 2012 5153 tes
2044 5107 2266 5170 naturas
2295 5093 2583 5170 rationales
2613 5104 2742 5170 nutu
2770 5095 3295 5170 omnipotentissimo
3336 5093 3512 5163 punit,

245 5186 468 5231 aeterna
496 5190 688 5244 poena,
724 5189 864 5244 quae
893 5172 1026 5226 nihil
1054 5173 1153 5244 nisi
1180 5172 1509 5227 conscientia
1527 5173 1823 5244 sitpecca-

252 5256 430 5302 torum
474 5242 989 5305 aeterna,J.Scotus
1010 5243 1244 5312 saepius,
1272 5258 1491 5312 necnon
1524 5243 1576 5295 in
1607 5242 1743 5295 libro
1764 5242 1829 5297 de

248 5316 521 5386 praedest.
550 5313 794 5383 cap.XVl
814 5311 1115 5386 docuit.Ad
1133 5329 1272 5383 quae
1291 5320 1438 5367 recte
1462 5311 1827 5386 Prudentius:

253 5384 274 5438 ἱ
306 5385 465 5453 Quod
502 5386 660 5448 Deus,
702 5385 894 5454 inquit,
920 5384 1107 5453 puniat
1153 5392 1485 5453 peccatores,
1516 5398 1706 5437 omnes
1746 5384 1827 5454 di-

249 5457 500 5509 vinorum
550 5454 886 5525 eloquiorum
938 5455 1165 5525 paginae
1196 5461 1478 5509 testantur.
1524 5492 1537 5506 .
1577 5494 1589 5506 .
1624 5453 1830 5508 .Audis

252 5525 422 5581 Deum
451 5525 780 5595 punientem,
818 5525 1197 5594 hominemque
1225 5524 1491 5595 punitum,
1523 5532 1577 5576 et
1607 5539 1829 5595 nonuso-

249 5594 364 5649 lum
389 5593 680 5660 hominem,
712 5609 895 5648 verum
924 5595 1085 5648 etiam
1112 5593 1317 5649 terram
1345 5594 1397 5646 in
1427 5608 1650 5663 poenam
1688 5593 1830 5649 illius

249 5668 517 5748 punitum,
536 5674 603 5748 et
631 5680 794 5748 negas
824 5674 1013 5719 natura
1038 5666 1217 5748 puniri
1246 5666 1549 5748 naturam;
1584 5702 1596 5716 .
1622 5704 1642 5748 ..
1672 5704 1685 5718 .
1706 5667 1828 5748 fiat

252 5734 369 5805 ipse
388 5734 617 5792 Greater
633 5734 947 5790 naturarum
976 5734 1200 5793 rebelles
1224 5736 1324 5792 sibi
1352 5747 1511 5803 atque
1526 5735 1830 5791 inohcdicn-

1931 5169 2326 5238 autaliquando
2342 5167 2645 5229 manifesto,
2665 5167 2952 5236 aliquando
2974 5166 3206 5229 occulto,
3238 5179 3514 5238 nunquam

1933 5234 2339 5310 tameninjnsto
2358 5238 2563 5310 judicio
2592 5234 2813 5310 naturits
2840 5243 3104 5310 creatasa
3133 5234 3342 5310 naturis
3362 5248 3519 5310 crea-

1933 5312 2002 5365 tis
2026 5302 2210 5379 puniri
2225 5302 2382 5381 jubej
2410 5308 2490 5363 vel
2522 5307 2653 5381 sinit
2672 5325 2716 5381 ξ,
2743 5307 2898 5381 Etde
2910 5306 3099 5375 poenis
3120 5304 3356 5381 aeternis
3373 5302 3517 5381 idem

1932 5373 2068 5436 haec
2097 5380 2175 5436 ait
2218 5373 2244 5434 ἶ
2284 5400 2302 5431 ι
2343 5379 2553 5433 Poenas
2583 5378 2715 5432 nihil
2758 5373 3102 5446 aliud‘quam
3128 5373 3518 5446 conscientiam

1931 5459 2276 5530 peccatorum
2294 5448 2447 5530 juxta
2470 5447 2778 5530 Qrigenem,
2918 5442 3208 5530 secundum
3242 5442 3516 5530 te,_soluni
3561 5451 3564 5453 λ

1934 5513 2237 5594 absentiam
2259 5513 2608 5594 beatitudinis
2633 5520 2716 5594 vis
2734 5518 2976 5587 intelligi.
2996 5555 3009 5569 .
3030 5556 3042 5569 .
3062 5554 3077 5568 .
3106 5515 3205 5569 Ast
3227 5513 3518 5594 orthodoxi

1937 5592 2290 5646 translatores
2321 5606 2424 5645 non
2452 5590 2622 5645 solum
2652 5590 2811 5643 aliam
2858 5601 3105 5657 poenam,
3134 5600 3322 5641 verum
3353 5590 3519 5657 etiam

1936 5661 2200 5731 duplicem
2233 5678 2351 5717 esse
2374 5675 2599 5730 poenam
2628 5654 2903 5729 gehennae
2928 5656 3169 5714 sentiunt
3191 5654 3521 5729 auctoritate

1937 5743 2156 5791 sanctae
2187 5732 2502 5803 Scripturac
2545 5750 2562 5782 ι
2593 5740 2696 5785 cet.
