  <div class='ocr_page' id='page_1' title='image "/cluster/home/n/w/nwhite01/storage/ocr_20150623/122/hvd.32044015471659/141.png"; bbox 0 0 3984 5602; ppageno 0'>
   <div class='ocr_carea' id='block_1_1' title="bbox 505 388 3943 498">
    <p class='ocr_par' dir='ltr' id='par_1_1' title="bbox 505 388 3943 498">
     <span class='ocr_line' id='line_1_1' title="bbox 505 388 3943 498; baseline -0 0"><span class='ocrx_word' id='word_1_1' title='bbox 505 441 613 498; x_wconf 72' lang='lat'><strong>207</strong></span> <span class='ocrx_word' id='word_1_2' title='bbox 1621 436 2120 496; x_wconf 81' lang='lat' dir='ltr'><strong>EXPOSITIONES</strong></span> <span class='ocrx_word' id='word_1_3' title='bbox 2155 436 2270 494; x_wconf 72' lang='lat' dir='ltr'><strong>10A</strong></span> <span class='ocrx_word' id='word_1_4' title='bbox 2280 435 2433 492; x_wconf 82' lang='lat' dir='ltr'><strong>NNIS</strong></span> <span class='ocrx_word' id='word_1_5' title='bbox 2458 388 2668 493; x_wconf 2' lang='lat' dir='ltr'><strong>DSCOTI</strong></span> <span class='ocrx_word' id='word_1_6' title='bbox 2766 388 2767 391; x_wconf 7' lang='grc' dir='ltr'>Ἴ</span> <span class='ocrx_word' id='word_1_7' title='bbox 3649 428 3773 485; x_wconf 70' lang='grc'><strong>208</strong></span> 
     </span>
    </p>
   </div>
   <div class='ocr_carea' id='block_1_2' title="bbox 513 538 3771 626">
    <p class='ocr_par' dir='ltr' id='par_1_2' title="bbox 513 538 3771 626">
     <span class='ocr_line' id='line_1_2' title="bbox 513 538 3771 626; baseline -0.006 -15"><span class='ocrx_word' id='word_1_8' title='bbox 513 556 687 626; x_wconf 86' lang='lat' dir='ltr'><strong>tellige</strong></span> <span class='ocrx_word' id='word_1_9' title='bbox 711 554 967 610; x_wconf 75' lang='lat' dir='ltr'><strong>visionem</strong></span> <span class='ocrx_word' id='word_1_10' title='bbox 992 552 1376 623; x_wconf 75' lang='lat' dir='ltr'><strong>:Septuaginta</strong></span> <span class='ocrx_word' id='word_1_11' title='bbox 1406 552 1767 608; x_wconf 86' lang='lat' dir='ltr'><strong>hebdomades</strong></span> <span class='ocrx_word' id='word_1_12' title='bbox 1804 573 1822 605; x_wconf 73' lang='grc' dir='ltr'><strong>ι</strong></span> <span class='ocrx_word' id='word_1_13' title='bbox 1857 560 1912 608; x_wconf 90' lang='lat' dir='ltr'><strong>et</strong></span> <span class='ocrx_word' id='word_1_14' title='bbox 1937 559 2078 606; x_wconf 87' lang='lat' dir='ltr'><strong>totus</strong></span> <span class='ocrx_word' id='word_1_15' title='bbox 2109 557 2152 614; x_wconf 71' lang='grc' dir='ltr'><strong>Α</strong></span> <span class='ocrx_word' id='word_1_16' title='bbox 2183 549 2322 603; x_wconf 89' lang='lat' dir='ltr'><strong>dicta</strong></span> <span class='ocrx_word' id='word_1_17' title='bbox 2356 556 2482 602; x_wconf 90' lang='lat' dir='ltr'><strong>sunt</strong></span> <span class='ocrx_word' id='word_1_18' title='bbox 2521 548 2587 602; x_wconf 86' lang='lat' dir='ltr'><strong>de</strong></span> <span class='ocrx_word' id='word_1_19' title='bbox 2635 544 2942 602; x_wconf 73' lang='lat' dir='ltr'><strong>caelestium</strong></span> <span class='ocrx_word' id='word_1_20' title='bbox 2983 541 3367 598; x_wconf 76' lang='lat' dir='ltr'><strong>icrarcltiarum</strong></span> <span class='ocrx_word' id='word_1_21' title='bbox 3414 541 3456 571; x_wconf 85' lang='grc'><strong>¹⁰</strong></span> <span class='ocrx_word' id='word_1_22' title='bbox 3508 538 3771 595; x_wconf 81' lang='lat' dir='ltr'><strong>deil‘ormi</strong></span> 
     </span>
    </p>
   </div>
   <div class='ocr_carea' id='block_1_3' title="bbox 508 629 3774 714">
    <p class='ocr_par' dir='ltr' id='par_1_3' title="bbox 508 629 3774 714">
     <span class='ocr_line' id='line_1_3' title="bbox 508 629 3774 714; baseline -0.006 -13"><span class='ocrx_word' id='word_1_23' title='bbox 508 660 711 710; x_wconf 85' lang='lat' dir='ltr'><strong>sermo,</strong></span> <span class='ocrx_word' id='word_1_24' title='bbox 747 643 838 714; x_wconf 87' lang='lat' dir='ltr'><strong>qui</strong></span> <span class='ocrx_word' id='word_1_25' title='bbox 867 644 1110 712; x_wconf 77' lang='lat' dir='ltr'><strong>sequitur</strong></span> <span class='ocrx_word' id='word_1_26' title='bbox 1135 644 1203 698; x_wconf 89' lang='lat' dir='ltr'><strong>de</strong></span> <span class='ocrx_word' id='word_1_27' title='bbox 1236 643 1410 697; x_wconf 89' lang='lat' dir='ltr'><strong>reditu</strong></span> <span class='ocrx_word' id='word_1_28' title='bbox 1454 642 1630 713; x_wconf 85' lang='lat' dir='ltr'><strong>populi</strong></span> <span class='ocrx_word' id='word_1_29' title='bbox 1658 658 1722 697; x_wconf 84' lang='lat' dir='ltr'><strong>ex</strong></span> <span class='ocrx_word' id='word_1_30' title='bbox 1772 641 2081 712; x_wconf 73' lang='lat' dir='ltr'><strong>captivitate</strong></span> <span class='ocrx_word' id='word_1_31' title='bbox 2182 648 2397 703; x_wconf 89' lang='lat' dir='ltr'><strong>ornatu,</strong></span> <span class='ocrx_word' id='word_1_32' title='bbox 2448 639 2521 692; x_wconf 86' lang='lat' dir='ltr'><strong>ad</strong></span> <span class='ocrx_word' id='word_1_33' title='bbox 2548 652 2705 706; x_wconf 88' lang='lat' dir='ltr'><strong>quem</strong></span> <span class='ocrx_word' id='word_1_34' title='bbox 2762 645 3009 690; x_wconf 89' lang='lat' dir='ltr'><strong>ornatum</strong></span> <span class='ocrx_word' id='word_1_35' title='bbox 3050 641 3233 688; x_wconf 88' lang='lat' dir='ltr'><strong>nostra</strong></span> <span class='ocrx_word' id='word_1_36' title='bbox 3261 629 3550 697; x_wconf 87' lang='lat' dir='ltr'><strong>ierarchia,</strong></span> <span class='ocrx_word' id='word_1_37' title='bbox 3587 644 3774 700; x_wconf 83' lang='lat' dir='ltr'><strong>quan-</strong></span> 
     </span>
    </p>
   </div>
   <div class='ocr_carea' id='block_1_4' title="bbox 509 732 2083 802">
    <p class='ocr_par' dir='ltr' id='par_1_4' title="bbox 509 732 2083 802">
     <span class='ocr_line' id='line_1_4' title="bbox 509 732 2083 802; baseline -0.004 -12"><span class='ocrx_word' id='word_1_38' title='bbox 509 736 657 790; x_wconf 90' lang='lat' dir='ltr'><strong>etde</strong></span> <span class='ocrx_word' id='word_1_39' title='bbox 692 736 923 790; x_wconf 78' lang='lat' dir='ltr'><strong>adventu</strong></span> <span class='ocrx_word' id='word_1_40' title='bbox 967 734 1189 790; x_wconf 85' lang='lat' dir='ltr'><strong>Christi.</strong></span> <span class='ocrx_word' id='word_1_41' title='bbox 1235 734 1302 788; x_wconf 88' lang='lat' dir='ltr'><strong>Et</strong></span> <span class='ocrx_word' id='word_1_42' title='bbox 1350 735 1452 788; x_wconf 90' lang='lat' dir='ltr'><strong>hoc</strong></span> <span class='ocrx_word' id='word_1_43' title='bbox 1496 742 1600 799; x_wconf 88' lang='lat' dir='ltr'><strong>est,</strong></span> <span class='ocrx_word' id='word_1_44' title='bbox 1657 734 1799 802; x_wconf 88' lang='lat' dir='ltr'><strong>quod</strong></span> <span class='ocrx_word' id='word_1_45' title='bbox 1844 732 2083 787; x_wconf 74' lang='lat' dir='ltr'><strong>breviter</strong></span> 
     </span>
    </p>
   </div>
   <div class='ocr_carea' id='block_1_5' title="bbox 508 820 2084 896">
    <p class='ocr_par' dir='ltr' id='par_1_5' title="bbox 508 820 2084 896">
     <span class='ocr_line' id='line_1_5' title="bbox 508 820 2084 896; baseline -0.004 -15"><span class='ocrx_word' id='word_1_46' title='bbox 508 825 699 881; x_wconf 87' lang='lat' dir='ltr'><strong>beatus</strong></span> <span class='ocrx_word' id='word_1_47' title='bbox 746 826 1032 896; x_wconf 83' lang='lat' dir='ltr'><strong>Dionysius</strong></span> <span class='ocrx_word' id='word_1_48' title='bbox 1077 824 1374 879; x_wconf 88' lang='lat' dir='ltr'><strong>introducit</strong></span> <span class='ocrx_word' id='word_1_49' title='bbox 1403 824 1631 879; x_wconf 87' lang='lat' dir='ltr'><strong>dicens:</strong></span> <span class='ocrx_word' id='word_1_50' title='bbox 1674 822 1811 890; x_wconf 84' lang='lat' dir='ltr'><strong>Quid</strong></span> <span class='ocrx_word' id='word_1_51' title='bbox 1853 820 2084 875; x_wconf 82' lang='lat' dir='ltr'><strong>fortasse</strong></span> 
     </span>
    </p>
   </div>
   <div class='ocr_carea' id='block_1_6' title="bbox 508 910 2085 984">
    <p class='ocr_par' dir='ltr' id='par_1_6' title="bbox 508 910 2085 984">
     <span class='ocr_line' id='line_1_6' title="bbox 508 910 2085 984; baseline -0.001 -19"><span class='ocrx_word' id='word_1_52' title='bbox 508 913 630 984; x_wconf 90' lang='lat' dir='ltr'><strong>quis</strong></span> <span class='ocrx_word' id='word_1_53' title='bbox 677 912 876 968; x_wconf 79' lang='lat' dir='ltr'><strong>dixerit</strong></span> <span class='ocrx_word' id='word_1_54' title='bbox 919 913 988 968; x_wconf 91' lang='lat' dir='ltr'><strong>de</strong></span> <span class='ocrx_word' id='word_1_55' title='bbox 1030 912 1242 967; x_wconf 81' lang='lat' dir='ltr'><strong>dicente</strong></span> <span class='ocrx_word' id='word_1_56' title='bbox 1290 912 1480 983; x_wconf 86' lang='lat' dir='ltr'><strong>angelo</strong></span> <span class='ocrx_word' id='word_1_57' title='bbox 1526 913 1591 966; x_wconf 89' lang='lat' dir='ltr'><strong>ad</strong></span> <span class='ocrx_word' id='word_1_58' title='bbox 1643 912 1870 966; x_wconf 86' lang='lat' dir='ltr'><strong>D.mie|:</strong></span> <span class='ocrx_word' id='word_1_59' title='bbox 1904 910 2085 964; x_wconf 75' lang='lat' dir='ltr'><strong>Exivit</strong></span> 
     </span>
    </p>
   </div>
   <div class='ocr_carea' id='block_1_7' title="bbox 506 993 2082 1076">
    <p class='ocr_par' dir='ltr' id='par_1_7' title="bbox 506 993 2082 1076">
     <span class='ocr_line' id='line_1_7' title="bbox 506 993 2082 1076; baseline -0.003 -18"><span class='ocrx_word' id='word_1_60' title='bbox 506 1017 707 1058; x_wconf 80' lang='lat' dir='ltr'><strong>sermo.</strong></span> <span class='ocrx_word' id='word_1_61' title='bbox 740 1003 895 1070; x_wconf 84' lang='lat' dir='ltr'><strong>Quod</strong></span> <span class='ocrx_word' id='word_1_62' title='bbox 936 1017 1130 1073; x_wconf 88' lang='lat' dir='ltr'><strong>graece</strong></span> <span class='ocrx_word' id='word_1_63' title='bbox 1159 1003 1394 1058; x_wconf 89' lang='lat' dir='ltr'><strong>dicitur:</strong></span> <span class='ocrx_word' id='word_1_64' title='bbox 1435 1001 1684 1069; x_wconf 71' lang='grc' dir='ltr'><strong>ἐξῆλθενὸ</strong></span> <span class='ocrx_word' id='word_1_65' title='bbox 1726 993 1887 1076; x_wconf 58' lang='lat' dir='ltr'><strong>Mope,</strong></span> <span class='ocrx_word' id='word_1_66' title='bbox 1918 1002 1934 1032; x_wconf 86' lang='grc'>¹</span> <span class='ocrx_word' id='word_1_67' title='bbox 1984 1015 2082 1070; x_wconf 91' lang='lat' dir='ltr'><strong>pro</strong></span> 
     </span>
    </p>
   </div>
   <div class='ocr_carea' id='block_1_8' title="bbox 507 1092 2083 1165">
    <p class='ocr_par' dir='ltr' id='par_1_8' title="bbox 507 1092 2083 1165">
     <span class='ocr_line' id='line_1_8' title="bbox 507 1092 2083 1165; baseline -0.003 -17"><span class='ocrx_word' id='word_1_68' title='bbox 507 1107 615 1162; x_wconf 85' lang='lat' dir='ltr'><strong>quo</strong></span> <span class='ocrx_word' id='word_1_69' title='bbox 649 1092 1005 1165; x_wconf 78' lang='lat' dir='ltr'><strong>Hieronymus</strong></span> <span class='ocrx_word' id='word_1_70' title='bbox 1033 1094 1212 1163; x_wconf 88' lang='lat' dir='ltr'><strong>posuit</strong></span> <span class='ocrx_word' id='word_1_71' title='bbox 1253 1110 1268 1147; x_wconf 94' lang='lat'><strong>:</strong></span> <span class='ocrx_word' id='word_1_72' title='bbox 1315 1108 1567 1164; x_wconf 88' lang='lat' dir='ltr'><strong>egressus</strong></span> <span class='ocrx_word' id='word_1_73' title='bbox 1617 1101 1700 1149; x_wconf 90' lang='lat' dir='ltr'><strong>est</strong></span> <span class='ocrx_word' id='word_1_74' title='bbox 1739 1105 1938 1156; x_wconf 88' lang='lat' dir='ltr'><strong>sermo,</strong></span> <span class='ocrx_word' id='word_1_75' title='bbox 1990 1097 2083 1145; x_wconf 85' lang='lat' dir='ltr'><strong>aut</strong></span> 
     </span>
    </p>
   </div>
   <div class='ocr_carea' id='block_1_9' title="bbox 507 1181 2084 1255">
    <p class='ocr_par' dir='ltr' id='par_1_9' title="bbox 507 1181 2084 1255">
     <span class='ocr_line' id='line_1_9' title="bbox 507 1181 2084 1255; baseline -0.003 -15"><span class='ocrx_word' id='word_1_76' title='bbox 507 1199 575 1241; x_wconf 76' lang='lat' dir='ltr'><strong>ex</strong></span> <span class='ocrx_word' id='word_1_77' title='bbox 602 1198 697 1240; x_wconf 89' lang='lat' dir='ltr'><strong>ore</strong></span> <span class='ocrx_word' id='word_1_78' title='bbox 724 1183 868 1239; x_wconf 90' lang='lat' dir='ltr'><strong>Darii</strong></span> <span class='ocrx_word' id='word_1_79' title='bbox 894 1185 1056 1255; x_wconf 87' lang='lat' dir='ltr'><strong>regis,</strong></span> <span class='ocrx_word' id='word_1_80' title='bbox 1086 1192 1145 1239; x_wconf 91' lang='lat' dir='ltr'><strong>nt</strong></span> <span class='ocrx_word' id='word_1_81' title='bbox 1190 1184 1386 1241; x_wconf 80' lang='lat' dir='ltr'><strong>iterum</strong></span> <span class='ocrx_word' id='word_1_82' title='bbox 1416 1185 1792 1241; x_wconf 77' lang='lat' dir='ltr'><strong>aediﬁcaretur</strong></span> <span class='ocrx_word' id='word_1_83' title='bbox 1816 1186 1839 1217; x_wconf 79' lang='grc'>¹</span> <span class='ocrx_word' id='word_1_84' title='bbox 1867 1181 2084 1237; x_wconf 85' lang='lat' dir='ltr'><strong>Jerusa-</strong></span> 
     </span>
    </p>
   </div>
   <div class='ocr_carea' id='block_1_10' title="bbox 509 1275 2080 1348">
    <p class='ocr_par' dir='ltr' id='par_1_10' title="bbox 509 1275 2080 1348">
     <span class='ocr_line' id='line_1_10' title="bbox 509 1275 2080 1348; baseline -0.002 -15"><span class='ocrx_word' id='word_1_85' title='bbox 509 1275 635 1342; x_wconf 79' lang='lat' dir='ltr'><strong>lem,</strong></span> <span class='ocrx_word' id='word_1_86' title='bbox 657 1275 744 1332; x_wconf 89' lang='lat' dir='ltr'><strong>vel</strong></span> <span class='ocrx_word' id='word_1_87' title='bbox 757 1284 907 1334; x_wconf 89' lang='lat' dir='ltr'><strong>certe</strong></span> <span class='ocrx_word' id='word_1_88' title='bbox 919 1277 986 1332; x_wconf 90' lang='lat' dir='ltr'><strong>ab</strong></span> <span class='ocrx_word' id='word_1_89' title='bbox 1002 1277 1123 1348; x_wconf 92' lang='lat' dir='ltr'><strong>ipso</strong></span> <span class='ocrx_word' id='word_1_90' title='bbox 1134 1277 1244 1332; x_wconf 90' lang='lat' dir='ltr'><strong>Deo</strong></span> <span class='ocrx_word' id='word_1_91' title='bbox 1259 1293 1355 1348; x_wconf 87' lang='lat' dir='ltr'><strong>per</strong></span> <span class='ocrx_word' id='word_1_92' title='bbox 1367 1277 1614 1348; x_wconf 75' lang='lat' dir='ltr'><strong>angelum</strong></span> <span class='ocrx_word' id='word_1_93' title='bbox 1638 1277 1691 1331; x_wconf 93' lang='lat' dir='ltr'><strong>in</strong></span> <span class='ocrx_word' id='word_1_94' title='bbox 1705 1276 1940 1331; x_wconf 82' lang='lat' dir='ltr'><strong>animum</strong></span> <span class='ocrx_word' id='word_1_95' title='bbox 1955 1289 2080 1346; x_wconf 89' lang='lat' dir='ltr'><strong>pro-</strong></span> 
     </span>
    </p>
   </div>
   <div class='ocr_carea' id='block_1_11' title="bbox 504 1364 2084 1438">
    <p class='ocr_par' dir='ltr' id='par_1_11' title="bbox 504 1364 2084 1438">
     <span class='ocr_line' id='line_1_11' title="bbox 504 1364 2084 1438; baseline -0.001 -17"><span class='ocrx_word' id='word_1_96' title='bbox 504 1366 703 1437; x_wconf 86' lang='lat' dir='ltr'><strong>phetae</strong></span> <span class='ocrx_word' id='word_1_97' title='bbox 720 1366 763 1420; x_wconf 89' lang='grc'><strong>³.</strong></span> <span class='ocrx_word' id='word_1_98' title='bbox 812 1366 964 1434; x_wconf 84' lang='lat' dir='ltr'><strong>Quod</strong></span> <span class='ocrx_word' id='word_1_99' title='bbox 990 1368 1172 1422; x_wconf 85' lang='lat' dir='ltr'><strong>autem</strong></span> <span class='ocrx_word' id='word_1_100' title='bbox 1214 1368 1457 1437; x_wconf 82' lang='lat' dir='ltr'><strong>sequitur</strong></span> <span class='ocrx_word' id='word_1_101' title='bbox 1493 1385 1507 1421; x_wconf 89' lang='lat'><strong>:</strong></span> <span class='ocrx_word' id='word_1_102' title='bbox 1548 1376 1642 1422; x_wconf 89' lang='lat' dir='ltr'><strong>aut</strong></span> <span class='ocrx_word' id='word_1_103' title='bbox 1667 1368 1733 1422; x_wconf 88' lang='lat' dir='ltr'><strong>de</strong></span> <span class='ocrx_word' id='word_1_104' title='bbox 1764 1367 1880 1438; x_wconf 88' lang='lat' dir='ltr'><strong>ipso</strong></span> <span class='ocrx_word' id='word_1_105' title='bbox 1908 1364 2084 1436; x_wconf 89' lang='lat' dir='ltr'><strong>primo</strong></span> 
     </span>
    </p>
   </div>
   <div class='ocr_carea' id='block_1_12' title="bbox 507 1455 2083 1526">
    <p class='ocr_par' dir='ltr' id='par_1_12' title="bbox 507 1455 2083 1526">
     <span class='ocr_line' id='line_1_12' title="bbox 507 1455 2083 1526; baseline -0.001 -16"><span class='ocrx_word' id='word_1_106' title='bbox 507 1455 685 1526; x_wconf 78' lang='lat' dir='ltr'><strong>ignem</strong></span> <span class='ocrx_word' id='word_1_107' title='bbox 713 1470 782 1511; x_wconf 77' lang='lat' dir='ltr'><strong>ex</strong></span> <span class='ocrx_word' id='word_1_108' title='bbox 817 1456 993 1511; x_wconf 87' lang='lat' dir='ltr'><strong>medio</strong></span> <span class='ocrx_word' id='word_1_109' title='bbox 1037 1456 1326 1513; x_wconf 87' lang='lat' dir='ltr'><strong>Cherubim</strong></span> <span class='ocrx_word' id='word_1_110' title='bbox 1364 1456 1673 1526; x_wconf 89' lang='lat' dir='ltr'><strong>recipiente,</strong></span> <span class='ocrx_word' id='word_1_111' title='bbox 1721 1471 1787 1511; x_wconf 84' lang='lat' dir='ltr'><strong>ex</strong></span> <span class='ocrx_word' id='word_1_112' title='bbox 1834 1455 2083 1510; x_wconf 86' lang='lat' dir='ltr'><strong>Ezechiel</strong></span> 
     </span>
    </p>
   </div>
   <div class='ocr_carea' id='block_1_13' title="bbox 507 1546 2081 1616">
    <p class='ocr_par' dir='ltr' id='par_1_13' title="bbox 507 1546 2081 1616">
     <span class='ocr_line' id='line_1_13' title="bbox 507 1546 2081 1616; baseline 0 -17"><span class='ocrx_word' id='word_1_113' title='bbox 507 1555 840 1616; x_wconf 86' lang='lat' dir='ltr'><strong>assumptum</strong></span> <span class='ocrx_word' id='word_1_114' title='bbox 871 1555 972 1611; x_wconf 89' lang='lat' dir='ltr'><strong>est,</strong></span> <span class='ocrx_word' id='word_1_115' title='bbox 1004 1546 1094 1616; x_wconf 90' lang='lat' dir='ltr'><strong>qui</strong></span> <span class='ocrx_word' id='word_1_116' title='bbox 1125 1546 1202 1601; x_wconf 89' lang='lat' dir='ltr'><strong>ait</strong></span> <span class='ocrx_word' id='word_1_117' title='bbox 1232 1563 1245 1602; x_wconf 89' lang='lat'><strong>:</strong></span> <span class='ocrx_word' id='word_1_118' title='bbox 1281 1564 1300 1597; x_wconf 72' lang='grc' dir='ltr'>ι</span> <span class='ocrx_word' id='word_1_119' title='bbox 1330 1546 1397 1601; x_wconf 84' lang='grc' dir='ltr'><strong>Ει</strong></span> <span class='ocrx_word' id='word_1_120' title='bbox 1425 1548 1553 1612; x_wconf 84' lang='lat' dir='ltr'><strong>vidi,</strong></span> <span class='ocrx_word' id='word_1_121' title='bbox 1581 1555 1635 1603; x_wconf 89' lang='lat' dir='ltr'><strong>et</strong></span> <span class='ocrx_word' id='word_1_122' title='bbox 1663 1561 1791 1602; x_wconf 89' lang='lat' dir='ltr'><strong>ecce</strong></span> <span class='ocrx_word' id='word_1_123' title='bbox 1819 1546 1872 1601; x_wconf 92' lang='lat' dir='ltr'><strong>in</strong></span> <span class='ocrx_word' id='word_1_124' title='bbox 1897 1546 2081 1600; x_wconf 76' lang='lat' dir='ltr'><strong>firma-</strong></span> 
     </span>
    </p>
   </div>
   <div class='ocr_carea' id='block_1_14' title="bbox 507 1636 2084 1708">
    <p class='ocr_par' dir='ltr' id='par_1_14' title="bbox 507 1636 2084 1708">
     <span class='ocr_line' id='line_1_14' title="bbox 507 1636 2084 1708; baseline 0.001 -18"><span class='ocrx_word' id='word_1_125' title='bbox 507 1643 713 1701; x_wconf 89' lang='lat' dir='ltr'><strong>mento,</strong></span> <span class='ocrx_word' id='word_1_126' title='bbox 738 1636 881 1705; x_wconf 88' lang='lat' dir='ltr'><strong>quod</strong></span> <span class='ocrx_word' id='word_1_127' title='bbox 908 1646 1026 1691; x_wconf 91' lang='lat' dir='ltr'><strong>erat</strong></span> <span class='ocrx_word' id='word_1_128' title='bbox 1053 1651 1216 1707; x_wconf 90' lang='lat' dir='ltr'><strong>super</strong></span> <span class='ocrx_word' id='word_1_129' title='bbox 1239 1646 1401 1707; x_wconf 88' lang='lat' dir='ltr'><strong>caput</strong></span> <span class='ocrx_word' id='word_1_130' title='bbox 1423 1637 1740 1701; x_wconf 85' lang='lat' dir='ltr'><strong>Cherubim,</strong></span> <span class='ocrx_word' id='word_1_131' title='bbox 1770 1638 1922 1706; x_wconf 89' lang='lat' dir='ltr'><strong>quasi</strong></span> <span class='ocrx_word' id='word_1_132' title='bbox 1949 1636 2084 1708; x_wconf 86' lang='lat' dir='ltr'><strong>lapis</strong></span> 
     </span>
    </p>
   </div>
   <div class='ocr_carea' id='block_1_15' title="bbox 507 1727 2085 1799">
    <p class='ocr_par' dir='ltr' id='par_1_15' title="bbox 507 1727 2085 1799">
     <span class='ocr_line' id='line_1_15' title="bbox 507 1727 2085 1799; baseline 0 -17"><span class='ocrx_word' id='word_1_133' title='bbox 507 1727 814 1798; x_wconf 87' lang='lat' dir='ltr'><strong>sapphirus,</strong></span> <span class='ocrx_word' id='word_1_134' title='bbox 840 1728 995 1797; x_wconf 86' lang='lat' dir='ltr'><strong>quasi</strong></span> <span class='ocrx_word' id='word_1_135' title='bbox 1023 1728 1234 1797; x_wconf 87' lang='lat' dir='ltr'><strong>species</strong></span> <span class='ocrx_word' id='word_1_136' title='bbox 1278 1728 1670 1795; x_wconf 86' lang='lat' dir='ltr'><strong>similitudinis,</strong></span> <span class='ocrx_word' id='word_1_137' title='bbox 1707 1728 1804 1783; x_wconf 91' lang='lat' dir='ltr'><strong>soli</strong></span> <span class='ocrx_word' id='word_1_138' title='bbox 1836 1728 2085 1799; x_wconf 86' lang='lat' dir='ltr'><strong>apparuit</strong></span> 
     </span>
    </p>
   </div>
   <div class='ocr_carea' id='block_1_16' title="bbox 505 1815 2079 1888">
    <p class='ocr_par' dir='ltr' id='par_1_16' title="bbox 505 1815 2079 1888">
     <span class='ocr_line' id='line_1_16' title="bbox 505 1815 2079 1888; baseline 0.002 -19"><span class='ocrx_word' id='word_1_139' title='bbox 505 1829 670 1887; x_wconf 80' lang='lat' dir='ltr'><strong>super</strong></span> <span class='ocrx_word' id='word_1_140' title='bbox 696 1831 779 1870; x_wconf 87' lang='lat' dir='ltr'><strong>ea.</strong></span> <span class='ocrx_word' id='word_1_141' title='bbox 812 1816 879 1871; x_wconf 88' lang='lat' dir='ltr'><strong>Et</strong></span> <span class='ocrx_word' id='word_1_142' title='bbox 904 1815 1040 1871; x_wconf 79' lang='lat' dir='ltr'><strong>dixit</strong></span> <span class='ocrx_word' id='word_1_143' title='bbox 1063 1816 1132 1871; x_wconf 88' lang='lat' dir='ltr'><strong>ad</strong></span> <span class='ocrx_word' id='word_1_144' title='bbox 1156 1817 1357 1882; x_wconf 85' lang='lat' dir='ltr'><strong>virum,</strong></span> <span class='ocrx_word' id='word_1_145' title='bbox 1383 1817 1475 1888; x_wconf 89' lang='lat' dir='ltr'><strong>qui</strong></span> <span class='ocrx_word' id='word_1_146' title='bbox 1508 1817 1724 1872; x_wconf 89' lang='lat' dir='ltr'><strong>indutus</strong></span> <span class='ocrx_word' id='word_1_147' title='bbox 1745 1825 1865 1872; x_wconf 88' lang='lat' dir='ltr'><strong>erat</strong></span> <span class='ocrx_word' id='word_1_148' title='bbox 1892 1817 2079 1881; x_wconf 88' lang='lat' dir='ltr'><strong>lineis,</strong></span> 
     </span>
    </p>
   </div>
   <div class='ocr_carea' id='block_1_17' title="bbox 2185 718 3777 796">
    <p class='ocr_par' dir='ltr' id='par_1_17' title="bbox 2185 718 3777 796">
     <span class='ocr_line' id='line_1_17' title="bbox 2185 718 3777 796; baseline -0.006 -15"><span class='ocrx_word' id='word_1_149' title='bbox 2185 736 2296 783; x_wconf 92' lang='lat' dir='ltr'><strong>tum</strong></span> <span class='ocrx_word' id='word_1_150' title='bbox 2342 728 2649 782; x_wconf 87' lang='lat' dir='ltr'><strong>hominibus</strong></span> <span class='ocrx_word' id='word_1_151' title='bbox 2678 724 2929 796; x_wconf 84' lang='lat' dir='ltr'><strong>possibile</strong></span> <span class='ocrx_word' id='word_1_152' title='bbox 2954 724 3019 788; x_wconf 79' lang='lat'><strong>“,</strong></span> <span class='ocrx_word' id='word_1_153' title='bbox 3047 721 3237 777; x_wconf 87' lang='lat' dir='ltr'><strong>similis</strong></span> <span class='ocrx_word' id='word_1_154' title='bbox 3273 719 3415 776; x_wconf 83' lang='lat' dir='ltr'><strong>facta</strong></span> <span class='ocrx_word' id='word_1_155' title='bbox 3442 728 3527 775; x_wconf 88' lang='lat' dir='ltr'><strong>est</strong></span> <span class='ocrx_word' id='word_1_156' title='bbox 3564 719 3617 772; x_wconf 90' lang='lat' dir='ltr'><strong>in</strong></span> <span class='ocrx_word' id='word_1_157' title='bbox 3648 718 3777 772; x_wconf 79' lang='lat' dir='ltr'><strong>suis</strong></span> 
     </span>
    </p>
   </div>
   <div class='ocr_carea' id='block_1_18' title="bbox 2181 808 3774 891">
    <p class='ocr_par' dir='ltr' id='par_1_18' title="bbox 2181 808 3774 891">
     <span class='ocr_line' id='line_1_18' title="bbox 2181 808 3774 891; baseline -0.009 -14"><span class='ocrx_word' id='word_1_158' title='bbox 2181 821 2481 877; x_wconf 86' lang='lat' dir='ltr'><strong>ordinibus.</strong></span> <span class='ocrx_word' id='word_1_159' title='bbox 2521 819 2828 891; x_wconf 84' lang='lat' dir='ltr'><strong>Angelicam</strong></span> <span class='ocrx_word' id='word_1_160' title='bbox 2861 816 3122 887; x_wconf 84' lang='lat' dir='ltr'><strong>siquidem</strong></span> <span class='ocrx_word' id='word_1_161' title='bbox 3159 812 3614 883; x_wconf 84' lang='lat' dir='ltr'><strong>pulchritudinem</strong></span> <span class='ocrx_word' id='word_1_162' title='bbox 3636 808 3774 864; x_wconf 79' lang='lat' dir='ltr'><strong>imi-</strong></span> 
     </span>
    </p>
   </div>
   <div class='ocr_carea' id='block_1_19' title="bbox 2185 905 3777 982">
    <p class='ocr_par' dir='ltr' id='par_1_19' title="bbox 2185 905 3777 982">
     <span class='ocr_line' id='line_1_19' title="bbox 2185 905 3777 982; baseline -0.005 -15"><span class='ocrx_word' id='word_1_163' title='bbox 2185 921 2347 978; x_wconf 88' lang='lat' dir='ltr'><strong>tatur,</strong></span> <span class='ocrx_word' id='word_1_164' title='bbox 2385 921 2643 982; x_wconf 87' lang='lat' dir='ltr'><strong>quantum</strong></span> <span class='ocrx_word' id='word_1_165' title='bbox 2675 917 2868 980; x_wconf 88' lang='lat' dir='ltr'><strong>potest,</strong></span> <span class='ocrx_word' id='word_1_166' title='bbox 2923 909 2975 963; x_wconf 91' lang='lat' dir='ltr'><strong>in</strong></span> <span class='ocrx_word' id='word_1_167' title='bbox 3009 907 3192 978; x_wconf 81' lang='lat' dir='ltr'><strong>ﬁguris</strong></span> <span class='ocrx_word' id='word_1_168' title='bbox 3228 916 3284 960; x_wconf 91' lang='lat' dir='ltr'><strong>ct</strong></span> <span class='ocrx_word' id='word_1_169' title='bbox 3305 905 3563 976; x_wconf 80' lang='lat' dir='ltr'><strong>symbolis</strong></span> <span class='ocrx_word' id='word_1_170' title='bbox 3590 905 3777 959; x_wconf 83' lang='lat' dir='ltr'><strong>sensi-</strong></span> 
     </span>
    </p>
   </div>
   <div class='ocr_carea' id='block_1_20' title="bbox 2183 997 3777 1075">
    <p class='ocr_par' dir='ltr' id='par_1_20' title="bbox 2183 997 3777 1075">
     <span class='ocr_line' id='line_1_20' title="bbox 2183 997 3777 1075; baseline -0.006 -15"><span class='ocrx_word' id='word_1_171' title='bbox 2183 1004 2400 1060; x_wconf 90' lang='lat' dir='ltr'><strong>bilibus.</strong></span> <span class='ocrx_word' id='word_1_172' title='bbox 2430 1004 2578 1075; x_wconf 85' lang='lat' dir='ltr'><strong>Ipsos</strong></span> <span class='ocrx_word' id='word_1_173' title='bbox 2616 1017 2846 1072; x_wconf 87' lang='lat' dir='ltr'><strong>namque</strong></span> <span class='ocrx_word' id='word_1_174' title='bbox 2866 1000 3126 1056; x_wconf 87' lang='lat' dir='ltr'><strong>Dominus</strong></span> <span class='ocrx_word' id='word_1_175' title='bbox 3152 997 3308 1053; x_wconf 72' lang='lat' dir='ltr'><strong>Iesus</strong></span> <span class='ocrx_word' id='word_1_176' title='bbox 3332 997 3581 1052; x_wconf 85' lang='lat' dir='ltr'><strong>Christus</strong></span> <span class='ocrx_word' id='word_1_177' title='bbox 3607 997 3777 1051; x_wconf 82' lang='lat' dir='ltr'><strong>docet</strong></span> 
     </span>
    </p>
   </div>
   <div class='ocr_carea' id='block_1_21' title="bbox 2185 1090 3777 1168">
    <p class='ocr_par' dir='ltr' id='par_1_21' title="bbox 2185 1090 3777 1168">
     <span class='ocr_line' id='line_1_21' title="bbox 2185 1090 3777 1168; baseline -0.006 -15"><span class='ocrx_word' id='word_1_178' title='bbox 2185 1112 2314 1153; x_wconf 87' lang='lat' dir='ltr'><strong>suae</strong></span> <span class='ocrx_word' id='word_1_179' title='bbox 2348 1095 2815 1168; x_wconf 85' lang='lat' dir='ltr'><strong>contemplationis</strong></span> <span class='ocrx_word' id='word_1_180' title='bbox 2862 1093 3187 1166; x_wconf 82' lang='lat' dir='ltr'><strong>praesentia,</strong></span> <span class='ocrx_word' id='word_1_181' title='bbox 3243 1107 3342 1146; x_wconf 92' lang='lat' dir='ltr'><strong>nos</strong></span> <span class='ocrx_word' id='word_1_182' title='bbox 3374 1091 3555 1146; x_wconf 90' lang='lat' dir='ltr'><strong>adhuc</strong></span> <span class='ocrx_word' id='word_1_183' title='bbox 3580 1090 3777 1145; x_wconf 85' lang='lat' dir='ltr'><strong>&#39;erudit</strong></span> 
     </span>
    </p>
   </div>
   <div class='ocr_carea' id='block_1_22' title="bbox 2183 1180 3776 1260">
    <p class='ocr_par' dir='ltr' id='par_1_22' title="bbox 2183 1180 3776 1260">
     <span class='ocr_line' id='line_1_22' title="bbox 2183 1180 3776 1260; baseline -0.004 -18"><span class='ocrx_word' id='word_1_184' title='bbox 2183 1203 2279 1259; x_wconf 89' lang='lat' dir='ltr'><strong>per</strong></span> <span class='ocrx_word' id='word_1_185' title='bbox 2306 1188 2570 1260; x_wconf 82' lang='lat' dir='ltr'><strong>symbuia,</strong></span> <span class='ocrx_word' id='word_1_186' title='bbox 2612 1187 2780 1243; x_wconf 87' lang='lat' dir='ltr'><strong>donec</strong></span> <span class='ocrx_word' id='word_1_187' title='bbox 2805 1185 3083 1239; x_wconf 75' lang='lat' dir='ltr'><strong>veniamus</strong></span> <span class='ocrx_word' id='word_1_188' title='bbox 3112 1183 3165 1237; x_wconf 92' lang='lat' dir='ltr'><strong>in</strong></span> <span class='ocrx_word' id='word_1_189' title='bbox 3212 1198 3396 1236; x_wconf 89' lang='lat' dir='ltr'><strong>unum.</strong></span> <span class='ocrx_word' id='word_1_190' title='bbox 3441 1180 3512 1235; x_wconf 87' lang='lat' dir='ltr'><strong>Et</strong></span> <span class='ocrx_word' id='word_1_191' title='bbox 3555 1181 3661 1234; x_wconf 86' lang='lat' dir='ltr'><strong>hoc</strong></span> <span class='ocrx_word' id='word_1_192' title='bbox 3685 1188 3776 1235; x_wconf 60' lang='lat' dir='ltr'><strong>es:</strong></span> 
     </span>
    </p>
   </div>
   <div class='ocr_carea' id='block_1_23' title="bbox 2184 1271 3776 1349">
    <p class='ocr_par' dir='ltr' id='par_1_23' title="bbox 2184 1271 3776 1349">
     <span class='ocr_line' id='line_1_23' title="bbox 2184 1271 3776 1349; baseline -0.006 -16"><span class='ocrx_word' id='word_1_193' title='bbox 2184 1281 2326 1349; x_wconf 88' lang='lat' dir='ltr'><strong>quod</strong></span> <span class='ocrx_word' id='word_1_194' title='bbox 2358 1281 2471 1334; x_wconf 90' lang='lat' dir='ltr'><strong>ait:</strong></span> <span class='ocrx_word' id='word_1_195' title='bbox 2503 1277 2796 1348; x_wconf 80' lang='lat' dir='ltr'><strong>angelicam</strong></span> <span class='ocrx_word' id='word_1_196' title='bbox 2832 1277 2874 1307; x_wconf 83' lang='grc'><strong>¹¹</strong></span> <span class='ocrx_word' id='word_1_197' title='bbox 2900 1274 3371 1347; x_wconf 81' lang='lat' dir='ltr'><strong>pulchritudinem,</strong></span> <span class='ocrx_word' id='word_1_198' title='bbox 3415 1281 3683 1341; x_wconf 79' lang='lat' dir='ltr'><strong>quantum</strong></span> <span class='ocrx_word' id='word_1_199' title='bbox 3715 1271 3776 1324; x_wconf 81' lang='lat' dir='ltr'><strong>in</strong></span> 
     </span>
    </p>
   </div>
   <div class='ocr_carea' id='block_1_24' title="bbox 2187 1363 3775 1443">
    <p class='ocr_par' dir='ltr' id='par_1_24' title="bbox 2187 1363 3775 1443">
     <span class='ocr_line' id='line_1_24' title="bbox 2187 1363 3775 1443; baseline -0.008 -15"><span class='ocrx_word' id='word_1_200' title='bbox 2187 1372 2507 1443; x_wconf 80' lang='lat' dir='ltr'><strong>imaginibus</strong></span> <span class='ocrx_word' id='word_1_201' title='bbox 2528 1370 2766 1426; x_wconf 84' lang='lat' dir='ltr'><strong>habebit.</strong></span> <span class='ocrx_word' id='word_1_202' title='bbox 2801 1367 2974 1423; x_wconf 81' lang='lat' dir='ltr'><strong>liabet</strong></span> <span class='ocrx_word' id='word_1_203' title='bbox 3001 1368 3143 1423; x_wconf 85' lang='lat' dir='ltr'><strong>enim</strong></span> <span class='ocrx_word' id='word_1_204' title='bbox 3168 1381 3307 1420; x_wconf 85' lang='lat' dir='ltr'><strong>nunc</strong></span> <span class='ocrx_word' id='word_1_205' title='bbox 3350 1364 3671 1419; x_wconf 80' lang='lat' dir='ltr'><strong>caelestium</strong></span> <span class='ocrx_word' id='word_1_206' title='bbox 3698 1363 3775 1417; x_wconf 84' lang='lat' dir='ltr'><strong>si-</strong></span> 
     </span>
    </p>
   </div>
   <div class='ocr_carea' id='block_1_25' title="bbox 2185 1454 3775 1529">
    <p class='ocr_par' dir='ltr' id='par_1_25' title="bbox 2185 1454 3775 1529">
     <span class='ocr_line' id='line_1_25' title="bbox 2185 1454 3775 1529; baseline -0.006 -11"><span class='ocrx_word' id='word_1_207' title='bbox 2185 1454 2567 1518; x_wconf 88' lang='lat' dir='ltr'><strong>militudinem</strong></span> <span class='ocrx_word' id='word_1_208' title='bbox 2615 1462 2667 1515; x_wconf 92' lang='lat' dir='ltr'><strong>in</strong></span> <span class='ocrx_word' id='word_1_209' title='bbox 2745 1460 2940 1515; x_wconf 83' lang='lat' dir='ltr'><strong>divinis</strong></span> <span class='ocrx_word' id='word_1_210' title='bbox 2999 1457 3300 1529; x_wconf 83' lang='lat' dir='ltr'><strong>symbolis,</strong></span> <span class='ocrx_word' id='word_1_211' title='bbox 3367 1455 3587 1510; x_wconf 78' lang='lat' dir='ltr'><strong>habebit</strong></span> <span class='ocrx_word' id='word_1_212' title='bbox 3644 1465 3775 1509; x_wconf 73' lang='lat' dir='ltr'><strong>tunc</strong></span> 
     </span>
    </p>
   </div>
   <div class='ocr_carea' id='block_1_26' title="bbox 2166 1545 3773 1632">
    <p class='ocr_par' dir='ltr' id='par_1_26' title="bbox 2166 1545 3773 1632">
     <span class='ocr_line' id='line_1_26' title="bbox 2166 1545 3773 1632; baseline -0.008 -20"><span class='ocrx_word' id='word_1_213' title='bbox 2166 1570 2370 1631; x_wconf 40' lang='lat' dir='ltr'><strong>.eorum</strong></span> <span class='ocrx_word' id='word_1_214' title='bbox 2423 1552 2874 1632; x_wconf 77' lang='lat' dir='ltr'><strong>pulchritudinem</strong></span> <span class='ocrx_word' id='word_1_215' title='bbox 2934 1550 2987 1605; x_wconf 90' lang='lat' dir='ltr'><strong>in</strong></span> <span class='ocrx_word' id='word_1_216' title='bbox 3039 1548 3422 1621; x_wconf 86' lang='lat' dir='ltr'><strong>principalibus</strong></span> <span class='ocrx_word' id='word_1_217' title='bbox 3483 1545 3773 1616; x_wconf 72' lang='lat' dir='ltr'><strong>exemplis,</strong></span> 
     </span>
    </p>
   </div>
   <div class='ocr_carea' id='block_1_27' title="bbox 2184 1636 3772 1716">
    <p class='ocr_par' dir='ltr' id='par_1_27' title="bbox 2184 1636 3772 1716">
     <span class='ocr_line' id='line_1_27' title="bbox 2184 1636 3772 1716; baseline -0.007 -17"><span class='ocrx_word' id='word_1_218' title='bbox 2184 1654 2443 1716; x_wconf 91' lang='lat' dir='ltr'><strong>quantum</strong></span> <span class='ocrx_word' id='word_1_219' title='bbox 2475 1643 2727 1715; x_wconf 87' lang='lat' dir='ltr'><strong>possibile</strong></span> <span class='ocrx_word' id='word_1_220' title='bbox 2772 1651 2857 1697; x_wconf 90' lang='lat' dir='ltr'><strong>est</strong></span> <span class='ocrx_word' id='word_1_221' title='bbox 2887 1640 3040 1704; x_wconf 81' lang='lat' dir='ltr'><strong>fieri,</strong></span> <span class='ocrx_word' id='word_1_222' title='bbox 3088 1639 3141 1694; x_wconf 89' lang='lat' dir='ltr'><strong>in</strong></span> <span class='ocrx_word' id='word_1_223' title='bbox 3172 1639 3516 1708; x_wconf 84' lang='lat' dir='ltr'><strong>imaginibus.</strong></span> <span class='ocrx_word' id='word_1_224' title='bbox 3570 1636 3772 1707; x_wconf 82' lang='lat' dir='ltr'><strong>Imagi-</strong></span> 
     </span>
    </p>
   </div>
   <div class='ocr_carea' id='block_1_28' title="bbox 2185 1726 3778 1799">
    <p class='ocr_par' dir='ltr' id='par_1_28' title="bbox 2185 1726 3778 1799">
     <span class='ocr_line' id='line_1_28' title="bbox 2185 1726 3778 1799; baseline -0.006 -10"><span class='ocrx_word' id='word_1_225' title='bbox 2185 1749 2281 1790; x_wconf 89' lang='lat' dir='ltr'><strong>nes</strong></span> <span class='ocrx_word' id='word_1_226' title='bbox 2317 1742 2510 1798; x_wconf 88' lang='lat' dir='ltr'><strong>vocat,</strong></span> <span class='ocrx_word' id='word_1_227' title='bbox 2564 1741 2623 1787; x_wconf 93' lang='lat' dir='ltr'><strong>ut</strong></span> <span class='ocrx_word' id='word_1_228' title='bbox 2669 1731 2924 1796; x_wconf 85' lang='lat' dir='ltr'><strong>arbitror,</strong></span> <span class='ocrx_word' id='word_1_229' title='bbox 2979 1728 3358 1799; x_wconf 84' lang='lat' dir='ltr'><strong>theopltanias,</strong></span> <span class='ocrx_word' id='word_1_230' title='bbox 3406 1727 3460 1780; x_wconf 89' lang='lat' dir='ltr'><strong>in</strong></span> <span class='ocrx_word' id='word_1_231' title='bbox 3491 1726 3778 1795; x_wconf 80' lang='lat' dir='ltr'><strong>quibuset</strong></span> 
     </span>
    </p>
   </div>
   <div class='ocr_carea' id='block_1_29' title="bbox 2186 1818 3773 1898">
    <p class='ocr_par' dir='ltr' id='par_1_29' title="bbox 2186 1818 3773 1898">
     <span class='ocr_line' id='line_1_29' title="bbox 2186 1818 3773 1898; baseline -0.008 -16"><span class='ocrx_word' id='word_1_232' title='bbox 2186 1827 2285 1898; x_wconf 89' lang='lat' dir='ltr'><strong>ipsi</strong></span> <span class='ocrx_word' id='word_1_233' title='bbox 2323 1825 2520 1897; x_wconf 85' lang='lat' dir='ltr'><strong>angeli,</strong></span> <span class='ocrx_word' id='word_1_234' title='bbox 2564 1832 2618 1879; x_wconf 92' lang='lat' dir='ltr'><strong>et</strong></span> <span class='ocrx_word' id='word_1_235' title='bbox 2647 1824 2893 1878; x_wconf 88' lang='lat' dir='ltr'><strong>homines</strong></span> <span class='ocrx_word' id='word_1_236' title='bbox 2947 1823 3000 1877; x_wconf 90' lang='lat' dir='ltr'><strong>in</strong></span> <span class='ocrx_word' id='word_1_237' title='bbox 3038 1820 3318 1891; x_wconf 86' lang='lat' dir='ltr'><strong>aequalem</strong></span> <span class='ocrx_word' id='word_1_238' title='bbox 3366 1819 3447 1875; x_wconf 90' lang='lat' dir='ltr'><strong>cis</strong></span> <span class='ocrx_word' id='word_1_239' title='bbox 3474 1818 3773 1873; x_wconf 78' lang='lat' dir='ltr'><strong>beatitudi-</strong></span> 
     </span>
    </p>
   </div>
   <div class='ocr_carea' id='block_1_30' title="bbox 506 1902 3778 1987">
    <p class='ocr_par' dir='ltr' id='par_1_30' title="bbox 506 1902 3778 1987">
     <span class='ocr_line' id='line_1_30' title="bbox 506 1902 3778 1987; baseline -0.006 -10"><span class='ocrx_word' id='word_1_240' title='bbox 506 1914 564 1963; x_wconf 57' lang='lat' dir='ltr'><strong>ei</strong></span> <span class='ocrx_word' id='word_1_241' title='bbox 593 1906 671 1962; x_wconf 60' lang='grc' dir='ltr'><strong>³η</strong></span> <span class='ocrx_word' id='word_1_242' title='bbox 700 1925 714 1961; x_wconf 72' lang='grc'>³</span> <span class='ocrx_word' id='word_1_243' title='bbox 738 1907 1023 1977; x_wconf 72' lang='grc' dir='ltr'><strong>ιιιετθιιθνθ</strong></span> <span class='ocrx_word' id='word_1_244' title='bbox 1051 1908 1105 1962; x_wconf 70' lang='lat' dir='ltr'><strong>in</strong></span> <span class='ocrx_word' id='word_1_245' title='bbox 1130 1908 1307 1963; x_wconf 69' lang='lat' dir='ltr'><strong>medio</strong></span> <span class='ocrx_word' id='word_1_246' title='bbox 1334 1916 1596 1976; x_wconf 66' lang='grc' dir='ltr'><strong>Γοιπυῐη»</strong></span> <span class='ocrx_word' id='word_1_247' title='bbox 1624 1924 1761 1979; x_wconf 78' lang='lat' dir='ltr'><strong>quae</strong></span> <span class='ocrx_word' id='word_1_248' title='bbox 1792 1917 1915 1965; x_wconf 69' lang='lat' dir='ltr'><strong>sum</strong></span> <span class='ocrx_word' id='word_1_249' title='bbox 1946 1909 2085 1964; x_wconf 76' lang='grc' dir='ltr'><strong>ίηιει·</strong></span> <span class='ocrx_word' id='word_1_250' title='bbox 2113 1902 2159 1960; x_wconf 76' lang='grc' dir='ltr'><strong>Β</strong></span> <span class='ocrx_word' id='word_1_251' title='bbox 2189 1933 2310 1971; x_wconf 90' lang='lat' dir='ltr'><strong>nem</strong></span> <span class='ocrx_word' id='word_1_252' title='bbox 2334 1915 2636 1987; x_wconf 76' lang='lat' dir='ltr'><strong>gloriﬁcati,</strong></span> <span class='ocrx_word' id='word_1_253' title='bbox 2657 1913 2829 1982; x_wconf 88' lang='lat' dir='ltr'><strong>ipsum</strong></span> <span class='ocrx_word' id='word_1_254' title='bbox 2848 1912 3013 1965; x_wconf 88' lang='lat' dir='ltr'><strong>Deum</strong></span> <span class='ocrx_word' id='word_1_255' title='bbox 3029 1909 3303 1974; x_wconf 86' lang='lat' dir='ltr'><strong>videbunt,</strong></span> <span class='ocrx_word' id='word_1_256' title='bbox 3328 1906 3589 1978; x_wconf 87' lang='lat' dir='ltr'><strong>quoniam</strong></span> <span class='ocrx_word' id='word_1_257' title='bbox 3609 1904 3657 1936; x_wconf 86' lang='grc'><strong>¹³</strong></span> <span class='ocrx_word' id='word_1_258' title='bbox 3680 1920 3778 1977; x_wconf 85' lang='lat' dir='ltr'><strong>per</strong></span> 
     </span>
    </p>
   </div>
   <div class='ocr_carea' id='block_1_31' title="bbox 504 1992 2086 2070">
    <p class='ocr_par' dir='ltr' id='par_1_31' title="bbox 504 1992 2086 2070">
     <span class='ocr_line' id='line_1_31' title="bbox 504 1992 2086 2070; baseline 0.003 -20"><span class='ocrx_word' id='word_1_259' title='bbox 504 1992 815 2061; x_wconf 82' lang='lat' dir='ltr'><strong>Cherubim,</strong></span> <span class='ocrx_word' id='word_1_260' title='bbox 833 1995 1111 2051; x_wconf 82' lang='lat' dir='ltr'><strong>etet‘funde</strong></span> <span class='ocrx_word' id='word_1_261' title='bbox 1129 2011 1294 2066; x_wconf 87' lang='lat' dir='ltr'><strong>super</strong></span> <span class='ocrx_word' id='word_1_262' title='bbox 1306 1998 1632 2053; x_wconf 64' lang='lat' dir='ltr'><strong>civitatem».</strong></span> <span class='ocrx_word' id='word_1_263' title='bbox 1651 1998 1716 2053; x_wconf 83' lang='lat' dir='ltr'><strong>Et</strong></span> <span class='ocrx_word' id='word_1_264' title='bbox 1731 1999 1926 2054; x_wconf 86' lang='lat' dir='ltr'><strong>hocest</strong></span> <span class='ocrx_word' id='word_1_265' title='bbox 1942 2000 2086 2070; x_wconf 80' lang='lat' dir='ltr'><strong>quod</strong></span> 
     </span>
    </p>
   </div>
   <div class='ocr_carea' id='block_1_32' title="bbox 506 2076 2087 2158">
    <p class='ocr_par' dir='ltr' id='par_1_32' title="bbox 506 2076 2087 2158">
     <span class='ocr_line' id='line_1_32' title="bbox 506 2076 2087 2158; baseline 0.001 -15"><span class='ocrx_word' id='word_1_266' title='bbox 506 2076 788 2158; x_wconf 80' lang='lat' dir='ltr'><strong>sequitur:</strong></span> <span class='ocrx_word' id='word_1_267' title='bbox 817 2096 913 2143; x_wconf 89' lang='lat' dir='ltr'><strong>aut</strong></span> <span class='ocrx_word' id='word_1_268' title='bbox 933 2087 1064 2143; x_wconf 87' lang='lat' dir='ltr'><strong>illud</strong></span> <span class='ocrx_word' id='word_1_269' title='bbox 1088 2088 1327 2157; x_wconf 85' lang='lat' dir='ltr'><strong>ejusdem</strong></span> <span class='ocrx_word' id='word_1_270' title='bbox 1351 2088 1730 2153; x_wconf 87' lang='lat' dir='ltr'><strong>abundantius,</strong></span> <span class='ocrx_word' id='word_1_271' title='bbox 1757 2089 1862 2146; x_wconf 86' lang='lat' dir='ltr'><strong>hoc</strong></span> <span class='ocrx_word' id='word_1_272' title='bbox 1881 2100 1985 2156; x_wconf 90' lang='lat' dir='ltr'><strong>est,</strong></span> <span class='ocrx_word' id='word_1_273' title='bbox 2024 2089 2087 2145; x_wconf 83' lang='lat' dir='ltr'><strong>il-</strong></span> 
     </span>
    </p>
   </div>
   <div class='ocr_carea' id='block_1_33' title="bbox 506 2174 2088 2249">
    <p class='ocr_par' dir='ltr' id='par_1_33' title="bbox 506 2174 2088 2249">
     <span class='ocr_line' id='line_1_33' title="bbox 506 2174 2088 2249; baseline 0.004 -19"><span class='ocrx_word' id='word_1_274' title='bbox 506 2174 596 2232; x_wconf 87' lang='lat' dir='ltr'><strong>lud</strong></span> <span class='ocrx_word' id='word_1_275' title='bbox 615 2176 919 2246; x_wconf 84' lang='lat' dir='ltr'><strong>symbolum</strong></span> <span class='ocrx_word' id='word_1_276' title='bbox 932 2176 1477 2244; x_wconf 84' lang='lat' dir='ltr'><strong>ejusdem,Ezeebiel,</strong></span> <span class='ocrx_word' id='word_1_277' title='bbox 1492 2180 1636 2249; x_wconf 92' lang='lat' dir='ltr'><strong>quod</strong></span> <span class='ocrx_word' id='word_1_278' title='bbox 1656 2179 2088 2237; x_wconf 81' lang='lat' dir='ltr'><strong>estmanil‘estius</strong></span> 
     </span>
    </p>
   </div>
   <div class='ocr_carea' id='block_1_34' title="bbox 506 2264 2083 2340">
    <p class='ocr_par' dir='ltr' id='par_1_34' title="bbox 506 2264 2083 2340">
     <span class='ocr_line' id='line_1_34' title="bbox 506 2264 2083 2340; baseline 0.004 -21"><span class='ocrx_word' id='word_1_279' title='bbox 506 2264 573 2319; x_wconf 87' lang='lat' dir='ltr'><strong>ad</strong></span> <span class='ocrx_word' id='word_1_280' title='bbox 599 2266 967 2321; x_wconf 85' lang='lat' dir='ltr'><strong>ostensionem</strong></span> <span class='ocrx_word' id='word_1_281' title='bbox 1014 2266 1223 2323; x_wconf 80' lang='lat' dir='ltr'><strong>ordinis</strong></span> <span class='ocrx_word' id='word_1_282' title='bbox 1257 2269 1508 2340; x_wconf 84' lang='lat' dir='ltr'><strong>angelici,</strong></span> <span class='ocrx_word' id='word_1_283' title='bbox 1553 2270 1810 2339; x_wconf 90' lang='lat' dir='ltr'><strong>quoniam</strong></span> <span class='ocrx_word' id='word_1_284' title='bbox 1850 2279 1903 2326; x_wconf 91' lang='lat' dir='ltr'><strong>et</strong></span> <span class='ocrx_word' id='word_1_285' title='bbox 1942 2269 2083 2326; x_wconf 80' lang='lat' dir='ltr'><strong>Che-</strong></span> 
     </span>
    </p>
   </div>
   <div class='ocr_carea' id='block_1_35' title="bbox 507 2357 2087 2430">
    <p class='ocr_par' dir='ltr' id='par_1_35' title="bbox 507 2357 2087 2430">
     <span class='ocr_line' id='line_1_35' title="bbox 507 2357 2087 2430; baseline 0.004 -18"><span class='ocrx_word' id='word_1_286' title='bbox 507 2357 683 2414; x_wconf 89' lang='lat' dir='ltr'><strong>rubim</strong></span> <span class='ocrx_word' id='word_1_287' title='bbox 708 2359 951 2414; x_wconf 90' lang='lat' dir='ltr'><strong>immittit</strong></span> <span class='ocrx_word' id='word_1_288' title='bbox 980 2361 1161 2430; x_wconf 88' lang='lat' dir='ltr'><strong>ignem</strong></span> <span class='ocrx_word' id='word_1_289' title='bbox 1189 2362 1240 2416; x_wconf 92' lang='lat' dir='ltr'><strong>in</strong></span> <span class='ocrx_word' id='word_1_290' title='bbox 1272 2376 1464 2417; x_wconf 89' lang='lat' dir='ltr'><strong>manus</strong></span> <span class='ocrx_word' id='word_1_291' title='bbox 1491 2370 1734 2417; x_wconf 84' lang='lat' dir='ltr'><strong>sanetam</strong></span> <span class='ocrx_word' id='word_1_292' title='bbox 1763 2362 1960 2418; x_wconf 83' lang='lat' dir='ltr'><strong>stolam</strong></span> <span class='ocrx_word' id='word_1_293' title='bbox 2004 2364 2087 2418; x_wconf 88' lang='lat' dir='ltr'><strong>in-</strong></span> 
     </span>
    </p>
   </div>
   <div class='ocr_carea' id='block_1_36' title="bbox 505 2448 2087 2524">
    <p class='ocr_par' dir='ltr' id='par_1_36' title="bbox 505 2448 2087 2524">
     <span class='ocr_line' id='line_1_36' title="bbox 505 2448 2087 2524; baseline 0.001 -18"><span class='ocrx_word' id='word_1_294' title='bbox 505 2448 640 2506; x_wconf 86' lang='lat' dir='ltr'><strong>duti.</strong></span> <span class='ocrx_word' id='word_1_295' title='bbox 667 2448 842 2516; x_wconf 88' lang='lat' dir='ltr'><strong>Quod,</strong></span> <span class='ocrx_word' id='word_1_296' title='bbox 867 2452 1114 2519; x_wconf 85' lang='lat' dir='ltr'><strong>quamvis</strong></span> <span class='ocrx_word' id='word_1_297' title='bbox 1152 2451 1223 2506; x_wconf 93' lang='lat' dir='ltr'><strong>ita</strong></span> <span class='ocrx_word' id='word_1_298' title='bbox 1254 2452 1307 2507; x_wconf 91' lang='lat' dir='ltr'><strong>in</strong></span> <span class='ocrx_word' id='word_1_299' title='bbox 1331 2452 1568 2522; x_wconf 80' lang='lat' dir='ltr'><strong>praelata</strong></span> <span class='ocrx_word' id='word_1_300' title='bbox 1593 2453 1800 2510; x_wconf 86' lang='lat' dir='ltr'><strong>visione</strong></span> <span class='ocrx_word' id='word_1_301' title='bbox 1825 2454 2087 2524; x_wconf 87' lang='lat' dir='ltr'><strong>scriptum</strong></span> 
     </span>
    </p>
   </div>
   <div class='ocr_carea' id='block_1_37' title="bbox 506 2540 2087 2615">
    <p class='ocr_par' dir='ltr' id='par_1_37' title="bbox 506 2540 2087 2615">
     <span class='ocr_line' id='line_1_37' title="bbox 506 2540 2087 2615; baseline 0.003 -18"><span class='ocrx_word' id='word_1_302' title='bbox 506 2553 630 2597; x_wconf 81' lang='lat' dir='ltr'><strong>esse</strong></span> <span class='ocrx_word' id='word_1_303' title='bbox 667 2556 774 2595; x_wconf 92' lang='lat' dir='ltr'><strong>non</strong></span> <span class='ocrx_word' id='word_1_304' title='bbox 822 2540 1094 2607; x_wconf 86' lang='lat' dir='ltr'><strong>videatur;</strong></span> <span class='ocrx_word' id='word_1_305' title='bbox 1151 2541 1223 2597; x_wconf 89' lang='lat' dir='ltr'><strong>ibi</strong></span> <span class='ocrx_word' id='word_1_306' title='bbox 1260 2544 1404 2599; x_wconf 89' lang='lat' dir='ltr'><strong>enim</strong></span> <span class='ocrx_word' id='word_1_307' title='bbox 1454 2545 1794 2600; x_wconf 84' lang='lat' dir='ltr'><strong>solummodo</strong></span> <span class='ocrx_word' id='word_1_308' title='bbox 1825 2544 2087 2615; x_wconf 84' lang='lat' dir='ltr'><strong>scriptum</strong></span> 
     </span>
    </p>
   </div>
   <div class='ocr_carea' id='block_1_38' title="bbox 504 2630 2083 2705">
    <p class='ocr_par' dir='ltr' id='par_1_38' title="bbox 504 2630 2083 2705">
     <span class='ocr_line' id='line_1_38' title="bbox 504 2630 2083 2705; baseline 0.003 -19"><span class='ocrx_word' id='word_1_309' title='bbox 504 2640 619 2686; x_wconf 89' lang='lat' dir='ltr'><strong>est:</strong></span> <span class='ocrx_word' id='word_1_310' title='bbox 640 2649 662 2684; x_wconf 70' lang='grc' dir='ltr'>ί</span> <span class='ocrx_word' id='word_1_311' title='bbox 688 2630 755 2686; x_wconf 87' lang='lat' dir='ltr'><strong>Et</strong></span> <span class='ocrx_word' id='word_1_312' title='bbox 778 2631 914 2686; x_wconf 81' lang='lat' dir='ltr'><strong>dixit</strong></span> <span class='ocrx_word' id='word_1_313' title='bbox 932 2632 1000 2687; x_wconf 88' lang='lat' dir='ltr'><strong>ad</strong></span> <span class='ocrx_word' id='word_1_314' title='bbox 1022 2632 1216 2695; x_wconf 88' lang='lat' dir='ltr'><strong>virum,</strong></span> <span class='ocrx_word' id='word_1_315' title='bbox 1232 2633 1322 2705; x_wconf 90' lang='lat' dir='ltr'><strong>qui</strong></span> <span class='ocrx_word' id='word_1_316' title='bbox 1338 2635 1559 2691; x_wconf 87' lang='lat' dir='ltr'><strong>indutus</strong></span> <span class='ocrx_word' id='word_1_317' title='bbox 1575 2645 1693 2690; x_wconf 88' lang='lat' dir='ltr'><strong>erat</strong></span> <span class='ocrx_word' id='word_1_318' title='bbox 1712 2635 1884 2700; x_wconf 76' lang='lat' dir='ltr'><strong>lineis,</strong></span> <span class='ocrx_word' id='word_1_319' title='bbox 1901 2644 1956 2691; x_wconf 88' lang='lat' dir='ltr'><strong>et</strong></span> <span class='ocrx_word' id='word_1_320' title='bbox 1974 2636 2083 2691; x_wconf 83' lang='lat' dir='ltr'><strong>ait:</strong></span> 
     </span>
    </p>
   </div>
   <div class='ocr_carea' id='block_1_39' title="bbox 508 2720 2090 2795">
    <p class='ocr_par' dir='ltr' id='par_1_39' title="bbox 508 2720 2090 2795">
     <span class='ocr_line' id='line_1_39' title="bbox 508 2720 2090 2795; baseline 0.005 -20"><span class='ocrx_word' id='word_1_321' title='bbox 508 2720 795 2791; x_wconf 89' lang='lat' dir='ltr'><strong>Ingredere</strong></span> <span class='ocrx_word' id='word_1_322' title='bbox 844 2721 900 2777; x_wconf 90' lang='lat' dir='ltr'><strong>in</strong></span> <span class='ocrx_word' id='word_1_323' title='bbox 946 2723 1124 2779; x_wconf 89' lang='lat' dir='ltr'><strong>medio</strong></span> <span class='ocrx_word' id='word_1_324' title='bbox 1187 2733 1448 2791; x_wconf 83' lang='lat' dir='ltr'><strong>rotarum,</strong></span> <span class='ocrx_word' id='word_1_325' title='bbox 1489 2740 1631 2795; x_wconf 82' lang='lat' dir='ltr'><strong>quae</strong></span> <span class='ocrx_word' id='word_1_326' title='bbox 1673 2736 1798 2782; x_wconf 86' lang='lat' dir='ltr'><strong>sunt</strong></span> <span class='ocrx_word' id='word_1_327' title='bbox 1831 2727 1854 2759; x_wconf 72' lang='grc' dir='ltr'>δ</span> <span class='ocrx_word' id='word_1_328' title='bbox 1898 2729 2090 2783; x_wconf 77' lang='lat' dir='ltr'><strong>subtus</strong></span> 
     </span>
    </p>
   </div>
   <div class='ocr_carea' id='block_1_40' title="bbox 507 2812 2092 2892">
    <p class='ocr_par' dir='ltr' id='par_1_40' title="bbox 507 2812 2092 2892">
     <span class='ocr_line' id='line_1_40' title="bbox 507 2812 2092 2892; baseline 0.005 -23"><span class='ocrx_word' id='word_1_329' title='bbox 507 2812 823 2881; x_wconf 88' lang='lat' dir='ltr'><strong>Cherubim,</strong></span> <span class='ocrx_word' id='word_1_330' title='bbox 853 2824 909 2872; x_wconf 91' lang='lat' dir='ltr'><strong>et</strong></span> <span class='ocrx_word' id='word_1_331' title='bbox 956 2817 1119 2888; x_wconf 91' lang='lat' dir='ltr'><strong>imple</strong></span> <span class='ocrx_word' id='word_1_332' title='bbox 1161 2833 1377 2875; x_wconf 87' lang='lat' dir='ltr'><strong>manum</strong></span> <span class='ocrx_word' id='word_1_333' title='bbox 1409 2828 1556 2875; x_wconf 89' lang='lat' dir='ltr'><strong>tuam</strong></span> <span class='ocrx_word' id='word_1_334' title='bbox 1596 2822 1785 2891; x_wconf 89' lang='lat' dir='ltr'><strong>prunis</strong></span> <span class='ocrx_word' id='word_1_335' title='bbox 1820 2841 1865 2887; x_wconf 74' lang='grc' dir='ltr'><strong>ι,</strong></span> <span class='ocrx_word' id='word_1_336' title='bbox 1916 2831 2092 2892; x_wconf 80' lang='lat' dir='ltr'><strong>potest</strong></span> 
     </span>
    </p>
   </div>
   <div class='ocr_carea' id='block_1_41' title="bbox 510 2908 2089 2985">
    <p class='ocr_par' dir='ltr' id='par_1_41' title="bbox 510 2908 2089 2985">
     <span class='ocr_line' id='line_1_41' title="bbox 510 2908 2089 2985; baseline 0.005 -24"><span class='ocrx_word' id='word_1_337' title='bbox 510 2917 692 2968; x_wconf 80' lang='lat' dir='ltr'><strong>tamen</strong></span> <span class='ocrx_word' id='word_1_338' title='bbox 730 2908 952 2981; x_wconf 83' lang='lat' dir='ltr'><strong>intelligi</strong></span> <span class='ocrx_word' id='word_1_339' title='bbox 980 2919 1089 2965; x_wconf 76' lang='lat' dir='ltr'><strong>aut~</strong></span> <span class='ocrx_word' id='word_1_340' title='bbox 1115 2911 1166 2966; x_wconf 93' lang='lat' dir='ltr'><strong>in</strong></span> <span class='ocrx_word' id='word_1_341' title='bbox 1198 2913 1534 2985; x_wconf 85' lang='lat' dir='ltr'><strong>septuaginta</strong></span> <span class='ocrx_word' id='word_1_342' title='bbox 1581 2913 1938 2983; x_wconf 85' lang='lat' dir='ltr'><strong>lnterpretum</strong></span> <span class='ocrx_word' id='word_1_343' title='bbox 1970 2916 2089 2971; x_wconf 86' lang='lat' dir='ltr'><strong>edi-</strong></span> 
     </span>
    </p>
   </div>
   <div class='ocr_carea' id='block_1_42' title="bbox 510 2996 2087 3074">
    <p class='ocr_par' dir='ltr' id='par_1_42' title="bbox 510 2996 2087 3074">
     <span class='ocr_line' id='line_1_42' title="bbox 510 2996 2087 3074; baseline 0.006 -23"><span class='ocrx_word' id='word_1_344' title='bbox 510 2996 677 3064; x_wconf 87' lang='lat' dir='ltr'><strong>tione,</strong></span> <span class='ocrx_word' id='word_1_345' title='bbox 703 3013 770 3054; x_wconf 79' lang='lat' dir='ltr'><strong>ex</strong></span> <span class='ocrx_word' id='word_1_346' title='bbox 798 3016 901 3070; x_wconf 91' lang='lat' dir='ltr'><strong>qua</strong></span> <span class='ocrx_word' id='word_1_347' title='bbox 946 3000 1134 3057; x_wconf 89' lang='lat' dir='ltr'><strong>beatus</strong></span> <span class='ocrx_word' id='word_1_348' title='bbox 1167 3001 1453 3074; x_wconf 85' lang='lat' dir='ltr'><strong>Dionysius</strong></span> <span class='ocrx_word' id='word_1_349' title='bbox 1484 3004 1584 3059; x_wconf 89' lang='lat' dir='ltr'><strong>ista</strong></span> <span class='ocrx_word' id='word_1_350' title='bbox 1629 3006 1809 3060; x_wconf 90' lang='lat' dir='ltr'><strong>omnia</strong></span> <span class='ocrx_word' id='word_1_351' title='bbox 1848 3006 2087 3061; x_wconf 88' lang='lat' dir='ltr'><strong>introdu-</strong></span> 
     </span>
    </p>
   </div>
   <div class='ocr_carea' id='block_1_43' title="bbox 511 3088 2092 3166">
    <p class='ocr_par' dir='ltr' id='par_1_43' title="bbox 511 3088 2092 3166">
     <span class='ocr_line' id='line_1_43' title="bbox 511 3088 2092 3166; baseline 0.004 -23"><span class='ocrx_word' id='word_1_352' title='bbox 511 3088 613 3157; x_wconf 78' lang='lat' dir='ltr'><strong>xit,</strong></span> <span class='ocrx_word' id='word_1_353' title='bbox 639 3090 719 3146; x_wconf 91' lang='lat' dir='ltr'><strong>sic</strong></span> <span class='ocrx_word' id='word_1_354' title='bbox 747 3093 1027 3163; x_wconf 88' lang='lat' dir='ltr'><strong>scriptum,</strong></span> <span class='ocrx_word' id='word_1_355' title='bbox 1057 3100 1151 3149; x_wconf 91' lang='lat' dir='ltr'><strong>aut</strong></span> <span class='ocrx_word' id='word_1_356' title='bbox 1192 3094 1366 3164; x_wconf 90' lang='lat' dir='ltr'><strong>ipsum</strong></span> <span class='ocrx_word' id='word_1_357' title='bbox 1387 3095 1465 3150; x_wconf 92' lang='lat' dir='ltr'><strong>sic</strong></span> <span class='ocrx_word' id='word_1_358' title='bbox 1494 3095 1841 3151; x_wconf 82' lang='lat' dir='ltr'><strong>intellixisse:</strong></span> <span class='ocrx_word' id='word_1_359' title='bbox 1871 3115 1889 3148; x_wconf 74' lang='grc' dir='ltr'><strong><em>ι</em></strong></span> <span class='ocrx_word' id='word_1_360' title='bbox 1926 3096 2092 3166; x_wconf 89' lang='lat' dir='ltr'><strong>Imple</strong></span> 
     </span>
    </p>
   </div>
   <div class='ocr_carea' id='block_1_44' title="bbox 513 3185 2091 3257">
    <p class='ocr_par' dir='ltr' id='par_1_44' title="bbox 513 3185 2091 3257">
     <span class='ocr_line' id='line_1_44' title="bbox 513 3185 2091 3257; baseline 0.004 -21"><span class='ocrx_word' id='word_1_361' title='bbox 513 3196 733 3241; x_wconf 86' lang='lat' dir='ltr'><strong>manum</strong></span> <span class='ocrx_word' id='word_1_362' title='bbox 749 3192 893 3241; x_wconf 89' lang='lat' dir='ltr'><strong>tuam</strong></span> <span class='ocrx_word' id='word_1_363' title='bbox 906 3185 1096 3255; x_wconf 88' lang='lat' dir='ltr'><strong>prunis</strong></span> <span class='ocrx_word' id='word_1_364' title='bbox 1117 3205 1136 3238; x_wconf 70' lang='grc' dir='ltr'><strong>ι</strong></span> <span class='ocrx_word' id='word_1_365' title='bbox 1150 3226 1165 3250; x_wconf 89' lang='grc'><strong>,</strong></span> <span class='ocrx_word' id='word_1_366' title='bbox 1180 3193 1239 3239; x_wconf 92' lang='lat' dir='ltr'><strong>ut</strong></span> <span class='ocrx_word' id='word_1_367' title='bbox 1250 3186 1622 3251; x_wconf 87' lang='lat' dir='ltr'><strong>subaudiatur,</strong></span> <span class='ocrx_word' id='word_1_368' title='bbox 1641 3202 1775 3257; x_wconf 90' lang='lat' dir='ltr'><strong>quas</strong></span> <span class='ocrx_word' id='word_1_369' title='bbox 1789 3188 1901 3256; x_wconf 86' lang='lat' dir='ltr'><strong>ipsa</strong></span> <span class='ocrx_word' id='word_1_370' title='bbox 1915 3187 1938 3219; x_wconf 81' lang='grc'>⁸</span> <span class='ocrx_word' id='word_1_371' title='bbox 1953 3188 2091 3243; x_wconf 84' lang='lat' dir='ltr'><strong>Che-</strong></span> 
     </span>
    </p>
   </div>
   <div class='ocr_carea' id='block_1_45' title="bbox 509 3257 2168 3346">
    <p class='ocr_par' dir='ltr' id='par_1_45' title="bbox 509 3257 2168 3346">
     <span class='ocr_line' id='line_1_45' title="bbox 509 3257 2168 3346; baseline 0.002 -18"><span class='ocrx_word' id='word_1_372' title='bbox 509 3273 689 3330; x_wconf 84' lang='lat' dir='ltr'><strong>rubim</strong></span> <span class='ocrx_word' id='word_1_373' title='bbox 714 3274 811 3331; x_wconf 87' lang='lat' dir='ltr'><strong>tibi</strong></span> <span class='ocrx_word' id='word_1_374' title='bbox 838 3277 1099 3330; x_wconf 86' lang='lat' dir='ltr'><strong>traditura</strong></span> <span class='ocrx_word' id='word_1_375' title='bbox 1139 3284 1283 3332; x_wconf 89' lang='lat' dir='ltr'><strong>sunt.</strong></span> <span class='ocrx_word' id='word_1_376' title='bbox 1316 3276 1383 3331; x_wconf 89' lang='lat' dir='ltr'><strong>Et</strong></span> <span class='ocrx_word' id='word_1_377' title='bbox 1416 3277 1610 3331; x_wconf 89' lang='lat' dir='ltr'><strong>iterum</strong></span> <span class='ocrx_word' id='word_1_378' title='bbox 1635 3276 1775 3346; x_wconf 90' lang='lat' dir='ltr'><strong>quod</strong></span> <span class='ocrx_word' id='word_1_379' title='bbox 1817 3277 2088 3346; x_wconf 89' lang='lat' dir='ltr'><strong>sequitur:</strong></span> <span class='ocrx_word' id='word_1_380' title='bbox 2121 3257 2168 3319; x_wconf 72' lang='grc' dir='ltr'>ο</span> 
     </span>
    </p>
   </div>
   <div class='ocr_carea' id='block_1_46' title="bbox 508 3355 2090 3422">
    <p class='ocr_par' dir='ltr' id='par_1_46' title="bbox 508 3355 2090 3422">
     <span class='ocr_line' id='line_1_46' title="bbox 508 3355 2090 3422; baseline 0.001 -4"><span class='ocrx_word' id='word_1_381' title='bbox 508 3371 606 3418; x_wconf 88' lang='lat' dir='ltr'><strong>aut</strong></span> <span class='ocrx_word' id='word_1_382' title='bbox 636 3366 703 3421; x_wconf 87' lang='lat' dir='ltr'><strong>de</strong></span> <span class='ocrx_word' id='word_1_383' title='bbox 723 3355 952 3421; x_wconf 73' lang='lat' dir='ltr'><strong>vocante</strong></span> <span class='ocrx_word' id='word_1_384' title='bbox 997 3364 1389 3420; x_wconf 87' lang='lat' dir='ltr'><strong>divinissimum</strong></span> <span class='ocrx_word' id='word_1_385' title='bbox 1420 3365 1635 3422; x_wconf 87' lang='lat' dir='ltr'><strong>Gabriel</strong></span> <span class='ocrx_word' id='word_1_386' title='bbox 1660 3375 1717 3421; x_wconf 91' lang='lat' dir='ltr'><strong>et</strong></span> <span class='ocrx_word' id='word_1_387' title='bbox 1744 3366 1958 3421; x_wconf 88' lang='lat' dir='ltr'><strong>dicente</strong></span> <span class='ocrx_word' id='word_1_388' title='bbox 1999 3365 2048 3420; x_wconf 88' lang='lat' dir='ltr'><strong>ei</strong></span> <span class='ocrx_word' id='word_1_389' title='bbox 2077 3384 2090 3419; x_wconf 88' lang='lat'><strong>:</strong></span> 
     </span>
    </p>
   </div>
   <div class='ocr_carea' id='block_1_47' title="bbox 510 3451 2096 3525">
    <p class='ocr_par' dir='ltr' id='par_1_47' title="bbox 510 3451 2096 3525">
     <span class='ocr_line' id='line_1_47' title="bbox 510 3451 2096 3525; baseline 0.003 -17"><span class='ocrx_word' id='word_1_390' title='bbox 510 3451 623 3508; x_wconf 82' lang='lat' dir='ltr'><strong>Fac</strong></span> <span class='ocrx_word' id='word_1_391' title='bbox 653 3452 802 3511; x_wconf 90' lang='lat' dir='ltr'><strong>illum</strong></span> <span class='ocrx_word' id='word_1_392' title='bbox 831 3453 1128 3525; x_wconf 84' lang='lat' dir='ltr'><strong>intelligere</strong></span> <span class='ocrx_word' id='word_1_393' title='bbox 1146 3455 1516 3521; x_wconf 83' lang='lat' dir='ltr'><strong>visionem,ex</strong></span> <span class='ocrx_word' id='word_1_394' title='bbox 1537 3457 1676 3512; x_wconf 90' lang='lat' dir='ltr'><strong>libro</strong></span> <span class='ocrx_word' id='word_1_395' title='bbox 1703 3456 1886 3511; x_wconf 88' lang='lat' dir='ltr'><strong>Daniel</strong></span> <span class='ocrx_word' id='word_1_396' title='bbox 1913 3470 2096 3512; x_wconf 88' lang='lat' dir='ltr'><strong>susce-</strong></span> 
     </span>
    </p>
   </div>
   <div class='ocr_carea' id='block_1_48' title="bbox 513 3543 2090 3616">
    <p class='ocr_par' dir='ltr' id='par_1_48' title="bbox 513 3543 2090 3616">
     <span class='ocr_line' id='line_1_48' title="bbox 513 3543 2090 3616; baseline 0.003 -21"><span class='ocrx_word' id='word_1_397' title='bbox 513 3551 666 3613; x_wconf 83' lang='lat' dir='ltr'><strong>ptum</strong></span> <span class='ocrx_word' id='word_1_398' title='bbox 693 3543 734 3607; x_wconf 80' lang='lat'><strong>°,</strong></span> <span class='ocrx_word' id='word_1_399' title='bbox 765 3543 855 3598; x_wconf 89' lang='lat' dir='ltr'><strong>ubi</strong></span> <span class='ocrx_word' id='word_1_400' title='bbox 882 3544 1108 3601; x_wconf 88' lang='lat' dir='ltr'><strong>dicitur:</strong></span> <span class='ocrx_word' id='word_1_401' title='bbox 1133 3563 1153 3596; x_wconf 72' lang='grc' dir='ltr'><strong><em>ι</em></strong></span> <span class='ocrx_word' id='word_1_402' title='bbox 1185 3545 1253 3600; x_wconf 88' lang='lat' dir='ltr'><strong>Et</strong></span> <span class='ocrx_word' id='word_1_403' title='bbox 1279 3546 1300 3578; x_wconf 87' lang='lat'><strong><em>&quot;</em></strong></span> <span class='ocrx_word' id='word_1_404' title='bbox 1325 3545 1525 3601; x_wconf 83' lang='lat' dir='ltr'><strong>factum</strong></span> <span class='ocrx_word' id='word_1_405' title='bbox 1547 3556 1631 3603; x_wconf 89' lang='lat' dir='ltr'><strong>est</strong></span> <span class='ocrx_word' id='word_1_406' title='bbox 1662 3555 1864 3613; x_wconf 90' lang='lat' dir='ltr'><strong>autem,</strong></span> <span class='ocrx_word' id='word_1_407' title='bbox 1895 3547 2090 3616; x_wconf 87' lang='lat' dir='ltr'><strong>inquit,</strong></span> 
     </span>
    </p>
   </div>
   <div class='ocr_carea' id='block_1_49' title="bbox 512 3634 2094 3709">
    <p class='ocr_par' dir='ltr' id='par_1_49' title="bbox 512 3634 2094 3709">
     <span class='ocr_line' id='line_1_49' title="bbox 512 3634 2094 3709; baseline 0.003 -21"><span class='ocrx_word' id='word_1_408' title='bbox 512 3649 636 3691; x_wconf 90' lang='lat' dir='ltr'><strong>cum</strong></span> <span class='ocrx_word' id='word_1_409' title='bbox 683 3634 925 3691; x_wconf 85' lang='lat' dir='ltr'><strong>viderem</strong></span> <span class='ocrx_word' id='word_1_410' title='bbox 970 3650 1070 3707; x_wconf 81' lang='lat' dir='ltr'><strong>ego</strong></span> <span class='ocrx_word' id='word_1_411' title='bbox 1117 3637 1307 3693; x_wconf 88' lang='lat' dir='ltr'><strong>Daniel</strong></span> <span class='ocrx_word' id='word_1_412' title='bbox 1344 3639 1631 3705; x_wconf 89' lang='lat' dir='ltr'><strong>visionem,</strong></span> <span class='ocrx_word' id='word_1_413' title='bbox 1676 3647 1732 3695; x_wconf 91' lang='lat' dir='ltr'><strong>et</strong></span> <span class='ocrx_word' id='word_1_414' title='bbox 1777 3653 2094 3709; x_wconf 84' lang='lat' dir='ltr'><strong>quaererem</strong></span> 
     </span>
    </p>
   </div>
   <div class='ocr_carea' id='block_1_50' title="bbox 511 3725 2096 3801">
    <p class='ocr_par' dir='ltr' id='par_1_50' title="bbox 511 3725 2096 3801">
     <span class='ocr_line' id='line_1_50' title="bbox 511 3725 2096 3801; baseline 0.003 -20"><span class='ocrx_word' id='word_1_415' title='bbox 511 3725 943 3799; x_wconf 86' lang='lat' dir='ltr'><strong>intelligentiam,</strong></span> <span class='ocrx_word' id='word_1_416' title='bbox 958 3743 1086 3785; x_wconf 90' lang='lat' dir='ltr'><strong>ecce</strong></span> <span class='ocrx_word' id='word_1_417' title='bbox 1106 3730 1322 3785; x_wconf 88' lang='lat' dir='ltr'><strong>stetitin</strong></span> <span class='ocrx_word' id='word_1_418' title='bbox 1343 3738 1635 3800; x_wconf 89' lang='lat' dir='ltr'><strong>conspectu</strong></span> <span class='ocrx_word' id='word_1_419' title='bbox 1659 3746 1779 3786; x_wconf 87' lang='lat' dir='ltr'><strong>meo</strong></span> <span class='ocrx_word' id='word_1_420' title='bbox 1804 3731 1956 3801; x_wconf 88' lang='lat' dir='ltr'><strong>quasi</strong></span> <span class='ocrx_word' id='word_1_421' title='bbox 1976 3744 2096 3800; x_wconf 88' lang='lat' dir='ltr'><strong>spe-</strong></span> 
     </span>
    </p>
   </div>
   <div class='ocr_carea' id='block_1_51' title="bbox 510 3817 2091 3890">
    <p class='ocr_par' dir='ltr' id='par_1_51' title="bbox 510 3817 2091 3890">
     <span class='ocr_line' id='line_1_51' title="bbox 510 3817 2091 3890; baseline 0.003 -15"><span class='ocrx_word' id='word_1_422' title='bbox 510 3817 627 3875; x_wconf 85' lang='lat' dir='ltr'><strong>cies</strong></span> <span class='ocrx_word' id='word_1_423' title='bbox 661 3819 786 3884; x_wconf 90' lang='lat' dir='ltr'><strong>viri,</strong></span> <span class='ocrx_word' id='word_1_424' title='bbox 823 3828 879 3875; x_wconf 91' lang='lat' dir='ltr'><strong>et</strong></span> <span class='ocrx_word' id='word_1_425' title='bbox 902 3822 1079 3878; x_wconf 86' lang='lat' dir='ltr'><strong>audivi</strong></span> <span class='ocrx_word' id='word_1_426' title='bbox 1121 3838 1306 3879; x_wconf 88' lang='lat' dir='ltr'><strong>vocem</strong></span> <span class='ocrx_word' id='word_1_427' title='bbox 1341 3824 1463 3890; x_wconf 91' lang='lat' dir='ltr'><strong>viri,</strong></span> <span class='ocrx_word' id='word_1_428' title='bbox 1490 3833 1544 3880; x_wconf 93' lang='lat' dir='ltr'><strong>et</strong></span> <span class='ocrx_word' id='word_1_429' title='bbox 1572 3824 1842 3890; x_wconf 88' lang='lat' dir='ltr'><strong>clamavit,</strong></span> <span class='ocrx_word' id='word_1_430' title='bbox 1875 3835 1929 3881; x_wconf 94' lang='lat' dir='ltr'><strong>et</strong></span> <span class='ocrx_word' id='word_1_431' title='bbox 1957 3825 2035 3881; x_wconf 91' lang='lat' dir='ltr'><strong>ait</strong></span> <span class='ocrx_word' id='word_1_432' title='bbox 2077 3843 2091 3880; x_wconf 89' lang='lat'><strong>:</strong></span> 
     </span>
    </p>
   </div>
   <div class='ocr_carea' id='block_1_52' title="bbox 514 3906 2093 3984">
    <p class='ocr_par' dir='ltr' id='par_1_52' title="bbox 514 3906 2093 3984">
     <span class='ocr_line' id='line_1_52' title="bbox 514 3906 2093 3984; baseline 0.004 -17"><span class='ocrx_word' id='word_1_433' title='bbox 514 3906 758 3977; x_wconf 85' lang='lat' dir='ltr'><strong>Gabriel,</strong></span> <span class='ocrx_word' id='word_1_434' title='bbox 774 3908 860 3979; x_wconf 83' lang='lat' dir='ltr'><strong>lac</strong></span> <span class='ocrx_word' id='word_1_435' title='bbox 876 3912 1174 3984; x_wconf 81' lang='lat' dir='ltr'><strong>intelligere</strong></span> <span class='ocrx_word' id='word_1_436' title='bbox 1187 3914 1341 3971; x_wconf 89' lang='lat' dir='ltr'><strong>istam</strong></span> <span class='ocrx_word' id='word_1_437' title='bbox 1356 3916 1618 3973; x_wconf 84' lang='lat' dir='ltr'><strong>visionem</strong></span> <span class='ocrx_word' id='word_1_438' title='bbox 1640 3936 1684 3971; x_wconf 73' lang='grc' dir='ltr'><strong>ι.</strong></span> <span class='ocrx_word' id='word_1_439' title='bbox 1710 3917 1889 3973; x_wconf 67' lang='lat' dir='ltr'><strong>Haec8</strong></span> <span class='ocrx_word' id='word_1_440' title='bbox 1911 3927 2093 3973; x_wconf 87' lang='lat' dir='ltr'><strong>autem</strong></span> 
     </span>
    </p>
   </div>
   <div class='ocr_carea' id='block_1_53' title="bbox 516 4001 2095 4077">
    <p class='ocr_par' dir='ltr' id='par_1_53' title="bbox 516 4001 2095 4077">
     <span class='ocr_line' id='line_1_53' title="bbox 516 4001 2095 4077; baseline 0.006 -24"><span class='ocrx_word' id='word_1_441' title='bbox 516 4001 702 4054; x_wconf 85' lang='lat' dir='ltr'><strong>omnia</strong></span> <span class='ocrx_word' id='word_1_442' title='bbox 727 4010 1013 4071; x_wconf 87' lang='lat' dir='ltr'><strong>pr0pterea</strong></span> <span class='ocrx_word' id='word_1_443' title='bbox 1047 4013 1101 4058; x_wconf 89' lang='lat' dir='ltr'><strong>et</strong></span> <span class='ocrx_word' id='word_1_444' title='bbox 1132 4005 1184 4059; x_wconf 90' lang='lat' dir='ltr'><strong>in</strong></span> <span class='ocrx_word' id='word_1_445' title='bbox 1216 4006 1492 4076; x_wconf 80' lang='lat' dir='ltr'><strong>prophetis</strong></span> <span class='ocrx_word' id='word_1_446' title='bbox 1519 4013 1575 4062; x_wconf 90' lang='lat' dir='ltr'><strong>et</strong></span> <span class='ocrx_word' id='word_1_447' title='bbox 1616 4008 1817 4077; x_wconf 78' lang='lat' dir='ltr'><strong>scripta</strong></span> <span class='ocrx_word' id='word_1_448' title='bbox 1873 4017 1928 4062; x_wconf 91' lang='lat' dir='ltr'><strong>et</strong></span> <span class='ocrx_word' id='word_1_449' title='bbox 1979 4008 2095 4063; x_wconf 87' lang='lat' dir='ltr'><strong>visa</strong></span> 
     </span>
    </p>
   </div>
   <div class='ocr_carea' id='block_1_54' title="bbox 518 4093 2098 4168">
    <p class='ocr_par' dir='ltr' id='par_1_54' title="bbox 518 4093 2098 4168">
     <span class='ocr_line' id='line_1_54' title="bbox 518 4093 2098 4168; baseline 0.005 -25"><span class='ocrx_word' id='word_1_450' title='bbox 518 4098 681 4161; x_wconf 75' lang='lat' dir='ltr'><strong>sunt,</strong></span> <span class='ocrx_word' id='word_1_451' title='bbox 734 4099 790 4145; x_wconf 88' lang='lat' dir='ltr'><strong>et</strong></span> <span class='ocrx_word' id='word_1_452' title='bbox 837 4107 868 4146; x_wconf 91' lang='lat' dir='ltr'><strong>a</strong></span> <span class='ocrx_word' id='word_1_453' title='bbox 920 4093 1081 4149; x_wconf 89' lang='lat' dir='ltr'><strong>beato</strong></span> <span class='ocrx_word' id='word_1_454' title='bbox 1148 4095 1254 4151; x_wconf 86' lang='lat' dir='ltr'><strong>isto</strong></span> <span class='ocrx_word' id='word_1_455' title='bbox 1307 4097 1570 4168; x_wconf 89' lang='lat' dir='ltr'><strong>magistro</strong></span> <span class='ocrx_word' id='word_1_456' title='bbox 1632 4096 1981 4163; x_wconf 85' lang='lat' dir='ltr'><strong>introducta,</strong></span> <span class='ocrx_word' id='word_1_457' title='bbox 2036 4105 2098 4152; x_wconf 86' lang='lat' dir='ltr'><strong>ut</strong></span> 
     </span>
    </p>
   </div>
   <div class='ocr_carea' id='block_1_55' title="bbox 518 4180 2093 4256">
    <p class='ocr_par' dir='ltr' id='par_1_55' title="bbox 518 4180 2093 4256">
     <span class='ocr_line' id='line_1_55' title="bbox 518 4180 2093 4256; baseline 0.003 -22"><span class='ocrx_word' id='word_1_458' title='bbox 518 4180 882 4254; x_wconf 86' lang='lat' dir='ltr'><strong>intelligamus</strong></span> <span class='ocrx_word' id='word_1_459' title='bbox 940 4183 1255 4243; x_wconf 87' lang='lat' dir='ltr'><strong>caelestium</strong></span> <span class='ocrx_word' id='word_1_460' title='bbox 1317 4186 1619 4242; x_wconf 88' lang='lat' dir='ltr'><strong>animorum</strong></span> <span class='ocrx_word' id='word_1_461' title='bbox 1663 4186 1951 4256; x_wconf 89' lang='lat' dir='ltr'><strong>dispositas</strong></span> <span class='ocrx_word' id='word_1_462' title='bbox 2001 4200 2093 4241; x_wconf 86' lang='lat' dir='ltr'><strong>or-</strong></span> 
     </span>
    </p>
   </div>
   <div class='ocr_carea' id='block_1_56' title="bbox 516 4272 2098 4348">
    <p class='ocr_par' dir='ltr' id='par_1_56' title="bbox 516 4272 2098 4348">
     <span class='ocr_line' id='line_1_56' title="bbox 516 4272 2098 4348; baseline 0.003 -21"><span class='ocrx_word' id='word_1_463' title='bbox 516 4272 841 4338; x_wconf 86' lang='lat' dir='ltr'><strong>dinationes,</strong></span> <span class='ocrx_word' id='word_1_464' title='bbox 882 4283 937 4329; x_wconf 90' lang='lat' dir='ltr'><strong>ct</strong></span> <span class='ocrx_word' id='word_1_465' title='bbox 966 4277 1226 4346; x_wconf 90' lang='lat' dir='ltr'><strong>quosdam</strong></span> <span class='ocrx_word' id='word_1_466' title='bbox 1277 4279 1494 4348; x_wconf 89' lang='lat' dir='ltr'><strong>quidem</strong></span> <span class='ocrx_word' id='word_1_467' title='bbox 1523 4278 1593 4333; x_wconf 92' lang='lat' dir='ltr'><strong>ab</strong></span> <span class='ocrx_word' id='word_1_468' title='bbox 1619 4278 1735 4348; x_wconf 89' lang='lat' dir='ltr'><strong>ipso</strong></span> <span class='ocrx_word' id='word_1_469' title='bbox 1761 4277 1871 4335; x_wconf 85' lang='lat' dir='ltr'><strong>Deo</strong></span> <span class='ocrx_word' id='word_1_470' title='bbox 1908 4278 2098 4333; x_wconf 86' lang='lat' dir='ltr'><strong>imme-</strong></span> 
     </span>
    </p>
   </div>
   <div class='ocr_carea' id='block_1_57' title="bbox 515 4363 2123 4439">
    <p class='ocr_par' dir='ltr' id='par_1_57' title="bbox 515 4363 2123 4439">
     <span class='ocr_line' id='line_1_57' title="bbox 515 4363 2123 4439; baseline 0.001 -19"><span class='ocrx_word' id='word_1_471' title='bbox 515 4363 662 4420; x_wconf 83' lang='lat' dir='ltr'><strong>diate</strong></span> <span class='ocrx_word' id='word_1_472' title='bbox 705 4366 887 4428; x_wconf 83' lang='lat' dir='ltr'><strong>doceri</strong></span> <span class='ocrx_word' id='word_1_473' title='bbox 928 4375 987 4433; x_wconf 79' lang='lat' dir='ltr'><strong>et</strong></span> <span class='ocrx_word' id='word_1_474' title='bbox 1014 4369 1327 4434; x_wconf 89' lang='lat' dir='ltr'><strong>illuminari,</strong></span> <span class='ocrx_word' id='word_1_475' title='bbox 1376 4385 1575 4438; x_wconf 87' lang='lat' dir='ltr'><strong>eosque</strong></span> <span class='ocrx_word' id='word_1_476' title='bbox 1600 4370 1795 4424; x_wconf 88' lang='lat' dir='ltr'><strong>iterum</strong></span> <span class='ocrx_word' id='word_1_477' title='bbox 1828 4369 2123 4439; x_wconf 87' lang='lat' dir='ltr'><strong>gradatim_</strong></span> 
     </span>
    </p>
   </div>
   <div class='ocr_carea' id='block_1_58' title="bbox 514 4455 2099 4531">
    <p class='ocr_par' dir='ltr' id='par_1_58' title="bbox 514 4455 2099 4531">
     <span class='ocr_line' id='line_1_58' title="bbox 514 4455 2099 4531; baseline 0.001 -20"><span class='ocrx_word' id='word_1_478' title='bbox 514 4469 578 4511; x_wconf 79' lang='lat' dir='ltr'><strong>se</strong></span> <span class='ocrx_word' id='word_1_479' title='bbox 638 4455 920 4513; x_wconf 80' lang='lat' dir='ltr'><strong>inferiores</strong></span> <span class='ocrx_word' id='word_1_480' title='bbox 967 4461 1162 4514; x_wconf 88' lang='lat' dir='ltr'><strong>docere</strong></span> <span class='ocrx_word' id='word_1_481' title='bbox 1213 4469 1269 4515; x_wconf 91' lang='lat' dir='ltr'><strong>et</strong></span> <span class='ocrx_word' id='word_1_482' title='bbox 1317 4460 1659 4526; x_wconf 89' lang='lat' dir='ltr'><strong>illuminare,</strong></span> <span class='ocrx_word' id='word_1_483' title='bbox 1709 4461 1801 4531; x_wconf 90' lang='lat' dir='ltr'><strong>qui</strong></span> <span class='ocrx_word' id='word_1_484' title='bbox 1851 4476 1882 4513; x_wconf 91' lang='lat' dir='ltr'><strong>a</strong></span> <span class='ocrx_word' id='word_1_485' title='bbox 1942 4473 2099 4528; x_wconf 85' lang='lat' dir='ltr'><strong>supe-</strong></span> 
     </span>
    </p>
   </div>
   <div class='ocr_carea' id='block_1_59' title="bbox 519 4545 2094 4612">
    <p class='ocr_par' dir='ltr' id='par_1_59' title="bbox 519 4545 2094 4612">
     <span class='ocr_line' id='line_1_59' title="bbox 519 4545 2094 4612; baseline 0.002 -15"><span class='ocrx_word' id='word_1_486' title='bbox 519 4545 756 4602; x_wconf 84' lang='lat' dir='ltr'><strong>rioribus</strong></span> <span class='ocrx_word' id='word_1_487' title='bbox 806 4548 1071 4602; x_wconf 86' lang='lat' dir='ltr'><strong>docentur</strong></span> <span class='ocrx_word' id='word_1_488' title='bbox 1144 4558 1199 4605; x_wconf 90' lang='lat' dir='ltr'><strong>et</strong></span> <span class='ocrx_word' id='word_1_489' title='bbox 1263 4549 1655 4604; x_wconf 89' lang='lat' dir='ltr'><strong>illuminantur.</strong></span> <span class='ocrx_word' id='word_1_490' title='bbox 1709 4550 1777 4604; x_wconf 87' lang='lat' dir='ltr'><strong>Et</strong></span> <span class='ocrx_word' id='word_1_491' title='bbox 1831 4550 1932 4604; x_wconf 91' lang='lat' dir='ltr'><strong>hoc</strong></span> <span class='ocrx_word' id='word_1_492' title='bbox 1972 4557 2094 4612; x_wconf 84' lang='lat' dir='ltr'><strong>est,</strong></span> 
     </span>
    </p>
   </div>
   <div class='ocr_carea' id='block_1_60' title="bbox 2186 1995 3772 2076">
    <p class='ocr_par' dir='ltr' id='par_1_60' title="bbox 2186 1995 3772 2076">
     <span class='ocr_line' id='line_1_60' title="bbox 2186 1995 3772 2076; baseline -0.01 -13"><span class='ocrx_word' id='word_1_493' title='bbox 2186 2022 2246 2063; x_wconf 88' lang='lat' dir='ltr'><strong>se</strong></span> <span class='ocrx_word' id='word_1_494' title='bbox 2289 2007 2460 2076; x_wconf 90' lang='lat' dir='ltr'><strong>ipsum</strong></span> <span class='ocrx_word' id='word_1_495' title='bbox 2508 2001 2791 2057; x_wconf 90' lang='lat' dir='ltr'><strong>invisibilis</strong></span> <span class='ocrx_word' id='word_1_496' title='bbox 2829 2010 2883 2055; x_wconf 89' lang='lat' dir='ltr'><strong>et</strong></span> <span class='ocrx_word' id='word_1_497' title='bbox 2928 2012 3010 2056; x_wconf 90' lang='lat' dir='ltr'><strong>est</strong></span> <span class='ocrx_word' id='word_1_498' title='bbox 3036 2009 3091 2054; x_wconf 90' lang='lat' dir='ltr'><strong>et</strong></span> <span class='ocrx_word' id='word_1_499' title='bbox 3119 1999 3222 2054; x_wconf 91' lang='lat' dir='ltr'><strong>erit</strong></span> <span class='ocrx_word' id='word_1_500' title='bbox 3268 1997 3415 2053; x_wconf 88' lang='lat' dir='ltr'><strong>omni</strong></span> <span class='ocrx_word' id='word_1_501' title='bbox 3454 1995 3772 2051; x_wconf 89' lang='lat' dir='ltr'><strong>intellectui.</strong></span> 
     </span>
    </p>
   </div>
   <div class='ocr_carea' id='block_1_61' title="bbox 2187 2084 3779 2167">
    <p class='ocr_par' dir='ltr' id='par_1_61' title="bbox 2187 2084 3779 2167">
     <span class='ocr_line' id='line_1_61' title="bbox 2187 2084 3779 2167; baseline -0.009 -15"><span class='ocrx_word' id='word_1_502' title='bbox 2187 2094 2723 2167; x_wconf 87' lang='lat' dir='ltr'><strong>Superessenlialitas</strong></span> <span class='ocrx_word' id='word_1_503' title='bbox 2768 2092 2965 2163; x_wconf 81' lang='lat' dir='ltr'><strong>quippe</strong></span> <span class='ocrx_word' id='word_1_504' title='bbox 3004 2090 3145 2145; x_wconf 88' lang='lat' dir='ltr'><strong>illius</strong></span> <span class='ocrx_word' id='word_1_505' title='bbox 3180 2103 3394 2143; x_wconf 88' lang='lat' dir='ltr'><strong>omnem</strong></span> <span class='ocrx_word' id='word_1_506' title='bbox 3426 2094 3653 2155; x_wconf 86' lang='lat' dir='ltr'><strong>superat</strong></span> <span class='ocrx_word' id='word_1_507' title='bbox 3690 2084 3779 2138; x_wconf 78' lang='lat' dir='ltr'><strong>in-</strong></span> 
     </span>
    </p>
   </div>
   <div class='ocr_carea' id='block_1_62' title="bbox 2188 2173 3779 2254">
    <p class='ocr_par' dir='ltr' id='par_1_62' title="bbox 2188 2173 3779 2254">
     <span class='ocr_line' id='line_1_62' title="bbox 2188 2173 3779 2254; baseline -0.013 -10"><span class='ocrx_word' id='word_1_508' title='bbox 2188 2188 2483 2244; x_wconf 88' lang='lat' dir='ltr'><strong>tellectum.</strong></span> <span class='ocrx_word' id='word_1_509' title='bbox 2538 2184 2732 2241; x_wconf 84' lang='lat' dir='ltr'><strong>Nostra</strong></span> <span class='ocrx_word' id='word_1_510' title='bbox 2769 2184 2950 2254; x_wconf 89' lang='lat' dir='ltr'><strong>itaque</strong></span> <span class='ocrx_word' id='word_1_511' title='bbox 3005 2178 3270 2235; x_wconf 88' lang='lat' dir='ltr'><strong>ierarchia</strong></span> <span class='ocrx_word' id='word_1_512' title='bbox 3314 2176 3616 2247; x_wconf 80' lang='lat' dir='ltr'><strong>angelicam</strong></span> <span class='ocrx_word' id='word_1_513' title='bbox 3659 2173 3779 2243; x_wconf 64' lang='lat' dir='ltr'><strong>pulo</strong></span> 
     </span>
    </p>
   </div>
   <div class='ocr_carea' id='block_1_63' title="bbox 2186 2263 3779 2344">
    <p class='ocr_par' dir='ltr' id='par_1_63' title="bbox 2186 2263 3779 2344">
     <span class='ocr_line' id='line_1_63' title="bbox 2186 2263 3779 2344; baseline -0.013 -7"><span class='ocrx_word' id='word_1_514' title='bbox 2186 2281 2548 2338; x_wconf 90' lang='lat' dir='ltr'><strong>chritudinem</strong></span> <span class='ocrx_word' id='word_1_515' title='bbox 2579 2275 2816 2339; x_wconf 85' lang='lat' dir='ltr'><strong>habebit,</strong></span> <span class='ocrx_word' id='word_1_516' title='bbox 2862 2283 3122 2344; x_wconf 89' lang='lat' dir='ltr'><strong>quantum</strong></span> <span class='ocrx_word' id='word_1_517' title='bbox 3152 2270 3202 2324; x_wconf 95' lang='lat' dir='ltr'><strong>in</strong></span> <span class='ocrx_word' id='word_1_518' title='bbox 3239 2265 3620 2337; x_wconf 85' lang='lat' dir='ltr'><strong>theophanicis</strong></span> <span class='ocrx_word' id='word_1_519' title='bbox 3648 2263 3779 2317; x_wconf 89' lang='lat' dir='ltr'><strong>ima-</strong></span> 
     </span>
    </p>
   </div>
   <div class='ocr_carea' id='block_1_64' title="bbox 2185 2356 3775 2447">
    <p class='ocr_par' dir='ltr' id='par_1_64' title="bbox 2185 2356 3775 2447">
     <span class='ocr_line' id='line_1_64' title="bbox 2185 2356 3775 2447; baseline -0.015 -18"><span class='ocrx_word' id='word_1_520' title='bbox 2185 2374 2398 2447; x_wconf 88' lang='lat' dir='ltr'><strong>ginibus</strong></span> <span class='ocrx_word' id='word_1_521' title='bbox 2446 2386 2538 2426; x_wconf 89' lang='lat' dir='ltr'><strong>seu</strong></span> <span class='ocrx_word' id='word_1_522' title='bbox 2588 2364 3028 2423; x_wconf 88' lang='lat' dir='ltr'><strong>similitudinibus</strong></span> <span class='ocrx_word' id='word_1_523' title='bbox 3070 2360 3253 2417; x_wconf 84' lang='lat' dir='ltr'><strong>haberi</strong></span> <span class='ocrx_word' id='word_1_524' title='bbox 3281 2357 3497 2429; x_wconf 90' lang='lat' dir='ltr'><strong>poterit,</strong></span> <span class='ocrx_word' id='word_1_525' title='bbox 3546 2356 3775 2409; x_wconf 75' lang='lat' dir='ltr'><strong>formata</strong></span> 
     </span>
    </p>
   </div>
   <div class='ocr_carea' id='block_1_65' title="bbox 2186 2445 3774 2534">
    <p class='ocr_par' dir='ltr' id='par_1_65' title="bbox 2186 2445 3774 2534">
     <span class='ocr_line' id='line_1_65' title="bbox 2186 2445 3774 2534; baseline -0.015 -15"><span class='ocrx_word' id='word_1_526' title='bbox 2186 2445 2283 2534; x_wconf 85' lang='lat' dir='ltr'><strong>per</strong></span> <span class='ocrx_word' id='word_1_527' title='bbox 2327 2477 2472 2524; x_wconf 88' lang='lat' dir='ltr'><strong>eum,</strong></span> <span class='ocrx_word' id='word_1_528' title='bbox 2526 2466 2777 2514; x_wconf 87' lang='lat' dir='ltr'><strong>ornatum</strong></span> <span class='ocrx_word' id='word_1_529' title='bbox 2834 2452 3083 2507; x_wconf 86' lang='lat' dir='ltr'><strong>videlicet</strong></span> <span class='ocrx_word' id='word_1_530' title='bbox 3122 2449 3443 2507; x_wconf 75' lang='lat' dir='ltr'><strong>caelestium</strong></span> <span class='ocrx_word' id='word_1_531' title='bbox 3489 2445 3774 2498; x_wconf 83' lang='lat' dir='ltr'><strong>virtutum.</strong></span> 
     </span>
    </p>
   </div>
   <div class='ocr_carea' id='block_1_66' title="bbox 2188 2535 3778 2613">
    <p class='ocr_par' dir='ltr' id='par_1_66' title="bbox 2188 2535 3778 2613">
     <span class='ocr_line' id='line_1_66' title="bbox 2188 2535 3778 2613; baseline -0.016 -5"><span class='ocrx_word' id='word_1_532' title='bbox 2188 2553 2322 2608; x_wconf 86' lang='lat' dir='ltr'><strong>Nam</strong></span> <span class='ocrx_word' id='word_1_533' title='bbox 2351 2548 2720 2608; x_wconf 89' lang='lat' dir='ltr'><strong>ecclesiastica</strong></span> <span class='ocrx_word' id='word_1_534' title='bbox 2749 2542 3013 2599; x_wconf 78' lang='lat' dir='ltr'><strong>ierarChia</strong></span> <span class='ocrx_word' id='word_1_535' title='bbox 3042 2556 3139 2613; x_wconf 92' lang='lat' dir='ltr'><strong>per</strong></span> <span class='ocrx_word' id='word_1_536' title='bbox 3181 2537 3443 2593; x_wconf 86' lang='lat' dir='ltr'><strong>caelestes</strong></span> <span class='ocrx_word' id='word_1_537' title='bbox 3467 2535 3695 2589; x_wconf 87' lang='lat' dir='ltr'><strong>virtutes</strong></span> <span class='ocrx_word' id='word_1_538' title='bbox 3726 2544 3778 2585; x_wconf 85' lang='lat' dir='ltr'><strong>et</strong></span> 
     </span>
    </p>
   </div>
   <div class='ocr_carea' id='block_1_67' title="bbox 2189 2622 3777 2700">
    <p class='ocr_par' dir='ltr' id='par_1_67' title="bbox 2189 2622 3777 2700">
     <span class='ocr_line' id='line_1_67' title="bbox 2189 2622 3777 2700; baseline -0.016 -1"><span class='ocrx_word' id='word_1_539' title='bbox 2189 2645 2472 2700; x_wconf 90' lang='lat' dir='ltr'><strong>ordinatur</strong></span> <span class='ocrx_word' id='word_1_540' title='bbox 2500 2650 2555 2695; x_wconf 91' lang='lat' dir='ltr'><strong>et</strong></span> <span class='ocrx_word' id='word_1_541' title='bbox 2585 2638 2849 2693; x_wconf 80' lang='lat' dir='ltr'><strong>formatur</strong></span> <span class='ocrx_word' id='word_1_542' title='bbox 2872 2641 2926 2689; x_wconf 89' lang='lat' dir='ltr'><strong>et</strong></span> <span class='ocrx_word' id='word_1_543' title='bbox 2953 2629 3226 2686; x_wconf 86' lang='lat' dir='ltr'><strong>reducitur</strong></span> <span class='ocrx_word' id='word_1_544' title='bbox 3247 2628 3313 2682; x_wconf 88' lang='lat' dir='ltr'><strong>ad</strong></span> <span class='ocrx_word' id='word_1_545' title='bbox 3349 2622 3777 2696; x_wconf 81' lang='lat' dir='ltr'><strong>superessentia-</strong></span> 
     </span>
    </p>
   </div>
   <div class='ocr_carea' id='block_1_68' title="bbox 2189 2715 3778 2794">
    <p class='ocr_par' dir='ltr' id='par_1_68' title="bbox 2189 2715 3778 2794">
     <span class='ocr_line' id='line_1_68' title="bbox 2189 2715 3778 2794; baseline -0.016 -2"><span class='ocrx_word' id='word_1_546' title='bbox 2189 2737 2296 2792; x_wconf 86' lang='lat' dir='ltr'><strong>lem</strong></span> <span class='ocrx_word' id='word_1_547' title='bbox 2346 2734 2523 2789; x_wconf 87' lang='lat' dir='ltr'><strong>omnis</strong></span> <span class='ocrx_word' id='word_1_548' title='bbox 2574 2729 2892 2791; x_wconf 83' lang='lat' dir='ltr'><strong>ierarchiae,</strong></span> <span class='ocrx_word' id='word_1_549' title='bbox 2948 2723 3015 2779; x_wconf 85' lang='lat' dir='ltr'><strong>ad</strong></span> <span class='ocrx_word' id='word_1_550' title='bbox 3048 2724 3217 2794; x_wconf 86' lang='lat' dir='ltr'><strong>ipsam</strong></span> <span class='ocrx_word' id='word_1_551' title='bbox 3272 2718 3475 2785; x_wconf 64' lang='lat' dir='ltr'><strong>scilicet</strong></span> <span class='ocrx_word' id='word_1_552' title='bbox 3534 2715 3778 2772; x_wconf 73' lang='lat' dir='ltr'><strong>omnium</strong></span> 
     </span>
    </p>
   </div>
   <div class='ocr_carea' id='block_1_69' title="bbox 2190 2842 2431 2884">
    <p class='ocr_par' dir='ltr' id='par_1_69' title="bbox 2190 2842 2431 2884">
     <span class='ocr_line' id='line_1_69' title="bbox 2190 2842 2431 2884; baseline -0.017 0"><span class='ocrx_word' id='word_1_553' title='bbox 2190 2842 2431 2884; x_wconf 85' lang='lat' dir='ltr'><strong>causam.</strong></span> 
     </span>
    </p>
   </div>
   <div class='ocr_carea' id='block_1_70' title="bbox 2646 2944 3308 3010">
    <p class='ocr_par' dir='ltr' id='par_1_70' title="bbox 2646 2944 3308 3010">
     <span class='ocr_line' id='line_1_70' title="bbox 2646 2944 3308 3010; baseline -0.018 0"><span class='ocrx_word' id='word_1_554' title='bbox 2646 2946 3183 3010; x_wconf 83' lang='lat' dir='ltr'><strong>CAPITULUM</strong></span> <span class='ocrx_word' id='word_1_555' title='bbox 3219 2944 3308 3000; x_wconf 78' lang='lat' dir='ltr'><strong>IX.</strong></span> 
     </span>
    </p>
   </div>
   <div class='ocr_carea' id='block_1_71' title="bbox 2721 3058 3245 3132">
    <p class='ocr_par' dir='ltr' id='par_1_71' title="bbox 2721 3058 3245 3132">
     <span class='ocr_line' id='line_1_71' title="bbox 2721 3058 3245 3132; baseline -0.015 -14"><span class='ocrx_word' id='word_1_556' title='bbox 2721 3062 2885 3132; x_wconf 83' lang='lat' dir='ltr'><strong>Cujus</strong></span> <span class='ocrx_word' id='word_1_557' title='bbox 2917 3058 3102 3114; x_wconf 88' lang='lat' dir='ltr'><strong>titulus</strong></span> <span class='ocrx_word' id='word_1_558' title='bbox 3124 3067 3208 3113; x_wconf 87' lang='lat' dir='ltr'><strong>est</strong></span> <span class='ocrx_word' id='word_1_559' title='bbox 3231 3075 3245 3110; x_wconf 87' lang='lat'><strong>:</strong></span> 
     </span>
    </p>
   </div>
   <div class='ocr_carea' id='block_1_72' title="bbox 2195 3168 3782 3256">
    <p class='ocr_par' dir='ltr' id='par_1_72' title="bbox 2195 3168 3782 3256">
     <span class='ocr_line' id='line_1_72' title="bbox 2195 3168 3782 3256; baseline -0.011 -15"><span class='ocrx_word' id='word_1_560' title='bbox 2195 3185 2273 3241; x_wconf 85' lang='lat' dir='ltr'><strong>De</strong></span> <span class='ocrx_word' id='word_1_561' title='bbox 2303 3182 2634 3256; x_wconf 75' lang='lat' dir='ltr'><strong>Principibus</strong></span> <span class='ocrx_word' id='word_1_562' title='bbox 2672 3190 2717 3234; x_wconf 84' lang='lat' dir='ltr'><strong>et</strong></span> <span class='ocrx_word' id='word_1_563' title='bbox 2745 3176 3082 3256; x_wconf 78' lang='lat' dir='ltr'><strong>Arclmngelis</strong></span> <span class='ocrx_word' id='word_1_564' title='bbox 3104 3186 3154 3256; x_wconf 81' lang='lat' dir='ltr'><strong>_e_t</strong></span> <span class='ocrx_word' id='word_1_565' title='bbox 3183 3172 3392 3244; x_wconf 84' lang='lat' dir='ltr'><strong>Angelis</strong></span> <span class='ocrx_word' id='word_1_566' title='bbox 3419 3182 3467 3227; x_wconf 77' lang='lat' dir='ltr'><strong>et</strong></span> <span class='ocrx_word' id='word_1_567' title='bbox 3492 3172 3557 3256; x_wconf 84' lang='lat' dir='ltr'><strong>de</strong></span> <span class='ocrx_word' id='word_1_568' title='bbox 3596 3168 3782 3225; x_wconf 71' lang='lat' dir='ltr'><strong>uitium</strong></span> 
     </span>
    </p>
   </div>
   <div class='ocr_carea' id='block_1_73' title="bbox 2715 3247 3505 3304">
    <p class='ocr_par' dir='ltr' id='par_1_73' title="bbox 2715 3247 3505 3304">
     <span class='ocr_line' id='line_1_73' title="bbox 2715 3247 3505 3304; baseline -0.015 1"><span class='ocrx_word' id='word_1_569' title='bbox 2715 3264 2895 3304; x_wconf 72' lang='lat' dir='ltr'><strong>eorum</strong></span> <span class='ocrx_word' id='word_1_570' title='bbox 2925 3247 3182 3300; x_wconf 81' lang='lat' dir='ltr'><strong>ierarchia</strong></span> <span class='ocrx_word' id='word_1_571' title='bbox 3211 3256 3259 3297; x_wconf 81' lang='grc' dir='ltr'><strong>ι.</strong></span> <span class='ocrx_word' id='word_1_572' title='bbox 3410 3270 3415 3273; x_wconf 88' lang='grc'><strong><em>-</em></strong></span> <span class='ocrx_word' id='word_1_573' title='bbox 3500 3253 3505 3256; x_wconf 80' lang='grc'><strong>’</strong></span> 
     </span>
    </p>
   </div>
   <div class='ocr_carea' id='block_1_74' title="bbox 2270 3356 3781 3445">
    <p class='ocr_par' dir='ltr' id='par_1_74' title="bbox 2270 3356 3781 3445">
     <span class='ocr_line' id='line_1_74' title="bbox 2270 3356 3781 3445; baseline -0.013 -19"><span class='ocrx_word' id='word_1_574' title='bbox 2270 3372 2299 3445; x_wconf 78' lang='lat'>§</span> <span class='ocrx_word' id='word_1_575' title='bbox 2331 3373 2382 3427; x_wconf 77' lang='lat' dir='ltr'><strong>l.</strong></span> <span class='ocrx_word' id='word_1_576' title='bbox 2425 3369 2670 3439; x_wconf 83' lang='lat' dir='ltr'><strong>Reliquus</strong></span> <span class='ocrx_word' id='word_1_577' title='bbox 2696 3365 2839 3421; x_wconf 79' lang='lat' dir='ltr'><strong>nobis</strong></span> <span class='ocrx_word' id='word_1_578' title='bbox 2863 3365 2915 3417; x_wconf 87' lang='lat' dir='ltr'><strong>in</strong></span> <span class='ocrx_word' id='word_1_579' title='bbox 2945 3359 3426 3431; x_wconf 74' lang='lat' dir='ltr'><strong>contemplationem</strong></span> <span class='ocrx_word' id='word_1_580' title='bbox 3469 3356 3511 3389; x_wconf 75' lang='lat'><em>“</em></span> <span class='ocrx_word' id='word_1_581' title='bbox 3539 3363 3781 3417; x_wconf 73' lang='lat' dir='ltr'><strong>ornatus,</strong></span> 
     </span>
    </p>
   </div>
   <div class='ocr_carea' id='block_1_75' title="bbox 2195 3445 3782 3537">
    <p class='ocr_par' dir='ltr' id='par_1_75' title="bbox 2195 3445 3782 3537">
     <span class='ocr_line' id='line_1_75' title="bbox 2195 3445 3782 3537; baseline -0.014 -15"><span class='ocrx_word' id='word_1_582' title='bbox 2195 3466 2455 3537; x_wconf 81' lang='lat' dir='ltr'><strong>angelicas</strong></span> <span class='ocrx_word' id='word_1_583' title='bbox 2495 3461 2804 3517; x_wconf 75' lang='lat' dir='ltr'><strong>concludens</strong></span> <span class='ocrx_word' id='word_1_584' title='bbox 2848 3456 3152 3517; x_wconf 76' lang='lat' dir='ltr'><strong>ierarchias,</strong></span> <span class='ocrx_word' id='word_1_585' title='bbox 3185 3471 3215 3506; x_wconf 85' lang='grc' dir='ltr'><em>α</em></span> <span class='ocrx_word' id='word_1_586' title='bbox 3247 3450 3593 3520; x_wconf 78' lang='lat' dir='ltr'><strong>deiformibus</strong></span> <span class='ocrx_word' id='word_1_587' title='bbox 3628 3445 3782 3500; x_wconf 63' lang='lat' dir='ltr'><strong>Pris-</strong></span> 
     </span>
    </p>
   </div>
   <div class='ocr_carea' id='block_1_76' title="bbox 2194 3537 3779 3627">
    <p class='ocr_par' dir='ltr' id='par_1_76' title="bbox 2194 3537 3779 3627">
     <span class='ocr_line' id='line_1_76' title="bbox 2194 3537 3779 3627; baseline -0.016 -15"><span class='ocrx_word' id='word_1_588' title='bbox 2194 3557 2412 3627; x_wconf 82' lang='lat' dir='ltr'><strong>cipibus,</strong></span> <span class='ocrx_word' id='word_1_589' title='bbox 2428 3550 2866 3620; x_wconf 79' lang='lat' dir='ltr'><strong>Archangelisque</strong></span> <span class='ocrx_word' id='word_1_590' title='bbox 2878 3556 2926 3600; x_wconf 81' lang='lat' dir='ltr'><strong>et</strong></span> <span class='ocrx_word' id='word_1_591' title='bbox 2943 3543 3150 3615; x_wconf 81' lang='lat' dir='ltr'><strong>Angelis</strong></span> <span class='ocrx_word' id='word_1_592' title='bbox 3177 3541 3459 3612; x_wconf 79' lang='lat' dir='ltr'><strong>dispositus</strong></span> <span class='ocrx_word' id='word_1_593' title='bbox 3482 3538 3549 3590; x_wconf 81' lang='grc'><strong>¹⁸.</strong></span> <span class='ocrx_word' id='word_1_594' title='bbox 3574 3537 3779 3627; x_wconf 78' lang='lat' dir='ltr'><strong>Restat,</strong></span> 
     </span>
    </p>
   </div>
   <div class='ocr_carea' id='block_1_77' title="bbox 2197 3625 3783 3716">
    <p class='ocr_par' dir='ltr' id='par_1_77' title="bbox 2197 3625 3783 3716">
     <span class='ocr_line' id='line_1_77' title="bbox 2197 3625 3783 3716; baseline -0.015 -16"><span class='ocrx_word' id='word_1_595' title='bbox 2197 3625 2391 3716; x_wconf 83' lang='lat' dir='ltr'><strong>inquit,</strong></span> <span class='ocrx_word' id='word_1_596' title='bbox 2447 3642 2604 3698; x_wconf 89' lang='lat' dir='ltr'><strong>nobis</strong></span> <span class='ocrx_word' id='word_1_597' title='bbox 2651 3636 2946 3710; x_wconf 80' lang='lat' dir='ltr'><strong>speculatio</strong></span> <span class='ocrx_word' id='word_1_598' title='bbox 2984 3634 3151 3704; x_wconf 87' lang='lat' dir='ltr'><strong>ipsius</strong></span> <span class='ocrx_word' id='word_1_599' title='bbox 3182 3638 3428 3690; x_wconf 89' lang='lat' dir='ltr'><strong>ornatus,</strong></span> <span class='ocrx_word' id='word_1_600' title='bbox 3473 3627 3568 3696; x_wconf 89' lang='lat' dir='ltr'><strong>qui</strong></span> <span class='ocrx_word' id='word_1_601' title='bbox 3598 3625 3644 3657; x_wconf 84' lang='grc'><strong>¹⁶</strong></span> <span class='ocrx_word' id='word_1_602' title='bbox 3670 3640 3783 3678; x_wconf 87' lang='lat' dir='ltr'><strong>om-</strong></span> 
     </span>
    </p>
   </div>
   <div class='ocr_carea' id='block_1_78' title="bbox 2197 3713 3783 3801">
    <p class='ocr_par' dir='ltr' id='par_1_78' title="bbox 2197 3713 3783 3801">
     <span class='ocr_line' id='line_1_78' title="bbox 2197 3713 3783 3801; baseline -0.016 -12"><span class='ocrx_word' id='word_1_603' title='bbox 2197 3713 2293 3789; x_wconf 80' lang='lat' dir='ltr'><strong>nes</strong></span> <span class='ocrx_word' id='word_1_604' title='bbox 2323 3733 2363 3765; x_wconf 69' lang='grc' dir='ltr'><strong>’τ</strong></span> <span class='ocrx_word' id='word_1_605' title='bbox 2394 3729 2665 3801; x_wconf 86' lang='lat' dir='ltr'><strong>angelicas</strong></span> <span class='ocrx_word' id='word_1_606' title='bbox 2716 3723 2986 3781; x_wconf 85' lang='lat' dir='ltr'><strong>concludit</strong></span> <span class='ocrx_word' id='word_1_607' title='bbox 3032 3736 3097 3775; x_wconf 87' lang='lat' dir='ltr'><strong>ac</strong></span> <span class='ocrx_word' id='word_1_608' title='bbox 3149 3718 3403 3775; x_wconf 85' lang='lat' dir='ltr'><strong>terminat</strong></span> <span class='ocrx_word' id='word_1_609' title='bbox 3457 3713 3783 3775; x_wconf 84' lang='lat' dir='ltr'><strong>ierarchias,</strong></span> 
     </span>
    </p>
   </div>
   <div class='ocr_carea' id='block_1_79' title="bbox 2196 3801 3782 3896">
    <p class='ocr_par' dir='ltr' id='par_1_79' title="bbox 2196 3801 3782 3896">
     <span class='ocr_line' id='line_1_79' title="bbox 2196 3801 3782 3896; baseline -0.016 -18"><span class='ocrx_word' id='word_1_610' title='bbox 2196 3824 2396 3896; x_wconf 86' lang='lat' dir='ltr'><strong>quique</strong></span> <span class='ocrx_word' id='word_1_611' title='bbox 2419 3837 2482 3879; x_wconf 79' lang='lat' dir='ltr'><strong>ex</strong></span> <span class='ocrx_word' id='word_1_612' title='bbox 2512 3816 2909 3887; x_wconf 88' lang='lat' dir='ltr'><strong>Principatibus</strong></span> <span class='ocrx_word' id='word_1_613' title='bbox 2969 3820 3022 3867; x_wconf 91' lang='lat' dir='ltr'><strong>et</strong></span> <span class='ocrx_word' id='word_1_614' title='bbox 3073 3806 3425 3877; x_wconf 81' lang='lat' dir='ltr'><strong>Archangelis</strong></span> <span class='ocrx_word' id='word_1_615' title='bbox 3454 3812 3512 3859; x_wconf 92' lang='lat' dir='ltr'><strong>et</strong></span> <span class='ocrx_word' id='word_1_616' title='bbox 3560 3801 3782 3896; x_wconf 78' lang='lat' dir='ltr'><strong>Angelis</strong></span> 
     </span>
    </p>
   </div>
   <div class='ocr_carea' id='block_1_80' title="bbox 2197 3894 3780 3977">
    <p class='ocr_par' dir='ltr' id='par_1_80' title="bbox 2197 3894 3780 3977">
     <span class='ocr_line' id='line_1_80' title="bbox 2197 3894 3780 3977; baseline -0.018 -5"><span class='ocrx_word' id='word_1_617' title='bbox 2197 3894 2548 3973; x_wconf 80' lang='lat' dir='ltr'><strong>construitur.</strong></span> <span class='ocrx_word' id='word_1_618' title='bbox 2617 3909 2684 3961; x_wconf 81' lang='lat' dir='ltr'><strong>Et</strong></span> <span class='ocrx_word' id='word_1_619' title='bbox 2729 3906 2925 3977; x_wconf 86' lang='lat' dir='ltr'><strong>primas</strong></span> <span class='ocrx_word' id='word_1_620' title='bbox 2958 3902 3166 3973; x_wconf 82' lang='lat' dir='ltr'><strong>quidem</strong></span> <span class='ocrx_word' id='word_1_621' title='bbox 3214 3900 3384 3952; x_wconf 83' lang='lat' dir='ltr'><strong>dicere</strong></span> <span class='ocrx_word' id='word_1_622' title='bbox 3430 3894 3780 3949; x_wconf 73' lang='lat' dir='ltr'><strong>necessarium</strong></span> 
     </span>
    </p>
   </div>
   <div class='ocr_carea' id='block_1_81' title="bbox 2199 3988 3783 4067">
    <p class='ocr_par' dir='ltr' id='par_1_81' title="bbox 2199 3988 3783 4067">
     <span class='ocr_line' id='line_1_81' title="bbox 2199 3988 3783 4067; baseline -0.016 -6"><span class='ocrx_word' id='word_1_623' title='bbox 2199 4006 2438 4066; x_wconf 82' lang='lat' dir='ltr'><strong>aestimo,</strong></span> <span class='ocrx_word' id='word_1_624' title='bbox 2470 3999 2752 4056; x_wconf 76' lang='lat' dir='ltr'><strong>secundum</strong></span> <span class='ocrx_word' id='word_1_625' title='bbox 2790 3994 2928 4067; x_wconf 84' lang='lat' dir='ltr'><strong>quod</strong></span> <span class='ocrx_word' id='word_1_626' title='bbox 2972 3992 3099 4047; x_wconf 83' lang='lat' dir='ltr'><strong>mihi</strong></span> <span class='ocrx_word' id='word_1_627' title='bbox 3140 3988 3420 4062; x_wconf 83' lang='lat' dir='ltr'><strong>possibile,</strong></span> <span class='ocrx_word' id='word_1_628' title='bbox 3477 3996 3783 4039; x_wconf 69' lang='lat' dir='ltr'><strong>suitctarum</strong></span> 
     </span>
    </p>
   </div>
   <div class='ocr_carea' id='block_1_82' title="bbox 2196 4077 3784 4168">
    <p class='ocr_par' dir='ltr' id='par_1_82' title="bbox 2196 4077 3784 4168">
     <span class='ocr_line' id='line_1_82' title="bbox 2196 4077 3784 4168; baseline -0.014 -16"><span class='ocrx_word' id='word_1_629' title='bbox 2196 4092 2704 4168; x_wconf 83' lang='lat' dir='ltr'><strong>cognominationum</strong></span> <span class='ocrx_word' id='word_1_630' title='bbox 2738 4086 3202 4155; x_wconf 77' lang='lat' dir='ltr'><strong>manifestutiones.</strong></span> <span class='ocrx_word' id='word_1_631' title='bbox 3235 4079 3701 4148; x_wconf 82' lang='lat' dir='ltr'><strong>Quemadmodum</strong></span> <span class='ocrx_word' id='word_1_632' title='bbox 3732 4077 3784 4131; x_wconf 71' lang='lat' dir='ltr'><strong>is</strong></span> 
     </span>
    </p>
   </div>
   <div class='ocr_carea' id='block_1_83' title="bbox 2198 4168 3785 4257">
    <p class='ocr_par' dir='ltr' id='par_1_83' title="bbox 2198 4168 3785 4257">
     <span class='ocr_line' id='line_1_83' title="bbox 2198 4168 3785 4257; baseline -0.014 -15"><span class='ocrx_word' id='word_1_633' title='bbox 2198 4181 2627 4257; x_wconf 82' lang='lat' dir='ltr'><strong>expositionibus</strong></span> <span class='ocrx_word' id='word_1_634' title='bbox 2655 4178 2861 4248; x_wconf 89' lang='lat' dir='ltr'><strong>primae</strong></span> <span class='ocrx_word' id='word_1_635' title='bbox 2889 4183 2943 4229; x_wconf 90' lang='lat' dir='ltr'><strong>et</strong></span> <span class='ocrx_word' id='word_1_636' title='bbox 2969 4173 3179 4228; x_wconf 89' lang='lat' dir='ltr'><strong>mediae</strong></span> <span class='ocrx_word' id='word_1_637' title='bbox 3209 4170 3511 4225; x_wconf 89' lang='lat' dir='ltr'><strong>ierarchiae</strong></span> <span class='ocrx_word' id='word_1_638' title='bbox 3550 4168 3594 4200; x_wconf 62' lang='grc'><strong>⁸⁷⁸</strong></span> <span class='ocrx_word' id='word_1_639' title='bbox 3620 4169 3785 4220; x_wconf 76' lang='lat' dir='ltr'><strong>inter-</strong></span> 
     </span>
    </p>
   </div>
   <div class='ocr_carea' id='block_1_84' title="bbox 2199 4259 3785 4350">
    <p class='ocr_par' dir='ltr' id='par_1_84' title="bbox 2199 4259 3785 4350">
     <span class='ocr_line' id='line_1_84' title="bbox 2199 4259 3785 4350; baseline -0.014 -17"><span class='ocrx_word' id='word_1_640' title='bbox 2199 4276 2530 4350; x_wconf 87' lang='lat' dir='ltr'><strong>pretationes</strong></span> <span class='ocrx_word' id='word_1_641' title='bbox 2551 4270 2592 4303; x_wconf 84' lang='grc'><strong>¹⁹</strong></span> <span class='ocrx_word' id='word_1_642' title='bbox 2615 4269 2893 4325; x_wconf 89' lang='lat' dir='ltr'><strong>nominum</strong></span> <span class='ocrx_word' id='word_1_643' title='bbox 2920 4264 3070 4335; x_wconf 91' lang='lat' dir='ltr'><strong>prius</strong></span> <span class='ocrx_word' id='word_1_644' title='bbox 3096 4262 3426 4334; x_wconf 86' lang='lat' dir='ltr'><strong>explanavit,</strong></span> <span class='ocrx_word' id='word_1_645' title='bbox 3451 4259 3652 4314; x_wconf 86' lang='lat' dir='ltr'><strong>deinde</strong></span> <span class='ocrx_word' id='word_1_646' title='bbox 3678 4260 3785 4313; x_wconf 86' lang='lat' dir='ltr'><strong>sin-</strong></span> 
     </span>
    </p>
   </div>
   <div class='ocr_carea' id='block_1_85' title="bbox 2199 4352 3785 4440">
    <p class='ocr_par' dir='ltr' id='par_1_85' title="bbox 2199 4352 3785 4440">
     <span class='ocr_line' id='line_1_85' title="bbox 2199 4352 3785 4440; baseline -0.013 -18"><span class='ocrx_word' id='word_1_647' title='bbox 2199 4368 2443 4440; x_wconf 82' lang='lat' dir='ltr'><strong>gulorum</strong></span> <span class='ocrx_word' id='word_1_648' title='bbox 2477 4362 2728 4417; x_wconf 89' lang='lat' dir='ltr'><strong>ordinum</strong></span> <span class='ocrx_word' id='word_1_649' title='bbox 2769 4356 3015 4429; x_wconf 82' lang='lat' dir='ltr'><strong>proprias</strong></span> <span class='ocrx_word' id='word_1_650' title='bbox 3044 4363 3098 4409; x_wconf 91' lang='lat' dir='ltr'><strong>et</strong></span> <span class='ocrx_word' id='word_1_651' title='bbox 3127 4368 3445 4409; x_wconf 86' lang='lat' dir='ltr'><strong>communes</strong></span> <span class='ocrx_word' id='word_1_652' title='bbox 3472 4352 3708 4405; x_wconf 80' lang='lat' dir='ltr'><strong>virtutes</strong></span> <span class='ocrx_word' id='word_1_653' title='bbox 3734 4358 3785 4403; x_wconf 87' lang='lat' dir='ltr'><strong>et</strong></span> 
     </span>
    </p>
   </div>
   <div class='ocr_carea' id='block_1_86' title="bbox 2201 4440 3786 4515">
    <p class='ocr_par' dir='ltr' id='par_1_86' title="bbox 2201 4440 3786 4515">
     <span class='ocr_line' id='line_1_86' title="bbox 2201 4440 3786 4515; baseline -0.014 -3"><span class='ocrx_word' id='word_1_654' title='bbox 2201 4451 2736 4515; x_wconf 88' lang='lat' dir='ltr'><strong>administrationes;</strong></span> <span class='ocrx_word' id='word_1_655' title='bbox 2769 4448 2841 4501; x_wconf 89' lang='lat' dir='ltr'><strong>ita</strong></span> <span class='ocrx_word' id='word_1_656' title='bbox 2881 4455 2937 4500; x_wconf 92' lang='lat' dir='ltr'><strong>et</strong></span> <span class='ocrx_word' id='word_1_657' title='bbox 2967 4459 3108 4499; x_wconf 89' lang='lat' dir='ltr'><strong>nunc</strong></span> <span class='ocrx_word' id='word_1_658' title='bbox 3139 4444 3191 4498; x_wconf 93' lang='lat' dir='ltr'><strong>in</strong></span> <span class='ocrx_word' id='word_1_659' title='bbox 3222 4442 3560 4512; x_wconf 85' lang='lat' dir='ltr'><strong>expositione</strong></span> <span class='ocrx_word' id='word_1_660' title='bbox 3592 4440 3786 4494; x_wconf 81' lang='lat' dir='ltr'><strong>tertiae</strong></span> 
     </span>
    </p>
   </div>
   <div class='ocr_carea' id='block_1_87' title="bbox 2202 4530 3779 4609">
    <p class='ocr_par' dir='ltr' id='par_1_87' title="bbox 2202 4530 3779 4609">
     <span class='ocr_line' id='line_1_87' title="bbox 2202 4530 3779 4609; baseline -0.01 -7"><span class='ocrx_word' id='word_1_661' title='bbox 2202 4544 2503 4602; x_wconf 88' lang='lat' dir='ltr'><strong>ierarchiae</strong></span> <span class='ocrx_word' id='word_1_662' title='bbox 2526 4536 3019 4609; x_wconf 89' lang='lat' dir='ltr'><strong>interpretationes,</strong></span> <span class='ocrx_word' id='word_1_663' title='bbox 3046 4548 3182 4604; x_wconf 90' lang='lat' dir='ltr'><strong>quas</strong></span> <span class='ocrx_word' id='word_1_664' title='bbox 3209 4541 3363 4587; x_wconf 87' lang='lat' dir='ltr'><strong>vocat</strong></span> <span class='ocrx_word' id='word_1_665' title='bbox 3386 4530 3779 4587; x_wconf 58' lang='lat' dir='ltr'><strong>manifestat.»</strong></span> 
     </span>
    </p>
   </div>
   <div class='ocr_carea' id='block_1_88' title="bbox 519 4622 3780 4712">
    <p class='ocr_par' dir='ltr' id='par_1_88' title="bbox 519 4622 3780 4712">
     <span class='ocr_line' id='line_1_88' title="bbox 519 4622 3780 4712; baseline -0.009 -10"><span class='ocrx_word' id='word_1_666' title='bbox 519 4635 664 4702; x_wconf 73' lang='grc' dir='ltr'><strong>(11³θά</strong></span> <span class='ocrx_word' id='word_1_667' title='bbox 705 4635 818 4690; x_wconf 71' lang='lat' dir='ltr'><strong>ait:</strong></span> <span class='ocrx_word' id='word_1_668' title='bbox 870 4644 926 4691; x_wconf 83' lang='lat' dir='ltr'><strong>et</strong></span> <span class='ocrx_word' id='word_1_669' title='bbox 968 4652 1322 4712; x_wconf 86' lang='lat' dir='ltr'><strong>quaecunque</strong></span> <span class='ocrx_word' id='word_1_670' title='bbox 1348 4638 1370 4670; x_wconf 86' lang='grc'><strong>⁹</strong></span> <span class='ocrx_word' id='word_1_671' title='bbox 1418 4638 1523 4697; x_wconf 86' lang='lat' dir='ltr'><strong>alia</strong></span> <span class='ocrx_word' id='word_1_672' title='bbox 1552 4655 1584 4697; x_wconf 82' lang='lat' dir='ltr'><strong>a</strong></span> <span class='ocrx_word' id='word_1_673' title='bbox 1633 4640 1806 4699; x_wconf 87' lang='lat' dir='ltr'><strong>sacris</strong></span> <span class='ocrx_word' id='word_1_674' title='bbox 1839 4637 2101 4709; x_wconf 89' lang='lat' dir='ltr'><strong>theologis</strong></span> <span class='ocrx_word' id='word_1_675' title='bbox 2133 4626 2177 4684; x_wconf 81' lang='grc' dir='ltr'><strong>Ι)</strong></span> <span class='ocrx_word' id='word_1_676' title='bbox 2207 4651 2302 4692; x_wconf 89' lang='lat' dir='ltr'><strong>nes</strong></span> <span class='ocrx_word' id='word_1_677' title='bbox 2338 4628 2890 4704; x_wconf 84' lang='lat' dir='ltr'><strong>cognominationum,</strong></span> <span class='ocrx_word' id='word_1_678' title='bbox 2937 4624 3115 4695; x_wconf 90' lang='lat' dir='ltr'><strong>primo</strong></span> <span class='ocrx_word' id='word_1_679' title='bbox 3156 4622 3454 4694; x_wconf 87' lang='lat' dir='ltr'><strong>ingreditur</strong></span> <span class='ocrx_word' id='word_1_680' title='bbox 3488 4633 3780 4691; x_wconf 67' lang='lat' dir='ltr'><strong>exponere.</strong></span> 
     </span>
    </p>
   </div>
   <div class='ocr_carea' id='block_1_89' title="bbox 1806 4764 2496 4833">
    <p class='ocr_par' dir='ltr' id='par_1_89' title="bbox 1806 4764 2496 4833">
     <span class='ocr_line' id='line_1_89' title="bbox 1806 4764 2496 4833; baseline -0.014 -6"><span class='ocrx_word' id='word_1_681' title='bbox 1806 4771 1891 4827; x_wconf 82' lang='lat' dir='ltr'><strong>VA</strong></span> <span class='ocrx_word' id='word_1_682' title='bbox 1901 4770 2062 4833; x_wconf 77' lang='lat' dir='ltr'><strong>RIAE</strong></span> <span class='ocrx_word' id='word_1_683' title='bbox 2099 4764 2496 4827; x_wconf 79' lang='lat' dir='ltr'><strong>LECTIONES.</strong></span> 
     </span>
    </p>
   </div>
   <div class='ocr_carea' id='block_1_90' title="bbox 594 4865 2089 4958">
    <p class='ocr_par' dir='ltr' id='par_1_90' title="bbox 594 4882 2089 4958">
     <span class='ocr_line' id='line_1_90' title="bbox 594 4882 2089 4958; baseline 0.001 -22"><span class='ocrx_word' id='word_1_684' title='bbox 594 4884 613 4915; x_wconf 83' lang='grc'>¹</span> <span class='ocrx_word' id='word_1_685' title='bbox 760 4885 1073 4958; x_wconf 63' lang='grc' dir='ltr'><strong>ξηλθενογοσι</strong></span> <span class='ocrx_word' id='word_1_686' title='bbox 1094 4887 1188 4953; x_wconf 81' lang='lat' dir='ltr'><strong>(sic</strong></span> <span class='ocrx_word' id='word_1_687' title='bbox 1207 4884 1272 4955; x_wconf 92' lang='lat'><strong>!),</strong></span> <span class='ocrx_word' id='word_1_688' title='bbox 1294 4883 1501 4958; x_wconf 8' lang='lat' dir='ltr'><strong>nguod</strong></span> <span class='ocrx_word' id='word_1_689' title='bbox 1528 4903 1711 4958; x_wconf 78' lang='lat' dir='ltr'><strong>graece</strong></span> <span class='ocrx_word' id='word_1_690' title='bbox 1752 4886 1912 4939; x_wconf 77' lang='lat' dir='ltr'><strong>datur</strong></span> <span class='ocrx_word' id='word_1_691' title='bbox 1930 4901 2089 4958; x_wconf 63' lang='lat' dir='ltr'><strong>perql</strong></span> 
     </span>
    </p>
   </div>
   <div class='ocr_carea' id='block_1_91' title="bbox 2191 4865 3778 4958">
    <p class='ocr_par' dir='ltr' id='par_1_91' title="bbox 2191 4865 3778 4958">
     <span class='ocr_line' id='line_1_91' title="bbox 2191 4865 3778 4958; baseline -0.008 -25"><span class='ocrx_word' id='word_1_692' title='bbox 2191 4880 2473 4958; x_wconf 21' lang='lat' dir='ltr'><strong>veronintus</strong></span> <span class='ocrx_word' id='word_1_693' title='bbox 2519 4870 2793 4958; x_wconf 46' lang='lat'><strong>(“331696</strong></span> <span class='ocrx_word' id='word_1_694' title='bbox 2829 4872 2992 4958; x_wconf 44' lang='grc' dir='ltr'><strong>λόγῳ,</strong></span> <span class='ocrx_word' id='word_1_695' title='bbox 3029 4866 3392 4958; x_wconf 35' lang='lat' dir='ltr'><strong>pto‘om.-C-)_.</strong></span> <span class='ocrx_word' id='word_1_696' title='bbox 3536 4865 3632 4958; x_wconf 61' lang='lat' dir='ltr'><strong>Sic</strong></span> <span class='ocrx_word' id='word_1_697' title='bbox 3647 4866 3778 4958; x_wconf 88' lang='lat' dir='ltr'><strong>C,</strong></span> 
     </span>
    </p>
   </div>
   <div class='ocr_carea' id='block_1_92' title="bbox 522 4951 1516 5024">
    <p class='ocr_par' dir='ltr' id='par_1_92' title="bbox 522 4951 1516 5024">
     <span class='ocr_line' id='line_1_92' title="bbox 522 4951 1516 5024; baseline 0.002 -16"><span class='ocrx_word' id='word_1_698' title='bbox 522 4951 565 5008; x_wconf 76' lang='grc' dir='ltr'><strong>Β</strong></span> <span class='ocrx_word' id='word_1_699' title='bbox 587 4951 915 5021; x_wconf 74' lang='lat' dir='ltr'><strong>aediﬁcatur,</strong></span> <span class='ocrx_word' id='word_1_700' title='bbox 942 4951 1000 5009; x_wconf 80' lang='lat' dir='ltr'><strong>B&#39;</strong></span> <span class='ocrx_word' id='word_1_701' title='bbox 1025 4951 1165 5011; x_wconf 81' lang='lat' dir='ltr'><strong>corr.</strong></span> <span class='ocrx_word' id='word_1_702' title='bbox 1192 4951 1516 5024; x_wconf 74' lang='lat' dir='ltr'><strong>aediﬁcetur.</strong></span> 
     </span>
    </p>
   </div>
   <div class='ocr_carea' id='block_1_93' title="bbox 525 5164 1026 5246">
    <p class='ocr_par' dir='ltr' id='par_1_93' title="bbox 525 5164 1026 5246">
     <span class='ocr_line' id='line_1_93' title="bbox 525 5164 1026 5246; baseline 0.008 -28"><span class='ocrx_word' id='word_1_703' title='bbox 525 5165 570 5246; x_wconf 40' lang='grc' dir='ltr'><strong>’Ἀ</strong></span> <span class='ocrx_word' id='word_1_704' title='bbox 598 5164 641 5219; x_wconf 87' lang='grc' dir='ltr'><strong>Α</strong></span> <span class='ocrx_word' id='word_1_705' title='bbox 666 5164 1026 5246; x_wconf 71' lang='lat' dir='ltr'><strong>guencunque.</strong></span> 
     </span>
    </p>
   </div>
   <div class='ocr_carea' id='block_1_94' title="bbox 528 5223 2513 5314">
    <p class='ocr_par' dir='ltr' id='par_1_94' title="bbox 528 5223 2513 5314">
     <span class='ocr_line' id='line_1_94' title="bbox 528 5223 2513 5314; baseline -0.007 -25"><span class='ocrx_word' id='word_1_706' title='bbox 528 5223 825 5314; x_wconf 65' lang='lat' dir='ltr'><strong>l_)_e_t&#39;isione_</strong></span> <span class='ocrx_word' id='word_1_707' title='bbox 848 5223 1123 5314; x_wconf 56' lang='lat' dir='ltr'><strong>iit&#39;patria.</strong></span> <span class='ocrx_word' id='word_1_708' title='bbox 1205 5237 1248 5267; x_wconf 81' lang='grc'>⁸³</span> <span class='ocrx_word' id='word_1_709' title='bbox 1277 5236 1337 5314; x_wconf 61' lang='grc' dir='ltr'><strong>Βς</strong></span> <span class='ocrx_word' id='word_1_710' title='bbox 1372 5223 1545 5314; x_wconf 70' lang='lat' dir='ltr'><strong>inarg.</strong></span> <span class='ocrx_word' id='word_1_711' title='bbox 1579 5239 1753 5314; x_wconf 76' lang='lat' dir='ltr'><strong>adscr.</strong></span> <span class='ocrx_word' id='word_1_712' title='bbox 1784 5251 1903 5314; x_wconf 74' lang='lat' dir='ltr'><strong>cave</strong></span> <span class='ocrx_word' id='word_1_713' title='bbox 1949 5223 2067 5308; x_wconf 70' lang='lat' dir='ltr'><strong>cum</strong></span> <span class='ocrx_word' id='word_1_714' title='bbox 2112 5233 2319 5285; x_wconf 81' lang='lat' dir='ltr'><strong>dicatur</strong></span> <span class='ocrx_word' id='word_1_715' title='bbox 2366 5229 2416 5272; x_wconf 83' lang='lat' dir='ltr'><strong>in</strong></span> <span class='ocrx_word' id='word_1_716' title='bbox 2450 5223 2513 5267; x_wconf 74' lang='lat' dir='ltr'><strong>lu</strong></span> 
     </span>
    </p>
   </div>
   <div class='ocr_carea' id='block_1_95' title="bbox 523 5305 1760 5361">
    <p class='ocr_par' dir='ltr' id='par_1_95' title="bbox 523 5305 1760 5361">
     <span class='ocr_line' id='line_1_95' title="bbox 523 5305 1760 5361; baseline -0.012 -2"><span class='ocrx_word' id='word_1_717' title='bbox 523 5305 626 5348; x_wconf 67' lang='lat' dir='ltr'><strong>diri</strong></span> <span class='ocrx_word' id='word_1_718' title='bbox 652 5306 825 5358; x_wconf 68' lang='lat' dir='ltr'><strong>&quot;&#39;tnad</strong></span> <span class='ocrx_word' id='word_1_719' title='bbox 876 5305 1217 5361; x_wconf 60' lang='lat' dir='ltr'><strong>tenacitatem</strong></span> <span class='ocrx_word' id='word_1_720' title='bbox 1238 5307 1396 5354; x_wconf 71' lang='lat' dir='ltr'><strong>latim</strong></span> <span class='ocrx_word' id='word_1_721' title='bbox 1496 5305 1539 5335; x_wconf 62' lang='grc' dir='ltr'><strong>ιι</strong></span> <span class='ocrx_word' id='word_1_722' title='bbox 1584 5306 1605 5332; x_wconf 75' lang='grc' dir='ltr'><strong>Α</strong></span> <span class='ocrx_word' id='word_1_723' title='bbox 1655 5322 1698 5328; x_wconf 91' lang='grc'><strong><em>--</em></strong></span> <span class='ocrx_word' id='word_1_724' title='bbox 1750 5315 1760 5322; x_wconf 89' lang='grc'><strong><em>-</em></strong></span> 
     </span>
    </p>
   </div>
   <div class='ocr_carea' id='block_1_96' title="bbox 1621 4936 3632 5025">
    <p class='ocr_par' dir='ltr' id='par_1_96' title="bbox 1621 4936 3632 5025">
     <span class='ocr_line' id='line_1_96' title="bbox 1621 4936 3632 5025; baseline -0.011 -15"><span class='ocrx_word' id='word_1_725' title='bbox 1621 4936 1733 5010; x_wconf 46' lang='lat' dir='ltr'><strong>id}</strong></span> <span class='ocrx_word' id='word_1_726' title='bbox 1969 4936 2146 5007; x_wconf 50' lang='lat' dir='ltr'><strong>ads&#39;cr.</strong></span> <span class='ocrx_word' id='word_1_727' title='bbox 2179 4950 2359 5019; x_wconf 79' lang='lat' dir='ltr'><strong>supple</strong></span> <span class='ocrx_word' id='word_1_728' title='bbox 2384 4936 2643 5025; x_wconf 42' lang='lat' dir='ltr'><strong>Iticle&#39;tnin</strong></span> <span class='ocrx_word' id='word_1_729' title='bbox 2667 4936 3036 5025; x_wconf 56' lang='grc' dir='ltr'><strong>Δεξςᾳιιρηὶἑιηιέ</strong></span> <span class='ocrx_word' id='word_1_730' title='bbox 3074 4936 3565 5025; x_wconf 42' lang='grc' dir='ltr'><strong>ἱηξὶεντοθαιίοηὶὺιξε</strong></span> <span class='ocrx_word' id='word_1_731' title='bbox 3611 4949 3632 4987; x_wconf 87' lang='lat'><strong><em>:</em></strong></span> 
     </span>
    </p>
   </div>
   <div class='ocr_carea' id='block_1_97' title="bbox 522 5022 2351 5097">
    <p class='ocr_par' dir='ltr' id='par_1_97' title="bbox 522 5022 2351 5097">
     <span class='ocr_line' id='line_1_97' title="bbox 522 5022 2351 5097; baseline -0.003 -21"><span class='ocrx_word' id='word_1_732' title='bbox 522 5024 638 5097; x_wconf 72' lang='lat' dir='ltr'><strong>quis</strong></span> <span class='ocrx_word' id='word_1_733' title='bbox 673 5025 764 5097; x_wconf 78' lang='lat' dir='ltr'><strong>sit_</strong></span> <span class='ocrx_word' id='word_1_734' title='bbox 785 5024 1005 5090; x_wconf 79' lang='lat' dir='ltr'><strong>inferior</strong></span> <span class='ocrx_word' id='word_1_735' title='bbox 1053 5044 1086 5080; x_wconf 81' lang='grc' dir='ltr'><em>α</em></span> <span class='ocrx_word' id='word_1_736' title='bbox 1121 5022 1387 5097; x_wconf 74' lang='lat' dir='ltr'><strong>superiore</strong></span> <span class='ocrx_word' id='word_1_737' title='bbox 1438 5028 1673 5080; x_wconf 82' lang='lat' dir='ltr'><strong>eruditus</strong></span> <span class='ocrx_word' id='word_1_738' title='bbox 1712 5036 1757 5080; x_wconf 82' lang='lat' dir='ltr'><strong>et</strong></span> <span class='ocrx_word' id='word_1_739' title='bbox 1801 5022 1986 5094; x_wconf 70' lang='lat' dir='ltr'><strong>accipit</strong></span> <span class='ocrx_word' id='word_1_740' title='bbox 2037 5022 2351 5078; x_wconf 73' lang='lat' dir='ltr'><strong>doctrinam.</strong></span> 
     </span>
    </p>
   </div>
   <div class='ocr_carea' id='block_1_98' title="bbox 526 5086 2785 5169">
    <p class='ocr_par' dir='ltr' id='par_1_98' title="bbox 526 5086 2785 5169">
     <span class='ocr_line' id='line_1_98' title="bbox 526 5086 2785 5169; baseline -0.005 -20"><span class='ocrx_word' id='word_1_741' title='bbox 526 5086 711 5169; x_wconf 54' lang='lat' dir='ltr'><strong>fllorr.</strong></span> <span class='ocrx_word' id='word_1_742' title='bbox 733 5094 820 5159; x_wconf 87' lang='lat' dir='ltr'><strong>B&#39;,</strong></span> <span class='ocrx_word' id='word_1_743' title='bbox 842 5086 929 5150; x_wconf 65' lang='lat' dir='ltr'><strong>AB</strong></span> <span class='ocrx_word' id='word_1_744' title='bbox 957 5086 1403 5169; x_wconf 14' lang='grc' dir='ltr'><strong>ἱρεαεμαῲἰρδτέε.</strong></span> <span class='ocrx_word' id='word_1_745' title='bbox 1427 5168 1433 5169; x_wconf 16' lang='grc' dir='ltr'><em>γ</em></span> <span class='ocrx_word' id='word_1_746' title='bbox 1478 5096 1499 5127; x_wconf 84' lang='grc'><strong><em>⁶</em></strong></span> <span class='ocrx_word' id='word_1_747' title='bbox 1524 5098 1583 5151; x_wconf 86' lang='grc' dir='ltr'><strong>Β·</strong></span> <span class='ocrx_word' id='word_1_748' title='bbox 1607 5113 1765 5169; x_wconf 85' lang='lat' dir='ltr'><strong>supra</strong></span> <span class='ocrx_word' id='word_1_749' title='bbox 1795 5086 1969 5150; x_wconf 70' lang='lat' dir='ltr'><strong>adscr.</strong></span> <span class='ocrx_word' id='word_1_750' title='bbox 2001 5104 2073 5169; x_wconf 63' lang='lat' dir='ltr'><strong>est</strong></span> <span class='ocrx_word' id='word_1_751' title='bbox 2108 5109 2126 5156; x_wconf 89' lang='lat'><strong><em>;</em></strong></span> <span class='ocrx_word' id='word_1_752' title='bbox 2155 5102 2229 5169; x_wconf 78' lang='lat' dir='ltr'><strong>est</strong></span> <span class='ocrx_word' id='word_1_753' title='bbox 2258 5106 2372 5169; x_wconf 50' lang='lat' dir='ltr'><strong>oni:</strong></span> <span class='ocrx_word' id='word_1_754' title='bbox 2401 5086 2463 5140; x_wconf 90' lang='lat' dir='ltr'><strong>C.</strong></span> <span class='ocrx_word' id='word_1_755' title='bbox 2560 5086 2580 5113; x_wconf 85' lang='grc'><strong>⁷</strong></span> <span class='ocrx_word' id='word_1_756' title='bbox 2612 5086 2785 5169; x_wconf 40' lang='grc' dir='ltr'><strong>Βεςςέῃ</strong></span> 
     </span>
    </p>
   </div>
   <div class='ocr_carea' id='block_1_99' title="bbox 1133 5151 3132 5229">
    <p class='ocr_par' dir='ltr' id='par_1_99' title="bbox 1133 5151 3132 5229">
     <span class='ocr_line' id='line_1_99' title="bbox 1133 5151 3132 5229; baseline -0.009 -10"><span class='ocrx_word' id='word_1_757' title='bbox 1133 5167 1174 5199; x_wconf 77' lang='grc' dir='ltr'><strong>⁸ο</strong></span> <span class='ocrx_word' id='word_1_758' title='bbox 1200 5151 1293 5221; x_wconf 62' lang='lat' dir='ltr'><strong>Sil:</strong></span> <span class='ocrx_word' id='word_1_759' title='bbox 1321 5167 1382 5229; x_wconf 85' lang='lat' dir='ltr'><strong>C,</strong></span> <span class='ocrx_word' id='word_1_760' title='bbox 1410 5168 1452 5219; x_wconf 84' lang='lat' dir='ltr'><strong>A</strong></span> <span class='ocrx_word' id='word_1_761' title='bbox 1484 5151 1962 5227; x_wconf 60' lang='lat' dir='ltr'><strong>are/tertianarum,</strong></span> <span class='ocrx_word' id='word_1_762' title='bbox 2000 5163 2042 5215; x_wconf 84' lang='grc' dir='ltr'><strong>Β</strong></span> <span class='ocrx_word' id='word_1_763' title='bbox 2071 5151 2578 5229; x_wconf 58' lang='lat' dir='ltr'><strong>archeurchicarum.</strong></span> <span class='ocrx_word' id='word_1_764' title='bbox 2658 5154 2699 5185; x_wconf 82' lang='lat'>“</span> <span class='ocrx_word' id='word_1_765' title='bbox 2827 5152 3003 5229; x_wconf 71' lang='lat' dir='ltr'><strong>adscr.</strong></span> <span class='ocrx_word' id='word_1_766' title='bbox 3037 5158 3132 5202; x_wconf 79' lang='lat' dir='ltr'><strong>est.</strong></span> 
     </span>
    </p>
   </div>
   <div class='ocr_carea' id='block_1_100' title="bbox 2464 4952 3780 5077">
    <p class='ocr_par' dir='ltr' id='par_1_100' title="bbox 2464 4952 3780 5077">
     <span class='ocr_line' id='line_1_100' title="bbox 2464 4952 3780 5010; baseline -0.007 -13"><span class='ocrx_word' id='word_1_767' title='bbox 2464 4953 2543 4997; x_wconf 54' lang='lat' dir='ltr'><strong>*et</strong></span> <span class='ocrx_word' id='word_1_768' title='bbox 2590 4952 2643 4995; x_wconf 82' lang='lat' dir='ltr'><strong>in</strong></span> <span class='ocrx_word' id='word_1_769' title='bbox 2693 4952 3023 5010; x_wconf 74' lang='lat' dir='ltr'><strong>sequentibus</strong></span> <span class='ocrx_word' id='word_1_770' title='bbox 3074 4952 3565 5009; x_wconf 76' lang='lat' dir='ltr'><strong>mterrogauomous</strong></span> <span class='ocrx_word' id='word_1_771' title='bbox 3611 4952 3632 4987; x_wconf 89' lang='lat'><strong>.&#39;</strong></span> <span class='ocrx_word' id='word_1_772' title='bbox 3684 4952 3780 4989; x_wconf 77' lang='lat' dir='ltr'><strong>nm</strong></span> 
     </span>
     <span class='ocr_line' id='line_1_101' title="bbox 2464 5006 3775 5077; baseline -0.008 -11"><span class='ocrx_word' id='word_1_773' title='bbox 2464 5013 2485 5045; x_wconf 62' lang='grc'>⁸</span> <span class='ocrx_word' id='word_1_774' title='bbox 2536 5012 2626 5067; x_wconf 86' lang='lat' dir='ltr'><strong>Sic</strong></span> <span class='ocrx_word' id='word_1_775' title='bbox 2657 5009 2776 5075; x_wconf 85' lang='lat' dir='ltr'><strong>AC,</strong></span> <span class='ocrx_word' id='word_1_776' title='bbox 2816 5021 2935 5063; x_wconf 82' lang='lat' dir='ltr'><strong>sunt</strong></span> <span class='ocrx_word' id='word_1_777' title='bbox 2967 5025 3076 5063; x_wconf 89' lang='lat' dir='ltr'><strong>om.</strong></span> <span class='ocrx_word' id='word_1_778' title='bbox 3127 5009 3202 5073; x_wconf 87' lang='grc' dir='ltr'><strong>Β,</strong></span> <span class='ocrx_word' id='word_1_779' title='bbox 3260 5023 3431 5077; x_wconf 85' lang='lat' dir='ltr'><strong>marg.</strong></span> <span class='ocrx_word' id='word_1_780' title='bbox 3465 5006 3655 5077; x_wconf 51' lang='lat' dir='ltr'><strong>adscr.</strong></span> <span class='ocrx_word' id='word_1_781' title='bbox 3698 5006 3775 5057; x_wconf 84' lang='lat' dir='ltr'><strong>B&#39;.</strong></span> 
     </span>
    </p>
   </div>
   <div class='ocr_carea' id='block_1_101' title="bbox 2850 5074 3775 5134">
    <p class='ocr_par' dir='ltr' id='par_1_101' title="bbox 2850 5074 3775 5134">
     <span class='ocr_line' id='line_1_102' title="bbox 2850 5074 3775 5134; baseline -0.009 0"><span class='ocrx_word' id='word_1_782' title='bbox 2850 5081 2871 5110; x_wconf 81' lang='lat'><strong><em>&quot;</em></strong></span> <span class='ocrx_word' id='word_1_783' title='bbox 2893 5079 2984 5134; x_wconf 85' lang='lat' dir='ltr'><strong>Sic</strong></span> <span class='ocrx_word' id='word_1_784' title='bbox 3008 5078 3048 5134; x_wconf 87' lang='lat' dir='ltr'><strong>C</strong></span> <span class='ocrx_word' id='word_1_785' title='bbox 3080 5087 3135 5132; x_wconf 87' lang='lat' dir='ltr'><strong>et</strong></span> <span class='ocrx_word' id='word_1_786' title='bbox 3165 5093 3306 5131; x_wconf 89' lang='lat' dir='ltr'><strong>corr.</strong></span> <span class='ocrx_word' id='word_1_787' title='bbox 3350 5074 3434 5129; x_wconf 58' lang='lat' dir='ltr'><strong>B&quot;.</strong></span> <span class='ocrx_word' id='word_1_788' title='bbox 3467 5075 3555 5128; x_wconf 83' lang='lat' dir='ltr'><strong>AB</strong></span> <span class='ocrx_word' id='word_1_789' title='bbox 3608 5074 3775 5127; x_wconf 73' lang='lat' dir='ltr'><strong>llrmc.</strong></span> 
     </span>
    </p>
   </div>
   <div class='ocr_carea' id='block_1_102' title="bbox 3242 5145 3773 5214">
    <p class='ocr_par' dir='ltr' id='par_1_102' title="bbox 3242 5145 3773 5214">
     <span class='ocr_line' id='line_1_103' title="bbox 3242 5145 3773 5214; baseline -0.009 -14"><span class='ocrx_word' id='word_1_790' title='bbox 3242 5149 3284 5178; x_wconf 83' lang='grc'>¹²</span> <span class='ocrx_word' id='word_1_791' title='bbox 3312 5146 3370 5199; x_wconf 83' lang='grc' dir='ltr'><strong>Β.</strong></span> <span class='ocrx_word' id='word_1_792' title='bbox 3399 5161 3569 5214; x_wconf 79' lang='lat' dir='ltr'><strong>marg.</strong></span> <span class='ocrx_word' id='word_1_793' title='bbox 3602 5145 3773 5198; x_wconf 80' lang='lat' dir='ltr'><strong>adscr.</strong></span> 
     </span>
    </p>
   </div>
   <div class='ocr_carea' id='block_1_103' title="bbox 2580 5216 3777 5270">
    <p class='ocr_par' dir='ltr' id='par_1_103' title="bbox 2580 5216 3777 5270">
     <span class='ocr_line' id='line_1_104' title="bbox 2580 5216 3777 5270; baseline 0 -10"><span class='ocrx_word' id='word_1_794' title='bbox 2580 5240 2660 5270; x_wconf 73' lang='grc' dir='ltr'><strong>1η,</strong></span> <span class='ocrx_word' id='word_1_795' title='bbox 2705 5220 2986 5270; x_wconf 60' lang='lat' dir='ltr'><strong>uidebimus</strong></span> <span class='ocrx_word' id='word_1_796' title='bbox 3038 5233 3153 5262; x_wconf 81' lang='lat' dir='ltr'><strong>mnu</strong></span> <span class='ocrx_word' id='word_1_797' title='bbox 3185 5218 3316 5258; x_wconf 67' lang='lat' dir='ltr'><strong>simil</strong></span> <span class='ocrx_word' id='word_1_798' title='bbox 3357 5224 3454 5258; x_wconf 73' lang='lat' dir='ltr'><strong>nl-</strong></span> <span class='ocrx_word' id='word_1_799' title='bbox 3495 5216 3588 5261; x_wconf 71' lang='lat' dir='ltr'><strong>sed</strong></span> <span class='ocrx_word' id='word_1_800' title='bbox 3620 5222 3777 5266; x_wconf 70' lang='lat' dir='ltr'><strong>voles!</strong></span> 
     </span>
    </p>
   </div>
   <div class='ocr_carea' id='block_1_104' title="bbox 2560 5082 2746 5148">
    <p class='ocr_par' dir='ltr' id='par_1_104' title="bbox 2560 5082 2746 5148">
     <span class='ocr_line' id='line_1_105' title="bbox 2560 5082 2746 5148; baseline -0.005 -15"><span class='ocrx_word' id='word_1_801' title='bbox 2560 5083 2580 5113; x_wconf 82' lang='grc'><strong>⁷</strong></span> <span class='ocrx_word' id='word_1_802' title='bbox 2612 5082 2651 5133; x_wconf 79' lang='grc' dir='ltr'><strong>Β</strong></span> <span class='ocrx_word' id='word_1_803' title='bbox 2677 5089 2746 5148; x_wconf 68' lang='lat' dir='ltr'><strong>et.</strong></span> 
     </span>
    </p>
   </div>
  </div>
