4028 6274
235 375 345 432 εοθ

1084 369 1311 427 SUPER
1349 364 1775 424 lERAIiCIIlAM
1816 361 2227 421 CAELESTEM
2271 361 2330 417 S.
2375 361 2690 419 DIONYSII.

3397 362 3503 419 2m

237 494 395 563 Quod
419 497 810 561 consequenter
844 487 1142 558 'adjungit:
1196 485 1500 548 Manifestat
1531 483 1665 537 enim
1688 480 1817 565 ipsa
1849 484 1895 540 Α
1924 476 2417 532 manifestatissime
2462 475 2701 530 declarat
2752 473 3255 544 superessentialem
3303 478 3503 531 summi

236 584 450 654 quidem
491 580 789 636 caelestium
822 577 1127 647 Principum
1162 577 1294 630 illud
1319 574 1646 644 deiformitcr
1671 570 1814 641 pn'n-

236 674 411 745 cipalc
447 674 755 727 eductivum-
789 687 907 724 cum
955 671 1138 724 ordine
1182 685 1334 723 sacro
1371 677 1418 720 ct
1471 662 1823 736 priucipatiris

236 762 619 817 decentissimis
658 760 934 814 virtutibus
957 799 970 821 ,
1003 768 1050 812 et
1082 759 1151 811 ad
1189 754 1476 827 principale
1512 752 1824 824 principium

239 866 333 905 cas
358 851 720 905 universali!"
769 849 996 903 converti
1032 848 1073 912 ¹,
1116 856 1165 901 et
1208 846 1341 900 alias
1366 844 1648 899 icrarcltice
1681 840 1821 905 duri,

239 952 290 999 et
343 942 414 993 ad
461 940 594 994 illud
638 940 848 1008 ipsum,
898 946 1148 1007 quantum
1198 934 1456 1005 possibile,
1497 935 1518 965 '
1552 931 1827 998 reformari

240 1030 570 1099 princiﬁcum
598 1029 937 1098 principium,
968 1024 1404 1095 manifestamque
1427 1023 1828 1093 superessentia-

241 1121 346 1173 lem
391 1120 505 1188 ejus
544 1117 917 1175 tamiarchiam,
963 1126 1206 1169 ornatum
1256 1112 1628 1182 principalium
1665 1113 1831 1164 virtu-

239 1220 377 1264 tum.
413 1209 681 1271 Deelarat,
728 1207 921 1278 inquit,
954 1207 1069 1276 ipsa
1087 1204 1488 1275 cognominatio
1517 1202 1826 1258 caelestium

241 1298 555 1368 Principum
591 1299 722 1353 illud
748 1297 1045 1368 principale
1071 1295 1403 1360 eductivum,
1432 1294 1533 1349 hoc
1558 1301 1664 1358 est,
1687 1291 1828 1362 quod

242 1392 521 1461 principes
545 1398 601 1446 et
627 1391 792 1446 duces
817 1390 925 1443 sint
950 1388 971 1421 ³
997 1387 1236 1443 omnium
1287 1385 1589 1446 nationum,
1624 1399 1723 1453 per
1751 1391 1832 1436 to-

241 1493 360 1538 tum
408 1480 594 1536 orbem
632 1481 938 1535 hominibus
986 1476 1354 1533 habitabilem.
1410 1474 1476 1530 Et
1504 1476 1605 1531 hoc
1633 1472 1833 1528 deifor-

237 1574 429 1639 uniter,
457 1575 524 1627 ad
549 1573 956 1627 similitudinem
986 1568 1235 1624 videlicet
1268 1569 1425 1622 unius
1448 1568 1559 1622 veri
1592 1565 1707 1630 Dei,
1738 1563 1828 1633 qui

242 1680 387 1720 unus
412 1677 467 1719 et
494 1676 739 1718 summus
784 1662 1024 1715 omnium
1055 1659 1305 1730 princeps
1326 1666 1410 1712 est
1449 1665 1501 1711 et
1536 1658 1663 1711 dux.
1696 1656 1829 1709 Cum

240 1755 440 1810 ordine
488 1768 643 1809 sacro
679 1762 732 1808 et
777 1751 1146 1822 principativis
1177 1749 1572 1804 decentissimis
1624 1747 1834 1801 virtuti-

242 1847 373 1909 bus,
420 1845 524 1899 hoc
569 1851 672 1907 est,
710 1858 834 1898 cum
882 1849 1071 1897 sancta
1125 1840 1414 1908 divinaque
1466 1837 1828 1902 ordinatione,
1861 1829 1907 1887 Β

242 1950 484 2003 cumque
505 1934 791 1989 virtutibus
819 1930 1341 1988 convcnientissimis
1387 1930 1598 1984 ornatui
1630 1927 1833 1999 princi-

242 2026 450 2095 pativo.
485 2025 552 2079 Et
572 2028 863 2081 nonsolum
881 2023 1257 2095 principantur
1280 2021 1538 2092 gentium,
1562 2022 1836 2091 ducesque

243 2132 438 2171 earum
492 2126 619 2171 sunt
669 2117 781 2171 suis
837 2115 1160 2179 virtutibus,
1215 2096 1403 2167 verum
1459 2112 1623 2166 etiam
1667 2111 1832 2182 ipsas,

244 2224 377 2264 suas
406 2209 427 2241 ⁸
458 2208 669 2263 scilicet
717 2207 966 2271 virtutes,
1014 2204 1081 2260 ad
1120 2202 1579 2274 superprincipale
1630 2202 1833 2272 princi-

243 2298 442 2368 pium,
483 2297 652 2353 Deum
702 2297 891 2367 plane,
927 2295 1019 2364 qui
1074 2303 1159 2348 est
1206 2292 1532 2363 principium
1594 2292 1834 2346 omnium

246 2390 662 2460 principiorum,
715 2398 769 2441 et
803 2385 1097 2456 principale
1145 2383 1464 2454 principium
1498 2382 1555 2444 ⁸,
1612 2389 1667 2436 et
1718 2381 1859 2451 plus'

246 2496 414 2550 quam
467 2477 762 2549 principale
792 2475 1137 2547 principium,
1186 2473 1561 2528 universaliter
1604 2486 1835 2528 conver-

248 2579 394 2626 tunt.
425 2569 541 2625 Hoc
575 2568 719 2623 enim
748 2581 1035 2623 commune
1060 2573 1146 2620 est
1166 2564 1189 2595 ⁸
1230 2562 1470 2618 omnium
1520 2563 1836 2618 caelestium

248 2662 560 2718 animorum
580 2699 595 2723 ,
641 2659 879 2729 primum
905 2656 1121 2727 quidem
1150 2655 1219 2709 ad
1262 2670 1484 2709 causam
1511 2670 1664 2709 suam
1707 2669 1837 2709 con-

247 2755 415 2818 verti,
446 2761 502 2807 ut
527 2753 595 2807 ab
624 2767 687 2806 ea
714 2750 1037 2812 formentur,
1076 2748 1329 2819 deinceps
1374 2748 1440 2800 ad
1470 2746 1725 2801 inferiora
1757 2760 1836 2811 se,

250 2853 317 2900 ut
352 2845 406 2899 in
447 2844 548 2906 eis,
597 2841 742 2912 quod
778 2841 847 2894 ab
894 2855 999 2893 una
1029 2839 1050 2871 "
1077 2839 1317 2893 omnium
1345 2853 1507 2893 causa
1537 2837 1841 2907 percipiunt

254 2932 583 2997 faciendum,
616 2931 915 3002 perﬁciant.
968 2930 1035 2984 Et
1060 2930 1165 2984 hoc
1208 2937 1319 2995 est,
1353 2928 1495 2998 quod
1525 2929 1640 2984 ait:
1685 2937 1742 2982 et
1769 2928 1839 2983 ad

251 3022 714 3096 superprincipale
732 3021 1056 3092 principium
1087 3024 1181 3074 eas
1204 3018 1581 3074 universaliter
1615 3033 1841 3073 conver-

253 3117 335 3179 ti;
367 3126 429 3170 ut
452 3114 739 3169 subaudias
770 3130 784 3168 :
814 3121 872 3168 et
898 3111 1299 3180 cognominatio
1330 3110 1647 3165 caelestium
1681 3109 1840 3163 Prin-

252 3208 437 3277 cipom
467 3206 727 3267 declarat,
781 3218 970 3259 eorum
1020 3203 1249 3257 virtutes
1292 3202 1518 3258 omnino
1547 3202 1614 3255 ad
1646 3203 1836 3265 Deum,
1867 3170 1912 3232 Ο

256 3297 351 3365 qui
371 3305 457 3349 est
481 3291 939 3365 superprim-lpale
962 3291 1306 3361 principium,
1330 3291 1591 3347 converti.
1621 3291 1684 3344 Et
1709 3290 1844 3345 alias

257 3387 562 3442 ierarchice
591 3386 734 3447 duci,
784 3394 837 3439 et
882 3384 949 3437 ad
980 3383 1105 3437 illud
1134 3382 1330 3452 ipsum,
1381 3390 1643 3451 quantum
1674 3380 1849 3451 possi-

257 3476 388 3541 bile,
448 3475 729 3532 reformari
780 3473 1115 3543 priuciﬁcum
1167 3470 1510 3541 principium.
1568 3470 1681 3526 lloc
1719 3480 1841 3526 est:

258 3582 370 3624 non
397 3567 571 3623 solum
602 3566 713 3635 ipsa
757 3564 1156 3634 cognominatio
1191 3564 1444 3632 proprias
1472 3564 1493 3596 ⁸
1533 3562 1845 3634 Principum

255 3663 494 3719 virtutes
539 3662 607 3715 ad
646 3660 890 3716 omnium
936 3658 1259 3728 principium
1323 3658 1604 3718 converti,
1657 3672 1846 3711 verum

257 3753 427 3809 etiam
455 3750 738 3806 inferiores
761 3748 842 3805 eis
873 3749 1119 3810 virtutes,
1148 3748 1261 3803 sive
1292 3747 1579 3812 humanas,
1610 3747 1724 3802 sive
1752 3763 1848 3801 an-

258 3844 487 3914 gelicas,
520 3843 717 3912 quibus
758 3841 1132 3910 principantur
1177 3839 1198 3869 ³
1239 3846 1295 3893 et
1324 3847 1604 3907 praesunt,
1634 3853 1734 3908 per
1751 3855 1848 3895 eos

256 3932 560 4004 pontiﬁcali
596 3932 786 3986 ordine
832 3931 955 3984 duci
1005 3929 1263 3985 declarat.
1317 3928 1383 3982 Et
1413 3928 1479 3982 ad
1511 3928 1641 3982 illud
1672 3929 1845 3998 ipsum

256 4024 558 4080 secundum
629 4020 1033 4090 possibilitatem
1096 4017 1436 4089 prinuﬁcum
1498 4017 1847 4087 principium,

258 4128 537 4169 summum
592 4113 790 4166 bonum
822 4110 975 4181 plane
999 4149 1013 4170 ,
1046 4109 1190 4177 quod
1232 4122 1448 4163 omnem
1491 4107 1849 4176 principatum

262 4220 366 4261 sua
396 4205 608 4275 perﬁcit
636 4204 857 4265 virtute,
885 4200 1186 4256 reformari.
1241 4200 1321 4255 Ac
1359 4199 1406 4255 si
1450 4199 1693 4254 diceret:
1743 4213 1848 4253 non

262 4297 445 4354 solum
473 4295 737 4351 caelestes
766 4293 1044 4363 Principes
1068 4307 1198 4347 suas
1238 4291 1485 4362 preprias
1509 4291 1735 4346 virtutes
1783 4290 1849 4344 ad

260 4389 443 4460 ipsum
479 4386 801 4456 principium
827 4424 842 4448 ,
895 4384 1037 4453 quod
1082 4381 1245 4437 eﬂicit
1296 4396 1458 4436 omne
1502 4380 1848 4450 principium,

262 4480 365 4565 sed
389 4488 447 4533 et
469 4478 630 4541 alias,
673 4477 870 4545 quibus
915 4474 1310 4544 principantur,
1343 4473 1546 4528 ducunt
1572 4479 1734 4540 atque
1762 4486 1845 4525 re-

264 4559 524 4625 ioﬁuant.
591 4565 1042 4635 Manifestareque
1098 4564 1142 4595 ³⁸
1185 4561 1693 4633 superessentialem
1730 4559 1849 4628 ejus

267 4658 649 4722 taxiarchiam,
700 4667 952 4711 ornatum
1001 4653 1377 4725 principalium
1409 4653 1708 4717 virtutum;
1749 4651 1852 4706 hoc

266 4756 393 4804 est:
447 4747 855 4816 Principatuum
911 4744 1207 4801 nominatio
1256 4742 1561 4799 manilestat
1599 4750 1850 4796 ornatum

264 4837 647 4908 principalium
687 4838 944 4891 vir.utum
977 4834 1324 4892 manifestare
1351 4831 1852 4904 Superesscntialem

270 4928 633 4985 tasiarchiam
654 4927 773 4995 ejus
793 4968 808 4992 ,
836 4926 1313 4997 superprincipalis
1338 4925 1589 4980 videlicet
1615 4924 1656 4955 ἰ
1700 4923 1852 4992 prin-

267 5019 420 5089 cipii.
444 5018 685 5075 Ornatus
708 5021 974 5090 siquidem
1002 5019 1312 5075 caelestiqu
1360 5016 1665 5087 principum
1696 5014 1853 5071 nobis

1924 569 2072 629 boni,
2101 568 2243 635 quod
2294 566 2435 621 Deus
2477 572 2580 629 est,
2625 565 3003 621 taxiarcbiam.
3049 567 3143 622 Est
3169 566 3312 621 enim
3341 566 3505 621 totius

1924 658 2174 714 caelestis
2216 657 2438 711 militiae
2485 657 2735 729 princeps
2762 664 2816 710 et
2864 656 3186 726 principium
3229 654 3391 711 Deus.
3443 656 3510 709 Et

1926 752 2241 813 notandum,
2279 751 2422 820 quod
2467 750 2680 820 proprie
2711 750 2843 805 ordo
2869 748 3095 802 militum
3128 747 3264 801 taxis
3311 761 3520 816 graece
3554 806 3559 814 λ

1928 844 2255 898 nominatur.
2284 840 2513 909 Ideoque
2564 840 2703 893 Deus
2735 839 2849 908 ipse
2873 836 3183 891 taxiarches
3207 843 3263 889 et
3309 833 3509 887 taxiar-

1929 933 2047 989 chia
2079 932 2296 996 dicitur,
2337 931 2463 1001 quia
2505 929 2673 1007 ἀρχὸς
2719 937 2773 983 et
2798 930 2962 1001 ἀρχή,
3005 925 3109 980 hoc
3146 932 3230 979 est
3260 923 3509 995 princeps

1929 1034 1979 1080 et
1996 1023 2314 1095 principium
2343 1021 2722 1077 universalitcr
2742 1018 2993 1073 caelestis
3010 1016 3232 1071 militiae
3243 1013 3507 1069 subsistit.

2004 1112 2113 1186 §‘2.
2162 1113 2286 1183 Ipsa
2328 1112 2372 1143 “
2411 1120 2587 1165 autem
2640 1120 2940 1164 sanctorum
2986 1105 3428 1176 Archangelorunt
3465 1102 3511 1133 ”

1931 1208 2263 1278 aequipotcus
2295 1204 2505 1273 quidem
2533 1212 2605 1257 est
2634 1200 2936 1255 caelestibus
2978 1196 3388 1266 Principelibtts.
3417 1192 3516 1250 Est

1931 1297 2068 1351 enim
2097 1296 2139 1327 “
2167 1305 2414 1348 eteorum
2459 1297 2507 1346 et
2540 1293 2858 1360 Angelorum
2882 1289 2949 1353 ⁸⁸,
2996 1297 3052 1341 ut
3078 1287 3190 1340 dimi
3213 1328 3225 1349 ,
3256 1283 3516 1340 ierarchia

1935 1406 2040 1443 una
2064 1398 2112 1442 et
2133 1387 2422 1457 dispositio.
2448 1384 2592 1455 Ipsa,
2631 1382 2824 1452 inquit,
2858 1391 3167 1438 sanctorum
3202 1380 3513 1446 Archange-

1934 1480 2108 1533 lorum
2143 1476 2541 1546 cognominatio
2570 1472 2808 1542 ejusdem
2857 1472 3129 1541 potentiae
3164 1478 3247 1525 est
3275 1467 3519 1523 caelesti-

1936 1572 2035 1625 bus
2064 1567 2473 1638 priucipatibus.
2527 1558 2782 1634 Aequaﬁs
2814 1562 3079 1631 siquidem
3109 1557 3520 1631 signiﬁcationis

1935 1670 2061 1718 sunt
2085 1670 2138 1715 et
2161 1659 2469 1729 Principum
2508 1665 2562 1713 et
2597 1654 3053 1726 Archaugelorum
3106 1651 3517 1707 nominationes.

1936 1751 2032 1805 Est
2051 1750 2194 1804 enim
2209 1764 2417 1811 eorum,
2437 1746 2897 1816 Archangelorum
2925 1742 3196 1803 videlicet,
3224 1750 3279 1796 et
3307 1740 3518 1795 Princi-

1932 1858 2079 1913 pum,
2103 1851 2157 1895 et
2183 1840 2535 1909 Augelorum,
2566 1847 2627 1892 ut
2655 1838 2989 1907 praedictum
3023 1836 3089 1899 η,
3115 1848 3222 1887 una
3252 1831 3519 1887 ierarehia

1936 1946 2152 2000 unaque
2206 1929 2512 1998 dispositio.
2556 1927 2657 1982 Ubi
2708 1924 2987 1997 posuimus
3026 1923 3399 1992 aequipotens,
3451 1918 3525 1973 ibi

1933 2021 2188 2095 ὁμπαγής
2222 2022 2263 2052 "
2306 2020 2359 2073 in
2393 2017 2622 2083 Graeco,
2658 2033 2758 2087 pro
2786 2031 2892 2086 quo
2918 2029 3203 2086 possumus
3243 2013 3423 2067 dicere
3468 2019 3524 2065 et

1934 2111 2303 2181 aequipotens,
2340 2119 2396 2165 et
2436 2107 2639 2178 collega
2672 2107 2738 2172 ³⁸,
2768 2122 2861 2162 seu
2892 2104 3141 2161 similiter
3166 2100 3522 2158 honorabilis.

1942 2203 2314 2257 Verumtamen
2336 2200 2580 2272 quoniam
2608 2199 2816 2268 quidem
2846 2212 2949 2250 non
2973 2205 3044 2249 est
3072 2192 3328 2248 ierarcliia
3352 2207 3456 2246 non
3475 2188 3525 2223 ”

1935 2302 1983 2347 et
2015 2292 2211 2362 primas
2256 2298 2303 2344 et
2342 2288 2541 2344 medias
2590 2298 2636 2342 et
2684 2287 2896 2340 ultimas
2923 2286 3136 2339 virtutes
3180 2283 3398 2346 habens,
3426 2280 3528 2336 Ar-

1935 2381 2304 2452 changelorum
2360 2390 2573 2435 sanctus
2617 2378 2747 2432 ordo
2782 2377 2829 2408 ³⁸
2877 2373 3306 2430 communicative
3357 2374 3527 2425 ierar-

1936 2475 2112 2528 cbicae
2135 2473 2178 2504 ¹¹
2194 2472 2457 2526 medietati
2479 2481 2825 2524 extremorum
2844 2466 3108 2536 recipitur.
3135 2462 3248 2517 lloc
3266 2471 3369 2521 est.
3388 2461 3530 2531 quod

1937 2568 2044 2620 ait:
2078 2564 2396 2633 Quanquam
2420 2562 2464 2594 ²²
2487 2560 2889 2629 Principatuum
2907 2567 2961 2611 et
2983 2553 3442 2622 Archangelorum
3477 2558 3532 2605 et

1935 2657 2262 2729 Angelorum
2300 2668 2405 2707 una
2451 2652 2719 2706 ierarchia
2750 2649 2818 2703 sit
2848 2656 2903 2701 et
2944 2643 3245 2714 dispositio,
3278 2648 3532 2695 veruuta—

1938 2766 2062 2805 men
2106 2764 2214 2803 non
2245 2759 2408 2816 parva
2436 2744 2817 2798 discernuntur
2846 2736 3171 2793 differentia.
3215 2733 3529 2813 Archange-

1939 2840 2116 2894 lorum
2149 2836 2414 2906 siquidem
2446 2832 2580 2887 ordo
2608 2829 2914 2886 medietatis
2940 2825 3340 2896 proportionem
3391 2822 3534 2875 inter

1939 2930 2074 2986 duos
2095 2937 2387 2990 extremos,
2416 2925 2516 2979 hoc
2542 2931 2645 2987 est,
2677 2922 2818 2976 inter
2844 2919 3093 2973 ordinem
3109 2914 3527 2982 Principatuttm

1939 3030 1996 3078 et
2015 3020 2260 3076 ordinem
2295 3016 2606 3085 Angelicum
2654 3010 2864 3068 obtinet
2901 3009 3007 3072 ³³,’
3052 3006 3308 3076 quoniam
3377 3000 3524 3056 nulla

1940 3108 2205 3166 ierarchia
2236 3113 2338 3169 est,
2367 3105 2480 3159 sive
2508 3104 2741 3156 humana
2768 3099 2883 3153 sive
2911 3096 3177 3165 angelica,
3227 3106 3366 3163 quae
3421 3103 3539 3144 non-

1946 3204 2140 3261 habeat
2162 3208 2218 3255 et
2246 3199 2451 3270 primas
2479 3204 2533 3251 et
2562 3193 2770 3249 medias
2794 3200 2853 3245 et
2873 3188 3090 3243 ultimas
3113 3179 3360 3240 virtutes.
3386 3181 3534 3237 Ordo

1944 3298 2127 3366 itaque
2157 3287 2622 3359 Archangelorum
2654 3282 2860 3339 medius
2890 3287 2975 3337 est
3019 3279 3159 3333 inter
3180 3276 3229 3308 “
3259 3273 3555 3342 Principa-'

1945 3363 2093 3443 tuum
2122 3382 2273 3454 «ιιιηεί
2305 3380 2659 3450 superiorem,
2681 3383 2736 3429 et
2760 3371 3085 3442 Angelorum
3113 3365 3276 3422 veluti
3304 3363 3527 3419 inferio-

1947 3494 2080 3532 rem.
2111 3477 2178 3530 Et
2204 3474 2336 3529 nihil
2356 3471 2500 3526 aliud
2521 3478 2608 3525 est
2627 3469 2742 3537 ipsa
2766 3462 3070 3520 medietatis
3097 3457 3392 3532 proportio,
3426 3454 3536 3508 nisi

1947 3568 2235 3631 ierarcbia,
2287 3566 2339 3619 id
2369 3572 2475 3626 est,
2521 3557 2846 3631 pontiﬁcalis
2871 3551 3308 3612 communicatio.
3358 3547 3535 3603 Unum

1946 3661 2092 3716 enim
2120 3654 2342 3712 discreti
2363 3653 2581 3709 ordines
2606 3647 3028 3708 communicant,
3045 3655 3316 3699 summum
3342 3638 3540 3709 quippe

1947 3754 2151 3808 bonum
2171 3747 2329 3804 simul
2352 3760 2542 3801 omnes
2571 3747 2847 3813 appetunt,
2898 3736 3081 3797 simul,
3130 3731 3377 3804 quamvis
3429 3742 3536 3783 non

1949 3843 2264 3914 aequaliter,
2293 3838 2638 3910 participant.
2690 3834 2759 3889 Et
2788 3834 2889 3888 hoc
2918 3839 3002 3887 est
3024 3869 3039 3894 ,
3073 3826 3215 3898 quod
3250 3824 3494 3893 sequitur
3520 3835 3562 3873 :<

1950 3913 2158 3989 Etenim
2195 3928 2564 3987 sacratissimis
2593 3922 2983 3994 Principatibus
3017 3916 3363 3974 cotmnunicat
3391 3913 3438 3946 ⁸⁸
3490 3919 3538 3964 et

1948 4027 2141 4081 sanctis
2169 4020 2402 4092 Angelis.
2443 4017 2628 4085 Qualis
2657 4023 2837 4069 autem
2879 4012 2952 4067 sit
3004 4011 3120 4080 ipsa
3170 4004 3541 4092 communica-

1951 4117 2058 4171 tiva
2092 4090 2357 4169 medietas
2380 4147 2395 4173 ,
2436 4108 2829 4174 subsequenter
2857 4098 3097 4166 adiungit
3149 4096 3370 4151 dicens:
3400 4090 3539 4160 Ipsis

1948 4204 2178 4273 quidem,
2209 4202 2332 4272 quia
2359 4196 2431 4250 ad
2458 4188 2888 4265 superessentiale
2935 4185 3246 4258 principium
3274 4180 3535 4273 principa~

1951 4267 2071 4349 liter
2095 4267 2425 4351 convertitur,
2462 4294 2510 4339 et
2560 4284 2628 4338 ad
2678 4282 2870 4352 ipsum,
2909 4286 2966 4331 ut
3001 4274 3244 4346 possibile
3272 4271 3340 4335 ",
3374 4267 3567 4339 refers.

1956 4393 2152 4441 matur,
2185 4390 2233 4433 et
2255 4375 2478 4445 Angelos
2504 4372 2722 4440 uni/ictu
2734 4366 3021 4424 secundum
3045 4365 3170 4418 bene
3191 4356 3541 4428 ornatosejvs

1950 4482 1999 4527 et
2023 4470 2288 4526 ord.’natos
2318 4467 2359 4497 ³⁷
2393 4473 2440 4519 et
2478 4459 2761 4517 invisibiles
2786 4453 3115 4511 ducatur“.
3148 4449 3302 4521 Ipsis,
3341 4446 3533 4517 inquit,

1956 4559 2360 4629 Principatibus
2376 4546 3213 4616 communicatArehangelorum
3236 4542 3389 4629 ordo,
3412 4540 3539 4608 quia
3570 4576 3575 4581 η

1952 4652 2019 4706 ad
2085 4626 2533 4717 superessentiale
2597 4633 3002 4709 principium,’
3028 4634 3196 4687 Deum
3264 4626 3538 4698 profecto.

1952 4738 2348 4808 Principaliter,
2380 4736 2481 4788 hoc
2503 4741 2606 4796 est,
2637 4731 2779 4785 sicut
2807 4726 2908 4797 ipsi
2935 4722 3291 4795 principatus,
3317 4730 3542 4773 convero

1956 4834 2109 4895 titur,
2136 4806 2190 4884 et
2220 4828 2287 4883 ad
2318 4828 2512 4895 ipsum,
2546 4831 2605 4877 ut
2636 4818 2909 4891 possibile,
2953 4813 3301 4874 reformatur,
3326 4816 3383 4862 et
3413 4806 3538 4874 quia

1954 4920 2187 4991 Angelos
2211 4915 2440 4971 uniticat
2468 4912 2761 4968 secundum
2786 4909 2926 4964 bene
2946 4912 3167 4960 ornatos
3188 4910 3244 4955 et
3266 4896 3546 4953 ordinatos

1955 5022 2009 5069 et
2039 4987 2335 5068 invisibiles
2367 5005 2726 5077 praesulatus.
2762 5000 2876 5057 Hoc
2923 4998 3067 5055 enim
3104 5005 3162 5051 et
3188 4993 3290 5063 ipsi
3323 4987 3541 5047 Prisci"
3574 5028 3583 5033 ρ

1542 5151 1801 5209 νΑῐιιΑΕ
1843 5143 2247 5205 LECTIONES.

348 5272 364 5303 ¹
395 5268 625 5325 converti
650 5283 763 5323 om.
804 5266 940 5333 AB.,
976 5282 1148 5333 marg.
1178 5266 1353 5321 adscr.
1384 5263 1467 5318 B'.
1543 5264 1564 5295 '
1604 5262 1646 5317 Β
1686 5277 1875 5333 supra_
1889 5260 2067 5333 adscr.
2097 5265 2222 5333 est.“
2267 5253 2289 5285 ³
2315 5250 2537 5333 Β-ῳιηι..
2603 5246 2756 5333 διεῖχε)
2790 5245 2928 5315 ίρδαε
2962 5233 3535 5333 εαςεηίξῄξυιξηξξξξτξέ

269 5341 291 5372 ⁸
324 5340 490 5394 Deum
514 5369 585 5380 —-
608 5339 1062 5409 principiumom.
1090 5339 1149 5409 li.

271 5495 447 5548 marg.
473 5476 651 5532 adScr.
690 5477 761 5532 De
787 5476 1130 5548 m'cltangelis.

273 5550 321 5582 ¹⁵
357 5547 409 5601 Β
428 5547 885 5617 arcltangelerum,

274 5618 316 5651 ¹²
350 5618 413 5671 Β·
449 5620 566 5671 rad.
599 5610 738 5673 corr.
766 5610 885 5672 nisi.
961 5618 1006 5649 ¹⁰
1033 5619 1161 5671 ordo
1187 5633 1294 5672 om.
1330 5615 1386 5675 Β,
1421 5615 1484 5668 ad
1512 5612 1873 5682 marg.adscr.
1904 5610 1985 5663 li‘.

274 5690 352 5731 cio
379 5689 712 5731 nlnrnmnmx
791 5689 836 5720 ⁸⁷⁵
868 5689 927 5731 Ιιο
957 5688 1022 5731 ml
1051 5704 1220 5731 muro-
1253 5687 1430 5731 miser.
1462 5685 1717 5731 ordinent.
1795 5681 1841 5712 ²⁸
1869 5679 1906 5731 Β
1928 5695 1985 5731 εο

1928 5692 2188 5731 cornutum

272 5690 352 5743 sic
379 5689 714 5760 plerumque.
791 5689 836 5720 “
866 5689 927 5741 B'
957 5688 1022 5743 ad
1045 5704 1220 5760 tuarg.
1252 5687 1430 5760 adscr.
1462 5685 1717 5760 ordinem.

1252 5336 1273 5367 ⁸
1305 5336 1395 5390 Sic
1415 5334 1503 5388 AC
1528 5350 1542 5400 ;
1571 5343 1645 5386 est
1684 5323 1792 5385 om.
1846 5329 1907 5396 Β,
1950 5329 2122 5400 adscr.
2163 5323 2247 5377 B‘.

267 5410 361 5463 Ἀ
388 5390 880 5477 principarnterf“
920 5390 1012 5463 Sic
1050 5406 1158 5470 AC,
1187 5406 1228 5460 Β
1273 5390 1630 5477 manifestare,
1664 5401 1751 5477 ΔΒ*
1797 5390 1956 5468 supra
2013 5397 2191 5477 adscr.
2241 5390 2511 5477 mapifgst.
2556 5398 2623 5477 et.

1248 5476 1290 5507 ¹⁸
1322 5476 1379 5529 B'
1412 5465 1581 5542 marg.
1611 5465 1787 5525 adscr.
1819 5465 2216 5542 cognontiuatio.
2324 5465 2369 5493 “
2404 5465 2558 5514 Gorr.
2594 5465 2829 5542 “inquit
2858 5465 2949 5542 est
2987 5465 3145 5542 enim,2
3174 5465 3290 5542 AA?!

963 5508 966 5514 '
1068 5508 1080 5528 ι
1116 5516 1130 5530 ι
1345 5508 1360 5527 ι
1431 5508 1494 5527 Iuv
1546 5508 1581 5523 -ι
1611 5508 1787 5525 auaui.
1819 5508 1893 5523 ιυι
1916 5508 2216 5522 "inn-"un...
2413 5508 2557 5514 Vw---
2624 5508 2627 5509 ,
2691 5508 2701 5519 ,
2732 5508 2744 5522 ,

963 5508 1289 5600 ἶὲἷί“υκιιεειτ.
1314 5508 1424 5598 (ζει,
1486 5508 1586 5596 ¹ξΡΒ
1614 5558 1723 5596 rec.
1742 5558 1813 5594 ιιι.
1837 5508 2007 5609 bring.
2040 5536 2516 5609 adscrmmotagcs.
2549 5526 2754 5609 -_‘_“_sic
2778 5523 2818 5577 C
2843 5531 2897 5576 ct
2916 5535 3058 5575 corr.
3090 5508 3295 5609 833%

2356 5301 2560 5376 'vCoui.
2616 5316 2745 5371 ABG
2790 5301 2913 5368 uno.
3023 5312 3044 5341 ⁸
3080 5308 3121 5363 Β
3148 5323 3254 5376 per
3295 5301 3553 5376 proprias

2737 5385 2773 5415 "
2805 5381 3056 5438 videlicet.
3087 5369 3196 5433 out.
3226 5369 3311 5427 BC
3397 5372 3438 5401 "
3478 5369 3536 5422 Β·

2324 5439 2595 5514 iVCEii-r.”
2620 5457 2701 5519 B‘;
2730 5470 2829 5522 pro
2858 5451 2949 5505 Est
2987 5450 3143 5522 enim.
3174 5443 3289 5522 Adi
3314 5439 3539 5522 Elqttt'm-

2063 5580 2514 5665 “Ti{el-Eféiiiiié,
2579 5601 2624 5631 “
2652 5603 2687 5650 lt
2709 5603 2754 5649 et
2781 5603 3109 5665 quanquam.
3182 5580 3540 5665 ⁸ξ,ρ,ᾳριὲέφρι

2194 5651 2729 5741 catvui-cbaubclorum
2756 5651 2881 5717 ordo
2911 5651 2984 5723 ei,
3033 5665 3138 5712 cet.
3219 5652 3260 5684 "
3280 5651 3339 5707 Β*
3373 5663 3536 5718 supra

274 5748 458 5815 adscr.
499 5748 623 5813 est.
673 5762 716 5792 ’⁷
745 5760 858 5829 ejus
884 5770 930 5815 et
959 5748 1227 5815 ordinatos
1256 5772 1363 5812 om.
1391 5755 1444 5808 Β.
1526 5755 1571 5785 ’³
1598 5754 1753 5807 Corr.
1782 5750 1868 5806 B‘.
1892 5749 1979 5804 ΛΒ
2011 5748 2237 5826 dicatus.
