4028 6274
482 320 587 379 211

1579 316 2081 373 EXPOSlTIONES
2117 313 2404 371 JOANNIS
2443 313 2641 371 SCOTl

3641 318 3769 375 ξιξ

481 419 645 484 palus
681 408 909 479 faciunt.
942 406 1075 464 Nam
1105 408 1342 479 Angelos
1368 408 1627 463 unitieant
1660 409 1727 462 ad
1763 411 2061 464 cotnmuni—
2090 426 2136 482 Α
2166 424 2392 477 corpora
2432 424 2538 463 non
2580 407 2879 478 aequaliter
2911 408 3169 463 solarium
3193 407 3467 465 radiorum
3525 413 3770 482 capacia

482 502 748 559 catiouem
777 499 1246 569 superessentialis
1273 498 1546 568 principii,
1593 508 1648 554 et
1676 500 1693 530 ¹
1724 500 2068 569 quemadmo-

482 596 610 649 dum
668 601 895 647 ornatus
955 608 1143 648 eorum
1196 602 1252 647 et
1294 591 1564 646 ordinatio
1616 600 1672 645 et
1719 591 2066 658 iutelligibilis

478 684 815 756 principatus
841 683 1012 738 Deum
1062 682 1448 749 communicat,
1496 681 1569 735 ita
1612 688 1667 736 et
1699 682 1916 752 angelos
1963 684 2064 738 sibi

480 774 744 832 uniﬁcant
763 777 807 841 ’,
840 784 891 830 et
938 789 1037 843 per
1063 775 1406 829 medietatem
1427 774 1872 844 archangelorum
1898 772 2069 827 Deum

482 865 884 921 communicare
922 864 1149 929 faciunt,
1204 863 1364 932 inque
1412 878 1566 918 suam
1614 863 1922 918 societatem
1974 878 2069 918 eos

483 956 784 1012 subvehere
814 955 1165 1011 contendunt.
1217 953 1344 1008 Istis
1374 970 1515 1017 vero,
1551 953 1676 1023 quia
1708 963 1755 1008 et
1796 955 1870 1008 eis
1900 954 2065 1023 hypo-

479 1048 682 1118 pltetico
715 1047 735 1077 ³
759 1057 834 1102 est
882 1048 1087 1111 ordine,
1115 1047 1319 1100 divinas
1346 1045 1755 1100 illuminationes
1786 1046 2069 1099 ierarcltice

476 1157 574 1212 per
610 1143 807 1212 primas
852 1142 1063 1196 virtutes
1089 1141 1398 1210 suscipiens,
1425 1152 1471 1194 et
1495 1140 1705 1210 Angelis
1741 1158 1827 1194 eas
1868 1141 2069 1210 deifor-

482 1232 637 1285 miter
670 1233 1025 1298 annuntians,
1055 1244 1102 1285 et
1134 1248 1228 1301 per
1253 1230 1475 1303 Angelos
1517 1232 1662 1286 nobis
1702 1234 2069 1301 manifestans,

482 1319 768 1373 secundum
791 1337 998 1374 sacram
1037 1320 1445 1390 uniuscujusque
1474 1320 1723 1404 divin'itus
1751 1320 2070 1375 illuminato-

484 1425 601 1462 rum
649 1408 969 1479 analogiam.
1007 1410 1132 1465 Istis
1163 1425 1315 1476 vero,
1345 1412 1446 1466 hoc
1472 1422 1554 1467 est
1577 1412 1817 1483 Angelis,
1842 1413 2072 1467 archan—

483 1498 687 1569 gelicus
716 1501 849 1554 ordo
875 1501 1412 1570 communicat,quia
1441 1502 1520 1556 eis
1545 1486 1631 1556 est
1658 1505 2070 1573 hypopbeticus,

485 1589 540 1643 id
570 1597 678 1666 est,
718 1588 1066 1658 propheticus
1104 1589 1271 1653 ordo;
1302 1588 1628 1660 Arehangeli
1665 1592 1930 1662 siquidem
1980 1610 2073 1647 an-

484 1678 1060 1751 gelorumpmphetac
1101 1690 1264 1747 sunt;
1311 1681 1438 1735 dum
1487 1683 1699 1739 divinas
1725 1684 2072 1743 illuminatio-

2171 507 2314 563 sunt,
2345 498 2595 553 munibus
2620 506 2798 553 tamen
2821 498 3117 567 aequaliter
3145 501 3628 567 superhmduntur,
3660 503 3771 556 ile-

2168 606 2273 659 que
2305 590 2556 645 omnibus
2603 590 2895 644 resiliendo
2936 591 3198 646 relucent.
3253 591 3345 646 Sic
3393 603 3520 646 sunt
3562 608 3770 648 ciuiles

2169 681 2557 737 intellectualcs
2586 691 2748 750 atque
2791 682 3080 737 rationales
3109 684 3294 738 animi.
3337 683 3525 740 Nullus
3552 687 3770 756 quippe

2169 771 2382 825 illorum
2410 779 2516 834 est,
2565 770 2678 825 sive
2726 787 2892 841 purus
2935 773 3028 837 sit,
3060 773 3174 827 sive
3203 775 3623 839 contaminatus,
3660 779 3769 843 qui

2168 879 2362 932 expers
2389 864 2459 918 sit
2488 864 2527 895 “
2559 863 2722 917 divini
2752 864 2906 918 radii.
2968 863 3082 917 Non
3114 873 3288 919 tamen
3317 866 3615 934 aequaliter
3639 865 3774 933 ejus

2170 971 2396 1026 capaces
2435 955 2588 1019 liunt,
2621 970 2796 1023 neque
2824 955 2927 1009 hoc
2959 958 3067 1024 agit
3118 956 3255 1009 radii
3302 956 3609 1019 inﬁrmitas,
3660 957 3773 1011 sed

2171 1045 2789 1113 animarum-capacius.
2827 1044 2936 1099 Cur
2965 1054 3144 1099 autem
3173 1060 3276 1099 non
3305 1045 3609 1115 aequaliter
3637 1061 3773 1099 om-

2166 1153 2269 1195 nes
2296 1149 2353 1192 et
2391 1136 2615 1207 angelici
2657 1145 2711 1190 et
2747 1137 2968 1203 humani
2997 1137 3159 1190 animi
3187 1152 3413 1207 capaces
3436 1147 3564 1191 sunt
3591 1138 3775 1191 divini

2173 1228 2330 1291 radii,
2364 1227 2475 1296 ipse
2497 1227 2688 1280 beatus
2721 1226 3004 1296 Dionysius
3031 1225 3157 1279 alibi
3190 1226 3459 1295 exposuit.
3509 1224 3567 1280 Si
3612 1225 3771 1280 enim

2172 1317 2316 1372 Deus
2343 1316 2658 1386 aequaliter,
2683 1317 2887 1385 absque
2917 1316 3021 1370 ulla
3048 1318 3298 1371 ordinum
3337 1318 3680 1371 diversorum
3726 1318 3776 1347 ’⁸

2174 1407 2474 1463 diﬂ‘ereutia
2501 1417 2555 1462 et
2577 1410 2905 1477 proprietate
2925 1417 2980 1462 et
3002 1409 3317 1463 ascensione
3331 1417 3384 1461 et
3406 1409 3779 1463 descensione

2142 1492 2445 1554 'variorutn
2475 1499 2737 1569 graduum
2780 1500 3183 1555 universitatem
3214 1499 3484 1553 conditam
3531 1496 3773 1561 faceret,

2174 1602 2230 1647 ct
2281 1592 2457 1647 nullus
2517 1592 2764 1648 fortassis
2822 1593 2957 1646 ordo
3006 1593 3058 1646 in
3119 1591 3391 1661 republica
3443 1600 3778 1645 naturarum

2175 1682 2348 1737 lieret.
2403 1682 2458 1737 Si
2497 1683 2673 1737 nullus
2701 1683 2835 1737 ordo
2861 1683 3011 1737 lieret
3036 1723 3051 1747 ,
3084 1683 3227 1735 nulla
3261 1682 3559 1735 harmonia.
3610 1682 3687 1734 At
3724 1681 3780 1737 si

482 1785 581 1826 nes
604 1770 925 1853 ierarchicc,
966 1771 1019 1826 id
1044 1780 1129 1826 est
1164 1771 1460 1843 pontiﬁcali
1492 1775 1705 1841 ordine,
1750 1792 1847 1847 per
1871 1779 2076 1847 primas
2108 1795 2150 1853 Β
2179 1772 2321 1827 nulla
2370 1773 2688 1836 harmonia,
2738 1772 2881 1826 nulla
2931 1782 3251 1841 sequeretur
3304 1771 3651 1841 pulchritudo
3704 1772 3779 1824 ".

481 1846 733 1926 virtutes,
779 1859 1127 1932 Principatus
1157 1862 1427 1930 videlicet,
1479 1866 1569 1933 qui
1614 1880 1673 1920 se
1721 1846 2069 1936 praecedunt,

480 1953 729 2022 suscipit,
759 1962 815 2008 ct
842 1968 937 2031 eas
967 1953 1389 2010 illuminatioues
1416 1956 1573 2012 nobis
1594 1973 1691 2028 per
1704 1960 1940 2030 Angelos
1964 1979 2075 2017 ma-

483 2044 705 2101 nifestat
745 2046 1041 2101 secundum
1088 2057 1333 2101 sanetam
1383 2049 1687 2120 analogiam
1733 2053 2074 2123 uniuscujus-

484 2152 595 2206 que
623 2152 691 2199 ex
724 2137 833 2192 Deo
873 2136 1295 2193 illuminatorum
1323 2138 1624 2196 hominum.
1657 2143 1875 2199 Duobus
1896 2147 2077 2215 itaque

486 2228 663 2283 modis
724 2226 1049 2298 Archangeli
1111 2230 1284 2300 angeli
1332 2234 1843 2291 communicativam
1902 2239 2074 2306 possi-

485 2317 618 2373 dent
688 2319 1027 2374 societatem.
1103 2320 1289 2376 Primo
1349 2323 1605 2391 quidem,
1667 2326 1793 2394 quia
1864 2327 2077 2384 divinae

486 2408 786 2479 sapientiae
856 2408 1312 2477 illuminationes,
1393 2427 1530 2482 quas
1592 2428 1691 2483 per
1753 2415 1962 2485 priores
2018 2432 2079 2473 se

488 2498 717 2553 virtutes
761 2498 1078 2568 suscipiunt,
1114 2499 1333 2569 Angelis
1387 2502 1731 2557 annuntiant.
1788 2501 2076 2571 Secundo,

488 2590 617 2660 quia
678 2606 775 2662 per
822 2590 1059 2661 Angelos
1109 2593 1333 2648 traditas
1390 2593 1491 2647 sibi
1520 2593 1937 2651 illuminationes
1983 2613 2079 2651 no-

490 2681 573 2734 bis
625 2680 994 2737 manilestant.
1050 2680 1149 2735 Ubi
1188 2682 1344 2737 datur
1399 2683 1645 2754 intelligi,
1673 2686 1838 2754 quod,
1888 2702 2077 2756 quem-

491 2770 780 2825 admodum
829 2772 851 2801 ⁸
896 2772 1222 2842 Archangcli
1278 2773 1606 2831 mediatores
1671 2775 2078 2845 Principatuum

486 2870 543 2916 et
592 2862 956 2935 Angelorum,
994 2856 1085 2918 ita
1136 2864 1328 2934 Angeli
1393 2867 1719 2924 mediatores
1770 2869 2079 2941 Archange—

489 2952 662 3009 lorum
714 2962 768 3010 et
798 2954 1122 3021 hominum.
1177 2955 1294 3022 Quo
1345 2957 1398 3019 in
1449 2957 1589 3035 loco,
1615 2975 1722 3014 non
1776 2964 2077 3030 spernenda

496 3046 672 3101 oritur
701 3047 947 3116 quaestio
979 3065 992 3101 :
1024 3048 1043 3079 ⁸
1071 3046 1127 3103 Si
1158 3049 1212 3103 hi
1246 3059 1356 3105 tres
1404 3052 1623 3108 ordines
1674 3054 1869 3109 tertiae
1911 3056 2081 3109 ierar-

490 3136 664 3202 chiae,
717 3136 1057 3207 Principatus
1100 3139 1259 3206 dico,
1304 3141 1676 3211 Archangelos
1724 3153 1777 3199 et
1827 3144 2079 3215 Angelos,

488 3238 788 3299 omotages,
821 3230 874 3283 id
901 3239 1017 3295 est,
1046 3230 1453 3300 aequipotentes
1477 3233 1497 3264 θ
1522 3249 1618 3288 seu
1656 3235 1892 3306 collegae
1916 3237 1935 3268 ⁷
1986 3252 2080 3294 seu

486 3318 741 3375 similiter
763 3320 785 3351 ⁸
807 3320 1150 3376 honorabiles
1199 3332 1347 3389 sunt,
1382 3339 1487 3393 qua
1517 3326 1726 3381 ratione
1758 3328 2081 3400 Archangeli

491 3411 818 3466 mediatores
869 3423 993 3466 sunt
1026 3412 1435 3485 Principatuum
1485 3419 1823 3486 superiorum
1880 3436 1974 3487 se,
2027 3432 2084 3477 et

488 3501 996 3573 Angelorum,quos
1013 3513 1287 3561 extremos
1314 3507 1554 3562 onmium
1578 3508 1890 3567 caelestium
1915 3511 2074 3566 virtu-

490 3602 603 3648 tum
638 3593 934 3665 theologica
973 3597 1191 3651 tradidit
1221 3598 1509 3653 doctrina?
1559 3600 1670 3656 Nec
1704 3602 1806 3657 hoc
1838 3604 1891 3657 in
1925 3605 2083 3659 tertia

488 3687 686 3752 solum,
712 3689 982 3744 sedetiam
1017 3690 1345 3757 insecenda,
1373 3706 1514 3761 quae
1542 3702 1701 3749 estet
1726 3697 1922 3761 utcdia,
1952 3706 2007 3750 et
2028 3697 2081 3751 in

486 3776 663 3845 prima
693 3778 973 3847 quaeritur
998 3779 1285 3835 ierarchia.
1319 3782 1600 3848 Quomodo
1620 3784 1763 3839 enim
1794 3784 2081 3856 Seraphim

485 3873 545 3922 et
586 3865 878 3925 Cherubim
915 3879 971 3925 et
1006 3870 1208 3927 Throui
1247 3873 1483 3944 collegae
1511 3884 1568 3931 et
1621 3878 2032 3946 aequipoteutes
2058 3877 2079 3909 '

486 3966 634 4024 sunt,
684 3960 731 4014 si
772 3960 1063 4017 Cberubim
1112 3963 1420 4020 medietatis
1467 3965 1645 4023 locum
1698 3967 1841 4023 inter
1880 3946 2082 4039 primas

487 4044 777 4119 Seraphim
818 4062 873 4106 et
920 4053 1139 4108 ultimas
1174 4052 1516 4111 Tln'onorum
1576 4059 1802 4114 virtutes
1851 4061 2082 4115 tenent?

489 4139 751 4198 Similiter
780 4144 846 4200 de
872 4143 1196 4211 Virtutibus,
1214 4145 1600 4213 Potestatibus,
1620 4151 2083 4208 Domiuatiouibus

488 4237 961 4292 considerandum.
1008 4240 1066 4293 In
1089 4255 1193 4308 qua
1220 4243 1536 4310 quaestione
1567 4244 1642 4311 nil
1676 4247 1807 4300 mihi
1837 4263 2076 4303 commo-

497 4324 618 4379 dius
647 4327 884 4381 occurrit
911 4327 1218 4392 dicendum,
1255 4345 1418 4397 quam
1459 4348 1651 4387 omnes
1692 4350 1863 4403 aeque
1889 4346 2080 4405 poten—

491 4423 575 4470 tes
601 4416 644 4447 ¹⁶
663 4432 783 4471 esse
825 4418 876 4470 in
898 4418 1139 4487 appetitu
1163 4421 1442 4477 societatis
1466 4427 1936 4493 superessentialis
1965 4444 2080 4482 oin-

2180 1864 2236 1918 ln
2266 1864 2487 1920 omnino
2512 1863 2653 1918 enim
2698 1863 2965 1918 similibus
3007 1863 3149 1917 sicut
3174 1862 3315 1916 nulla
3347 1863 3630 1917 harmonia
3662 1871 3779 1924 est,

2177 1954 2249 2008 ita
2274 1954 2419 2008 nulla
2456 1954 2821 2022 pulchritudo.
2852 1953 2947 2008 Est
2973 1954 3118 2007 enim
3147 1953 3189 1984 “
3215 1953 3498 2007 harmonia
3529 1953 3577 1984 ⁸⁵
3607 1951 3785 2005 dissi-

2177 2045 2383 2098 milium
2412 2036 2880 2114 inaequaliumque
2932 2059 3111 2098 rerum
3152 2043 3429 2096 adunatio.
3479 2040 3778 2097 Universi-

2181 2146 2343 2192 tatcm
2372 2147 2549 2192 autem
2580 2146 2807 2192 naturae
2837 2138 3085 2191 conditae
3115 2135 3514 2205 pulchritudine
3540 2148 3781 2202 carere,

2177 2231 2421 2288 Creatori
2457 2231 2695 2285 omnium
2742 2229 3075 2299 iudicaretur
3113 2227 3781 2285 inconvenientissimum.

2179 2323 2348 2380 Porro
2376 2324 2422 2378 si
2464 2337 2621 2377 nemo
2668 2332 2813 2376 recte
2859 2321 3355 2391 philosophantium
3405 2320 3782 2377 universale!!!

2178 2426 2481 2471 creaturam
2517 2415 2569 2468 in
2598 2413 2961 2484 pulcherrima
3011 2413 3296 2469 harmonia
3343 2427 3465 2467 esse
3512 2414 3786 2468 constitu-

2180 2516 2288 2561 tam
2315 2507 2545 2571 uubitat,
2573 2505 2836 2575 sequitur,
2865 2505 3028 2558 etiam
3076 2505 3142 2559 de
3186 2505 3377 2559 ordine
3424 2506 3596 2574 ipsius
3640 2502 3783 2559 nulli

2179 2597 2479 2667 sapientum
2526 2595 2796 2649 haesitare
2841 2593 3024 2648 licere.
3066 2592 3181 2649 Non
3212 2595 3355 2649 enim
3384 2610 3527 2648 inme
3554 2595 3624 2648 de
3648 2600 3801 2663 apo-'

2178 2688 2336 2743 statis
2362 2687 2565 2755 angelis
2591 2698 2647 2741 et
2669 2685 3054 2752 contaminatis
3076 2686 3418 2749 hominibus,
3450 2686 3541 2754 qui
3577 2685 3785 2739 merito

2179 2777 2416 2831 malitiae
2432 2791 2559 2831 suae
2579 2775 2791 2830 divinae
2815 2775 3222 2829 illuminationis
3245 2775 3451 2829 radium
3481 2792 3509 2828 a
3538 2790 3598 2829 se
3622 2775 3669 2806 ¹⁶
3692 2790 3783 2832 re-

2179 2867 2403 2936 pellunt,
2430 2881 2609 2921 sermo
2631 2874 2732 2926 cst.
2758 2866 2851 2920 sed
2879 2866 2945 2920 de
2973 2865 3201 2919 naturali
3228 2865 3419 2919 ordine
3446 2865 3785 2919 universalis

2179 2967 2423 3012 naturae.
2479 2959 2520 2989 ¹⁷
2580 2956 2838 3026 Sequitur
2895 2959 2937 2990 ¹¹⁵
2988 2975 3001 3011 :
3053 2956 3164 3027 Ipsi
3212 2959 3349 3010 enim
3379 2956 3585 3026 Angeli,
3637 2958 3783 3010 sicut

2179 3051 2578 3120 praediximus,
2618 3048 2946 3119 complertive
2987 3059 3348 3103 consummant
3395 3064 3574 3102 omnes
3608 3047 3785 3102 caele-

2111 3146 2155 3208 ρ
2186 3140 2342 3192 stium
2382 3140 2680 3193 animorum
2711 3139 3093 3208 dispositiones,
3138 3138 3425 3192 secundum
3466 3137 3606 3208 quod
3647 3153 3785 3191 con-

2186 3228 2554 3283 summandam
2601 3238 2698 3293 est,
2742 3238 2795 3281 ut
2838 3230 2895 3282 in
2936 3227 3243 3281 caelestibus
3267 3228 3501 3281 essentiis
3529 3228 3782 3283 habentes

2185 3323 2473 3393 angelicam
2499 3322 2540 3354 ⁸⁸
2565 3323 2951 3393 proprietatem.
2971 3322 3283 3392 Propterea,
3311 3321 3505 3390 inquit,
3528 3320 3782 3375 Archaa-

2185 3415 2285 3484 geli
2318 3431 2414 3484 per
2443 3414 2676 3484 Angelos
2708 3429 2972 3483 supernas
3004 3413 3427 3468 illuminationes
3480 3412 3635 3466 nobis
3681 3427 3780 3465 an-

2185 3507 2454 3571 nuntiant,
2519 3505 2773 3574 quoniam
2819 3504 3028 3574 Angeli,
3087 3504 3229 3558 sicut
3280 3502 3617 3573 praedictum
3670 3513 3777 3565 est,

2184 3597 2454 3667 complent
2487 3606 2541 3651 et
2568 3606 2946 3652 consummant
2994 3611 3182 3651 omnes
3230 3595 3633 3664 dispositiones,
3686 3609 3781 3647 or-

2185 3695 2343 3741 natus
2390 3687 2679 3750 videlicet,
2723 3685 3036 3739 caelestiqu
3089 3685 3414 3738 animorum.
3464 3683 3779 3737 Secundum

2184 3774 2327 3845 quod
2368 3778 2851 3829 consummandam
2879 3782 2991 3837 est;
3025 3789 3088 3827 ea
3117 3772 3326 3828 scilicet
3373 3773 3617 3835 ratione,
3663 3786 3778 3840 qua

2184 3867 2462 3936 dispositio
2520 3866 2823 3919 animorum
2870 3865 3185 3920 caelestium
3245 3864 3291 3895 ¹⁰
3344 3862 3777 3918 consummauda

2182 3970 2237 4015 et
2269 3959 2676 4015 determinanda
2705 3968 2789 4013 est
2812 3960 2879 4010 ¹¹.
2920 3958 3095 4025 Quam
3140 3959 3404 4012 rationem
3454 3954 3774 4027 subjungit:

2184 4059 2244 4105 ut
2272 4051 2325 4105 in
2350 4051 2669 4106 caelestibus
2697 4050 2948 4104 essentiis
2996 4050 3256 4104 habentes
3307 4047 3601 4115 angelicam
3647 4060 3777 4116 pro-

2181 4144 2488 4213 prietatem.
2539 4142 2618 4196 Ac
2664 4141 2709 4195 si
2746 4141 2950 4196 diceret
2979 4158 2993 4194 :
3023 4149 3206 4209 utpote
3240 4140 3364 4194 dum
3395 4138 3597 4193 habent
3629 4138 3777 4192 inter

2183 4236 2445 4291 caelestes
2471 4235 2732 4289 essentias
2756 4234 3023 4303 quandam
3051 4233 3472 4303 preprietatem,
3502 4246 3609 4301 qua
3648 4246 3776 4301 spc-

2182 4328 2392 4383 cialiter
2422 4327 2612 4397 Angeli
2641 4327 3006 4393 nominantur,
3031 4341 3168 4396 quae
3211 4325 3308 4380 soli
3354 4326 3634 4395 gnosﬁeae
3660 4327 3775 4379 vir-

2184 4420 2284 4473 tuti
2310 4422 2355 4452 “
2379 4419 2592 4489 cognita
2621 4425 2725 4481 est,
2748 4432 2844 4486 per
2868 4434 3031 4488 quam
3064 4417 3285 4487 singulis
3310 4416 3627 4471 caelestium
3654 4418 3776 4483 διῄ-

490 4506 639 4562 nium
668 4522 862 4562 causae
882 4549 897 4571 ,
934 4509 986 4563 in
1017 4509 1134 4577 ejus
1164 4527 1290 4567 vero
1316 4517 1727 4587 participatione
1755 4522 2075 4590 multiplices

2185 4524 2394 4563 morum
2428 4507 2709 4561 ordinibus
2745 4508 3103 4576 proprietates
3129 4508 3510 4561 discernuntur
3534 4504 3605 4566 ³³,
3655 4505 3771 4559 dis—

490 4597 825 4652 ascensionis
858 4606 913 4652 et
946 4599 1317 4659 descensionis
1342 4608 1542 4676 gradus
1567 4611 1865 4679 possidere.
1908 4612 2080 4668 Unus-

491 4686 719 4757 quisque
744 4688 887 4743 enim
918 4689 1231 4747 caelestium
1253 4696 1557 4753 animorum
1588 4701 1721 4755 ordo
1744 4701 1897 4771 juxta
1926 4717 2075 4756 suam

494 4778 797 4864 analogiam
858 4780 1160 4837 divinarum
1227 4786 1679 4847 illuminationum
1745 4808 1917 4864 capax
1972 4803 2073 4850 est.

490 4863 678 4923 Nullus
706 4875 885 4921 autem
918 4869 1000 4923 eis
1028 4871 1290 4939 privatur,
1326 4879 1579 4945 quoniam
1613 4882 1664 4935 in
1710 4896 1898 4937 omnes
1926 4896 2075 4937 com-

492 4955 731 5020 muniter
757 4954 1088 5014 dillunditur.
1132 4960 1267 5017 Nam
1293 4976 1350 5020 et
1384 4982 1479 5021 aer
1500 4977 1555 5023 et
1581 4984 1721 5027 auua
1750 4980 2072 5040 terrenaque

2183 4592 2509 4655 tribuuntur.
2558 4597 2815 4668 Sequitur
2847 4618 2859 4652 :
2893 4599 2940 4630 “
2968 4597 3033 4650 Et
3056 4598 3222 4668 magis
3261 4597 3402 4667 apud
3457 4612 3550 4650 nos
3588 4596 3774 4665 Angeli

2178 4709 2337 4765 quam
2360 4694 2560 4762 priores
2581 4674 2751 4762 aptius
2780 4692 3051 4755 nominati,
3081 4701 3335 4760 quantum
3368 4698 3416 4742 et
3447 4690 3585 4741 circa
3613 4688 3774 4757 signi-

2180 4782 2425 4851 ﬁcantius
2454 4783 2579 4852 ipsis
2612 4793 2685 4836 est
2708 4782 2987 4844 ierarcltia,
3029 4791 3076 4834 et
3120 4781 3286 4849 magis
3326 4780 3767 4833 ci‘rcnmomatus.
3822 4780 3825 4787 ‘

2180 4872 2336 4928 Nunc
2377 4874 2640 4927 rationem
2672 4873 2723 4906 "
2771 4872 2966 4936 reddit,
3016 4886 3114 4925 cur
3166 4871 3212 4902 “
3267 4885 3457 4926 omnes
3504 4868 3770 4925 caelestes

2180 4966 2446 5021 essentiae
2472 4981 2502 5019 a
2532 4966 2792 5037 theologis
2804 4962 2974 5037 angeli
2990 4964 3315 5035 generaliter
3336 4963 3673 5035 appellentur
3697 4966 3766 5028 ’⁷,

1804 5114 1887 5168 VA
1899 5114 2056 5169 ΒΙΑΕ
2094 5111 2385 5168 LECTION
2394 5112 2494 5168 ES.

567 5229 585 5260 ί
613 5221 863 5302 E__mend.,
892 5236 990 5302 pro
1023 5227 1236 5302 etAéBC
1266 5240 1341 5285 ut.
1418 5235 1439 5265 ⁸
1467 5232 1557 5289 Sic
1573 5233 1631 5295 C,
1650 5233 1738 5289 AB
1761 5235 2057 5302 uiai/icant.

496 5292 1001 5374 ιίεο.(;ρνορρςέξεᾳτ
1055 5296 1171 5374 ΑΒ.
1194 5302 1307 5374 rat].
1324 5317 1465 5358 corr.
1481 5292 1917 5373 quemadmodum
1935 5304 2055 5372 fuit.
2072 5303 2272 5374 Cquem
2383 5292 2635 5374 inod‘mna
2691 5301 2712 5331 ⁸
2729 5292 2948 5374 Baiarg.
2967 5299 3124 5374 adscr

2134 5231 2258 5285 1|AB
2291 5231 2566 5301 ypofetico,
2600 5230 2680 5285 sic
2705 5228 2903 5298 ubique
2927 5227 3020 5292 ;B‘
3040 5243 3123 5281 ma
3196 5266 3208 5279 .
3236 5227 3414 5280 adscr.
3432 5227 3531 5278 i.e.
3547 5224 3767 5293 prophe-

2134 5319 2272 5361 quem
2289 5301 2359 5354 ad
2383 5307 2611 5355 modum.
2691 5301 2712 5331 ⁸
2729 5301 2948 5361 Btuarg.
2967 5242 3427 5361 adscrrzuaestio.
3505 5294 3526 5325 ⁸
3548 5293 3589 5346 Β
3610 5309 3767 5361 aeque

3212 5297 3427 5349 uaestio.
3505 5294 3526 5325 ⁸
3548 5293 3589 5346 Β
3610 5309 3767 5362 aeque

496 5361 743 5442 potentes.
785 5361 788 5362 ⁷
819 5363 839 5393 ⁷
858 5362 948 5416 Sic
962 5365 1019 5426 (3,
1039 5367 1127 5420 ΑΒ
1142 5370 1379 5440 colliyae.
1456 5375 1477 5406 ⁸
1492 5361 1583 5428 Sic
1597 5374 1637 5429 C
1651 5384 1703 5428 et
1718 5390 1860 5429 corr.
1878 5361 1958 5431 Β”’,
1978 5390 2073 5442 pro
2086 5361 2175 5427 sc'u
2192 5371 2428 5425 similiter
2440 5370 2527 5442 AB
2540 5388 2594 5424 se
2617 5361 2926 5442 humiliter:
2977 5368 3053 5442 ’Β
3068 5376 3474 5442 aequepotentes.
3552 5361 3762 5442 ‘°__Corr.

495 5433 560 5521 'g,
598 5438 686 5521 ΑΒ
718 5448 889 5521 neque.
910 5446 1206 5521 potestates.
1244 5433 1305 5505 (ἶ,
1334 5455 1707 5521 equepotentes.
1789 5445 1829 5476 “
1867 5446 1956 5521 sic
2070 5453 2124 5498 et
2152 5443 2266 5496 rad.
2299 5458 2441 5496 corr.
2464 5441 2620 5521 OB;hA
2651 5440 2940 5521 expressit:
3077 5433 3455 5521 li‘dit'ersorum
3492 5433 3743 5521 .qrt'l‘inum

500 5502 555 5543 η’
590 5502 1071 5583 ριιιειινξειξάίξῖοιη.
1112 5509 1171 5576 Β,
1198 5502 1383 5583 marg:
1423 5502 1598 5569 adscr.
1646 5515 1685 5568 Β
1717 5516 1752 5569 ”.

499 5572 722 5652 radium.
831 5572 846 5601 ¹
971 5572 1222 5638 creature.

497 5647 797 5706 cucleslium
820 5647 1134 5707 animorum.

1834 5516 1877 5545 “
1901 5514 1990 5569 Sic
2019 5514 2127 5579 AC,

1329 5586 1372 5615 ³⁸
1395 5584 1437 5638 Β
1467 5589 1482 5604 ’
1515 5601 1684 5655 marg.
1718 5586 1894 5640 adscr.
1947 5584 2020 5637 De
2050 5583 2248 5655 angelis

1214 5655 1252 5685 "
1286 5667 1359 5710 est
1388 5673 1495 5728 Olli,
1525 5655 1674 5728 ABG,
1705 5673 1865 5728 supra
1890 5655 2065 5728 adscr.
2099 5654 2139 5708 B
2163 5656 2199 5707 '.

2156 5526 2253 5583 pro
2280 5523 2352 5565 est
2378 5512 2526 5583 enim
2561 5512 2599 5583 Β
2626 5512 2831 5564 etenim.
2990 5509 3030 5562 Β
3060 5509 3234 5562 adscr.

3492 5504 3535 5596 .‘i'
3562 5503 3605 5556 ⁸
3644 5518 3768 5623 at:

2393 5514 2526 5565 enim
2561 5514 2831 5564 Beteuim.
2897 5514 2941 5539 "
2990 5514 3030 5562 B
3060 5514 3234 5562 adscr.
3298 5514 3391 5558 est.
3492 5514 3535 5535 ι’

2352 5581 2392 5613 ¹⁹
2422 5581 2707 5650 angelicam
2736 5596 2841 5635 om.
2870 5579 2977 5639 AB,
3021 5594 3187 5648 marg.
3235 5577 3408 5650 adscr.
3458 5574 3557 5650 Βξ.

2277 5655 2321 5685 ’³
2354 5652 2444 5707 Sic
2479 5641 2518 5706 (ἶ
2547 5662 2600 5705 ct
2628 5666 2771 5705 corr.
2820 5650 2902 5714 15‘,
2953 5650 3038 5702 ΛΒ
3074 5641 3278 5702 υἱῆηιε.
3356 5646 3401 5676 ’³
3459 5643 3549 5698 Sic
3576 5642 3692 5714 AC,
3731 5641 3765 5691 Β

498 5720 866 5797 όὲςεειοιιιιηιιιζ
886 5710 1091 5783 (Punct.
1110 5729 1214 5784 adi.
1233 5729 1336 5796 B').
1416 5727 1461 5759 ”
1478 5727 1515 5782 Β
1532 5727 1592 5781 Et
1608 5710 1745 5783 attat.
1771 5710 1787 5728 ³
1824 5728 1870 5758 ’³
1885 5726 1925 5780 Β
1941 5728 2182 5782 rationes.
2261 5724 2306 5757 ²⁶
2323 5725 2473 5780 Corr.
2489 5721 2572 5791 B‘,
2591 5721 2676 5775 AB
2696 5710 2911 5787 circum,
2927 5721 2966 5774 (Ζ
2981 5737 3073 5774 cur
3088 5733 3222 5773 cum.
3303 5718 3345 5749 ⁸⁷
3361 5718 3400 5772 (1
3415 5713 3758 5785 appellantur.
