  <div class='ocr_page' id='page_1' title='image "/cluster/home/n/w/nwhite01/storage/ocr_20150623/122/hvd.32044015471659/144.png"; bbox 0 0 3984 5672; ppageno 0'>
   <div class='ocr_carea' id='block_1_1' title="bbox 120 378 226 435">
    <p class='ocr_par' dir='ltr' id='par_1_1' title="bbox 120 378 226 435">
     <span class='ocr_line' id='line_1_1' title="bbox 120 378 226 435; baseline 0 -1"><span class='ocrx_word' id='word_1_1' title='bbox 120 378 226 435; x_wconf 77' lang='grc'><strong>213</strong></span> 
     </span>
    </p>
   </div>
   <div class='ocr_carea' id='block_1_2' title="bbox 965 368 2555 429">
    <p class='ocr_par' dir='ltr' id='par_1_2' title="bbox 965 368 2555 429">
     <span class='ocr_line' id='line_1_2' title="bbox 965 368 2555 429; baseline -0.001 -1"><span class='ocrx_word' id='word_1_2' title='bbox 965 370 1190 428; x_wconf 82' lang='lat' dir='ltr'><strong>SUPER</strong></span> <span class='ocrx_word' id='word_1_3' title='bbox 1228 368 1654 427; x_wconf 71' lang='grc' dir='ltr'>ιΕιιΑιιοιιιΑιι</span> <span class='ocrx_word' id='word_1_4' title='bbox 1690 368 2097 427; x_wconf 69' lang='grc' dir='ltr'>εΑΕιεετειι</span> <span class='ocrx_word' id='word_1_5' title='bbox 2138 370 2196 426; x_wconf 92' lang='lat' dir='ltr'><strong>S.</strong></span> <span class='ocrx_word' id='word_1_6' title='bbox 2237 370 2555 429; x_wconf 82' lang='lat' dir='ltr'><strong>DIONYSII.</strong></span> 
     </span>
    </p>
   </div>
   <div class='ocr_carea' id='block_1_3' title="bbox 3290 375 3398 433">
    <p class='ocr_par' dir='ltr' id='par_1_3' title="bbox 3290 375 3398 433">
     <span class='ocr_line' id='line_1_3' title="bbox 3290 375 3398 433; baseline 0.009 -1"><span class='ocrx_word' id='word_1_7' title='bbox 3290 375 3398 433; x_wconf 76' lang='grc' dir='ltr'><strong>ειι</strong></span> 
     </span>
    </p>
   </div>
   <div class='ocr_carea' id='block_1_4' title="bbox 119 482 3395 564">
    <p class='ocr_par' dir='ltr' id='par_1_4' title="bbox 119 482 3395 564">
     <span class='ocr_line' id='line_1_4' title="bbox 119 482 3395 564; baseline -0 -17"><span class='ocrx_word' id='word_1_8' title='bbox 119 500 402 551; x_wconf 75' lang='lat' dir='ltr'><strong>extremus</strong></span> <span class='ocrx_word' id='word_1_9' title='bbox 437 486 572 543; x_wconf 88' lang='lat' dir='ltr'><strong>ordo</strong></span> <span class='ocrx_word' id='word_1_10' title='bbox 615 485 1031 555; x_wconf 76' lang='lat' dir='ltr'><strong>hominibusque</strong></span> <span class='ocrx_word' id='word_1_11' title='bbox 1075 485 1353 556; x_wconf 76' lang='lat' dir='ltr'><strong>proximus</strong></span> <span class='ocrx_word' id='word_1_12' title='bbox 1400 484 1703 555; x_wconf 71' lang='lat' dir='ltr'><strong>specialiter</strong></span> <span class='ocrx_word' id='word_1_13' title='bbox 1731 488 1777 545; x_wconf 78' lang='grc' dir='ltr'><strong>Α</strong></span> <span class='ocrx_word' id='word_1_14' title='bbox 1807 486 2105 539; x_wconf 77' lang='lat' dir='ltr'><strong>nationibus</strong></span> <span class='ocrx_word' id='word_1_15' title='bbox 2141 495 2192 539; x_wconf 90' lang='lat' dir='ltr'><strong>et</strong></span> <span class='ocrx_word' id='word_1_16' title='bbox 2230 485 2521 540; x_wconf 75' lang='lat' dir='ltr'><strong>Virtutibus</strong></span> <span class='ocrx_word' id='word_1_17' title='bbox 2541 498 2587 539; x_wconf 88' lang='lat' dir='ltr'><strong>et</strong></span> <span class='ocrx_word' id='word_1_18' title='bbox 2616 482 2986 554; x_wconf 77' lang='lat' dir='ltr'><strong>Potestatibus,</strong></span> <span class='ocrx_word' id='word_1_19' title='bbox 3013 490 3128 559; x_wconf 79' lang='lat' dir='ltr'><strong>ejus</strong></span> <span class='ocrx_word' id='word_1_20' title='bbox 3168 492 3215 556; x_wconf 79' lang='grc'>⁸,</span> <span class='ocrx_word' id='word_1_21' title='bbox 3257 510 3395 564; x_wconf 76' lang='lat' dir='ltr'><strong>quas</strong></span> 
     </span>
    </p>
   </div>
   <div class='ocr_carea' id='block_1_5' title="bbox 121 573 1701 653">
    <p class='ocr_par' dir='ltr' id='par_1_5' title="bbox 121 573 1701 653">
     <span class='ocr_line' id='line_1_5' title="bbox 121 573 1701 653; baseline -0.008 -15"><span class='ocrx_word' id='word_1_22' title='bbox 121 579 396 653; x_wconf 76' lang='lat' dir='ltr'><strong>angelicas</strong></span> <span class='ocrx_word' id='word_1_23' title='bbox 410 577 722 633; x_wconf 74' lang='lat' dir='ltr'><strong>nominatur</strong></span> <span class='ocrx_word' id='word_1_24' title='bbox 752 576 790 628; x_wconf 81' lang='grc'><strong>³.</strong></span> <span class='ocrx_word' id='word_1_25' title='bbox 838 574 1029 645; x_wconf 69' lang='lat' dir='ltr'><strong>Magis,</strong></span> <span class='ocrx_word' id='word_1_26' title='bbox 1059 574 1264 644; x_wconf 90' lang='lat' dir='ltr'><strong>inquit,</strong></span> <span class='ocrx_word' id='word_1_27' title='bbox 1295 573 1436 643; x_wconf 75' lang='lat' dir='ltr'><strong>apud</strong></span> <span class='ocrx_word' id='word_1_28' title='bbox 1475 588 1575 627; x_wconf 85' lang='lat' dir='ltr'><strong>nos</strong></span> <span class='ocrx_word' id='word_1_29' title='bbox 1605 574 1701 626; x_wconf 85' lang='lat' dir='ltr'><strong>ho-</strong></span> 
     </span>
    </p>
   </div>
   <div class='ocr_carea' id='block_1_6' title="bbox 121 662 1701 738">
    <p class='ocr_par' dir='ltr' id='par_1_6' title="bbox 121 662 1701 738">
     <span class='ocr_line' id='line_1_6' title="bbox 121 662 1701 738; baseline -0.008 -10"><span class='ocrx_word' id='word_1_30' title='bbox 121 672 315 734; x_wconf 84' lang='lat' dir='ltr'><strong>mines,</strong></span> <span class='ocrx_word' id='word_1_31' title='bbox 340 682 505 738; x_wconf 87' lang='lat' dir='ltr'><strong>quam</strong></span> <span class='ocrx_word' id='word_1_32' title='bbox 530 666 672 736; x_wconf 77' lang='lat' dir='ltr'><strong>apud</strong></span> <span class='ocrx_word' id='word_1_33' title='bbox 696 664 958 720; x_wconf 83' lang='lat' dir='ltr'><strong>caelestes</strong></span> <span class='ocrx_word' id='word_1_34' title='bbox 982 664 1213 719; x_wconf 77' lang='lat' dir='ltr'><strong>virtutes</strong></span> <span class='ocrx_word' id='word_1_35' title='bbox 1236 663 1416 732; x_wconf 90' lang='lat' dir='ltr'><strong>aptius</strong></span> <span class='ocrx_word' id='word_1_36' title='bbox 1439 662 1701 717; x_wconf 79' lang='lat' dir='ltr'><strong>nominati</strong></span> 
     </span>
    </p>
   </div>
   <div class='ocr_carea' id='block_1_7' title="bbox 121 754 1704 831">
    <p class='ocr_par' dir='ltr' id='par_1_7' title="bbox 121 754 1704 831">
     <span class='ocr_line' id='line_1_7' title="bbox 121 754 1704 831; baseline -0.007 -13"><span class='ocrx_word' id='word_1_37' title='bbox 121 769 243 818; x_wconf 85' lang='lat' dir='ltr'><strong>sunt</strong></span> <span class='ocrx_word' id='word_1_38' title='bbox 260 760 458 831; x_wconf 82' lang='lat' dir='ltr'><strong>angeli,</strong></span> <span class='ocrx_word' id='word_1_39' title='bbox 482 774 645 831; x_wconf 87' lang='lat' dir='ltr'><strong>quam</strong></span> <span class='ocrx_word' id='word_1_40' title='bbox 666 757 896 828; x_wconf 84' lang='lat' dir='ltr'><strong>priores,</strong></span> <span class='ocrx_word' id='word_1_41' title='bbox 926 757 1029 812; x_wconf 83' lang='lat' dir='ltr'><strong>hoc</strong></span> <span class='ocrx_word' id='word_1_42' title='bbox 1063 764 1168 821; x_wconf 90' lang='lat' dir='ltr'><strong>est,</strong></span> <span class='ocrx_word' id='word_1_43' title='bbox 1191 770 1355 826; x_wconf 84' lang='lat' dir='ltr'><strong>quam</strong></span> <span class='ocrx_word' id='word_1_44' title='bbox 1380 754 1704 824; x_wconf 86' lang='lat' dir='ltr'><strong>praeceden-</strong></span> 
     </span>
    </p>
   </div>
   <div class='ocr_carea' id='block_1_8' title="bbox 122 845 1704 919">
    <p class='ocr_par' dir='ltr' id='par_1_8' title="bbox 122 845 1704 919">
     <span class='ocr_line' id='line_1_8' title="bbox 122 845 1704 919; baseline -0.008 -9"><span class='ocrx_word' id='word_1_45' title='bbox 122 864 202 910; x_wconf 88' lang='lat' dir='ltr'><strong>tes</strong></span> <span class='ocrx_word' id='word_1_46' title='bbox 238 866 336 907; x_wconf 85' lang='lat' dir='ltr'><strong>eos</strong></span> <span class='ocrx_word' id='word_1_47' title='bbox 382 850 628 911; x_wconf 82' lang='lat' dir='ltr'><strong>virtutes,</strong></span> <span class='ocrx_word' id='word_1_48' title='bbox 661 850 917 919; x_wconf 81' lang='lat' dir='ltr'><strong>quoniam</strong></span> <span class='ocrx_word' id='word_1_49' title='bbox 952 846 1072 917; x_wconf 84' lang='lat' dir='ltr'><strong>plus</strong></span> <span class='ocrx_word' id='word_1_50' title='bbox 1096 862 1260 915; x_wconf 80' lang='lat' dir='ltr'><strong>quam</strong></span> <span class='ocrx_word' id='word_1_51' title='bbox 1287 845 1592 913; x_wconf 80' lang='lat' dir='ltr'><strong>superiores</strong></span> <span class='ocrx_word' id='word_1_52' title='bbox 1613 859 1704 899; x_wconf 86' lang='lat' dir='ltr'><strong>or-</strong></span> 
     </span>
    </p>
   </div>
   <div class='ocr_carea' id='block_1_9' title="bbox 121 937 1702 1013">
    <p class='ocr_par' dir='ltr' id='par_1_9' title="bbox 121 937 1702 1013">
     <span class='ocr_line' id='line_1_9' title="bbox 121 937 1702 1013; baseline -0.008 -11"><span class='ocrx_word' id='word_1_53' title='bbox 121 947 270 1002; x_wconf 86' lang='lat' dir='ltr'><strong>dines</strong></span> <span class='ocrx_word' id='word_1_54' title='bbox 296 943 458 999; x_wconf 88' lang='lat' dir='ltr'><strong>nobis</strong></span> <span class='ocrx_word' id='word_1_55' title='bbox 496 942 955 1013; x_wconf 76' lang='lat' dir='ltr'><strong>appropinquant,</strong></span> <span class='ocrx_word' id='word_1_56' title='bbox 1010 940 1293 1011; x_wconf 75' lang='lat' dir='ltr'><strong>magisque</strong></span> <span class='ocrx_word' id='word_1_57' title='bbox 1336 938 1491 993; x_wconf 88' lang='lat' dir='ltr'><strong>nobis</strong></span> <span class='ocrx_word' id='word_1_58' title='bbox 1523 937 1702 993; x_wconf 88' lang='lat' dir='ltr'><strong>divina</strong></span> 
     </span>
    </p>
   </div>
   <div class='ocr_carea' id='block_1_10' title="bbox 120 1029 1701 1103">
    <p class='ocr_par' dir='ltr' id='par_1_10' title="bbox 120 1029 1701 1103">
     <span class='ocr_line' id='line_1_10' title="bbox 120 1029 1701 1103; baseline -0.004 -14"><span class='ocrx_word' id='word_1_59' title='bbox 120 1034 439 1090; x_wconf 86' lang='lat' dir='ltr'><strong>annuntiant</strong></span> <span class='ocrx_word' id='word_1_60' title='bbox 464 1042 521 1087; x_wconf 90' lang='lat' dir='ltr'><strong>et</strong></span> <span class='ocrx_word' id='word_1_61' title='bbox 546 1032 796 1103; x_wconf 89' lang='lat' dir='ltr'><strong>aperiunt</strong></span> <span class='ocrx_word' id='word_1_62' title='bbox 826 1031 1101 1102; x_wconf 88' lang='lat' dir='ltr'><strong>mysteria.</strong></span> <span class='ocrx_word' id='word_1_63' title='bbox 1139 1031 1411 1097; x_wconf 83' lang='lat' dir='ltr'><strong>Quantum</strong></span> <span class='ocrx_word' id='word_1_64' title='bbox 1456 1039 1513 1084; x_wconf 91' lang='lat' dir='ltr'><strong>et</strong></span> <span class='ocrx_word' id='word_1_65' title='bbox 1557 1029 1701 1083; x_wconf 88' lang='lat' dir='ltr'><strong>circa</strong></span> 
     </span>
    </p>
   </div>
   <div class='ocr_carea' id='block_1_11' title="bbox 120 1121 1704 1205">
    <p class='ocr_par' dir='ltr' id='par_1_11' title="bbox 120 1121 1704 1205">
     <span class='ocr_line' id='line_1_11' title="bbox 120 1121 1704 1205; baseline -0.006 -23"><span class='ocrx_word' id='word_1_66' title='bbox 120 1124 514 1198; x_wconf 84' lang='lat' dir='ltr'><strong>signiﬁcantius</strong></span> <span class='ocrx_word' id='word_1_67' title='bbox 555 1124 686 1194; x_wconf 82' lang='lat' dir='ltr'><strong>ipsis</strong></span> <span class='ocrx_word' id='word_1_68' title='bbox 711 1132 798 1178; x_wconf 89' lang='lat' dir='ltr'><strong>est</strong></span> <span class='ocrx_word' id='word_1_69' title='bbox 826 1122 1094 1177; x_wconf 86' lang='lat' dir='ltr'><strong>ierarcbia</strong></span> <span class='ocrx_word' id='word_1_70' title='bbox 1116 1131 1173 1176; x_wconf 87' lang='lat' dir='ltr'><strong>et</strong></span> <span class='ocrx_word' id='word_1_71' title='bbox 1192 1121 1368 1205; x_wconf 71' lang='lat' dir='ltr'><strong>magis</strong></span> <span class='ocrx_word' id='word_1_72' title='bbox 1408 1121 1704 1176; x_wconf 87' lang='lat' dir='ltr'><strong>circumor-</strong></span> 
     </span>
    </p>
   </div>
   <div class='ocr_carea' id='block_1_12' title="bbox 121 1208 1702 1281">
    <p class='ocr_par' dir='ltr' id='par_1_12' title="bbox 121 1208 1702 1281">
     <span class='ocr_line' id='line_1_12' title="bbox 121 1208 1702 1281; baseline -0.006 -10"><span class='ocrx_word' id='word_1_73' title='bbox 121 1223 294 1280; x_wconf 86' lang='lat' dir='ltr'><strong>natus,</strong></span> <span class='ocrx_word' id='word_1_74' title='bbox 326 1214 433 1269; x_wconf 83' lang='lat' dir='ltr'><strong>hoc</strong></span> <span class='ocrx_word' id='word_1_75' title='bbox 458 1225 564 1277; x_wconf 88' lang='lat' dir='ltr'><strong>est,</strong></span> <span class='ocrx_word' id='word_1_76' title='bbox 597 1214 885 1268; x_wconf 67' lang='lat' dir='ltr'><strong>in’tautum</strong></span> <span class='ocrx_word' id='word_1_77' title='bbox 916 1212 1058 1281; x_wconf 88' lang='lat' dir='ltr'><strong>apud</strong></span> <span class='ocrx_word' id='word_1_78' title='bbox 1089 1225 1189 1266; x_wconf 87' lang='lat' dir='ltr'><strong>nos</strong></span> <span class='ocrx_word' id='word_1_79' title='bbox 1214 1211 1393 1280; x_wconf 85' lang='lat' dir='ltr'><strong>aptius</strong></span> <span class='ocrx_word' id='word_1_80' title='bbox 1438 1208 1702 1264; x_wconf 85' lang='lat' dir='ltr'><strong>nominati</strong></span> 
     </span>
    </p>
   </div>
   <div class='ocr_carea' id='block_1_13' title="bbox 120 1303 1702 1378">
    <p class='ocr_par' dir='ltr' id='par_1_13' title="bbox 120 1303 1702 1378">
     <span class='ocr_line' id='line_1_13' title="bbox 120 1303 1702 1378; baseline -0.003 -15"><span class='ocrx_word' id='word_1_81' title='bbox 120 1316 239 1365; x_wconf 83' lang='lat' dir='ltr'><strong>sunt</strong></span> <span class='ocrx_word' id='word_1_82' title='bbox 260 1307 463 1378; x_wconf 84' lang='lat' dir='ltr'><strong>angeli,</strong></span> <span class='ocrx_word' id='word_1_83' title='bbox 489 1321 651 1376; x_wconf 86' lang='lat' dir='ltr'><strong>quam</strong></span> <span class='ocrx_word' id='word_1_84' title='bbox 679 1306 911 1375; x_wconf 84' lang='lat' dir='ltr'><strong>priores,</strong></span> <span class='ocrx_word' id='word_1_85' title='bbox 940 1305 993 1359; x_wconf 92' lang='lat' dir='ltr'><strong>in</strong></span> <span class='ocrx_word' id='word_1_86' title='bbox 1020 1312 1281 1373; x_wconf 87' lang='lat' dir='ltr'><strong>quantum</strong></span> <span class='ocrx_word' id='word_1_87' title='bbox 1320 1313 1406 1359; x_wconf 87' lang='lat' dir='ltr'><strong>est</strong></span> <span class='ocrx_word' id='word_1_88' title='bbox 1435 1303 1568 1373; x_wconf 86' lang='lat' dir='ltr'><strong>ipsis</strong></span> <span class='ocrx_word' id='word_1_89' title='bbox 1622 1305 1702 1359; x_wconf 86' lang='lat' dir='ltr'><strong>ie-</strong></span> 
     </span>
    </p>
   </div>
   <div class='ocr_carea' id='block_1_14' title="bbox 121 1399 1707 1470">
    <p class='ocr_par' dir='ltr' id='par_1_14' title="bbox 121 1399 1707 1470">
     <span class='ocr_line' id='line_1_14' title="bbox 121 1399 1707 1470; baseline -0.005 -11"><span class='ocrx_word' id='word_1_90' title='bbox 121 1403 327 1460; x_wconf 87' lang='lat' dir='ltr'><strong>rarcbia</strong></span> <span class='ocrx_word' id='word_1_91' title='bbox 341 1403 362 1436; x_wconf 81' lang='lat'>&#39;</span> <span class='ocrx_word' id='word_1_92' title='bbox 387 1403 538 1457; x_wconf 90' lang='lat' dir='ltr'><strong>circa</strong></span> <span class='ocrx_word' id='word_1_93' title='bbox 564 1400 717 1466; x_wconf 89' lang='lat' dir='ltr'><strong>illud,</strong></span> <span class='ocrx_word' id='word_1_94' title='bbox 731 1401 875 1470; x_wconf 81' lang='lat' dir='ltr'><strong>quod</strong></span> <span class='ocrx_word' id='word_1_95' title='bbox 888 1399 1304 1469; x_wconf 83' lang='lat' dir='ltr'><strong>significantius,</strong></span> <span class='ocrx_word' id='word_1_96' title='bbox 1332 1399 1435 1453; x_wconf 84' lang='lat' dir='ltr'><strong>hoc</strong></span> <span class='ocrx_word' id='word_1_97' title='bbox 1454 1407 1557 1461; x_wconf 91' lang='lat' dir='ltr'><strong>est,</strong></span> <span class='ocrx_word' id='word_1_98' title='bbox 1590 1410 1707 1451; x_wconf 84' lang='lat' dir='ltr'><strong>ma-</strong></span> 
     </span>
    </p>
   </div>
   <div class='ocr_carea' id='block_1_15' title="bbox 120 1486 1699 1560">
    <p class='ocr_par' dir='ltr' id='par_1_15' title="bbox 120 1486 1699 1560">
     <span class='ocr_line' id='line_1_15' title="bbox 120 1486 1699 1560; baseline -0.006 -12"><span class='ocrx_word' id='word_1_99' title='bbox 120 1491 356 1548; x_wconf 85' lang='lat' dir='ltr'><strong>nifestius</strong></span> <span class='ocrx_word' id='word_1_100' title='bbox 396 1498 457 1545; x_wconf 88' lang='lat' dir='ltr'><strong>et</strong></span> <span class='ocrx_word' id='word_1_101' title='bbox 497 1489 808 1560; x_wconf 72' lang='lat' dir='ltr'><strong>expressius</strong></span> <span class='ocrx_word' id='word_1_102' title='bbox 844 1488 999 1542; x_wconf 88' lang='lat' dir='ltr'><strong>nobis</strong></span> <span class='ocrx_word' id='word_1_103' title='bbox 1045 1503 1144 1558; x_wconf 91' lang='lat' dir='ltr'><strong>per</strong></span> <span class='ocrx_word' id='word_1_104' title='bbox 1189 1501 1284 1542; x_wconf 90' lang='lat' dir='ltr'><strong>eos</strong></span> <span class='ocrx_word' id='word_1_105' title='bbox 1328 1486 1699 1542; x_wconf 86' lang='lat' dir='ltr'><strong>annuntiatnr.</strong></span> 
     </span>
    </p>
   </div>
   <div class='ocr_carea' id='block_1_16' title="bbox 119 1579 1701 1650">
    <p class='ocr_par' dir='ltr' id='par_1_16' title="bbox 119 1579 1701 1650">
     <span class='ocr_line' id='line_1_16' title="bbox 119 1579 1701 1650; baseline -0.005 -12"><span class='ocrx_word' id='word_1_106' title='bbox 119 1582 342 1646; x_wconf 84' lang='lat' dir='ltr'><strong>latuere,</strong></span> <span class='ocrx_word' id='word_1_107' title='bbox 373 1580 524 1650; x_wconf 90' lang='lat' dir='ltr'><strong>quod</strong></span> <span class='ocrx_word' id='word_1_108' title='bbox 559 1579 953 1649; x_wconf 85' lang='lat' dir='ltr'><strong>signiﬁcantius</strong></span> <span class='ocrx_word' id='word_1_109' title='bbox 990 1592 1111 1644; x_wconf 88' lang='lat' dir='ltr'><strong>seu,</strong></span> <span class='ocrx_word' id='word_1_110' title='bbox 1140 1587 1199 1633; x_wconf 91' lang='lat' dir='ltr'><strong>ut</strong></span> <span class='ocrx_word' id='word_1_111' title='bbox 1239 1592 1495 1648; x_wconf 77' lang='lat' dir='ltr'><strong>expresse</strong></span> <span class='ocrx_word' id='word_1_112' title='bbox 1522 1586 1701 1631; x_wconf 88' lang='lat' dir='ltr'><strong>trans-</strong></span> 
     </span>
    </p>
   </div>
   <div class='ocr_carea' id='block_1_17' title="bbox 121 1668 1699 1740">
    <p class='ocr_par' dir='ltr' id='par_1_17' title="bbox 121 1668 1699 1740">
     <span class='ocr_line' id='line_1_17' title="bbox 121 1668 1699 1740; baseline -0.005 -11"><span class='ocrx_word' id='word_1_113' title='bbox 121 1673 298 1735; x_wconf 90' lang='lat' dir='ltr'><strong>fertur,</strong></span> <span class='ocrx_word' id='word_1_114' title='bbox 334 1668 677 1727; x_wconf 77' lang='lat' dir='ltr'><strong>manifestius</strong></span> <span class='ocrx_word' id='word_1_115' title='bbox 718 1684 826 1723; x_wconf 91' lang='lat' dir='ltr'><strong>non</strong></span> <span class='ocrx_word' id='word_1_116' title='bbox 850 1678 991 1724; x_wconf 78' lang='lat' dir='ltr'><strong>sunt</strong></span> <span class='ocrx_word' id='word_1_117' title='bbox 1030 1669 1395 1740; x_wconf 82' lang='lat' dir='ltr'><strong>comparativa</strong></span> <span class='ocrx_word' id='word_1_118' title='bbox 1425 1669 1699 1733; x_wconf 76' lang='lat' dir='ltr'><strong>adverbia,</strong></span> 
     </span>
    </p>
   </div>
   <div class='ocr_carea' id='block_1_18' title="bbox 122 1761 1703 1831">
    <p class='ocr_par' dir='ltr' id='par_1_18' title="bbox 122 1761 1703 1831">
     <span class='ocr_line' id='line_1_18' title="bbox 122 1761 1703 1831; baseline -0.004 -11"><span class='ocrx_word' id='word_1_119' title='bbox 122 1764 209 1821; x_wconf 86' lang='lat' dir='ltr'><strong>sed</strong></span> <span class='ocrx_word' id='word_1_120' title='bbox 250 1763 582 1818; x_wconf 87' lang='lat' dir='ltr'><strong>neutralium</strong></span> <span class='ocrx_word' id='word_1_121' title='bbox 637 1761 915 1817; x_wconf 84' lang='lat' dir='ltr'><strong>nominum</strong></span> <span class='ocrx_word' id='word_1_122' title='bbox 960 1762 1351 1830; x_wconf 87' lang='lat' dir='ltr'><strong>comparativa.</strong></span> <span class='ocrx_word' id='word_1_123' title='bbox 1416 1761 1483 1816; x_wconf 80' lang='lat' dir='ltr'><strong>Et</strong></span> <span class='ocrx_word' id='word_1_124' title='bbox 1530 1762 1703 1831; x_wconf 83' lang='lat' dir='ltr'><strong>magis</strong></span> 
     </span>
    </p>
   </div>
   <div class='ocr_carea' id='block_1_19' title="bbox 1806 575 3395 650">
    <p class='ocr_par' dir='ltr' id='par_1_19' title="bbox 1806 575 3395 650">
     <span class='ocr_line' id='line_1_19' title="bbox 1806 575 3395 650; baseline 0.004 -19"><span class='ocrx_word' id='word_1_125' title='bbox 1806 587 1881 631; x_wconf 80' lang='lat' dir='ltr'><strong>est</strong></span> <span class='ocrx_word' id='word_1_126' title='bbox 1910 575 2238 645; x_wconf 70' lang='lat' dir='ltr'><strong>Principibus</strong></span> <span class='ocrx_word' id='word_1_127' title='bbox 2266 577 2289 608; x_wconf 81' lang='lat'>&#39;</span> <span class='ocrx_word' id='word_1_128' title='bbox 2316 586 2364 630; x_wconf 88' lang='lat' dir='ltr'><strong>et</strong></span> <span class='ocrx_word' id='word_1_129' title='bbox 2387 577 2723 647; x_wconf 73' lang='lat' dir='ltr'><strong>Archnngelis</strong></span> <span class='ocrx_word' id='word_1_130' title='bbox 2752 586 2800 632; x_wconf 81' lang='lat' dir='ltr'><strong>st</strong></span> <span class='ocrx_word' id='word_1_131' title='bbox 2818 579 3051 650; x_wconf 81' lang='lat' dir='ltr'><strong>Angelis,</strong></span> <span class='ocrx_word' id='word_1_132' title='bbox 3101 580 3395 639; x_wconf 73' lang='lat' dir='ltr'><strong>ierarchias</strong></span> 
     </span>
    </p>
   </div>
   <div class='ocr_carea' id='block_1_20' title="bbox 1805 666 3393 738">
    <p class='ocr_par' dir='ltr' id='par_1_20' title="bbox 1805 666 3393 738">
     <span class='ocr_line' id='line_1_20' title="bbox 1805 666 3393 738; baseline 0.006 -19"><span class='ocrx_word' id='word_1_133' title='bbox 1805 666 2113 738; x_wconf 72' lang='lat' dir='ltr'><strong>principari.</strong></span> <span class='ocrx_word' id='word_1_134' title='bbox 2165 666 2322 722; x_wconf 87' lang='lat' dir='ltr'><strong>Patet</strong></span> <span class='ocrx_word' id='word_1_135' title='bbox 2354 668 2497 736; x_wconf 91' lang='lat' dir='ltr'><strong>quod</strong></span> <span class='ocrx_word' id='word_1_136' title='bbox 2540 667 2617 721; x_wconf 87' lang='lat' dir='ltr'><strong>ait</strong></span> <span class='ocrx_word' id='word_1_137' title='bbox 2653 684 2667 721; x_wconf 74' lang='grc' dir='ltr'><strong>ε</strong></span> <span class='ocrx_word' id='word_1_138' title='bbox 2696 668 3103 725; x_wconf 76' lang='lat' dir='ltr'><strong>Aestimandum</strong></span> <span class='ocrx_word' id='word_1_139' title='bbox 3123 687 3274 738; x_wconf 79' lang='lat' dir='ltr'><strong>vero,</strong></span> <span class='ocrx_word' id='word_1_140' title='bbox 3306 674 3393 728; x_wconf 80' lang='lat' dir='ltr'><strong>in-</strong></span> 
     </span>
    </p>
   </div>
   <div class='ocr_carea' id='block_1_21' title="bbox 1806 738 3395 834">
    <p class='ocr_par' dir='ltr' id='par_1_21' title="bbox 1806 738 3395 834">
     <span class='ocr_line' id='line_1_21' title="bbox 1806 738 3395 834; baseline 0.005 -22"><span class='ocrx_word' id='word_1_141' title='bbox 1806 757 1939 828; x_wconf 88' lang='lat' dir='ltr'><strong>quit,</strong></span> <span class='ocrx_word' id='word_1_142' title='bbox 1967 757 2256 813; x_wconf 84' lang='lat' dir='ltr'><strong>secundam</strong></span> <span class='ocrx_word' id='word_1_143' title='bbox 2285 738 2605 813; x_wconf 72' lang='lat' dir='ltr'><strong>ierarchiam</strong></span> <span class='ocrx_word' id='word_1_144' title='bbox 2650 760 2840 814; x_wconf 88' lang='lat' dir='ltr'><strong>tertiae</strong></span> <span class='ocrx_word' id='word_1_145' title='bbox 2873 761 3171 817; x_wconf 89' lang='lat' dir='ltr'><strong>ierarchiae</strong></span> <span class='ocrx_word' id='word_1_146' title='bbox 3192 764 3395 834; x_wconf 85' lang='lat' dir='ltr'><strong>princi—</strong></span> 
     </span>
    </p>
   </div>
   <div class='ocr_carea' id='block_1_22' title="bbox 1805 847 3396 919">
    <p class='ocr_par' dir='ltr' id='par_1_22' title="bbox 1805 847 3396 919">
     <span class='ocr_line' id='line_1_22' title="bbox 1805 847 3396 919; baseline 0.005 -18"><span class='ocrx_word' id='word_1_147' title='bbox 1805 849 1944 919; x_wconf 90' lang='lat' dir='ltr'><strong>pari.</strong></span> <span class='ocrx_word' id='word_1_148' title='bbox 2008 847 2077 903; x_wconf 88' lang='lat' dir='ltr'><strong>Ut</strong></span> <span class='ocrx_word' id='word_1_149' title='bbox 2105 849 2248 902; x_wconf 89' lang='lat' dir='ltr'><strong>enim</strong></span> <span class='ocrx_word' id='word_1_150' title='bbox 2298 849 2471 918; x_wconf 88' lang='lat' dir='ltr'><strong>prima</strong></span> <span class='ocrx_word' id='word_1_151' title='bbox 2498 848 2789 903; x_wconf 82' lang='lat' dir='ltr'><strong>secundam</strong></span> <span class='ocrx_word' id='word_1_152' title='bbox 2819 850 2887 915; x_wconf 85' lang='grc'><strong>¹⁰,</strong></span> <span class='ocrx_word' id='word_1_153' title='bbox 2920 851 2991 905; x_wconf 91' lang='lat' dir='ltr'><strong>ita</strong></span> <span class='ocrx_word' id='word_1_154' title='bbox 3022 854 3255 907; x_wconf 89' lang='lat' dir='ltr'><strong>secunda</strong></span> <span class='ocrx_word' id='word_1_155' title='bbox 3286 863 3396 910; x_wconf 82' lang='lat' dir='ltr'><strong>ter-</strong></span> 
     </span>
    </p>
   </div>
   <div class='ocr_carea' id='block_1_23' title="bbox 1809 938 3397 1013">
    <p class='ocr_par' dir='ltr' id='par_1_23' title="bbox 1809 938 3397 1013">
     <span class='ocr_line' id='line_1_23' title="bbox 1809 938 3397 1013; baseline 0.006 -21"><span class='ocrx_word' id='word_1_156' title='bbox 1809 938 1935 992; x_wconf 84' lang='lat' dir='ltr'><strong>tiam</strong></span> <span class='ocrx_word' id='word_1_157' title='bbox 1975 939 2280 993; x_wconf 87' lang='lat' dir='ltr'><strong>sanctiﬁcat</strong></span> <span class='ocrx_word' id='word_1_158' title='bbox 2306 947 2361 993; x_wconf 89' lang='lat' dir='ltr'><strong>et</strong></span> <span class='ocrx_word' id='word_1_159' title='bbox 2394 939 2538 993; x_wconf 87' lang='lat' dir='ltr'><strong>ducit</strong></span> <span class='ocrx_word' id='word_1_160' title='bbox 2568 939 2632 993; x_wconf 82' lang='lat'><strong>“.</strong></span> <span class='ocrx_word' id='word_1_161' title='bbox 2697 940 2813 994; x_wconf 80' lang='lat' dir='ltr'><strong>Dux</strong></span> <span class='ocrx_word' id='word_1_162' title='bbox 2843 941 3090 997; x_wconf 81' lang='lat' dir='ltr'><strong>videlicet</strong></span> <span class='ocrx_word' id='word_1_163' title='bbox 3118 944 3285 1013; x_wconf 87' lang='lat' dir='ltr'><strong>ipsius</strong></span> <span class='ocrx_word' id='word_1_164' title='bbox 3314 954 3397 1001; x_wconf 88' lang='lat' dir='ltr'><strong>est</strong></span> 
     </span>
    </p>
   </div>
   <div class='ocr_carea' id='block_1_24' title="bbox 1806 1025 3395 1099">
    <p class='ocr_par' dir='ltr' id='par_1_24' title="bbox 1806 1025 3395 1099">
     <span class='ocr_line' id='line_1_24' title="bbox 1806 1025 3395 1099; baseline 0.005 -18"><span class='ocrx_word' id='word_1_165' title='bbox 1806 1026 1925 1097; x_wconf 85' lang='lat' dir='ltr'><strong>ejus</strong></span> <span class='ocrx_word' id='word_1_166' title='bbox 1953 1027 2301 1097; x_wconf 86' lang='lat' dir='ltr'><strong>principatus.</strong></span> <span class='ocrx_word' id='word_1_167' title='bbox 2332 1025 2514 1082; x_wconf 85' lang='lat' dir='ltr'><strong>Printa</strong></span> <span class='ocrx_word' id='word_1_168' title='bbox 2543 1030 2752 1099; x_wconf 78' lang='lat' dir='ltr'><strong>quidem</strong></span> <span class='ocrx_word' id='word_1_169' title='bbox 2774 1030 3033 1085; x_wconf 81' lang='lat' dir='ltr'><strong>ierarchia</strong></span> <span class='ocrx_word' id='word_1_170' title='bbox 3056 1034 3395 1089; x_wconf 86' lang='lat' dir='ltr'><strong>aestimanda</strong></span> 
     </span>
    </p>
   </div>
   <div class='ocr_carea' id='block_1_25' title="bbox 1805 1120 3395 1197">
    <p class='ocr_par' dir='ltr' id='par_1_25' title="bbox 1805 1120 3395 1197">
     <span class='ocr_line' id='line_1_25' title="bbox 1805 1120 3395 1197; baseline 0.004 -24"><span class='ocrx_word' id='word_1_171' title='bbox 1805 1128 1891 1174; x_wconf 89' lang='lat' dir='ltr'><strong>est</strong></span> <span class='ocrx_word' id='word_1_172' title='bbox 1917 1120 2210 1189; x_wconf 89' lang='lat' dir='ltr'><strong>principari</strong></span> <span class='ocrx_word' id='word_1_173' title='bbox 2257 1121 2301 1153; x_wconf 84' lang='grc'><strong>¹²</strong></span> <span class='ocrx_word' id='word_1_174' title='bbox 2333 1121 2524 1175; x_wconf 83' lang='lat' dir='ltr'><strong>tertiae</strong></span> <span class='ocrx_word' id='word_1_175' title='bbox 2569 1121 2900 1190; x_wconf 75' lang='lat' dir='ltr'><strong>manifestius</strong></span> <span class='ocrx_word' id='word_1_176' title='bbox 2948 1124 3189 1192; x_wconf 86' lang='lat' dir='ltr'><strong>quidem,</strong></span> <span class='ocrx_word' id='word_1_177' title='bbox 3232 1140 3395 1197; x_wconf 88' lang='lat' dir='ltr'><strong>quam</strong></span> 
     </span>
    </p>
   </div>
   <div class='ocr_carea' id='block_1_26' title="bbox 1758 1200 3396 1280">
    <p class='ocr_par' dir='ltr' id='par_1_26' title="bbox 1758 1200 3396 1280">
     <span class='ocr_line' id='line_1_26' title="bbox 1758 1200 3396 1280; baseline 0.004 -17"><span class='ocrx_word' id='word_1_178' title='bbox 1758 1245 1778 1263; x_wconf 88' lang='lat'><strong>.</strong></span> <span class='ocrx_word' id='word_1_179' title='bbox 1807 1207 1981 1279; x_wconf 86' lang='lat' dir='ltr'><strong>prima</strong></span> <span class='ocrx_word' id='word_1_180' title='bbox 2029 1208 2294 1264; x_wconf 89' lang='lat' dir='ltr'><strong>ierarchia</strong></span> <span class='ocrx_word' id='word_1_181' title='bbox 2330 1200 2668 1279; x_wconf 86' lang='lat' dir='ltr'><strong>principatur</strong></span> <span class='ocrx_word' id='word_1_182' title='bbox 2708 1210 2936 1277; x_wconf 82' lang='lat' dir='ltr'><strong>tnedise,</strong></span> <span class='ocrx_word' id='word_1_183' title='bbox 2968 1214 3224 1268; x_wconf 81' lang='lat' dir='ltr'><strong>occultius</strong></span> <span class='ocrx_word' id='word_1_184' title='bbox 3255 1231 3396 1280; x_wconf 76' lang='lat' dir='ltr'><strong>vero,</strong></span> 
     </span>
    </p>
   </div>
   <div class='ocr_carea' id='block_1_27' title="bbox 1807 1304 3395 1375">
    <p class='ocr_par' dir='ltr' id='par_1_27' title="bbox 1807 1304 3395 1375">
     <span class='ocr_line' id='line_1_27' title="bbox 1807 1304 3395 1375; baseline 0.003 -17"><span class='ocrx_word' id='word_1_185' title='bbox 1807 1304 1861 1358; x_wconf 87' lang='lat' dir='ltr'><strong>id</strong></span> <span class='ocrx_word' id='word_1_186' title='bbox 1887 1312 1994 1369; x_wconf 90' lang='lat' dir='ltr'><strong>est,</strong></span> <span class='ocrx_word' id='word_1_187' title='bbox 2020 1304 2181 1359; x_wconf 89' lang='lat' dir='ltr'><strong>altius</strong></span> <span class='ocrx_word' id='word_1_188' title='bbox 2200 1315 2257 1359; x_wconf 91' lang='lat' dir='ltr'><strong>et</strong></span> <span class='ocrx_word' id='word_1_189' title='bbox 2275 1306 2553 1371; x_wconf 81' lang='lat' dir='ltr'><strong>secretius,</strong></span> <span class='ocrx_word' id='word_1_190' title='bbox 2581 1321 2740 1375; x_wconf 83' lang='lat' dir='ltr'><strong>quam</strong></span> <span class='ocrx_word' id='word_1_191' title='bbox 2761 1323 2843 1370; x_wconf 87' lang='lat' dir='ltr'><strong>ea,</strong></span> <span class='ocrx_word' id='word_1_192' title='bbox 2868 1307 3027 1362; x_wconf 86' lang='lat' dir='ltr'><strong>tertia</strong></span> <span class='ocrx_word' id='word_1_193' title='bbox 3057 1308 3102 1342; x_wconf 81' lang='grc'><strong><em>⁸⁸</em></strong></span> <span class='ocrx_word' id='word_1_194' title='bbox 3120 1304 3395 1373; x_wconf 83' lang='lat' dir='ltr'><strong>videlicet,</strong></span> 
     </span>
    </p>
   </div>
   <div class='ocr_carea' id='block_1_28' title="bbox 1804 1397 3401 1468">
    <p class='ocr_par' dir='ltr' id='par_1_28' title="bbox 1804 1397 3401 1468">
     <span class='ocr_line' id='line_1_28' title="bbox 1804 1397 3401 1468; baseline 0.003 -17"><span class='ocrx_word' id='word_1_195' title='bbox 1804 1413 1940 1468; x_wconf 81' lang='lat' dir='ltr'><strong>quae</strong></span> <span class='ocrx_word' id='word_1_196' title='bbox 1976 1408 2091 1467; x_wconf 89' lang='lat' dir='ltr'><strong>post</strong></span> <span class='ocrx_word' id='word_1_197' title='bbox 2130 1413 2268 1464; x_wconf 88' lang='lat' dir='ltr'><strong>eam,</strong></span> <span class='ocrx_word' id='word_1_198' title='bbox 2298 1398 2527 1453; x_wconf 87' lang='lat' dir='ltr'><strong>mediam</strong></span> <span class='ocrx_word' id='word_1_199' title='bbox 2553 1397 2733 1468; x_wconf 84' lang='lat' dir='ltr'><strong>plane,</strong></span> <span class='ocrx_word' id='word_1_200' title='bbox 2759 1400 3049 1455; x_wconf 89' lang='lat' dir='ltr'><strong>constituta</strong></span> <span class='ocrx_word' id='word_1_201' title='bbox 3096 1409 3197 1455; x_wconf 84' lang='lat' dir='ltr'><strong>est.</strong></span> <span class='ocrx_word' id='word_1_202' title='bbox 3243 1401 3401 1468; x_wconf 83' lang='lat' dir='ltr'><strong>Quod</strong></span> 
     </span>
    </p>
   </div>
   <div class='ocr_carea' id='block_1_29' title="bbox 1805 1488 3401 1558">
    <p class='ocr_par' dir='ltr' id='par_1_29' title="bbox 1805 1488 3401 1558">
     <span class='ocr_line' id='line_1_29' title="bbox 1805 1488 3401 1558; baseline 0.002 -15"><span class='ocrx_word' id='word_1_203' title='bbox 1805 1498 1987 1558; x_wconf 85' lang='lat' dir='ltr'><strong>potest</strong></span> <span class='ocrx_word' id='word_1_204' title='bbox 2033 1489 2113 1543; x_wconf 90' lang='lat' dir='ltr'><strong>sic</strong></span> <span class='ocrx_word' id='word_1_205' title='bbox 2164 1488 2268 1543; x_wconf 86' lang='lat' dir='ltr'><strong>dici</strong></span> <span class='ocrx_word' id='word_1_206' title='bbox 2319 1506 2333 1542; x_wconf 88' lang='lat'><strong>:</strong></span> <span class='ocrx_word' id='word_1_207' title='bbox 2388 1489 2562 1543; x_wconf 83' lang='lat' dir='ltr'><strong>media</strong></span> <span class='ocrx_word' id='word_1_208' title='bbox 2607 1489 2875 1543; x_wconf 88' lang='lat' dir='ltr'><strong>ierarcbia</strong></span> <span class='ocrx_word' id='word_1_209' title='bbox 2931 1490 3272 1546; x_wconf 82' lang='lat' dir='ltr'><strong>manifestior</strong></span> <span class='ocrx_word' id='word_1_210' title='bbox 3314 1502 3401 1546; x_wconf 89' lang='lat' dir='ltr'><strong>est</strong></span> 
     </span>
    </p>
   </div>
   <div class='ocr_carea' id='block_1_30' title="bbox 1805 1578 3398 1653">
    <p class='ocr_par' dir='ltr' id='par_1_30' title="bbox 1805 1578 3398 1653">
     <span class='ocr_line' id='line_1_30' title="bbox 1805 1578 3398 1653; baseline 0.003 -20"><span class='ocrx_word' id='word_1_211' title='bbox 1805 1594 1967 1649; x_wconf 89' lang='lat' dir='ltr'><strong>quam</strong></span> <span class='ocrx_word' id='word_1_212' title='bbox 2006 1580 2200 1649; x_wconf 85' lang='lat' dir='ltr'><strong>prima,</strong></span> <span class='ocrx_word' id='word_1_213' title='bbox 2230 1579 2492 1634; x_wconf 86' lang='lat' dir='ltr'><strong>occultior</strong></span> <span class='ocrx_word' id='word_1_214' title='bbox 2529 1578 2667 1635; x_wconf 78' lang='lat' dir='ltr'><strong>vero’</strong></span> <span class='ocrx_word' id='word_1_215' title='bbox 2700 1596 2861 1651; x_wconf 88' lang='lat' dir='ltr'><strong>quam</strong></span> <span class='ocrx_word' id='word_1_216' title='bbox 2913 1584 3093 1649; x_wconf 87' lang='lat' dir='ltr'><strong>tertia,</strong></span> <span class='ocrx_word' id='word_1_217' title='bbox 3119 1599 3180 1636; x_wconf 89' lang='lat' dir='ltr'><strong>ea</strong></span> <span class='ocrx_word' id='word_1_218' title='bbox 3216 1582 3398 1653; x_wconf 85' lang='lat' dir='ltr'><strong>prole-</strong></span> 
     </span>
    </p>
   </div>
   <div class='ocr_carea' id='block_1_31' title="bbox 1805 1670 3395 1742">
    <p class='ocr_par' dir='ltr' id='par_1_31' title="bbox 1805 1670 3395 1742">
     <span class='ocr_line' id='line_1_31' title="bbox 1805 1670 3395 1742; baseline 0.001 -18"><span class='ocrx_word' id='word_1_219' title='bbox 1805 1678 1895 1725; x_wconf 91' lang='lat' dir='ltr'><strong>cto</strong></span> <span class='ocrx_word' id='word_1_220' title='bbox 1930 1670 2161 1735; x_wconf 77' lang='lat' dir='ltr'><strong>ratione,</strong></span> <span class='ocrx_word' id='word_1_221' title='bbox 2204 1684 2310 1740; x_wconf 87' lang='lat' dir='ltr'><strong>qua</strong></span> <span class='ocrx_word' id='word_1_222' title='bbox 2338 1670 2633 1725; x_wconf 86' lang='lat' dir='ltr'><strong>occultiora</strong></span> <span class='ocrx_word' id='word_1_223' title='bbox 2666 1682 2721 1726; x_wconf 87' lang='lat' dir='ltr'><strong>et</strong></span> <span class='ocrx_word' id='word_1_224' title='bbox 2768 1671 3395 1742; x_wconf 86' lang='lat' dir='ltr'><strong>incomprehensibiliora</strong></span> 
     </span>
    </p>
   </div>
   <div class='ocr_carea' id='block_1_32' title="bbox 1806 1763 3397 1836">
    <p class='ocr_par' dir='ltr' id='par_1_32' title="bbox 1806 1763 3397 1836">
     <span class='ocr_line' id='line_1_32' title="bbox 1806 1763 3397 1836; baseline 0.003 -20"><span class='ocrx_word' id='word_1_225' title='bbox 1806 1770 1953 1827; x_wconf 90' lang='lat' dir='ltr'><strong>sunt,</strong></span> <span class='ocrx_word' id='word_1_226' title='bbox 1975 1777 2113 1831; x_wconf 89' lang='lat' dir='ltr'><strong>quae</strong></span> <span class='ocrx_word' id='word_1_227' title='bbox 2140 1776 2338 1817; x_wconf 79' lang='lat' dir='ltr'><strong>causae</strong></span> <span class='ocrx_word' id='word_1_228' title='bbox 2359 1763 2602 1817; x_wconf 90' lang='lat' dir='ltr'><strong>omnium</strong></span> <span class='ocrx_word' id='word_1_229' title='bbox 2630 1763 3090 1834; x_wconf 83' lang='lat' dir='ltr'><strong>apprOpinqnant,</strong></span> <span class='ocrx_word' id='word_1_230' title='bbox 3121 1766 3224 1831; x_wconf 89' lang='lat' dir='ltr'><strong>his,</strong></span> <span class='ocrx_word' id='word_1_231' title='bbox 3256 1780 3397 1836; x_wconf 89' lang='lat' dir='ltr'><strong>quae</strong></span> 
     </span>
    </p>
   </div>
   <div class='ocr_carea' id='block_1_33' title="bbox 121 1836 3396 1925">
    <p class='ocr_par' dir='ltr' id='par_1_33' title="bbox 121 1836 3396 1925">
     <span class='ocr_line' id='line_1_33' title="bbox 121 1836 3396 1925; baseline -0 -15"><span class='ocrx_word' id='word_1_232' title='bbox 121 1856 562 1919; x_wconf 89' lang='lat' dir='ltr'><strong>circumornatus,</strong></span> <span class='ocrx_word' id='word_1_233' title='bbox 593 1853 647 1908; x_wconf 89' lang='lat' dir='ltr'><strong>id</strong></span> <span class='ocrx_word' id='word_1_234' title='bbox 677 1861 780 1918; x_wconf 89' lang='lat' dir='ltr'><strong>est,</strong></span> <span class='ocrx_word' id='word_1_235' title='bbox 813 1853 987 1924; x_wconf 86' lang='lat' dir='ltr'><strong>magis</strong></span> <span class='ocrx_word' id='word_1_236' title='bbox 1028 1851 1185 1907; x_wconf 88' lang='lat' dir='ltr'><strong>nobis</strong></span> <span class='ocrx_word' id='word_1_237' title='bbox 1214 1868 1404 1908; x_wconf 90' lang='lat' dir='ltr'><strong>eorum</strong></span> <span class='ocrx_word' id='word_1_238' title='bbox 1428 1851 1450 1884; x_wconf 87' lang='grc'><em>³</em></span> <span class='ocrx_word' id='word_1_239' title='bbox 1472 1863 1699 1908; x_wconf 87' lang='lat' dir='ltr'><strong>ornatus</strong></span> <span class='ocrx_word' id='word_1_240' title='bbox 1734 1836 1775 1895; x_wconf 79' lang='grc' dir='ltr'><strong><em>Β</em></strong></span> <span class='ocrx_word' id='word_1_241' title='bbox 1803 1854 2015 1924; x_wconf 85' lang='lat' dir='ltr'><strong>longius</strong></span> <span class='ocrx_word' id='word_1_242' title='bbox 2049 1853 2118 1907; x_wconf 90' lang='lat' dir='ltr'><strong>ab</strong></span> <span class='ocrx_word' id='word_1_243' title='bbox 2152 1869 2215 1908; x_wconf 88' lang='lat' dir='ltr'><strong>ea</strong></span> <span class='ocrx_word' id='word_1_244' title='bbox 2240 1854 2489 1908; x_wconf 86' lang='lat' dir='ltr'><strong>ordinata</strong></span> <span class='ocrx_word' id='word_1_245' title='bbox 2516 1862 2659 1909; x_wconf 89' lang='lat' dir='ltr'><strong>sunt.</strong></span> <span class='ocrx_word' id='word_1_246' title='bbox 2694 1854 2877 1909; x_wconf 91' lang='lat' dir='ltr'><strong>Prima</strong></span> <span class='ocrx_word' id='word_1_247' title='bbox 2913 1854 3096 1925; x_wconf 86' lang='lat' dir='ltr'><strong>itaque</strong></span> <span class='ocrx_word' id='word_1_248' title='bbox 3128 1855 3396 1910; x_wconf 87' lang='lat' dir='ltr'><strong>ierarchia</strong></span> 
     </span>
    </p>
   </div>
   <div class='ocr_carea' id='block_1_34' title="bbox 122 1944 1700 2016">
    <p class='ocr_par' dir='ltr' id='par_1_34' title="bbox 122 1944 1700 2016">
     <span class='ocr_line' id='line_1_34' title="bbox 122 1944 1700 2016; baseline -0.001 -14"><span class='ocrx_word' id='word_1_249' title='bbox 122 1946 558 2016; x_wconf 87' lang='lat' dir='ltr'><strong>circumscriptus</strong></span> <span class='ocrx_word' id='word_1_250' title='bbox 582 1954 685 2010; x_wconf 90' lang='lat' dir='ltr'><strong>est,</strong></span> <span class='ocrx_word' id='word_1_251' title='bbox 708 1945 775 1998; x_wconf 89' lang='lat' dir='ltr'><strong>ad</strong></span> <span class='ocrx_word' id='word_1_252' title='bbox 800 1944 1201 2015; x_wconf 89' lang='lat' dir='ltr'><strong>intelligendum</strong></span> <span class='ocrx_word' id='word_1_253' title='bbox 1226 1945 1497 2000; x_wconf 75' lang='lat' dir='ltr'><strong>videlicet.</strong></span> <span class='ocrx_word' id='word_1_254' title='bbox 1527 1945 1700 2000; x_wconf 90' lang='lat' dir='ltr'><strong>Omne</strong></span> 
     </span>
    </p>
   </div>
   <div class='ocr_carea' id='block_1_35' title="bbox 121 2033 1701 2106">
    <p class='ocr_par' dir='ltr' id='par_1_35' title="bbox 121 2033 1701 2106">
     <span class='ocr_line' id='line_1_35' title="bbox 121 2033 1701 2106; baseline -0.002 -15"><span class='ocrx_word' id='word_1_255' title='bbox 121 2036 274 2101; x_wconf 86' lang='lat' dir='ltr'><strong>enim,</strong></span> <span class='ocrx_word' id='word_1_256' title='bbox 297 2036 442 2106; x_wconf 88' lang='lat' dir='ltr'><strong>quod</strong></span> <span class='ocrx_word' id='word_1_257' title='bbox 470 2034 630 2090; x_wconf 82' lang='lat' dir='ltr'><strong>facile</strong></span> <span class='ocrx_word' id='word_1_258' title='bbox 670 2033 1011 2103; x_wconf 77' lang='lat' dir='ltr'><strong>intelligitur,</strong></span> <span class='ocrx_word' id='word_1_259' title='bbox 1039 2036 1437 2105; x_wconf 85' lang='lat' dir='ltr'><strong>quodammodo</strong></span> <span class='ocrx_word' id='word_1_260' title='bbox 1465 2035 1701 2091; x_wconf 86' lang='lat' dir='ltr'><strong>circum-</strong></span> 
     </span>
    </p>
   </div>
   <div class='ocr_carea' id='block_1_36' title="bbox 123 2125 1698 2198">
    <p class='ocr_par' dir='ltr' id='par_1_36' title="bbox 123 2125 1698 2198">
     <span class='ocr_line' id='line_1_36' title="bbox 123 2125 1698 2198; baseline -0.002 -14"><span class='ocrx_word' id='word_1_261' title='bbox 123 2128 368 2198; x_wconf 85' lang='lat' dir='ltr'><strong>scriptum</strong></span> <span class='ocrx_word' id='word_1_262' title='bbox 427 2126 706 2182; x_wconf 87' lang='lat' dir='ltr'><strong>intellectu</strong></span> <span class='ocrx_word' id='word_1_263' title='bbox 760 2125 783 2157; x_wconf 78' lang='grc'><strong>⁸</strong></span> <span class='ocrx_word' id='word_1_264' title='bbox 839 2126 1081 2192; x_wconf 74' lang='lat' dir='ltr'><strong>videtur;</strong></span> <span class='ocrx_word' id='word_1_265' title='bbox 1140 2125 1362 2182; x_wconf 86' lang='lat' dir='ltr'><strong>altiores</strong></span> <span class='ocrx_word' id='word_1_266' title='bbox 1432 2127 1698 2196; x_wconf 89' lang='lat' dir='ltr'><strong>siquidem</strong></span> 
     </span>
    </p>
   </div>
   <div class='ocr_carea' id='block_1_37' title="bbox 124 2216 1703 2287">
    <p class='ocr_par' dir='ltr' id='par_1_37' title="bbox 124 2216 1703 2287">
     <span class='ocr_line' id='line_1_37' title="bbox 124 2216 1703 2287; baseline 0.001 -19"><span class='ocrx_word' id='word_1_267' title='bbox 124 2218 331 2272; x_wconf 80' lang='lat' dir='ltr'><strong>virtutes</strong></span> <span class='ocrx_word' id='word_1_268' title='bbox 358 2216 523 2287; x_wconf 82' lang='lat' dir='ltr'><strong>longe</strong></span> <span class='ocrx_word' id='word_1_269' title='bbox 552 2232 583 2270; x_wconf 89' lang='lat' dir='ltr'><strong>a</strong></span> <span class='ocrx_word' id='word_1_270' title='bbox 621 2216 775 2270; x_wconf 90' lang='lat' dir='ltr'><strong>nobis</strong></span> <span class='ocrx_word' id='word_1_271' title='bbox 804 2227 1043 2270; x_wconf 87' lang='lat' dir='ltr'><strong>remetae</strong></span> <span class='ocrx_word' id='word_1_272' title='bbox 1076 2225 1224 2281; x_wconf 91' lang='lat' dir='ltr'><strong>sunt,</strong></span> <span class='ocrx_word' id='word_1_273' title='bbox 1250 2216 1343 2287; x_wconf 92' lang='lat' dir='ltr'><strong>qui</strong></span> <span class='ocrx_word' id='word_1_274' title='bbox 1372 2217 1547 2271; x_wconf 86' lang='lat' dir='ltr'><strong>adhuc</strong></span> <span class='ocrx_word' id='word_1_275' title='bbox 1597 2225 1703 2271; x_wconf 88' lang='lat' dir='ltr'><strong>ter-</strong></span> 
     </span>
    </p>
   </div>
   <div class='ocr_carea' id='block_1_38' title="bbox 124 2305 1703 2375">
    <p class='ocr_par' dir='ltr' id='par_1_38' title="bbox 124 2305 1703 2375">
     <span class='ocr_line' id='line_1_38' title="bbox 124 2305 1703 2375; baseline -0.001 -15"><span class='ocrx_word' id='word_1_276' title='bbox 124 2322 273 2361; x_wconf 88' lang='lat' dir='ltr'><strong>renae</strong></span> <span class='ocrx_word' id='word_1_277' title='bbox 298 2305 654 2361; x_wconf 81' lang='lat' dir='ltr'><strong>habitationis</strong></span> <span class='ocrx_word' id='word_1_278' title='bbox 682 2305 851 2375; x_wconf 88' lang='lat' dir='ltr'><strong>septis</strong></span> <span class='ocrx_word' id='word_1_279' title='bbox 905 2305 1380 2360; x_wconf 89' lang='lat' dir='ltr'><strong>circumcludimur</strong></span> <span class='ocrx_word' id='word_1_280' title='bbox 1426 2306 1468 2368; x_wconf 85' lang='grc'>⁸,</span> <span class='ocrx_word' id='word_1_281' title='bbox 1521 2321 1587 2360; x_wconf 88' lang='grc' dir='ltr'><strong>ιιε</strong></span> <span class='ocrx_word' id='word_1_282' title='bbox 1642 2305 1703 2359; x_wconf 81' lang='lat' dir='ltr'><strong>li-</strong></span> 
     </span>
    </p>
   </div>
   <div class='ocr_carea' id='block_1_39' title="bbox 123 2395 1737 2469">
    <p class='ocr_par' dir='ltr' id='par_1_39' title="bbox 123 2395 1737 2469">
     <span class='ocr_line' id='line_1_39' title="bbox 123 2395 1737 2469; baseline -0.001 -17"><span class='ocrx_word' id='word_1_283' title='bbox 123 2398 243 2453; x_wconf 89' lang='lat' dir='ltr'><strong>bere</strong></span> <span class='ocrx_word' id='word_1_284' title='bbox 278 2397 479 2452; x_wconf 88' lang='lat' dir='ltr'><strong>mentis</strong></span> <span class='ocrx_word' id='word_1_285' title='bbox 527 2396 708 2451; x_wconf 81' lang='lat' dir='ltr'><strong>volatu</strong></span> <span class='ocrx_word' id='word_1_286' title='bbox 756 2397 823 2450; x_wconf 88' lang='lat' dir='ltr'><strong>ad</strong></span> <span class='ocrx_word' id='word_1_287' title='bbox 862 2395 1116 2452; x_wconf 89' lang='lat' dir='ltr'><strong>caelestia</strong></span> <span class='ocrx_word' id='word_1_288' title='bbox 1171 2397 1517 2469; x_wconf 88' lang='lat' dir='ltr'><strong>intelligenda</strong></span> <span class='ocrx_word' id='word_1_289' title='bbox 1562 2414 1737 2467; x_wconf 13' lang='lat' dir='ltr'><strong>puro,</strong></span> 
     </span>
    </p>
   </div>
   <div class='ocr_carea' id='block_1_40' title="bbox 124 2486 1700 2559">
    <p class='ocr_par' dir='ltr' id='par_1_40' title="bbox 124 2486 1700 2559">
     <span class='ocr_line' id='line_1_40' title="bbox 124 2486 1700 2559; baseline 0 -16"><span class='ocrx_word' id='word_1_290' title='bbox 124 2488 346 2544; x_wconf 87' lang='lat' dir='ltr'><strong>contuitu</strong></span> <span class='ocrx_word' id='word_1_291' title='bbox 395 2486 677 2543; x_wconf 81' lang='lat' dir='ltr'><strong>valeamus</strong></span> <span class='ocrx_word' id='word_1_292' title='bbox 716 2487 1027 2543; x_wconf 86' lang='lat' dir='ltr'><strong>ascendere.</strong></span> <span class='ocrx_word' id='word_1_293' title='bbox 1074 2486 1331 2559; x_wconf 84' lang='lat' dir='ltr'><strong>Sequitur</strong></span> <span class='ocrx_word' id='word_1_294' title='bbox 1369 2507 1383 2543; x_wconf 89' lang='lat'><strong>:</strong></span> <span class='ocrx_word' id='word_1_295' title='bbox 1424 2488 1700 2545; x_wconf 75' lang='lat' dir='ltr'><strong>Excellen-</strong></span> 
     </span>
    </p>
   </div>
   <div class='ocr_carea' id='block_1_41' title="bbox 124 2578 1695 2651">
    <p class='ocr_par' dir='ltr' id='par_1_41' title="bbox 124 2578 1695 2651">
     <span class='ocr_line' id='line_1_41' title="bbox 124 2578 1695 2651; baseline -0.001 -14"><span class='ocrx_word' id='word_1_296' title='bbox 124 2580 359 2637; x_wconf 80' lang='lat' dir='ltr'><strong>lissintam</strong></span> <span class='ocrx_word' id='word_1_297' title='bbox 405 2578 623 2649; x_wconf 74' lang='lat' dir='ltr'><strong>quidem</strong></span> <span class='ocrx_word' id='word_1_298' title='bbox 662 2580 819 2643; x_wconf 85' lang='lat' dir='ltr'><strong>enim,</strong></span> <span class='ocrx_word' id='word_1_299' title='bbox 848 2589 905 2632; x_wconf 83' lang='lat' dir='ltr'><strong>ut</strong></span> <span class='ocrx_word' id='word_1_300' title='bbox 935 2579 1134 2633; x_wconf 76' lang='lat' dir='ltr'><strong>dictum</strong></span> <span class='ocrx_word' id='word_1_301' title='bbox 1158 2590 1253 2645; x_wconf 86' lang='lat' dir='ltr'><strong>est,</strong></span> <span class='ocrx_word' id='word_1_302' title='bbox 1284 2582 1695 2651; x_wconf 77' lang='lat' dir='ltr'><strong>dispositionem,</strong></span> 
     </span>
    </p>
   </div>
   <div class='ocr_carea' id='block_1_42' title="bbox 124 2666 1692 2743">
    <p class='ocr_par' dir='ltr' id='par_1_42' title="bbox 124 2666 1692 2743">
     <span class='ocr_line' id='line_1_42' title="bbox 124 2666 1692 2743; baseline 0.004 -23"><span class='ocrx_word' id='word_1_303' title='bbox 124 2677 352 2737; x_wconf 77' lang='lat' dir='ltr'><strong>tanquam</strong></span> <span class='ocrx_word' id='word_1_304' title='bbox 379 2668 487 2738; x_wconf 85' lang='lat' dir='ltr'><strong>ipsi</strong></span> <span class='ocrx_word' id='word_1_305' title='bbox 531 2666 734 2743; x_wconf 69' lang='lat' dir='ltr'><strong>occulto</strong></span> <span class='ocrx_word' id='word_1_306' title='bbox 755 2669 998 2734; x_wconf 83' lang='lat' dir='ltr'><strong>primitus</strong></span> <span class='ocrx_word' id='word_1_307' title='bbox 1024 2669 1265 2723; x_wconf 80' lang='lat' dir='ltr'><strong>ordinate</strong></span> <span class='ocrx_word' id='word_1_308' title='bbox 1291 2673 1692 2740; x_wconf 74' lang='lat' dir='ltr'><strong>proximantem,</strong></span> 
     </span>
    </p>
   </div>
   <div class='ocr_carea' id='block_1_43' title="bbox 124 2755 1694 2827">
    <p class='ocr_par' dir='ltr' id='par_1_43' title="bbox 124 2755 1694 2827">
     <span class='ocr_line' id='line_1_43' title="bbox 124 2755 1694 2827; baseline 0.004 -17"><span class='ocrx_word' id='word_1_309' title='bbox 124 2755 245 2811; x_wconf 77' lang='lat' dir='ltr'><strong>alam</strong></span> <span class='ocrx_word' id='word_1_310' title='bbox 282 2759 524 2827; x_wconf 78' lang='lat' dir='ltr'><strong>formans</strong></span> <span class='ocrx_word' id='word_1_311' title='bbox 572 2758 954 2812; x_wconf 83' lang='lat' dir='ltr'><strong>aestimandum</strong></span> <span class='ocrx_word' id='word_1_312' title='bbox 1001 2760 1332 2827; x_wconf 76' lang='lat' dir='ltr'><strong>sanctiﬁcare</strong></span> <span class='ocrx_word' id='word_1_313' title='bbox 1389 2763 1694 2817; x_wconf 83' lang='lat' dir='ltr'><strong>secundum.</strong></span> 
     </span>
    </p>
   </div>
   <div class='ocr_carea' id='block_1_44' title="bbox 125 2844 1702 2918">
    <p class='ocr_par' dir='ltr' id='par_1_44' title="bbox 125 2844 1702 2918">
     <span class='ocr_line' id='line_1_44' title="bbox 125 2844 1702 2918; baseline 0.003 -16"><span class='ocrx_word' id='word_1_314' title='bbox 125 2844 251 2902; x_wconf 83' lang='lat' dir='ltr'><strong>Ordo</strong></span> <span class='ocrx_word' id='word_1_315' title='bbox 285 2848 582 2905; x_wconf 77' lang='lat' dir='ltr'><strong>verborum</strong></span> <span class='ocrx_word' id='word_1_316' title='bbox 615 2863 629 2901; x_wconf 89' lang='lat'><strong>:</strong></span> <span class='ocrx_word' id='word_1_317' title='bbox 661 2848 1067 2903; x_wconf 84' lang='lat' dir='ltr'><strong>Aestimandum</strong></span> <span class='ocrx_word' id='word_1_318' title='bbox 1114 2850 1331 2918; x_wconf 89' lang='lat' dir='ltr'><strong>quidem</strong></span> <span class='ocrx_word' id='word_1_319' title='bbox 1379 2852 1523 2905; x_wconf 92' lang='lat' dir='ltr'><strong>enim</strong></span> <span class='ocrx_word' id='word_1_320' title='bbox 1544 2891 1561 2917; x_wconf 95' lang='lat'><strong>,</strong></span> <span class='ocrx_word' id='word_1_321' title='bbox 1605 2868 1702 2906; x_wconf 81' lang='lat' dir='ltr'><strong>ex-</strong></span> 
     </span>
    </p>
   </div>
   <div class='ocr_carea' id='block_1_45' title="bbox 124 2936 1696 3009">
    <p class='ocr_par' dir='ltr' id='par_1_45' title="bbox 124 2936 1696 3009">
     <span class='ocr_line' id='line_1_45' title="bbox 124 2936 1696 3009; baseline 0.003 -18"><span class='ocrx_word' id='word_1_322' title='bbox 124 2936 554 2994; x_wconf 78' lang='lat' dir='ltr'><strong>cellentissimam</strong></span> <span class='ocrx_word' id='word_1_323' title='bbox 591 2938 1019 3008; x_wconf 84' lang='lat' dir='ltr'><strong>dispositionem,</strong></span> <span class='ocrx_word' id='word_1_324' title='bbox 1070 2947 1324 3008; x_wconf 87' lang='lat' dir='ltr'><strong>tanquam</strong></span> <span class='ocrx_word' id='word_1_325' title='bbox 1383 2942 1696 3009; x_wconf 80' lang='lat' dir='ltr'><strong>proximan-</strong></span> 
     </span>
    </p>
   </div>
   <div class='ocr_carea' id='block_1_46' title="bbox 128 3030 1701 3100">
    <p class='ocr_par' dir='ltr' id='par_1_46' title="bbox 128 3030 1701 3100">
     <span class='ocr_line' id='line_1_46' title="bbox 128 3030 1701 3100; baseline 0.002 -15"><span class='ocrx_word' id='word_1_326' title='bbox 128 3039 221 3085; x_wconf 87' lang='lat' dir='ltr'><strong>tem</strong></span> <span class='ocrx_word' id='word_1_327' title='bbox 256 3031 350 3100; x_wconf 87' lang='lat' dir='ltr'><strong>ipsi</strong></span> <span class='ocrx_word' id='word_1_328' title='bbox 397 3030 620 3087; x_wconf 84' lang='lat' dir='ltr'><strong>occulto</strong></span> <span class='ocrx_word' id='word_1_329' title='bbox 658 3030 909 3100; x_wconf 87' lang='lat' dir='ltr'><strong>primitus</strong></span> <span class='ocrx_word' id='word_1_330' title='bbox 951 3030 1220 3096; x_wconf 87' lang='lat' dir='ltr'><strong>ordinate,</strong></span> <span class='ocrx_word' id='word_1_331' title='bbox 1271 3031 1409 3086; x_wconf 89' lang='lat' dir='ltr'><strong>clam</strong></span> <span class='ocrx_word' id='word_1_332' title='bbox 1459 3033 1701 3089; x_wconf 80' lang='lat' dir='ltr'><strong>formans</strong></span> 
     </span>
    </p>
   </div>
   <div class='ocr_carea' id='block_1_47' title="bbox 126 3121 1696 3179">
    <p class='ocr_par' dir='ltr' id='par_1_47' title="bbox 126 3121 1696 3179">
     <span class='ocr_line' id='line_1_47' title="bbox 126 3121 1696 3179; baseline 0.002 -3"><span class='ocrx_word' id='word_1_333' title='bbox 126 3121 448 3178; x_wconf 84' lang='lat' dir='ltr'><strong>sanctiﬁcare</strong></span> <span class='ocrx_word' id='word_1_334' title='bbox 497 3122 791 3177; x_wconf 86' lang='lat' dir='ltr'><strong>secundam</strong></span> <span class='ocrx_word' id='word_1_335' title='bbox 837 3121 878 3174; x_wconf 81' lang='grc'><strong>⁸.</strong></span> <span class='ocrx_word' id='word_1_336' title='bbox 922 3122 1016 3177; x_wconf 80' lang='lat' dir='ltr'><strong>Est</strong></span> <span class='ocrx_word' id='word_1_337' title='bbox 1054 3131 1236 3177; x_wconf 80' lang='lat' dir='ltr'><strong>autem</strong></span> <span class='ocrx_word' id='word_1_338' title='bbox 1282 3138 1514 3177; x_wconf 89' lang='lat' dir='ltr'><strong>sensus:</strong></span> <span class='ocrx_word' id='word_1_339' title='bbox 1565 3123 1696 3179; x_wconf 87' lang='lat' dir='ltr'><strong>Pro-</strong></span> 
     </span>
    </p>
   </div>
   <div class='ocr_carea' id='block_1_48' title="bbox 126 3182 1770 3282">
    <p class='ocr_par' dir='ltr' id='par_1_48' title="bbox 126 3182 1770 3282">
     <span class='ocr_line' id='line_1_48' title="bbox 126 3182 1770 3282; baseline 0.001 -16"><span class='ocrx_word' id='word_1_340' title='bbox 126 3220 292 3282; x_wconf 86' lang='lat' dir='ltr'><strong>pterea</strong></span> <span class='ocrx_word' id='word_1_341' title='bbox 318 3211 543 3266; x_wconf 87' lang='lat' dir='ltr'><strong>ultimus</strong></span> <span class='ocrx_word' id='word_1_342' title='bbox 569 3210 703 3265; x_wconf 90' lang='lat' dir='ltr'><strong>ordo</strong></span> <span class='ocrx_word' id='word_1_343' title='bbox 731 3210 995 3281; x_wconf 88' lang='lat' dir='ltr'><strong>nobisque</strong></span> <span class='ocrx_word' id='word_1_344' title='bbox 1018 3212 1297 3280; x_wconf 74' lang='lat' dir='ltr'><strong>proximus</strong></span> <span class='ocrx_word' id='word_1_345' title='bbox 1328 3213 1505 3281; x_wconf 89' lang='lat' dir='ltr'><strong>aptius</strong></span> <span class='ocrx_word' id='word_1_346' title='bbox 1533 3229 1563 3266; x_wconf 92' lang='lat' dir='ltr'><strong>a</strong></span> <span class='ocrx_word' id='word_1_347' title='bbox 1607 3228 1700 3267; x_wconf 81' lang='lat' dir='ltr'><strong>no-</strong></span> <span class='ocrx_word' id='word_1_348' title='bbox 1725 3182 1770 3244; x_wconf 65' lang='grc' dir='ltr'>Ο</span> 
     </span>
    </p>
   </div>
   <div class='ocr_carea' id='block_1_49' title="bbox 128 3303 1697 3375">
    <p class='ocr_par' dir='ltr' id='par_1_49' title="bbox 128 3303 1697 3375">
     <span class='ocr_line' id='line_1_49' title="bbox 128 3303 1697 3375; baseline 0.001 -15"><span class='ocrx_word' id='word_1_349' title='bbox 128 3304 202 3360; x_wconf 87' lang='lat' dir='ltr'><strong>bis</strong></span> <span class='ocrx_word' id='word_1_350' title='bbox 236 3304 511 3375; x_wconf 79' lang='lat' dir='ltr'><strong>angelicas</strong></span> <span class='ocrx_word' id='word_1_351' title='bbox 560 3303 890 3370; x_wconf 87' lang='lat' dir='ltr'><strong>nominatur,</strong></span> <span class='ocrx_word' id='word_1_352' title='bbox 943 3305 1200 3373; x_wconf 89' lang='lat' dir='ltr'><strong>quoniam</strong></span> <span class='ocrx_word' id='word_1_353' title='bbox 1247 3304 1697 3361; x_wconf 79' lang='lat' dir='ltr'><strong>excellentissima</strong></span> 
     </span>
    </p>
   </div>
   <div class='ocr_carea' id='block_1_50' title="bbox 128 3394 1703 3466">
    <p class='ocr_par' dir='ltr' id='par_1_50' title="bbox 128 3394 1703 3466">
     <span class='ocr_line' id='line_1_50' title="bbox 128 3394 1703 3466; baseline 0.001 -17"><span class='ocrx_word' id='word_1_354' title='bbox 128 3394 415 3451; x_wconf 84' lang='lat' dir='ltr'><strong>caelestium</strong></span> <span class='ocrx_word' id='word_1_355' title='bbox 464 3395 828 3450; x_wconf 88' lang='lat' dir='ltr'><strong>essentiarum</strong></span> <span class='ocrx_word' id='word_1_356' title='bbox 876 3396 1187 3466; x_wconf 85' lang='lat' dir='ltr'><strong>dispositio,</strong></span> <span class='ocrx_word' id='word_1_357' title='bbox 1234 3398 1405 3466; x_wconf 88' lang='lat' dir='ltr'><strong>prima</strong></span> <span class='ocrx_word' id='word_1_358' title='bbox 1454 3398 1703 3454; x_wconf 82' lang='lat' dir='ltr'><strong>videlicet</strong></span> 
     </span>
    </p>
   </div>
   <div class='ocr_carea' id='block_1_51' title="bbox 128 3485 1696 3559">
    <p class='ocr_par' dir='ltr' id='par_1_51' title="bbox 128 3485 1696 3559">
     <span class='ocr_line' id='line_1_51' title="bbox 128 3485 1696 3559; baseline 0.003 -20"><span class='ocrx_word' id='word_1_359' title='bbox 128 3485 389 3551; x_wconf 81' lang='lat' dir='ltr'><strong>ierarchia,</strong></span> <span class='ocrx_word' id='word_1_360' title='bbox 430 3486 602 3542; x_wconf 87' lang='lat' dir='ltr'><strong>veluti</strong></span> <span class='ocrx_word' id='word_1_361' title='bbox 637 3486 882 3556; x_wconf 77' lang='lat' dir='ltr'><strong>proxima</strong></span> <span class='ocrx_word' id='word_1_362' title='bbox 934 3487 1035 3557; x_wconf 92' lang='lat' dir='ltr'><strong>ipsi</strong></span> <span class='ocrx_word' id='word_1_363' title='bbox 1083 3487 1317 3551; x_wconf 91' lang='lat' dir='ltr'><strong>occulto,</strong></span> <span class='ocrx_word' id='word_1_364' title='bbox 1366 3488 1476 3543; x_wconf 89' lang='lat' dir='ltr'><strong>Deo</strong></span> <span class='ocrx_word' id='word_1_365' title='bbox 1522 3489 1696 3559; x_wconf 89' lang='lat' dir='ltr'><strong>plane,</strong></span> 
     </span>
    </p>
   </div>
   <div class='ocr_carea' id='block_1_52' title="bbox 128 3578 1703 3651">
    <p class='ocr_par' dir='ltr' id='par_1_52' title="bbox 128 3578 1703 3651">
     <span class='ocr_line' id='line_1_52' title="bbox 128 3578 1703 3651; baseline 0.004 -22"><span class='ocrx_word' id='word_1_366' title='bbox 128 3578 205 3646; x_wconf 88' lang='lat' dir='ltr'><strong>qui</strong></span> <span class='ocrx_word' id='word_1_367' title='bbox 226 3588 505 3649; x_wconf 86' lang='lat' dir='ltr'><strong>propterea</strong></span> <span class='ocrx_word' id='word_1_368' title='bbox 542 3579 788 3633; x_wconf 87' lang='lat' dir='ltr'><strong>occultus</strong></span> <span class='ocrx_word' id='word_1_369' title='bbox 815 3579 1029 3643; x_wconf 87' lang='lat' dir='ltr'><strong>dicitur,</strong></span> <span class='ocrx_word' id='word_1_370' title='bbox 1057 3580 1313 3649; x_wconf 89' lang='lat' dir='ltr'><strong>quoniam</strong></span> <span class='ocrx_word' id='word_1_371' title='bbox 1342 3590 1561 3651; x_wconf 90' lang='lat' dir='ltr'><strong>superat</strong></span> <span class='ocrx_word' id='word_1_372' title='bbox 1585 3596 1703 3635; x_wconf 90' lang='lat' dir='ltr'><strong>om-</strong></span> 
     </span>
    </p>
   </div>
   <div class='ocr_carea' id='block_1_53' title="bbox 129 3670 1703 3740">
    <p class='ocr_par' dir='ltr' id='par_1_53' title="bbox 129 3670 1703 3740">
     <span class='ocr_line' id='line_1_53' title="bbox 129 3670 1703 3740; baseline 0.002 -16"><span class='ocrx_word' id='word_1_373' title='bbox 129 3684 237 3724; x_wconf 87' lang='lat' dir='ltr'><strong>nem</strong></span> <span class='ocrx_word' id='word_1_374' title='bbox 280 3670 631 3734; x_wconf 88' lang='lat' dir='ltr'><strong>intellectum,</strong></span> <span class='ocrx_word' id='word_1_375' title='bbox 684 3684 748 3725; x_wconf 89' lang='lat' dir='ltr'><strong>ac</strong></span> <span class='ocrx_word' id='word_1_376' title='bbox 793 3670 1043 3740; x_wconf 87' lang='lat' dir='ltr'><strong>primitus</strong></span> <span class='ocrx_word' id='word_1_377' title='bbox 1081 3680 1207 3726; x_wconf 88' lang='lat' dir='ltr'><strong>ante</strong></span> <span class='ocrx_word' id='word_1_378' title='bbox 1240 3671 1374 3726; x_wconf 88' lang='lat' dir='ltr'><strong>alias</strong></span> <span class='ocrx_word' id='word_1_379' title='bbox 1404 3672 1703 3727; x_wconf 87' lang='lat' dir='ltr'><strong>ierarchias</strong></span> 
     </span>
    </p>
   </div>
   <div class='ocr_carea' id='block_1_54' title="bbox 128 3761 1699 3834">
    <p class='ocr_par' dir='ltr' id='par_1_54' title="bbox 128 3761 1699 3834">
     <span class='ocr_line' id='line_1_54' title="bbox 128 3761 1699 3834; baseline 0 -19"><span class='ocrx_word' id='word_1_380' title='bbox 128 3761 338 3825; x_wconf 87' lang='lat' dir='ltr'><strong>ordinat,</strong></span> <span class='ocrx_word' id='word_1_381' title='bbox 373 3761 712 3816; x_wconf 84' lang='lat' dir='ltr'><strong>aestimanda</strong></span> <span class='ocrx_word' id='word_1_382' title='bbox 739 3769 822 3815; x_wconf 89' lang='lat' dir='ltr'><strong>cst</strong></span> <span class='ocrx_word' id='word_1_383' title='bbox 848 3769 901 3816; x_wconf 90' lang='lat' dir='ltr'><strong>et</strong></span> <span class='ocrx_word' id='word_1_384' title='bbox 927 3761 1302 3817; x_wconf 87' lang='lat' dir='ltr'><strong>incunctanter</strong></span> <span class='ocrx_word' id='word_1_385' title='bbox 1331 3762 1699 3834; x_wconf 81' lang='lat' dir='ltr'><strong>intelligenda,</strong></span> 
     </span>
    </p>
   </div>
   <div class='ocr_carea' id='block_1_55' title="bbox 130 3850 1704 3922">
    <p class='ocr_par' dir='ltr' id='par_1_55' title="bbox 130 3850 1704 3922">
     <span class='ocr_line' id='line_1_55' title="bbox 130 3850 1704 3922; baseline 0.001 -18"><span class='ocrx_word' id='word_1_386' title='bbox 130 3850 463 3916; x_wconf 82' lang='lat' dir='ltr'><strong>sanctiﬁcare,</strong></span> <span class='ocrx_word' id='word_1_387' title='bbox 503 3853 558 3907; x_wconf 91' lang='lat' dir='ltr'><strong>id</strong></span> <span class='ocrx_word' id='word_1_388' title='bbox 590 3859 675 3907; x_wconf 87' lang='lat' dir='ltr'><strong>est</strong></span> <span class='ocrx_word' id='word_1_389' title='bbox 701 3852 988 3917; x_wconf 88' lang='lat' dir='ltr'><strong>ordinare,</strong></span> <span class='ocrx_word' id='word_1_390' title='bbox 1014 3852 1096 3907; x_wconf 88' lang='lat' dir='ltr'><strong>vel</strong></span> <span class='ocrx_word' id='word_1_391' title='bbox 1119 3861 1177 3905; x_wconf 91' lang='lat' dir='ltr'><strong>nt</strong></span> <span class='ocrx_word' id='word_1_392' title='bbox 1197 3854 1415 3922; x_wconf 86' lang='lat' dir='ltr'><strong>proprie</strong></span> <span class='ocrx_word' id='word_1_393' title='bbox 1444 3852 1704 3908; x_wconf 81' lang='lat' dir='ltr'><strong>transfer-</strong></span> 
     </span>
    </p>
   </div>
   <div class='ocr_carea' id='block_1_56' title="bbox 131 3943 1704 4010">
    <p class='ocr_par' dir='ltr' id='par_1_56' title="bbox 131 3943 1704 4010">
     <span class='ocr_line' id='line_1_56' title="bbox 131 3943 1704 4010; baseline 0.002 -16"><span class='ocrx_word' id='word_1_394' title='bbox 131 3949 226 4006; x_wconf 86' lang='lat' dir='ltr'><strong>tur,</strong></span> <span class='ocrx_word' id='word_1_395' title='bbox 270 3944 581 3999; x_wconf 86' lang='lat' dir='ltr'><strong>sacriﬁcare</strong></span> <span class='ocrx_word' id='word_1_396' title='bbox 625 3945 940 4010; x_wconf 83' lang='lat' dir='ltr'><strong>secundum,</strong></span> <span class='ocrx_word' id='word_1_397' title='bbox 995 3943 1227 3998; x_wconf 88' lang='lat' dir='ltr'><strong>mediam</strong></span> <span class='ocrx_word' id='word_1_398' title='bbox 1281 3944 1485 3999; x_wconf 86' lang='lat' dir='ltr'><strong>scilicet</strong></span> <span class='ocrx_word' id='word_1_399' title='bbox 1534 3944 1704 3999; x_wconf 86' lang='lat' dir='ltr'><strong>ierar-</strong></span> 
     </span>
    </p>
   </div>
   <div class='ocr_carea' id='block_1_57' title="bbox 130 4035 1704 4102">
    <p class='ocr_par' dir='ltr' id='par_1_57' title="bbox 130 4035 1704 4102">
     <span class='ocr_line' id='line_1_57' title="bbox 130 4035 1704 4102; baseline 0 -13"><span class='ocrx_word' id='word_1_400' title='bbox 130 4035 308 4102; x_wconf 86' lang='lat' dir='ltr'><strong>chiam,</strong></span> <span class='ocrx_word' id='word_1_401' title='bbox 336 4037 579 4094; x_wconf 88' lang='lat' dir='ltr'><strong>formans</strong></span> <span class='ocrx_word' id='word_1_402' title='bbox 601 4051 725 4092; x_wconf 86' lang='lat' dir='ltr'><strong>eam</strong></span> <span class='ocrx_word' id='word_1_403' title='bbox 765 4037 928 4101; x_wconf 90' lang='lat' dir='ltr'><strong>clam,</strong></span> <span class='ocrx_word' id='word_1_404' title='bbox 963 4035 1172 4092; x_wconf 86' lang='lat' dir='ltr'><strong>occulte</strong></span> <span class='ocrx_word' id='word_1_405' title='bbox 1207 4036 1413 4091; x_wconf 87' lang='lat' dir='ltr'><strong>scilicet</strong></span> <span class='ocrx_word' id='word_1_406' title='bbox 1439 4043 1495 4091; x_wconf 92' lang='lat' dir='ltr'><strong>et</strong></span> <span class='ocrx_word' id='word_1_407' title='bbox 1521 4036 1704 4090; x_wconf 90' lang='lat' dir='ltr'><strong>invisi-</strong></span> 
     </span>
    </p>
   </div>
   <div class='ocr_carea' id='block_1_58' title="bbox 131 4124 1700 4193">
    <p class='ocr_par' dir='ltr' id='par_1_58' title="bbox 131 4124 1700 4193">
     <span class='ocr_line' id='line_1_58' title="bbox 131 4124 1700 4193; baseline 0.002 -14"><span class='ocrx_word' id='word_1_408' title='bbox 131 4124 311 4193; x_wconf 88' lang='lat' dir='ltr'><strong>biliter,</strong></span> <span class='ocrx_word' id='word_1_409' title='bbox 345 4138 397 4183; x_wconf 90' lang='lat' dir='ltr'><strong>et</strong></span> <span class='ocrx_word' id='word_1_410' title='bbox 430 4144 537 4184; x_wconf 90' lang='lat' dir='ltr'><strong>non</strong></span> <span class='ocrx_word' id='word_1_411' title='bbox 562 4128 739 4183; x_wconf 89' lang='lat' dir='ltr'><strong>solum</strong></span> <span class='ocrx_word' id='word_1_412' title='bbox 782 4128 849 4184; x_wconf 89' lang='lat' dir='ltr'><strong>ab</strong></span> <span class='ocrx_word' id='word_1_413' title='bbox 879 4129 1129 4183; x_wconf 87' lang='lat' dir='ltr'><strong>humanis</strong></span> <span class='ocrx_word' id='word_1_414' title='bbox 1174 4127 1556 4191; x_wconf 78' lang='lat' dir='ltr'><strong>intellectilms,</strong></span> <span class='ocrx_word' id='word_1_415' title='bbox 1603 4143 1700 4182; x_wconf 83' lang='lat' dir='ltr'><strong>ve-</strong></span> 
     </span>
    </p>
   </div>
   <div class='ocr_carea' id='block_1_59' title="bbox 133 4217 1703 4292">
    <p class='ocr_par' dir='ltr' id='par_1_59' title="bbox 133 4217 1703 4292">
     <span class='ocr_line' id='line_1_59' title="bbox 133 4217 1703 4292; baseline -0.001 -19"><span class='ocrx_word' id='word_1_416' title='bbox 133 4235 236 4274; x_wconf 88' lang='lat' dir='ltr'><strong>rum</strong></span> <span class='ocrx_word' id='word_1_417' title='bbox 265 4222 420 4276; x_wconf 85' lang='lat' dir='ltr'><strong>etiam</strong></span> <span class='ocrx_word' id='word_1_418' title='bbox 451 4230 507 4276; x_wconf 88' lang='lat' dir='ltr'><strong>et</strong></span> <span class='ocrx_word' id='word_1_419' title='bbox 543 4220 751 4292; x_wconf 76' lang='lat' dir='ltr'><strong>angelis</strong></span> <span class='ocrx_word' id='word_1_420' title='bbox 782 4220 1163 4276; x_wconf 90' lang='lat' dir='ltr'><strong>remotissimc.</strong></span> <span class='ocrx_word' id='word_1_421' title='bbox 1222 4219 1292 4275; x_wconf 90' lang='lat' dir='ltr'><strong>Ut</strong></span> <span class='ocrx_word' id='word_1_422' title='bbox 1333 4220 1476 4273; x_wconf 90' lang='lat' dir='ltr'><strong>enim</strong></span> <span class='ocrx_word' id='word_1_423' title='bbox 1516 4217 1703 4274; x_wconf 69' lang='lat' dir='ltr'><strong>inetia-</strong></span> 
     </span>
    </p>
   </div>
   <div class='ocr_carea' id='block_1_60' title="bbox 132 4306 1703 4381">
    <p class='ocr_par' dir='ltr' id='par_1_60' title="bbox 132 4306 1703 4381">
     <span class='ocr_line' id='line_1_60' title="bbox 132 4306 1703 4381; baseline 0.003 -21"><span class='ocrx_word' id='word_1_424' title='bbox 132 4306 224 4363; x_wconf 87' lang='lat' dir='ltr'><strong>bile</strong></span> <span class='ocrx_word' id='word_1_425' title='bbox 266 4319 318 4366; x_wconf 86' lang='lat' dir='ltr'><strong>et</strong></span> <span class='ocrx_word' id='word_1_426' title='bbox 358 4310 908 4381; x_wconf 87' lang='lat' dir='ltr'><strong>incomprehensibile</strong></span> <span class='ocrx_word' id='word_1_427' title='bbox 937 4320 1038 4375; x_wconf 88' lang='lat' dir='ltr'><strong>est,</strong></span> <span class='ocrx_word' id='word_1_428' title='bbox 1068 4320 1123 4364; x_wconf 86' lang='lat' dir='ltr'><strong>et</strong></span> <span class='ocrx_word' id='word_1_429' title='bbox 1150 4309 1419 4365; x_wconf 88' lang='lat' dir='ltr'><strong>occultum</strong></span> <span class='ocrx_word' id='word_1_430' title='bbox 1449 4310 1703 4364; x_wconf 87' lang='lat' dir='ltr'><strong>omnibus</strong></span> 
     </span>
    </p>
   </div>
   <div class='ocr_carea' id='block_1_61' title="bbox 132 4398 1701 4473">
    <p class='ocr_par' dir='ltr' id='par_1_61' title="bbox 132 4398 1701 4473">
     <span class='ocr_line' id='line_1_61' title="bbox 132 4398 1701 4473; baseline 0 -17"><span class='ocrx_word' id='word_1_431' title='bbox 132 4398 411 4467; x_wconf 83' lang='lat' dir='ltr'><strong>lerarcbiis,</strong></span> <span class='ocrx_word' id='word_1_432' title='bbox 447 4401 721 4472; x_wconf 88' lang='lat' dir='ltr'><strong>quomodo</strong></span> <span class='ocrx_word' id='word_1_433' title='bbox 750 4404 919 4471; x_wconf 90' lang='lat' dir='ltr'><strong>prima</strong></span> <span class='ocrx_word' id='word_1_434' title='bbox 951 4403 1219 4458; x_wconf 85' lang='lat' dir='ltr'><strong>ierarchia</strong></span> <span class='ocrx_word' id='word_1_435' title='bbox 1256 4404 1324 4458; x_wconf 89' lang='lat' dir='ltr'><strong>ab</strong></span> <span class='ocrx_word' id='word_1_436' title='bbox 1352 4403 1468 4473; x_wconf 92' lang='lat' dir='ltr'><strong>ipso</strong></span> <span class='ocrx_word' id='word_1_437' title='bbox 1508 4401 1621 4457; x_wconf 90' lang='lat' dir='ltr'><strong>Deo</strong></span> <span class='ocrx_word' id='word_1_438' title='bbox 1645 4410 1701 4456; x_wconf 89' lang='lat' dir='ltr'><strong>et</strong></span> 
     </span>
    </p>
   </div>
   <div class='ocr_carea' id='block_1_62' title="bbox 133 4492 1696 4559">
    <p class='ocr_par' dir='ltr' id='par_1_62' title="bbox 133 4492 1696 4559">
     <span class='ocr_line' id='line_1_62' title="bbox 133 4492 1696 4559; baseline 0.001 -14"><span class='ocrx_word' id='word_1_439' title='bbox 133 4492 388 4548; x_wconf 89' lang='lat' dir='ltr'><strong>ordinatur</strong></span> <span class='ocrx_word' id='word_1_440' title='bbox 414 4502 469 4548; x_wconf 91' lang='lat' dir='ltr'><strong>et</strong></span> <span class='ocrx_word' id='word_1_441' title='bbox 495 4493 874 4549; x_wconf 87' lang='lat' dir='ltr'><strong>sanctiﬁcatur</strong></span> <span class='ocrx_word' id='word_1_442' title='bbox 903 4493 985 4549; x_wconf 88' lang='lat' dir='ltr'><strong>vel</strong></span> <span class='ocrx_word' id='word_1_443' title='bbox 1010 4493 1365 4559; x_wconf 84' lang='lat' dir='ltr'><strong>sacriﬁcatur,</strong></span> <span class='ocrx_word' id='word_1_444' title='bbox 1412 4493 1483 4547; x_wconf 88' lang='lat' dir='ltr'><strong>ita</strong></span> <span class='ocrx_word' id='word_1_445' title='bbox 1518 4508 1696 4547; x_wconf 86' lang='lat' dir='ltr'><strong>remo—</strong></span> 
     </span>
    </p>
   </div>
   <div class='ocr_carea' id='block_1_63' title="bbox 136 4581 1696 4655">
    <p class='ocr_par' dir='ltr' id='par_1_63' title="bbox 136 4581 1696 4655">
     <span class='ocr_line' id='line_1_63' title="bbox 136 4581 1696 4655; baseline 0 -20"><span class='ocrx_word' id='word_1_446' title='bbox 136 4584 234 4636; x_wconf 84' lang='lat' dir='ltr'><strong>tum</strong></span> <span class='ocrx_word' id='word_1_447' title='bbox 256 4584 795 4655; x_wconf 86' lang='lat' dir='ltr'><strong>estetincognitum,</strong></span> <span class='ocrx_word' id='word_1_448' title='bbox 834 4584 1105 4654; x_wconf 91' lang='lat' dir='ltr'><strong>quomodo</strong></span> <span class='ocrx_word' id='word_1_449' title='bbox 1153 4582 1388 4638; x_wconf 87' lang='lat' dir='ltr'><strong>secunda</strong></span> <span class='ocrx_word' id='word_1_450' title='bbox 1439 4597 1535 4652; x_wconf 87' lang='lat' dir='ltr'><strong>per</strong></span> <span class='ocrx_word' id='word_1_451' title='bbox 1581 4581 1696 4652; x_wconf 91' lang='lat' dir='ltr'><strong>pri-</strong></span> 
     </span>
    </p>
   </div>
   <div class='ocr_carea' id='block_1_64' title="bbox 137 4675 1700 4746">
    <p class='ocr_par' dir='ltr' id='par_1_64' title="bbox 137 4675 1700 4746">
     <span class='ocr_line' id='line_1_64' title="bbox 137 4675 1700 4746; baseline 0.003 -21"><span class='ocrx_word' id='word_1_452' title='bbox 137 4685 282 4739; x_wconf 88' lang='lat' dir='ltr'><strong>mam,</strong></span> <span class='ocrx_word' id='word_1_453' title='bbox 307 4683 358 4729; x_wconf 88' lang='lat' dir='ltr'><strong>et</strong></span> <span class='ocrx_word' id='word_1_454' title='bbox 382 4676 539 4731; x_wconf 90' lang='lat' dir='ltr'><strong>tertia</strong></span> <span class='ocrx_word' id='word_1_455' title='bbox 566 4690 666 4746; x_wconf 92' lang='lat' dir='ltr'><strong>per</strong></span> <span class='ocrx_word' id='word_1_456' title='bbox 690 4675 921 4731; x_wconf 91' lang='lat' dir='ltr'><strong>mediam</strong></span> <span class='ocrx_word' id='word_1_457' title='bbox 948 4676 1228 4731; x_wconf 88' lang='lat' dir='ltr'><strong>ordinatur</strong></span> <span class='ocrx_word' id='word_1_458' title='bbox 1252 4684 1306 4731; x_wconf 93' lang='grc' dir='ltr'><strong>ει</strong></span> <span class='ocrx_word' id='word_1_459' title='bbox 1332 4675 1700 4730; x_wconf 87' lang='lat' dir='ltr'><strong>sanctilicatur</strong></span> 
     </span>
    </p>
   </div>
   <div class='ocr_carea' id='block_1_65' title="bbox 137 4760 1700 4836">
    <p class='ocr_par' dir='ltr' id='par_1_65' title="bbox 137 4760 1700 4836">
     <span class='ocr_line' id='line_1_65' title="bbox 137 4760 1700 4836; baseline 0.004 -22"><span class='ocrx_word' id='word_1_460' title='bbox 137 4760 195 4815; x_wconf 85' lang='lat' dir='ltr'><strong>ab</strong></span> <span class='ocrx_word' id='word_1_461' title='bbox 225 4762 328 4833; x_wconf 89' lang='lat' dir='ltr'><strong>ipsa</strong></span> <span class='ocrx_word' id='word_1_462' title='bbox 350 4765 373 4797; x_wconf 84' lang='grc'><strong>⁷</strong></span> <span class='ocrx_word' id='word_1_463' title='bbox 399 4766 643 4820; x_wconf 86' lang='lat' dir='ltr'><strong>omnium</strong></span> <span class='ocrx_word' id='word_1_464' title='bbox 694 4782 880 4821; x_wconf 87' lang='lat' dir='ltr'><strong>causa.</strong></span> <span class='ocrx_word' id='word_1_465' title='bbox 929 4767 1008 4821; x_wconf 80' lang='lat' dir='ltr'><strong>Ac</strong></span> <span class='ocrx_word' id='word_1_466' title='bbox 1044 4780 1141 4836; x_wconf 90' lang='lat' dir='ltr'><strong>per</strong></span> <span class='ocrx_word' id='word_1_467' title='bbox 1167 4766 1301 4831; x_wconf 88' lang='lat' dir='ltr'><strong>hoc,</strong></span> <span class='ocrx_word' id='word_1_468' title='bbox 1334 4766 1379 4820; x_wconf 90' lang='lat' dir='ltr'><strong>si</strong></span> <span class='ocrx_word' id='word_1_469' title='bbox 1415 4767 1550 4822; x_wconf 87' lang='lat' dir='ltr'><strong>haec</strong></span> <span class='ocrx_word' id='word_1_470' title='bbox 1576 4780 1700 4821; x_wconf 85' lang='lat' dir='ltr'><strong>cae-</strong></span> 
     </span>
    </p>
   </div>
   <div class='ocr_carea' id='block_1_66' title="bbox 139 4847 1699 4928">
    <p class='ocr_par' dir='ltr' id='par_1_66' title="bbox 139 4847 1699 4928">
     <span class='ocr_line' id='line_1_66' title="bbox 139 4847 1699 4928; baseline 0.004 -23"><span class='ocrx_word' id='word_1_471' title='bbox 139 4847 337 4909; x_wconf 80' lang='lat' dir='ltr'><strong>lestibus</strong></span> <span class='ocrx_word' id='word_1_472' title='bbox 381 4857 635 4912; x_wconf 87' lang='lat' dir='ltr'><strong>essentiis</strong></span> <span class='ocrx_word' id='word_1_473' title='bbox 684 4856 960 4927; x_wconf 83' lang='lat' dir='ltr'><strong>incognita</strong></span> <span class='ocrx_word' id='word_1_474' title='bbox 1019 4867 1075 4912; x_wconf 90' lang='lat' dir='ltr'><strong>ct</strong></span> <span class='ocrx_word' id='word_1_475' title='bbox 1133 4857 1699 4928; x_wconf 85' lang='lat' dir='ltr'><strong>incomprehensibilia</strong></span> 
     </span>
    </p>
   </div>
   <div class='ocr_carea' id='block_1_67' title="bbox 139 4946 1698 5020">
    <p class='ocr_par' dir='ltr' id='par_1_67' title="bbox 139 4946 1698 5020">
     <span class='ocr_line' id='line_1_67' title="bbox 139 4946 1698 5020; baseline 0.007 -25"><span class='ocrx_word' id='word_1_476' title='bbox 139 4954 264 5009; x_wconf 78' lang='lat' dir='ltr'><strong>sunt,</strong></span> <span class='ocrx_word' id='word_1_477' title='bbox 292 4946 416 5015; x_wconf 92' lang='lat' dir='ltr'><strong>qttid</strong></span> <span class='ocrx_word' id='word_1_478' title='bbox 453 4951 670 5012; x_wconf 87' lang='lat' dir='ltr'><strong>mirum,</strong></span> <span class='ocrx_word' id='word_1_479' title='bbox 702 4949 747 5004; x_wconf 91' lang='lat' dir='ltr'><strong>si</strong></span> <span class='ocrx_word' id='word_1_480' title='bbox 778 4964 809 5001; x_wconf 89' lang='lat' dir='ltr'><strong>a</strong></span> <span class='ocrx_word' id='word_1_481' title='bbox 841 4948 997 5003; x_wconf 87' lang='lat' dir='ltr'><strong>nobis</strong></span> <span class='ocrx_word' id='word_1_482' title='bbox 1030 4948 1409 5020; x_wconf 84' lang='lat' dir='ltr'><strong>comprehendi</strong></span> <span class='ocrx_word' id='word_1_483' title='bbox 1437 4965 1541 5003; x_wconf 91' lang='lat' dir='ltr'><strong>non</strong></span> <span class='ocrx_word' id='word_1_484' title='bbox 1570 4965 1698 5020; x_wconf 85' lang='lat' dir='ltr'><strong>pos-</strong></span> 
     </span>
    </p>
   </div>
   <div class='ocr_carea' id='block_1_68' title="bbox 142 5037 1698 5110">
    <p class='ocr_par' dir='ltr' id='par_1_68' title="bbox 142 5037 1698 5110">
     <span class='ocr_line' id='line_1_68' title="bbox 142 5037 1698 5110; baseline 0.005 -23"><span class='ocrx_word' id='word_1_485' title='bbox 142 5037 293 5091; x_wconf 76' lang='lat' dir='ltr'><strong>sunt?</strong></span> <span class='ocrx_word' id='word_1_486' title='bbox 317 5037 556 5095; x_wconf 75' lang='lat' dir='ltr'><strong>Secunda</strong></span> <span class='ocrx_word' id='word_1_487' title='bbox 584 5056 723 5105; x_wconf 79' lang='lat' dir='ltr'><strong>vero,</strong></span> <span class='ocrx_word' id='word_1_488' title='bbox 754 5054 892 5110; x_wconf 81' lang='lat' dir='ltr'><strong>quae</strong></span> <span class='ocrx_word' id='word_1_489' title='bbox 921 5040 1205 5110; x_wconf 69' lang='lat' dir='ltr'><strong>completur</strong></span> <span class='ocrx_word' id='word_1_490' title='bbox 1227 5058 1257 5093; x_wconf 89' lang='lat' dir='ltr'><strong>a</strong></span> <span class='ocrx_word' id='word_1_491' title='bbox 1295 5038 1490 5095; x_wconf 59' lang='lat' dir='ltr'><strong>sanatis</strong></span> <span class='ocrx_word' id='word_1_492' title='bbox 1516 5040 1698 5095; x_wconf 47' lang='lat' dir='ltr'><strong>Domi-</strong></span> 
     </span>
    </p>
   </div>
   <div class='ocr_carea' id='block_1_69' title="bbox 1730 4544 1777 4604">
    <p class='ocr_par' dir='ltr' id='par_1_69' title="bbox 1730 4544 1777 4604">
     <span class='ocr_line' id='line_1_69' title="bbox 1730 4544 1777 4604; baseline 0 0"><span class='ocrx_word' id='word_1_493' title='bbox 1730 4544 1777 4604; x_wconf 91' lang='lat' dir='ltr'><strong>D</strong></span> 
     </span>
    </p>
   </div>
   <div class='ocr_carea' id='block_1_70' title="bbox 1804 1945 3394 2017">
    <p class='ocr_par' dir='ltr' id='par_1_70' title="bbox 1804 1945 3394 2017">
     <span class='ocr_line' id='line_1_70' title="bbox 1804 1945 3394 2017; baseline 0.003 -19"><span class='ocrx_word' id='word_1_494' title='bbox 1804 1946 2114 1999; x_wconf 84' lang='lat' dir='ltr'><strong>immediate</strong></span> <span class='ocrx_word' id='word_1_495' title='bbox 2162 1953 2284 2015; x_wconf 88' lang='lat' dir='ltr'><strong>post</strong></span> <span class='ocrx_word' id='word_1_496' title='bbox 2336 1946 2502 2001; x_wconf 89' lang='lat' dir='ltr'><strong>Deum</strong></span> <span class='ocrx_word' id='word_1_497' title='bbox 2554 1945 2918 2001; x_wconf 88' lang='lat' dir='ltr'><strong>occultissima</strong></span> <span class='ocrx_word' id='word_1_498' title='bbox 2967 1955 3081 2012; x_wconf 76' lang='lat' dir='ltr'><strong>est,</strong></span> <span class='ocrx_word' id='word_1_499' title='bbox 3139 1949 3394 2017; x_wconf 86' lang='lat' dir='ltr'><strong>quoniam</strong></span> 
     </span>
    </p>
   </div>
   <div class='ocr_carea' id='block_1_71' title="bbox 1802 2037 3397 2112">
    <p class='ocr_par' dir='ltr' id='par_1_71' title="bbox 1802 2037 3397 2112">
     <span class='ocr_line' id='line_1_71' title="bbox 1802 2037 3397 2112; baseline 0.002 -21"><span class='ocrx_word' id='word_1_500' title='bbox 1802 2037 2025 2091; x_wconf 88' lang='lat' dir='ltr'><strong>omnino</strong></span> <span class='ocrx_word' id='word_1_501' title='bbox 2052 2037 2355 2107; x_wconf 86' lang='lat' dir='ltr'><strong>incognitae</strong></span> <span class='ocrx_word' id='word_1_502' title='bbox 2401 2052 2596 2092; x_wconf 85' lang='lat' dir='ltr'><strong>causae</strong></span> <span class='ocrx_word' id='word_1_503' title='bbox 2632 2039 2931 2109; x_wconf 76' lang='lat' dir='ltr'><strong>proximam</strong></span> <span class='ocrx_word' id='word_1_504' title='bbox 2963 2040 3202 2108; x_wconf 88' lang='lat' dir='ltr'><strong>possidet</strong></span> <span class='ocrx_word' id='word_1_505' title='bbox 3223 2041 3397 2112; x_wconf 82' lang='lat' dir='ltr'><strong>regio-</strong></span> 
     </span>
    </p>
   </div>
   <div class='ocr_carea' id='block_1_72' title="bbox 1803 2125 3395 2195">
    <p class='ocr_par' dir='ltr' id='par_1_72' title="bbox 1803 2125 3395 2195">
     <span class='ocr_line' id='line_1_72' title="bbox 1803 2125 3395 2195; baseline 0.003 -16"><span class='ocrx_word' id='word_1_506' title='bbox 1803 2139 1947 2179; x_wconf 89' lang='lat' dir='ltr'><strong>nem.</strong></span> <span class='ocrx_word' id='word_1_507' title='bbox 2003 2125 2186 2179; x_wconf 90' lang='lat' dir='ltr'><strong>Tertia</strong></span> <span class='ocrx_word' id='word_1_508' title='bbox 2213 2140 2373 2189; x_wconf 87' lang='lat' dir='ltr'><strong>vero,</strong></span> <span class='ocrx_word' id='word_1_509' title='bbox 2404 2141 2545 2195; x_wconf 88' lang='lat' dir='ltr'><strong>quae</strong></span> <span class='ocrx_word' id='word_1_510' title='bbox 2571 2126 2888 2181; x_wconf 87' lang='lat' dir='ltr'><strong>caelestium</strong></span> <span class='ocrx_word' id='word_1_511' title='bbox 2914 2129 3271 2182; x_wconf 88' lang='lat' dir='ltr'><strong>essentiarum</strong></span> <span class='ocrx_word' id='word_1_512' title='bbox 3302 2142 3395 2183; x_wconf 79' lang='lat' dir='ltr'><strong>ex-</strong></span> 
     </span>
    </p>
   </div>
   <div class='ocr_carea' id='block_1_73' title="bbox 1804 2214 3394 2287">
    <p class='ocr_par' dir='ltr' id='par_1_73' title="bbox 1804 2214 3394 2287">
     <span class='ocr_line' id='line_1_73' title="bbox 1804 2214 3394 2287; baseline 0.004 -19"><span class='ocrx_word' id='word_1_513' title='bbox 1804 2214 2132 2268; x_wconf 87' lang='lat' dir='ltr'><strong>tremitatem</strong></span> <span class='ocrx_word' id='word_1_514' title='bbox 2166 2224 2329 2278; x_wconf 81' lang='lat' dir='ltr'><strong>tenet,</strong></span> <span class='ocrx_word' id='word_1_515' title='bbox 2380 2217 2817 2271; x_wconf 85' lang='lat' dir='ltr'><strong>manifestissima</strong></span> <span class='ocrx_word' id='word_1_516' title='bbox 2842 2226 2942 2280; x_wconf 87' lang='lat' dir='ltr'><strong>est,</strong></span> <span class='ocrx_word' id='word_1_517' title='bbox 2975 2225 3234 2287; x_wconf 88' lang='lat' dir='ltr'><strong>quantum</strong></span> <span class='ocrx_word' id='word_1_518' title='bbox 3266 2233 3394 2273; x_wconf 83' lang='lat' dir='ltr'><strong>cae-</strong></span> 
     </span>
    </p>
   </div>
   <div class='ocr_carea' id='block_1_74' title="bbox 1802 2302 3390 2377">
    <p class='ocr_par' dir='ltr' id='par_1_74' title="bbox 1802 2302 3390 2377">
     <span class='ocr_line' id='line_1_74' title="bbox 1802 2302 3390 2377; baseline 0.004 -20"><span class='ocrx_word' id='word_1_519' title='bbox 1802 2302 1966 2359; x_wconf 89' lang='lat' dir='ltr'><strong>lcstes</strong></span> <span class='ocrx_word' id='word_1_520' title='bbox 2014 2305 2246 2359; x_wconf 87' lang='lat' dir='ltr'><strong>virtutes</strong></span> <span class='ocrx_word' id='word_1_521' title='bbox 2296 2304 2630 2360; x_wconf 87' lang='lat' dir='ltr'><strong>manifestari</strong></span> <span class='ocrx_word' id='word_1_522' title='bbox 2676 2316 2921 2377; x_wconf 88' lang='lat' dir='ltr'><strong>possunt.</strong></span> <span class='ocrx_word' id='word_1_523' title='bbox 2992 2307 3165 2362; x_wconf 82' lang='lat' dir='ltr'><strong>Media</strong></span> <span class='ocrx_word' id='word_1_524' title='bbox 3214 2323 3345 2363; x_wconf 84' lang='lat' dir='ltr'><strong>vero</strong></span> <span class='ocrx_word' id='word_1_525' title='bbox 3376 2350 3390 2374; x_wconf 96' lang='lat'><strong>,</strong></span> 
     </span>
    </p>
   </div>
   <div class='ocr_carea' id='block_1_75' title="bbox 1802 2395 3425 2466">
    <p class='ocr_par' dir='ltr' id='par_1_75' title="bbox 1802 2395 3425 2466">
     <span class='ocr_line' id='line_1_75' title="bbox 1802 2395 3425 2466; baseline 0.004 -19"><span class='ocrx_word' id='word_1_526' title='bbox 1802 2395 1927 2464; x_wconf 87' lang='lat' dir='ltr'><strong>quia</strong></span> <span class='ocrx_word' id='word_1_527' title='bbox 1968 2410 2140 2465; x_wconf 87' lang='lat' dir='ltr'><strong>neque</strong></span> <span class='ocrx_word' id='word_1_528' title='bbox 2178 2396 2483 2466; x_wconf 79' lang='lat' dir='ltr'><strong>proximum</strong></span> <span class='ocrx_word' id='word_1_529' title='bbox 2510 2411 2683 2466; x_wconf 86' lang='lat' dir='ltr'><strong>neque</strong></span> <span class='ocrx_word' id='word_1_530' title='bbox 2712 2399 2757 2429; x_wconf 77' lang='lat'><em>“</em></span> <span class='ocrx_word' id='word_1_531' title='bbox 2788 2406 3091 2452; x_wconf 78' lang='lat' dir='ltr'><strong>extremum</strong></span> <span class='ocrx_word' id='word_1_532' title='bbox 3117 2399 3163 2431; x_wconf 79' lang='lat'>&quot;</span> <span class='ocrx_word' id='word_1_533' title='bbox 3189 2398 3398 2453; x_wconf 84' lang='lat' dir='ltr'><strong>obtinet</strong></span> <span class='ocrx_word' id='word_1_534' title='bbox 3422 2428 3425 2431; x_wconf 58' lang='grc' dir='ltr'><strong>ι</strong></span> 
     </span>
    </p>
   </div>
   <div class='ocr_carea' id='block_1_76' title="bbox 1801 2484 3395 2555">
    <p class='ocr_par' dir='ltr' id='par_1_76' title="bbox 1801 2484 3395 2555">
     <span class='ocr_line' id='line_1_76' title="bbox 1801 2484 3395 2555; baseline 0.003 -17"><span class='ocrx_word' id='word_1_535' title='bbox 1801 2484 1976 2539; x_wconf 90' lang='lat' dir='ltr'><strong>locum</strong></span> <span class='ocrx_word' id='word_1_536' title='bbox 2002 2525 2018 2549; x_wconf 94' lang='lat'><strong>,</strong></span> <span class='ocrx_word' id='word_1_537' title='bbox 2056 2487 2109 2539; x_wconf 92' lang='lat' dir='ltr'><strong>in</strong></span> <span class='ocrx_word' id='word_1_538' title='bbox 2140 2487 2549 2555; x_wconf 74' lang='lat' dir='ltr'><strong>comparatione</strong></span> <span class='ocrx_word' id='word_1_539' title='bbox 2579 2487 2851 2541; x_wconf 74' lang='lat' dir='ltr'><strong>interioris</strong></span> <span class='ocrx_word' id='word_1_540' title='bbox 2880 2486 3165 2542; x_wconf 87' lang='lat' dir='ltr'><strong>manifesta</strong></span> <span class='ocrx_word' id='word_1_541' title='bbox 3196 2497 3309 2553; x_wconf 90' lang='lat' dir='ltr'><strong>est;</strong></span> <span class='ocrx_word' id='word_1_542' title='bbox 3339 2487 3395 2544; x_wconf 88' lang='lat' dir='ltr'><strong>in</strong></span> 
     </span>
    </p>
   </div>
   <div class='ocr_carea' id='block_1_77' title="bbox 1802 2578 3399 2650">
    <p class='ocr_par' dir='ltr' id='par_1_77' title="bbox 1802 2578 3399 2650">
     <span class='ocr_line' id='line_1_77' title="bbox 1802 2578 3399 2650; baseline 0.005 -20"><span class='ocrx_word' id='word_1_543' title='bbox 1802 2578 2204 2646; x_wconf 89' lang='lat' dir='ltr'><strong>comparatione</strong></span> <span class='ocrx_word' id='word_1_544' title='bbox 2223 2592 2353 2632; x_wconf 87' lang='lat' dir='ltr'><strong>vero</strong></span> <span class='ocrx_word' id='word_1_545' title='bbox 2371 2580 2658 2634; x_wconf 78' lang='lat' dir='ltr'><strong>exterioris</strong></span> <span class='ocrx_word' id='word_1_546' title='bbox 2678 2580 2889 2635; x_wconf 82' lang='lat' dir='ltr'><strong>occulta</strong></span> <span class='ocrx_word' id='word_1_547' title='bbox 2912 2581 3171 2650; x_wconf 87' lang='lat' dir='ltr'><strong>probatur</strong></span> <span class='ocrx_word' id='word_1_548' title='bbox 3191 2599 3222 2636; x_wconf 89' lang='lat' dir='ltr'><strong>a</strong></span> <span class='ocrx_word' id='word_1_549' title='bbox 3245 2583 3399 2638; x_wconf 84' lang='lat' dir='ltr'><strong>theo-</strong></span> 
     </span>
    </p>
   </div>
   <div class='ocr_carea' id='block_1_78' title="bbox 1801 2665 3395 2740">
    <p class='ocr_par' dir='ltr' id='par_1_78' title="bbox 1801 2665 3395 2740">
     <span class='ocr_line' id='line_1_78' title="bbox 1801 2665 3395 2740; baseline 0.004 -21"><span class='ocrx_word' id='word_1_550' title='bbox 1801 2665 1937 2736; x_wconf 85' lang='lat' dir='ltr'><strong>logis</strong></span> <span class='ocrx_word' id='word_1_551' title='bbox 1963 2681 2103 2721; x_wconf 88' lang='lat' dir='ltr'><strong>esse.</strong></span> <span class='ocrx_word' id='word_1_552' title='bbox 2160 2666 2557 2737; x_wconf 84' lang='lat' dir='ltr'><strong>Principatnum</strong></span> <span class='ocrx_word' id='word_1_553' title='bbox 2587 2678 2762 2722; x_wconf 79' lang='lat' dir='ltr'><strong>autem</strong></span> <span class='ocrx_word' id='word_1_554' title='bbox 2791 2679 2840 2722; x_wconf 85' lang='lat' dir='ltr'><strong>et</strong></span> <span class='ocrx_word' id='word_1_555' title='bbox 2866 2669 3316 2740; x_wconf 80' lang='lat' dir='ltr'><strong>Arehangelorum</strong></span> <span class='ocrx_word' id='word_1_556' title='bbox 3344 2683 3395 2727; x_wconf 88' lang='lat' dir='ltr'><strong>et</strong></span> 
     </span>
    </p>
   </div>
   <div class='ocr_carea' id='block_1_79' title="bbox 1800 2754 3394 2825">
    <p class='ocr_par' dir='ltr' id='par_1_79' title="bbox 1800 2754 3394 2825">
     <span class='ocr_line' id='line_1_79' title="bbox 1800 2754 3394 2825; baseline 0.006 -17"><span class='ocrx_word' id='word_1_557' title='bbox 1800 2754 2116 2825; x_wconf 78' lang='lat' dir='ltr'><strong>Angelorum</strong></span> <span class='ocrx_word' id='word_1_558' title='bbox 2156 2755 2597 2825; x_wconf 80' lang='lat' dir='ltr'><strong>manifestativam</strong></span> <span class='ocrx_word' id='word_1_559' title='bbox 2619 2759 3014 2825; x_wconf 83' lang='lat' dir='ltr'><strong>dispositionem</strong></span> <span class='ocrx_word' id='word_1_560' title='bbox 3049 2761 3294 2816; x_wconf 81' lang='lat' dir='ltr'><strong>Immanis</strong></span> <span class='ocrx_word' id='word_1_561' title='bbox 3318 2764 3394 2816; x_wconf 84' lang='lat' dir='ltr'><strong>ie-</strong></span> 
     </span>
    </p>
   </div>
   <div class='ocr_carea' id='block_1_80' title="bbox 1801 2846 3393 2919">
    <p class='ocr_par' dir='ltr' id='par_1_80' title="bbox 1801 2846 3393 2919">
     <span class='ocr_line' id='line_1_80' title="bbox 1801 2846 3393 2919; baseline 0.004 -19"><span class='ocrx_word' id='word_1_562' title='bbox 1801 2846 2023 2900; x_wconf 80' lang='lat' dir='ltr'><strong>rarchiis</strong></span> <span class='ocrx_word' id='word_1_563' title='bbox 2070 2862 2164 2915; x_wconf 90' lang='lat' dir='ltr'><strong>per</strong></span> <span class='ocrx_word' id='word_1_564' title='bbox 2203 2848 2571 2916; x_wconf 83' lang='lat' dir='ltr'><strong>consequentia</strong></span> <span class='ocrx_word' id='word_1_565' title='bbox 2592 2850 2907 2917; x_wconf 83' lang='lat' dir='ltr'><strong>praecipere.</strong></span> <span class='ocrx_word' id='word_1_566' title='bbox 2949 2850 2991 2903; x_wconf 80' lang='grc' dir='ltr'>Α</span> <span class='ocrx_word' id='word_1_567' title='bbox 3023 2852 3393 2919; x_wconf 88' lang='lat' dir='ltr'><strong>superioribus</strong></span> 
     </span>
    </p>
   </div>
   <div class='ocr_carea' id='block_1_81' title="bbox 1800 2939 3395 3005">
    <p class='ocr_par' dir='ltr' id='par_1_81' title="bbox 1800 2939 3395 3005">
     <span class='ocr_line' id='line_1_81' title="bbox 1800 2939 3395 3005; baseline 0.001 -11"><span class='ocrx_word' id='word_1_568' title='bbox 1800 2939 2122 2995; x_wconf 88' lang='lat' dir='ltr'><strong>subauditur</strong></span> <span class='ocrx_word' id='word_1_569' title='bbox 2152 2954 2167 2993; x_wconf 90' lang='lat'><strong>:</strong></span> <span class='ocrx_word' id='word_1_570' title='bbox 2196 2941 2591 2994; x_wconf 81' lang='lat' dir='ltr'><strong>aestimandum</strong></span> <span class='ocrx_word' id='word_1_571' title='bbox 2637 2949 2721 2995; x_wconf 83' lang='lat' dir='ltr'><strong>est</strong></span> <span class='ocrx_word' id='word_1_572' title='bbox 2771 2950 2983 3005; x_wconf 88' lang='lat' dir='ltr'><strong>autem,</strong></span> <span class='ocrx_word' id='word_1_573' title='bbox 3039 2941 3395 2997; x_wconf 81' lang='lat' dir='ltr'><strong>manifestati-</strong></span> 
     </span>
    </p>
   </div>
   <div class='ocr_carea' id='block_1_82' title="bbox 1801 3029 3395 3099">
    <p class='ocr_par' dir='ltr' id='par_1_82' title="bbox 1801 3029 3395 3099">
     <span class='ocr_line' id='line_1_82' title="bbox 1801 3029 3395 3099; baseline 0 -15"><span class='ocrx_word' id='word_1_574' title='bbox 1801 3044 1922 3084; x_wconf 83' lang='lat' dir='ltr'><strong>vam</strong></span> <span class='ocrx_word' id='word_1_575' title='bbox 1952 3030 2378 3099; x_wconf 86' lang='lat' dir='ltr'><strong>dispositionem.</strong></span> <span class='ocrx_word' id='word_1_576' title='bbox 2411 3030 2464 3083; x_wconf 93' lang='lat' dir='ltr'><strong>id</strong></span> <span class='ocrx_word' id='word_1_577' title='bbox 2490 3039 2590 3093; x_wconf 87' lang='lat' dir='ltr'><strong>est,</strong></span> <span class='ocrx_word' id='word_1_578' title='bbox 2615 3042 2864 3084; x_wconf 90' lang='lat' dir='ltr'><strong>ornatum</strong></span> <span class='ocrx_word' id='word_1_579' title='bbox 2902 3029 3306 3099; x_wconf 85' lang='lat' dir='ltr'><strong>Principatuum</strong></span> <span class='ocrx_word' id='word_1_580' title='bbox 3339 3041 3395 3084; x_wconf 75' lang='lat' dir='ltr'><strong>ut</strong></span> 
     </span>
    </p>
   </div>
   <div class='ocr_carea' id='block_1_83' title="bbox 1800 3119 3395 3191">
    <p class='ocr_par' dir='ltr' id='par_1_83' title="bbox 1800 3119 3395 3191">
     <span class='ocr_line' id='line_1_83' title="bbox 1800 3119 3395 3191; baseline 0.001 -17"><span class='ocrx_word' id='word_1_581' title='bbox 1800 3120 2260 3191; x_wconf 79' lang='lat' dir='ltr'><strong>Archangelorum</strong></span> <span class='ocrx_word' id='word_1_582' title='bbox 2306 3127 2363 3175; x_wconf 90' lang='lat' dir='ltr'><strong>et</strong></span> <span class='ocrx_word' id='word_1_583' title='bbox 2389 3120 2732 3190; x_wconf 78' lang='lat' dir='ltr'><strong>Angelorum.</strong></span> <span class='ocrx_word' id='word_1_584' title='bbox 2787 3122 2999 3175; x_wconf 85' lang='lat' dir='ltr'><strong>tertiam</strong></span> <span class='ocrx_word' id='word_1_585' title='bbox 3042 3121 3294 3175; x_wconf 87' lang='lat' dir='ltr'><strong>videlicet</strong></span> <span class='ocrx_word' id='word_1_586' title='bbox 3345 3119 3395 3154; x_wconf 82' lang='lat'>“</span> 
     </span>
    </p>
   </div>
   <div class='ocr_carea' id='block_1_84' title="bbox 1803 3210 3388 3280">
    <p class='ocr_par' dir='ltr' id='par_1_84' title="bbox 1803 3210 3388 3280">
     <span class='ocr_line' id='line_1_84' title="bbox 1803 3210 3388 3280; baseline 0 -14"><span class='ocrx_word' id='word_1_587' title='bbox 1803 3212 2145 3274; x_wconf 86' lang='lat' dir='ltr'><strong>ierarchiam,</strong></span> <span class='ocrx_word' id='word_1_588' title='bbox 2190 3212 2441 3266; x_wconf 81' lang='lat' dir='ltr'><strong>humanis</strong></span> <span class='ocrx_word' id='word_1_589' title='bbox 2471 3211 2751 3265; x_wconf 88' lang='lat' dir='ltr'><strong>ierarchiis</strong></span> <span class='ocrx_word' id='word_1_590' title='bbox 2790 3226 2889 3279; x_wconf 89' lang='lat' dir='ltr'><strong>per</strong></span> <span class='ocrx_word' id='word_1_591' title='bbox 2910 3212 3296 3280; x_wconf 88' lang='lat' dir='ltr'><strong>consequentia</strong></span> <span class='ocrx_word' id='word_1_592' title='bbox 3347 3210 3388 3245; x_wconf 84' lang='lat'><strong>&quot;</strong></span> 
     </span>
    </p>
   </div>
   <div class='ocr_carea' id='block_1_85' title="bbox 1802 3300 3392 3371">
    <p class='ocr_par' dir='ltr' id='par_1_85' title="bbox 1802 3300 3392 3371">
     <span class='ocr_line' id='line_1_85' title="bbox 1802 3300 3392 3371; baseline 0.003 -16"><span class='ocrx_word' id='word_1_593' title='bbox 1802 3302 2016 3356; x_wconf 88' lang='lat' dir='ltr'><strong>divinae</strong></span> <span class='ocrx_word' id='word_1_594' title='bbox 2038 3302 2396 3357; x_wconf 88' lang='lat' dir='ltr'><strong>ordinationis</strong></span> <span class='ocrx_word' id='word_1_595' title='bbox 2418 3301 2750 3371; x_wconf 86' lang='lat' dir='ltr'><strong>praecipere.</strong></span> <span class='ocrx_word' id='word_1_596' title='bbox 2793 3300 3185 3357; x_wconf 78' lang='lat' dir='ltr'><strong>Manifestativa</strong></span> <span class='ocrx_word' id='word_1_597' title='bbox 3211 3310 3392 3359; x_wconf 88' lang='lat' dir='ltr'><strong>autem</strong></span> 
     </span>
    </p>
   </div>
   <div class='ocr_carea' id='block_1_86' title="bbox 1801 3393 3393 3464">
    <p class='ocr_par' dir='ltr' id='par_1_86' title="bbox 1801 3393 3393 3464">
     <span class='ocr_line' id='line_1_86' title="bbox 1801 3393 3393 3464; baseline 0 -16"><span class='ocrx_word' id='word_1_598' title='bbox 1801 3393 2084 3464; x_wconf 87' lang='lat' dir='ltr'><strong>dispositio</strong></span> <span class='ocrx_word' id='word_1_599' title='bbox 2112 3395 2272 3449; x_wconf 86' lang='lat' dir='ltr'><strong>tertia</strong></span> <span class='ocrx_word' id='word_1_600' title='bbox 2296 3401 2526 3448; x_wconf 87' lang='lat' dir='ltr'><strong>vocatur</strong></span> <span class='ocrx_word' id='word_1_601' title='bbox 2570 3393 2857 3458; x_wconf 89' lang='lat' dir='ltr'><strong>ierarchia,</strong></span> <span class='ocrx_word' id='word_1_602' title='bbox 2905 3394 3162 3462; x_wconf 87' lang='lat' dir='ltr'><strong>quoniam</strong></span> <span class='ocrx_word' id='word_1_603' title='bbox 3210 3393 3393 3453; x_wconf 87' lang='lat' dir='ltr'><strong>divina</strong></span> 
     </span>
    </p>
   </div>
   <div class='ocr_carea' id='block_1_87' title="bbox 1803 3483 3394 3541">
    <p class='ocr_par' dir='ltr' id='par_1_87' title="bbox 1803 3483 3394 3541">
     <span class='ocr_line' id='line_1_87' title="bbox 1803 3483 3394 3541; baseline -0.001 0"><span class='ocrx_word' id='word_1_604' title='bbox 1803 3487 2053 3541; x_wconf 86' lang='lat' dir='ltr'><strong>humanis</strong></span> <span class='ocrx_word' id='word_1_605' title='bbox 2108 3484 2393 3541; x_wconf 88' lang='lat' dir='ltr'><strong>ierarchiis</strong></span> <span class='ocrx_word' id='word_1_606' title='bbox 2441 3485 2753 3540; x_wconf 82' lang='lat' dir='ltr'><strong>manifestat</strong></span> <span class='ocrx_word' id='word_1_607' title='bbox 2804 3484 3051 3540; x_wconf 85' lang='lat' dir='ltr'><strong>consilia.</strong></span> <span class='ocrx_word' id='word_1_608' title='bbox 3122 3483 3193 3539; x_wconf 87' lang='lat' dir='ltr'><strong>Ut</strong></span> <span class='ocrx_word' id='word_1_609' title='bbox 3247 3488 3394 3540; x_wconf 90' lang='lat' dir='ltr'><strong>enitn</strong></span> 
     </span>
    </p>
   </div>
   <div class='ocr_carea' id='block_1_88' title="bbox 1803 3577 3395 3649">
    <p class='ocr_par' dir='ltr' id='par_1_88' title="bbox 1803 3577 3395 3649">
     <span class='ocr_line' id='line_1_88' title="bbox 1803 3577 3395 3649; baseline -0.001 -16"><span class='ocrx_word' id='word_1_610' title='bbox 1803 3579 1977 3649; x_wconf 89' lang='lat' dir='ltr'><strong>prima</strong></span> <span class='ocrx_word' id='word_1_611' title='bbox 2003 3580 2232 3645; x_wconf 88' lang='lat' dir='ltr'><strong>mediae,</strong></span> <span class='ocrx_word' id='word_1_612' title='bbox 2262 3587 2317 3633; x_wconf 91' lang='lat' dir='ltr'><strong>et</strong></span> <span class='ocrx_word' id='word_1_613' title='bbox 2341 3577 2517 3632; x_wconf 89' lang='lat' dir='ltr'><strong>media</strong></span> <span class='ocrx_word' id='word_1_614' title='bbox 2547 3577 2758 3641; x_wconf 87' lang='lat' dir='ltr'><strong>tertiac,</strong></span> <span class='ocrx_word' id='word_1_615' title='bbox 2792 3577 2863 3631; x_wconf 88' lang='lat' dir='ltr'><strong>ita</strong></span> <span class='ocrx_word' id='word_1_616' title='bbox 2889 3577 3044 3632; x_wconf 87' lang='lat' dir='ltr'><strong>tertia</strong></span> <span class='ocrx_word' id='word_1_617' title='bbox 3076 3577 3120 3609; x_wconf 71' lang='grc' dir='ltr'>ι’</span> <span class='ocrx_word' id='word_1_618' title='bbox 3144 3577 3395 3632; x_wconf 86' lang='lat' dir='ltr'><strong>humanis</strong></span> 
     </span>
    </p>
   </div>
   <div class='ocr_carea' id='block_1_89' title="bbox 1801 3665 3395 3739">
    <p class='ocr_par' dir='ltr' id='par_1_89' title="bbox 1801 3665 3395 3739">
     <span class='ocr_line' id='line_1_89' title="bbox 1801 3665 3395 3739; baseline -0.002 -16"><span class='ocrx_word' id='word_1_619' title='bbox 1801 3676 2018 3739; x_wconf 87' lang='lat' dir='ltr'><strong>praeest</strong></span> <span class='ocrx_word' id='word_1_620' title='bbox 2065 3668 2366 3723; x_wconf 84' lang='lat' dir='ltr'><strong>ierarcbiis.</strong></span> <span class='ocrx_word' id='word_1_621' title='bbox 2435 3665 2493 3721; x_wconf 91' lang='lat' dir='ltr'><strong>Si</strong></span> <span class='ocrx_word' id='word_1_622' title='bbox 2538 3673 2718 3720; x_wconf 89' lang='lat' dir='ltr'><strong>autem</strong></span> <span class='ocrx_word' id='word_1_623' title='bbox 2758 3666 2974 3735; x_wconf 89' lang='lat' dir='ltr'><strong>quaeris</strong></span> <span class='ocrx_word' id='word_1_624' title='bbox 3007 3706 3021 3729; x_wconf 93' lang='lat'><strong>,</strong></span> <span class='ocrx_word' id='word_1_625' title='bbox 3071 3680 3169 3720; x_wconf 91' lang='lat' dir='ltr'><strong>cur</strong></span> <span class='ocrx_word' id='word_1_626' title='bbox 3213 3665 3395 3733; x_wconf 83' lang='lat' dir='ltr'><strong>plures</strong></span> 
     </span>
    </p>
   </div>
   <div class='ocr_carea' id='block_1_90' title="bbox 1804 3760 3396 3832">
    <p class='ocr_par' dir='ltr' id='par_1_90' title="bbox 1804 3760 3396 3832">
     <span class='ocr_line' id='line_1_90' title="bbox 1804 3760 3396 3832; baseline 0 -17"><span class='ocrx_word' id='word_1_627' title='bbox 1804 3761 2071 3815; x_wconf 84' lang='lat' dir='ltr'><strong>humanas</strong></span> <span class='ocrx_word' id='word_1_628' title='bbox 2102 3760 2336 3832; x_wconf 85' lang='lat' dir='ltr'><strong>appellat</strong></span> <span class='ocrx_word' id='word_1_629' title='bbox 2383 3762 2700 3826; x_wconf 80' lang='lat' dir='ltr'><strong>icrarchias,</strong></span> <span class='ocrx_word' id='word_1_630' title='bbox 2752 3762 2994 3816; x_wconf 84' lang='lat' dir='ltr'><strong>invenies</strong></span> <span class='ocrx_word' id='word_1_631' title='bbox 3043 3763 3094 3815; x_wconf 90' lang='lat' dir='ltr'><strong>in</strong></span> <span class='ocrx_word' id='word_1_632' title='bbox 3140 3760 3278 3816; x_wconf 85' lang='lat' dir='ltr'><strong>libro</strong></span> <span class='ocrx_word' id='word_1_633' title='bbox 3326 3761 3396 3815; x_wconf 89' lang='lat' dir='ltr'><strong>de</strong></span> 
     </span>
    </p>
   </div>
   <div class='ocr_carea' id='block_1_91' title="bbox 1803 3848 3393 3904">
    <p class='ocr_par' dir='ltr' id='par_1_91' title="bbox 1803 3848 3393 3904">
     <span class='ocr_line' id='line_1_91' title="bbox 1803 3848 3393 3904; baseline 0 0"><span class='ocrx_word' id='word_1_634' title='bbox 1803 3848 2165 3904; x_wconf 84' lang='lat' dir='ltr'><strong>ecclesiastica</strong></span> <span class='ocrx_word' id='word_1_635' title='bbox 2193 3850 2457 3904; x_wconf 86' lang='lat' dir='ltr'><strong>ierarchia</strong></span> <span class='ocrx_word' id='word_1_636' title='bbox 2488 3851 2553 3904; x_wconf 89' lang='lat' dir='ltr'><strong>ad</strong></span> <span class='ocrx_word' id='word_1_637' title='bbox 2582 3850 2985 3904; x_wconf 87' lang='lat' dir='ltr'><strong>similitudinem</strong></span> <span class='ocrx_word' id='word_1_638' title='bbox 3019 3849 3178 3903; x_wconf 91' lang='lat' dir='ltr'><strong>trium</strong></span> <span class='ocrx_word' id='word_1_639' title='bbox 3217 3849 3393 3904; x_wconf 85' lang='lat' dir='ltr'><strong>caele-</strong></span> 
     </span>
    </p>
   </div>
   <div class='ocr_carea' id='block_1_92' title="bbox 1803 3941 3398 4008">
    <p class='ocr_par' dir='ltr' id='par_1_92' title="bbox 1803 3941 3398 4008">
     <span class='ocr_line' id='line_1_92' title="bbox 1803 3941 3398 4008; baseline 0 -13"><span class='ocrx_word' id='word_1_640' title='bbox 1803 3941 1966 3996; x_wconf 87' lang='lat' dir='ltr'><strong>stium</strong></span> <span class='ocrx_word' id='word_1_641' title='bbox 2021 3942 2409 3997; x_wconf 88' lang='lat' dir='ltr'><strong>ierarchiarum</strong></span> <span class='ocrx_word' id='word_1_642' title='bbox 2465 3951 2576 3997; x_wconf 90' lang='lat' dir='ltr'><strong>tres</strong></span> <span class='ocrx_word' id='word_1_643' title='bbox 2615 3943 2878 3996; x_wconf 88' lang='lat' dir='ltr'><strong>lmmanas</strong></span> <span class='ocrx_word' id='word_1_644' title='bbox 2928 3942 3268 4008; x_wconf 85' lang='lat' dir='ltr'><strong>ierarchias;</strong></span> <span class='ocrx_word' id='word_1_645' title='bbox 3326 3942 3398 3996; x_wconf 89' lang='lat' dir='ltr'><strong>de</strong></span> 
     </span>
    </p>
   </div>
   <div class='ocr_carea' id='block_1_93' title="bbox 1802 4031 3393 4103">
    <p class='ocr_par' dir='ltr' id='par_1_93' title="bbox 1802 4031 3393 4103">
     <span class='ocr_line' id='line_1_93' title="bbox 1802 4031 3393 4103; baseline -0.002 -16"><span class='ocrx_word' id='word_1_646' title='bbox 1802 4033 1998 4103; x_wconf 86' lang='lat' dir='ltr'><strong>quibus</strong></span> <span class='ocrx_word' id='word_1_647' title='bbox 2021 4034 2123 4087; x_wconf 90' lang='lat' dir='ltr'><strong>hoc</strong></span> <span class='ocrx_word' id='word_1_648' title='bbox 2148 4033 2267 4087; x_wconf 91' lang='lat' dir='ltr'><strong>loco</strong></span> <span class='ocrx_word' id='word_1_649' title='bbox 2301 4034 2568 4087; x_wconf 85' lang='lat' dir='ltr'><strong>disserere</strong></span> <span class='ocrx_word' id='word_1_650' title='bbox 2608 4048 2881 4088; x_wconf 90' lang='lat' dir='ltr'><strong>morosum</strong></span> <span class='ocrx_word' id='word_1_651' title='bbox 2913 4042 3020 4089; x_wconf 89' lang='lat' dir='ltr'><strong>est.</strong></span> <span class='ocrx_word' id='word_1_652' title='bbox 3078 4031 3177 4087; x_wconf 90' lang='lat' dir='ltr'><strong>Ubi</strong></span> <span class='ocrx_word' id='word_1_653' title='bbox 3210 4032 3393 4101; x_wconf 87' lang='lat' dir='ltr'><strong>posui—</strong></span> 
     </span>
    </p>
   </div>
   <div class='ocr_carea' id='block_1_94' title="bbox 1802 4119 3390 4192">
    <p class='ocr_par' dir='ltr' id='par_1_94' title="bbox 1802 4119 3390 4192">
     <span class='ocr_line' id='line_1_94' title="bbox 1802 4119 3390 4192; baseline -0.004 -13"><span class='ocrx_word' id='word_1_654' title='bbox 1802 4139 1922 4179; x_wconf 92' lang='lat' dir='ltr'><strong>mus</strong></span> <span class='ocrx_word' id='word_1_655' title='bbox 1953 4137 2091 4192; x_wconf 85' lang='lat' dir='ltr'><strong>:per</strong></span> <span class='ocrx_word' id='word_1_656' title='bbox 2139 4122 2547 4190; x_wconf 87' lang='lat' dir='ltr'><strong>consequentia,</strong></span> <span class='ocrx_word' id='word_1_657' title='bbox 2586 4121 2659 4175; x_wconf 90' lang='lat' dir='ltr'><strong>ibi</strong></span> <span class='ocrx_word' id='word_1_658' title='bbox 2701 4122 2754 4175; x_wconf 92' lang='lat' dir='ltr'><strong>in</strong></span> <span class='ocrx_word' id='word_1_659' title='bbox 2799 4119 3103 4176; x_wconf 68' lang='lat' dir='ltr'><strong>Graecodt‘</strong></span> <span class='ocrx_word' id='word_1_660' title='bbox 3149 4120 3390 4181; x_wconf 71' lang='grc' dir='ltr'><strong>ἀλλήλων,</strong></span> 
     </span>
    </p>
   </div>
   <div class='ocr_carea' id='block_1_95' title="bbox 1802 4209 3387 4285">
    <p class='ocr_par' dir='ltr' id='par_1_95' title="bbox 1802 4209 3387 4285">
     <span class='ocr_line' id='line_1_95' title="bbox 1802 4209 3387 4285; baseline -0.004 -15"><span class='ocrx_word' id='word_1_661' title='bbox 1802 4216 1944 4285; x_wconf 90' lang='lat' dir='ltr'><strong>quod</strong></span> <span class='ocrx_word' id='word_1_662' title='bbox 1973 4223 2148 4285; x_wconf 79' lang='lat' dir='ltr'><strong>potest</strong></span> <span class='ocrx_word' id='word_1_663' title='bbox 2175 4212 2454 4267; x_wconf 70' lang='lat' dir='ltr'><strong>transferri</strong></span> <span class='ocrx_word' id='word_1_664' title='bbox 2483 4212 2741 4273; x_wconf 84' lang='lat' dir='ltr'><strong>vicissim,</strong></span> <span class='ocrx_word' id='word_1_665' title='bbox 2775 4210 2858 4265; x_wconf 86' lang='lat' dir='ltr'><strong>vel</strong></span> <span class='ocrx_word' id='word_1_666' title='bbox 2880 4211 3020 4264; x_wconf 89' lang='lat' dir='ltr'><strong>inter</strong></span> <span class='ocrx_word' id='word_1_667' title='bbox 3041 4225 3101 4265; x_wconf 90' lang='lat' dir='ltr'><strong>se</strong></span> <span class='ocrx_word' id='word_1_668' title='bbox 3125 4209 3387 4272; x_wconf 88' lang='lat' dir='ltr'><strong>invicem;</strong></span> 
     </span>
    </p>
   </div>
   <div class='ocr_carea' id='block_1_96' title="bbox 1804 4298 3390 4371">
    <p class='ocr_par' dir='ltr' id='par_1_96' title="bbox 1804 4298 3390 4371">
     <span class='ocr_line' id='line_1_96' title="bbox 1804 4298 3390 4371; baseline -0.004 -12"><span class='ocrx_word' id='word_1_669' title='bbox 1804 4314 1863 4359; x_wconf 91' lang='lat' dir='ltr'><strong>ut</strong></span> <span class='ocrx_word' id='word_1_670' title='bbox 1899 4317 2090 4359; x_wconf 88' lang='lat' dir='ltr'><strong>sensus</strong></span> <span class='ocrx_word' id='word_1_671' title='bbox 2121 4303 2192 4357; x_wconf 91' lang='lat' dir='ltr'><strong>sit</strong></span> <span class='ocrx_word' id='word_1_672' title='bbox 2222 4321 2234 4354; x_wconf 88' lang='lat'>:</span> <span class='ocrx_word' id='word_1_673' title='bbox 2268 4301 2607 4371; x_wconf 86' lang='lat' dir='ltr'><strong>Principatus</strong></span> <span class='ocrx_word' id='word_1_674' title='bbox 2657 4317 2752 4371; x_wconf 83' lang='lat' dir='ltr'><strong>per</strong></span> <span class='ocrx_word' id='word_1_675' title='bbox 2776 4299 3144 4369; x_wconf 83' lang='lat' dir='ltr'><strong>Archangelos</strong></span> <span class='ocrx_word' id='word_1_676' title='bbox 3177 4298 3241 4364; x_wconf 81' lang='lat'><strong>&quot;,</strong></span> <span class='ocrx_word' id='word_1_677' title='bbox 3282 4299 3390 4353; x_wconf 84' lang='lat' dir='ltr'><strong>Ar-</strong></span> 
     </span>
    </p>
   </div>
   <div class='ocr_carea' id='block_1_97' title="bbox 1801 4388 3389 4465">
    <p class='ocr_par' dir='ltr' id='par_1_97' title="bbox 1801 4388 3389 4465">
     <span class='ocr_line' id='line_1_97' title="bbox 1801 4388 3389 4465; baseline -0.005 -14"><span class='ocrx_word' id='word_1_678' title='bbox 1801 4393 2047 4465; x_wconf 81' lang='lat' dir='ltr'><strong>changeli</strong></span> <span class='ocrx_word' id='word_1_679' title='bbox 2070 4409 2168 4464; x_wconf 91' lang='lat' dir='ltr'><strong>per</strong></span> <span class='ocrx_word' id='word_1_680' title='bbox 2182 4391 2416 4464; x_wconf 78' lang='lat' dir='ltr'><strong>Angelos</strong></span> <span class='ocrx_word' id='word_1_681' title='bbox 2447 4391 2697 4445; x_wconf 81' lang='lat' dir='ltr'><strong>humanis</strong></span> <span class='ocrx_word' id='word_1_682' title='bbox 2715 4388 2993 4445; x_wconf 78' lang='lat' dir='ltr'><strong>ordinibus</strong></span> <span class='ocrx_word' id='word_1_683' title='bbox 3019 4397 3276 4459; x_wconf 85' lang='lat' dir='ltr'><strong>praesunt</strong></span> <span class='ocrx_word' id='word_1_684' title='bbox 3305 4397 3389 4443; x_wconf 88' lang='lat' dir='ltr'><strong>at-</strong></span> 
     </span>
    </p>
   </div>
   <div class='ocr_carea' id='block_1_98' title="bbox 1802 4479 3389 4558">
    <p class='ocr_par' dir='ltr' id='par_1_98' title="bbox 1802 4479 3389 4558">
     <span class='ocr_line' id='line_1_98' title="bbox 1802 4479 3389 4558; baseline -0.007 -16"><span class='ocrx_word' id='word_1_685' title='bbox 1802 4503 1908 4558; x_wconf 86' lang='lat' dir='ltr'><strong>que</strong></span> <span class='ocrx_word' id='word_1_686' title='bbox 1941 4485 2301 4556; x_wconf 77' lang='lat' dir='ltr'><strong>praecipiam.</strong></span> <span class='ocrx_word' id='word_1_687' title='bbox 2342 4482 2532 4538; x_wconf 87' lang='lat' dir='ltr'><strong>Potest</strong></span> <span class='ocrx_word' id='word_1_688' title='bbox 2571 4482 2736 4537; x_wconf 87' lang='lat' dir='ltr'><strong>etiam</strong></span> <span class='ocrx_word' id='word_1_689' title='bbox 2775 4480 2897 4550; x_wconf 89' lang='lat' dir='ltr'><strong>quis</strong></span> <span class='ocrx_word' id='word_1_690' title='bbox 2923 4479 3105 4535; x_wconf 87' lang='lat' dir='ltr'><strong>dicere</strong></span> <span class='ocrx_word' id='word_1_691' title='bbox 3150 4494 3254 4533; x_wconf 91' lang='lat' dir='ltr'><strong>non</strong></span> <span class='ocrx_word' id='word_1_692' title='bbox 3303 4479 3389 4532; x_wconf 89' lang='lat' dir='ltr'><strong>in-</strong></span> 
     </span>
    </p>
   </div>
   <div class='ocr_carea' id='block_1_99' title="bbox 1802 4569 3392 4647">
    <p class='ocr_par' dir='ltr' id='par_1_99' title="bbox 1802 4569 3392 4647">
     <span class='ocr_line' id='line_1_99' title="bbox 1802 4569 3392 4647; baseline -0.006 -14"><span class='ocrx_word' id='word_1_693' title='bbox 1802 4593 2058 4647; x_wconf 87' lang='lat' dir='ltr'><strong>congrue,</strong></span> <span class='ocrx_word' id='word_1_694' title='bbox 2088 4587 2147 4631; x_wconf 91' lang='lat' dir='ltr'><strong>ut</strong></span> <span class='ocrx_word' id='word_1_695' title='bbox 2175 4576 2402 4645; x_wconf 87' lang='lat' dir='ltr'><strong>opinor,</strong></span> <span class='ocrx_word' id='word_1_696' title='bbox 2451 4573 2664 4628; x_wconf 89' lang='lat' dir='ltr'><strong>tertiam</strong></span> <span class='ocrx_word' id='word_1_697' title='bbox 2709 4571 3021 4627; x_wconf 81' lang='lat' dir='ltr'><strong>caelestium</strong></span> <span class='ocrx_word' id='word_1_698' title='bbox 3070 4569 3392 4625; x_wconf 89' lang='lat' dir='ltr'><strong>ierarchiam</strong></span> 
     </span>
    </p>
   </div>
   <div class='ocr_carea' id='block_1_100' title="bbox 1804 4658 3396 4736">
    <p class='ocr_par' dir='ltr' id='par_1_100' title="bbox 1804 4658 3396 4736">
     <span class='ocr_line' id='line_1_100' title="bbox 1804 4658 3396 4736; baseline -0.007 -12"><span class='ocrx_word' id='word_1_699' title='bbox 1804 4668 2114 4724; x_wconf 89' lang='lat' dir='ltr'><strong>hominibus</strong></span> <span class='ocrx_word' id='word_1_700' title='bbox 2154 4668 2422 4736; x_wconf 87' lang='lat' dir='ltr'><strong>imperare</strong></span> <span class='ocrx_word' id='word_1_701' title='bbox 2469 4665 2732 4729; x_wconf 87' lang='lat' dir='ltr'><strong>vicissim,</strong></span> <span class='ocrx_word' id='word_1_702' title='bbox 2772 4662 3032 4732; x_wconf 86' lang='lat' dir='ltr'><strong>quoniam</strong></span> <span class='ocrx_word' id='word_1_703' title='bbox 3072 4669 3129 4717; x_wconf 91' lang='lat' dir='ltr'><strong>et</strong></span> <span class='ocrx_word' id='word_1_704' title='bbox 3177 4658 3396 4728; x_wconf 80' lang='lat' dir='ltr'><strong>angelos</strong></span> 
     </span>
    </p>
   </div>
   <div class='ocr_carea' id='block_1_101' title="bbox 1805 4748 3394 4824">
    <p class='ocr_par' dir='ltr' id='par_1_101' title="bbox 1805 4748 3394 4824">
     <span class='ocr_line' id='line_1_101' title="bbox 1805 4748 3394 4824; baseline -0.011 -8"><span class='ocrx_word' id='word_1_705' title='bbox 1805 4759 2009 4816; x_wconf 87' lang='lat' dir='ltr'><strong>sanctis</strong></span> <span class='ocrx_word' id='word_1_706' title='bbox 2030 4757 2335 4815; x_wconf 89' lang='lat' dir='ltr'><strong>hominibus</strong></span> <span class='ocrx_word' id='word_1_707' title='bbox 2355 4755 2734 4824; x_wconf 86' lang='lat' dir='ltr'><strong>obtemperare</strong></span> <span class='ocrx_word' id='word_1_708' title='bbox 2753 4752 2933 4807; x_wconf 90' lang='lat' dir='ltr'><strong>divina</strong></span> <span class='ocrx_word' id='word_1_709' title='bbox 2959 4751 3124 4807; x_wconf 89' lang='lat' dir='ltr'><strong>tradit</strong></span> <span class='ocrx_word' id='word_1_710' title='bbox 3143 4748 3394 4811; x_wconf 87' lang='lat' dir='ltr'><strong>historia,</strong></span> 
     </span>
    </p>
   </div>
   <div class='ocr_carea' id='block_1_102' title="bbox 1805 4841 3400 4918">
    <p class='ocr_par' dir='ltr' id='par_1_102' title="bbox 1805 4841 3400 4918">
     <span class='ocr_line' id='line_1_102' title="bbox 1805 4841 3400 4918; baseline -0.006 -14"><span class='ocrx_word' id='word_1_711' title='bbox 1805 4859 1861 4904; x_wconf 90' lang='grc' dir='ltr'><strong>ει</strong></span> <span class='ocrx_word' id='word_1_712' title='bbox 1877 4850 1928 4903; x_wconf 91' lang='lat' dir='ltr'><strong>in</strong></span> <span class='ocrx_word' id='word_1_713' title='bbox 1948 4851 2120 4918; x_wconf 80' lang='lat' dir='ltr'><strong>gestis</strong></span> <span class='ocrx_word' id='word_1_714' title='bbox 2131 4845 2548 4914; x_wconf 79' lang='lat' dir='ltr'><strong>eorumlegitur.</strong></span> <span class='ocrx_word' id='word_1_715' title='bbox 2579 4843 2855 4913; x_wconf 87' lang='lat' dir='ltr'><strong>Scriptum</strong></span> <span class='ocrx_word' id='word_1_716' title='bbox 2868 4851 2951 4898; x_wconf 88' lang='lat' dir='ltr'><strong>est</strong></span> <span class='ocrx_word' id='word_1_717' title='bbox 2963 4845 3109 4900; x_wconf 86' lang='lat' dir='ltr'><strong>enim</strong></span> <span class='ocrx_word' id='word_1_718' title='bbox 3123 4843 3177 4896; x_wconf 91' lang='lat' dir='ltr'><strong>in</strong></span> <span class='ocrx_word' id='word_1_719' title='bbox 3189 4841 3400 4911; x_wconf 78' lang='lat' dir='ltr'><strong>Apoca-</strong></span> 
     </span>
    </p>
   </div>
   <div class='ocr_carea' id='block_1_103' title="bbox 1806 4927 3399 5013">
    <p class='ocr_par' dir='ltr' id='par_1_103' title="bbox 1806 4927 3399 5013">
     <span class='ocr_line' id='line_1_103' title="bbox 1806 4927 3399 5013; baseline -0.009 -20"><span class='ocrx_word' id='word_1_720' title='bbox 1806 4939 1966 5013; x_wconf 84' lang='lat' dir='ltr'><strong>lypsi,</strong></span> <span class='ocrx_word' id='word_1_721' title='bbox 1981 4941 2129 5010; x_wconf 91' lang='lat' dir='ltr'><strong>quod</strong></span> <span class='ocrx_word' id='word_1_722' title='bbox 2144 4936 2367 5009; x_wconf 74' lang='lat' dir='ltr'><strong>angelus</strong></span> <span class='ocrx_word' id='word_1_723' title='bbox 2389 4934 2589 4991; x_wconf 67' lang='grc' dir='ltr'>,Ιοεηὶιί</span> <span class='ocrx_word' id='word_1_724' title='bbox 2621 4932 2825 4989; x_wconf 84' lang='lat' dir='ltr'><strong>volenti</strong></span> <span class='ocrx_word' id='word_1_725' title='bbox 2850 4945 2910 4987; x_wconf 88' lang='lat' dir='ltr'><strong>se</strong></span> <span class='ocrx_word' id='word_1_726' title='bbox 2925 4934 3160 4989; x_wconf 88' lang='lat' dir='ltr'><strong>adorare</strong></span> <span class='ocrx_word' id='word_1_727' title='bbox 3175 4927 3370 4985; x_wconf 68' lang='lat' dir='ltr'><strong>dixerit</strong></span> <span class='ocrx_word' id='word_1_728' title='bbox 3385 4944 3399 4979; x_wconf 88' lang='lat'><strong>:</strong></span> 
     </span>
    </p>
   </div>
   <div class='ocr_carea' id='block_1_104' title="bbox 1812 5021 3404 5095">
    <p class='ocr_par' dir='ltr' id='par_1_104' title="bbox 1812 5021 3404 5095">
     <span class='ocr_line' id='line_1_104' title="bbox 1812 5021 3404 5095; baseline -0.009 -12"><span class='ocrx_word' id='word_1_729' title='bbox 1812 5050 1831 5083; x_wconf 79' lang='grc' dir='ltr'><strong>ι</strong></span> <span class='ocrx_word' id='word_1_730' title='bbox 1842 5031 2152 5091; x_wconf 87' lang='lat' dir='ltr'><strong>Conservus</strong></span> <span class='ocrx_word' id='word_1_731' title='bbox 2164 5042 2288 5087; x_wconf 89' lang='lat' dir='ltr'><strong>tuus</strong></span> <span class='ocrx_word' id='word_1_732' title='bbox 2299 5042 2416 5083; x_wconf 88' lang='lat' dir='ltr'><strong>sum</strong></span> <span class='ocrx_word' id='word_1_733' title='bbox 2429 5046 2447 5076; x_wconf 78' lang='grc' dir='ltr'><strong>ι</strong></span> <span class='ocrx_word' id='word_1_734' title='bbox 2461 5066 2473 5079; x_wconf 93' lang='grc'><strong>.</strong></span> <span class='ocrx_word' id='word_1_735' title='bbox 2484 5023 2550 5080; x_wconf 88' lang='lat' dir='ltr'><strong>Ut</strong></span> <span class='ocrx_word' id='word_1_736' title='bbox 2565 5029 2631 5083; x_wconf 87' lang='lat' dir='ltr'><strong>sit</strong></span> <span class='ocrx_word' id='word_1_737' title='bbox 2642 5026 2689 5059; x_wconf 82' lang='grc'><strong>¹⁰</strong></span> <span class='ocrx_word' id='word_1_738' title='bbox 2708 5039 2796 5095; x_wconf 81' lang='lat' dir='ltr'><strong>per</strong></span> <span class='ocrx_word' id='word_1_739' title='bbox 2810 5023 3049 5079; x_wconf 83' lang='lat' dir='ltr'><strong>ordinem</strong></span> <span class='ocrx_word' id='word_1_740' title='bbox 3065 5022 3131 5077; x_wconf 87' lang='lat' dir='ltr'><strong>ad</strong></span> <span class='ocrx_word' id='word_1_741' title='bbox 3149 5021 3312 5076; x_wconf 85' lang='lat' dir='ltr'><strong>Deum</strong></span> <span class='ocrx_word' id='word_1_742' title='bbox 3328 5032 3404 5070; x_wconf 81' lang='lat' dir='ltr'><strong>re-</strong></span> 
     </span>
    </p>
   </div>
   <div class='ocr_carea' id='block_1_105' title="bbox 1397 5236 2101 5300">
    <p class='ocr_par' dir='ltr' id='par_1_105' title="bbox 1397 5236 2101 5300">
     <span class='ocr_line' id='line_1_105' title="bbox 1397 5236 2101 5300; baseline -0.001 0"><span class='ocrx_word' id='word_1_743' title='bbox 1397 5242 1655 5300; x_wconf 75' lang='lat' dir='ltr'><strong>VARIAE</strong></span> <span class='ocrx_word' id='word_1_744' title='bbox 1691 5236 2101 5299; x_wconf 73' lang='lat' dir='ltr'><strong>LECTlONES.</strong></span> 
     </span>
    </p>
   </div>
   <div class='ocr_carea' id='block_1_106' title="bbox 206 5384 2889 5468">
    <p class='ocr_par' dir='ltr' id='par_1_106' title="bbox 206 5384 2889 5468">
     <span class='ocr_line' id='line_1_106' title="bbox 206 5384 2889 5468; baseline -0.009 -14"><span class='ocrx_word' id='word_1_745' title='bbox 206 5388 601 5468; x_wconf 47' lang='lat' dir='ltr'><strong>‘Qﬂgmipatur</strong></span> <span class='ocrx_word' id='word_1_746' title='bbox 644 5386 960 5468; x_wconf 28' lang='lat' dir='ltr'><strong>angelicas:</strong></span> <span class='ocrx_word' id='word_1_747' title='bbox 1010 5396 1031 5427; x_wconf 82' lang='grc'><strong><em>²</em></strong></span> <span class='ocrx_word' id='word_1_748' title='bbox 1052 5394 1121 5468; x_wconf 83' lang='grc' dir='ltr'><strong>Β·</strong></span> <span class='ocrx_word' id='word_1_749' title='bbox 1146 5408 1333 5468; x_wconf 40' lang='lat' dir='ltr'><strong>marg.‘</strong></span> <span class='ocrx_word' id='word_1_750' title='bbox 1349 5391 1529 5449; x_wconf 90' lang='lat' dir='ltr'><strong>adscr.</strong></span> <span class='ocrx_word' id='word_1_751' title='bbox 1562 5405 1611 5468; x_wconf 76' lang='lat' dir='ltr'><strong>et</strong></span> <span class='ocrx_word' id='word_1_752' title='bbox 1631 5401 1911 5468; x_wconf 73' lang='lat' dir='ltr'><strong>praecepta</strong></span> <span class='ocrx_word' id='word_1_753' title='bbox 1938 5393 2022 5445; x_wconf 81' lang='lat' dir='ltr'><strong>rel</strong></span> <span class='ocrx_word' id='word_1_754' title='bbox 2054 5394 2299 5468; x_wconf 58' lang='lat' dir='ltr'><strong>ofﬁciunt.</strong></span> <span class='ocrx_word' id='word_1_755' title='bbox 2351 5387 2398 5468; x_wconf 42' lang='lat' dir='ltr'><strong>If</strong></span> <span class='ocrx_word' id='word_1_756' title='bbox 2425 5384 2476 5468; x_wconf 73' lang='grc' dir='ltr'><strong>ΒΔ</strong></span> <span class='ocrx_word' id='word_1_757' title='bbox 2498 5403 2686 5468; x_wconf 70' lang='lat' dir='ltr'><strong>eorum</strong></span> <span class='ocrx_word' id='word_1_758' title='bbox 2724 5397 2889 5468; x_wconf 53' lang='lat' dir='ltr'><strong>uagis:</strong></span> 
     </span>
    </p>
   </div>
   <div class='ocr_carea' id='block_1_107' title="bbox 143 5453 3160 5536">
    <p class='ocr_par' dir='ltr' id='par_1_107' title="bbox 143 5453 3160 5536">
     <span class='ocr_line' id='line_1_107' title="bbox 143 5453 3160 5536; baseline 0 -19"><span class='ocrx_word' id='word_1_759' title='bbox 143 5453 234 5536; x_wconf 24' lang='lat' dir='ltr'><strong>Ei.”</strong></span> <span class='ocrx_word' id='word_1_760' title='bbox 261 5453 398 5519; x_wconf 70' lang='lat' dir='ltr'><strong>&quot;Sic</strong></span> <span class='ocrx_word' id='word_1_761' title='bbox 425 5464 540 5520; x_wconf 83' lang='lat' dir='ltr'><strong>Cet</strong></span> <span class='ocrx_word' id='word_1_762' title='bbox 565 5453 827 5536; x_wconf 34' lang='lat' dir='ltr'><strong>corrfB‘,</strong></span> <span class='ocrx_word' id='word_1_763' title='bbox 876 5461 973 5536; x_wconf 15' lang='grc' dir='ltr'><strong>ᾼΒί</strong></span> <span class='ocrx_word' id='word_1_764' title='bbox 1012 5453 1517 5536; x_wconf 62' lang='grc' dir='ltr'>εἱνειιηιεζῇιιιριιυν.</span> <span class='ocrx_word' id='word_1_765' title='bbox 1593 5453 2034 5536; x_wconf 55' lang='lat' dir='ltr'><strong>&quot;Aeccftndum.</strong></span> <span class='ocrx_word' id='word_1_766' title='bbox 2087 5453 2156 5500; x_wconf 78' lang='grc'><strong>’”’</strong></span> <span class='ocrx_word' id='word_1_767' title='bbox 2205 5462 2298 5536; x_wconf 65' lang='lat' dir='ltr'><strong>Sit;</strong></span> <span class='ocrx_word' id='word_1_768' title='bbox 2345 5457 2407 5536; x_wconf 49' lang='grc' dir='ltr'><strong>ἐξ,</strong></span> <span class='ocrx_word' id='word_1_769' title='bbox 2449 5458 2543 5536; x_wconf 47' lang='lat' dir='ltr'><strong>Ni</strong></span> <span class='ocrx_word' id='word_1_770' title='bbox 2590 5462 2729 5531; x_wconf 70' lang='grc' dir='ltr'>ἕρδοι</span> <span class='ocrx_word' id='word_1_771' title='bbox 2804 5453 3160 5536; x_wconf 47' lang='grc' dir='ltr'><strong>³“.Β”ιξῧίί;-ξ</strong></span> 
     </span>
    </p>
   </div>
   <div class='ocr_carea' id='block_1_108' title="bbox 142 5518 3203 5620">
    <p class='ocr_par' dir='ltr' id='par_1_108' title="bbox 142 5518 3203 5620">
     <span class='ocr_line' id='line_1_108' title="bbox 142 5518 3203 5620; baseline 0.005 -39"><span class='ocrx_word' id='word_1_772' title='bbox 142 5522 159 5620; x_wconf 52' lang='grc' dir='ltr'><em>ξ</em></span> <span class='ocrx_word' id='word_1_773' title='bbox 184 5528 236 5581; x_wconf 86' lang='grc' dir='ltr'><strong>Β⁹</strong></span> <span class='ocrx_word' id='word_1_774' title='bbox 256 5547 407 5620; x_wconf 51' lang='lat' dir='ltr'><strong>supr-3</strong></span> <span class='ocrx_word' id='word_1_775' title='bbox 440 5518 705 5620; x_wconf 28' lang='lat' dir='ltr'><strong>edaci-rex</strong></span> <span class='ocrx_word' id='word_1_776' title='bbox 727 5518 1204 5620; x_wconf 23' lang='lat' dir='ltr'><strong>principibusiiif&quot;</strong></span> <span class='ocrx_word' id='word_1_777' title='bbox 1231 5534 1326 5588; x_wconf 84' lang='lat' dir='ltr'><strong>Sic</strong></span> <span class='ocrx_word' id='word_1_778' title='bbox 1352 5531 1390 5584; x_wconf 88' lang='lat' dir='ltr'><strong>C</strong></span> <span class='ocrx_word' id='word_1_779' title='bbox 1420 5544 1475 5588; x_wconf 91' lang='lat' dir='ltr'><strong>et</strong></span> <span class='ocrx_word' id='word_1_780' title='bbox 1504 5518 1644 5590; x_wconf 82' lang='lat' dir='ltr'><strong>eorr.</strong></span> <span class='ocrx_word' id='word_1_781' title='bbox 1675 5534 1759 5595; x_wconf 76' lang='lat' dir='ltr'><strong>B‘,</strong></span> <span class='ocrx_word' id='word_1_782' title='bbox 1792 5534 1879 5585; x_wconf 77' lang='grc' dir='ltr'><strong>ΑΒ</strong></span> <span class='ocrx_word' id='word_1_783' title='bbox 1907 5539 2169 5593; x_wconf 79' lang='lat' dir='ltr'><strong>secunda.</strong></span> <span class='ocrx_word' id='word_1_784' title='bbox 2251 5530 2291 5561; x_wconf 78' lang='grc'><strong>¹¹</strong></span> <span class='ocrx_word' id='word_1_785' title='bbox 2337 5518 2427 5581; x_wconf 58' lang='grc' dir='ltr'><strong>δίε</strong></span> <span class='ocrx_word' id='word_1_786' title='bbox 2454 5525 2495 5579; x_wconf 63' lang='grc' dir='ltr'>(ἶ</span> <span class='ocrx_word' id='word_1_787' title='bbox 2524 5540 2583 5582; x_wconf 73' lang='grc' dir='ltr'>οι</span> <span class='ocrx_word' id='word_1_788' title='bbox 2612 5518 2776 5600; x_wconf 49' lang='lat' dir='ltr'><strong>&#39;COE&#39;V-</strong></span> <span class='ocrx_word' id='word_1_789' title='bbox 2816 5518 2901 5592; x_wconf 22' lang='lat' dir='ltr'><strong>Bt?</strong></span> <span class='ocrx_word' id='word_1_790' title='bbox 2934 5519 3031 5572; x_wconf 65' lang='lat' dir='ltr'><strong>AB</strong></span> <span class='ocrx_word' id='word_1_791' title='bbox 3058 5518 3203 5604; x_wconf 45' lang='lat'><strong>“5.555!</strong></span> 
     </span>
    </p>
   </div>
   <div class='ocr_carea' id='block_1_109' title="bbox 142 5601 1071 5670">
    <p class='ocr_par' dir='ltr' id='par_1_109' title="bbox 142 5601 1071 5670">
     <span class='ocr_line' id='line_1_109' title="bbox 142 5601 1071 5670; baseline -0.012 -25"><span class='ocrx_word' id='word_1_792' title='bbox 142 5610 287 5670; x_wconf 81' lang='lat' dir='ltr'><strong>marg.</strong></span> <span class='ocrx_word' id='word_1_793' title='bbox 316 5601 494 5659; x_wconf 77' lang='lat' dir='ltr'><strong>adscr.</strong></span> <span class='ocrx_word' id='word_1_794' title='bbox 513 5605 584 5658; x_wconf 79' lang='lat' dir='ltr'><strong>vel</strong></span> <span class='ocrx_word' id='word_1_795' title='bbox 603 5601 742 5653; x_wconf 70' lang='lat' dir='ltr'><strong>nmi</strong></span> <span class='ocrx_word' id='word_1_796' title='bbox 777 5619 865 5642; x_wconf 72' lang='lat' dir='ltr'><strong>ora</strong></span> <span class='ocrx_word' id='word_1_797' title='bbox 879 5601 1071 5638; x_wconf 68' lang='grc' dir='ltr'><strong>Αεηςηη.</strong></span> 
     </span>
    </p>
   </div>
   <div class='ocr_carea' id='block_1_110' title="bbox 2972 5374 3463 5447">
    <p class='ocr_par' dir='ltr' id='par_1_110' title="bbox 2972 5374 3463 5447">
     <span class='ocr_line' id='line_1_110' title="bbox 2972 5374 3463 5447; baseline -0.024 -12"><span class='ocrx_word' id='word_1_798' title='bbox 2972 5381 2994 5412; x_wconf 74' lang='grc'>⁸</span> <span class='ocrx_word' id='word_1_799' title='bbox 3021 5374 3276 5434; x_wconf 80' lang='lat' dir='ltr'><strong>intellectu</strong></span> <span class='ocrx_word' id='word_1_800' title='bbox 3300 5382 3411 5447; x_wconf 79' lang='lat' dir='ltr'><strong>om.</strong></span> <span class='ocrx_word' id='word_1_801' title='bbox 3456 5415 3463 5423; x_wconf 90' lang='lat'><strong>.</strong></span> 
     </span>
    </p>
   </div>
   <div class='ocr_carea' id='block_1_111' title="bbox 2804 5449 3412 5559">
    <p class='ocr_par' dir='ltr' id='par_1_111' title="bbox 2804 5449 3412 5559">
     <span class='ocr_line' id='line_1_111' title="bbox 2804 5449 3412 5504; baseline -0.02 -3"><span class='ocrx_word' id='word_1_802' title='bbox 2804 5451 2827 5480; x_wconf 79' lang='grc'>⁸</span> <span class='ocrx_word' id='word_1_803' title='bbox 2875 5449 2936 5501; x_wconf 85' lang='grc' dir='ltr'><strong>Β”</strong></span> <span class='ocrx_word' id='word_1_804' title='bbox 2995 5450 3111 5504; x_wconf 88' lang='lat' dir='ltr'><strong>rad.</strong></span> <span class='ocrx_word' id='word_1_805' title='bbox 3156 5457 3294 5497; x_wconf 71' lang='lat' dir='ltr'><strong>corr.</strong></span> <span class='ocrx_word' id='word_1_806' title='bbox 3345 5454 3412 5490; x_wconf 79' lang='lat' dir='ltr'><strong>et.</strong></span> 
     </span>
     <span class='ocr_line' id='line_1_112' title="bbox 2818 5508 3411 5559; baseline 0 0"><span class='ocrx_word' id='word_1_807' title='bbox 2818 5518 2896 5559; x_wconf 60' lang='lat' dir='ltr'><strong>R‘,</strong></span> <span class='ocrx_word' id='word_1_808' title='bbox 2941 5519 3031 5559; x_wconf 72' lang='lat' dir='ltr'><strong>Att</strong></span> <span class='ocrx_word' id='word_1_809' title='bbox 3058 5515 3203 5559; x_wconf 76' lang='lat' dir='ltr'><strong>dicit.</strong></span> <span class='ocrx_word' id='word_1_810' title='bbox 3276 5509 3320 5540; x_wconf 79' lang='lat'>“</span> <span class='ocrx_word' id='word_1_811' title='bbox 3354 5508 3411 5559; x_wconf 84' lang='lat' dir='ltr'><strong>B&#39;</strong></span> 
     </span>
    </p>
   </div>
   <div class='ocr_carea' id='block_1_112' title="bbox 3210 5577 3390 5620">
    <p class='ocr_par' dir='ltr' id='par_1_112' title="bbox 3210 5577 3390 5620">
     <span class='ocr_line' id='line_1_113' title="bbox 3210 5577 3390 5620; baseline 0 -2"><span class='ocrx_word' id='word_1_812' title='bbox 3210 5596 3220 5599; x_wconf 41' lang='grc' dir='ltr'><strong><em>μ</em></strong></span> <span class='ocrx_word' id='word_1_813' title='bbox 3240 5594 3310 5620; x_wconf 83' lang='grc'><strong>····,</strong></span> <span class='ocrx_word' id='word_1_814' title='bbox 3333 5577 3390 5618; x_wconf 73' lang='lat' dir='ltr'><strong>Il‘</strong></span> 
     </span>
    </p>
   </div>
   <div class='ocr_carea' id='block_1_113' title="bbox 2137 5457 2729 5531">
    <p class='ocr_par' dir='ltr' id='par_1_113' title="bbox 2137 5457 2729 5531">
     <span class='ocr_line' id='line_1_114' title="bbox 2137 5457 2729 5531; baseline -0.012 -18"><span class='ocrx_word' id='word_1_815' title='bbox 2137 5469 2156 5500; x_wconf 73' lang='grc'><strong>⁷</strong></span> <span class='ocrx_word' id='word_1_816' title='bbox 2205 5462 2298 5531; x_wconf 87' lang='lat' dir='ltr'><strong>Sic</strong></span> <span class='ocrx_word' id='word_1_817' title='bbox 2345 5457 2407 5531; x_wconf 84' lang='lat' dir='ltr'><strong>C,</strong></span> <span class='ocrx_word' id='word_1_818' title='bbox 2449 5458 2543 5531; x_wconf 48' lang='lat' dir='ltr'><strong>at;</strong></span> <span class='ocrx_word' id='word_1_819' title='bbox 2590 5462 2729 5531; x_wconf 76' lang='lat' dir='ltr'><strong>ipso.</strong></span> 
     </span>
    </p>
   </div>
  </div>
