4028 6274
575 323 682 385 215

1648 322 2165 392 ,EXPOSlTlONES
2196 328 2479 389 JOANNIS
2520 328 2718 393 SCO'l'l

3720 343 3822 399 216

573 442 749 498 ductio
761 438 1137 497 eteonversioet
1149 439 1547 494 communicatio
1559 450 1604 494 et
1619 440 2148 508 unitas,attameneta
2176 455 2223 512 Α
2251 461 2388 503 εεεε.
2418 448 2650 504 Pulchre
2683 452 2865 503 autém
2895 448 3205 521 angelorum
3226 450 3449 522 imperia
3468 463 3527 511 et
3551 457 3816 529 principa-

570 534 685 589 Deo
696 533 932 586 omnibus
948 531 1218 585 ierarrhiis
1234 532 1249 562 ⁸
1263 533 1449 600 optime
1466 531 1710 596 indita,et
1724 535 2151 588 communicative

571 625 954 694 superueniens,
967 634 1016 679 et
1029 640 1145 677 cum
1160 634 1348 677 ornatu
1360 624 1714 678 sacratissimo
1724 628 2003 695 processio.
2021 625 2163 680 Proo-

573 721 778 782 pterea,
808 713 1001 782 inquit,
1017 714 1402 769 ierarcbiarum
1429 714 1564 768 ordo
1587 728 1618 768 a
1642 716 2010 783 superioribus
2029 730 2151 787 gra-

572 803 740 856 datim
767 803 881 857 sic‘I
895 804 1172 861 descendit
1192 819 1219 856 a
1245 803 1646 872 superioribus'
1667 804 1737 858 ad
1764 804 2067 870 inferiores,
2092 812 2152 859 ut

572 890 769 946 iterum
790 906 888 961 per
906 892 1135 947 eundem
1157 893 1399 947 ordinem
1429 892 1712 948 inferiores
1729 910 1823 962 per
1841 895 2150 963 superiores

571 984 642 1039 ad
671 984 838 1039 Deum
866 984 1190 1040 reducantur
1217 993 1273 1040 ot
1298 993 1684 1040 convertantur
1725 986 1794 1040 ad
1830 1002 1995 1041 unum
2029 1003 2148 1042 om-

572 1074 720 1127 nium
765 1074 1109 1143 principium,
1155 1074 1660 1144 communicentque
1699 1075 1879 1142 simul,
1934 1085 1992 1131 et
2032 1076 2053 1108 ⁸
2091 1077 2146 1131 in

571 1163 689 1232 ipso
713 1163 736 1195 ⁵
775 1179 966 1220 omnes
987 1179 1153 1219 unum
1174 1166 1303 1221 sint.
1333 1166 1582 1220 Attamen
1611 1181 1719 1220 non
1747 1165 1964 1221 aliunde
1985 1166 2007 1198 ⁶
2045 1168 2146 1222 ho.

570 1272 688 1310 rum
724 1258 966 1311 omnium
992 1258 1266 1326 processio
1293 1265 1375 1311 est
1419 1258 1465 1323 ',
1501 1257 1604 1312 nisi
1636 1272 1668 1312 a
1698 1256 1875 1324 Deo,a
1899 1273 2008 1328 quo
2032 1274 2149 1314 om-

567 1352 727 1409 nibus
777 1352 1093 1408 ierarchicis
1136 1351 1416 1406 ordinibus
1466 1351 1670 1419 optime
1686 1359 1741 1406 et
1764 1351 2143 1416 communiter,

567 1457 674 1497 non
703 1450 880 1496 tamen
904 1442 1025 1498 sine
1053 1440 1369 1504 dill'ereutia,
1400 1440 1568 1496 indita
1592 1448 1697 1505 est,
1718 1448 1773 1494 et
1798 1456 1923 1495 cum
1952 1450 2148 1497 ornatu

565 1533 908 1588 sanctissimo
960 1533 1073 1602 ipsa
1126 1532 1437 1601 supervenit
1491 1533 1785 1602 processio.
1830 1533 2068 1594 Utenim
2092 1536 2146 1591 in

563 1636 690 1677 eum
716 1623 897 1677 omnia
925 1630 1313 1677 convertuntur
1337 1637 1433 1692 per
1453 1622 1708 1687 reditum,
1736 1623 1811 1677 ita
1839 1625 1909 1679 ab
1933 1639 1998 1679 eo
2031 1640 2148 1681 om-

563 1713 654 1767 nia
694 1721 1046 1782 procreantur
1092 1729 1191 1783 per
1245 1714 1667 1785 processionem.
1707 1714 1842 1769 Inde
1881 1715 2144 1786 theologia

562 1814 791 1857 nostrum
816 1804 1131 1858 ierarchiam
1170 1804 1378 1875 Angelis
1412 1804 1702 1870 distribuit,
1727 1806 2012 1875 principem
2046 1804 2150 1860 Ju-

560 1892 814 1946 daeorum
856 1892 1036 1962 populi
1078 1892 1304 1948 Michael
1329 1896 1627 1960 nominum,
1658 1904 1705 1948 et
1755 1894 1889 1949 alios
1914 1895 2147 1965 gentium

559 1981 776 2038 amicos.
804 1981 1001 2038 Statuit
1045 1984 1183 2037 enim
1215 1984 1449 2039 excelsus
1494 1985 1741 2039 laminas
1777 1986 2011 2055 gentium
2059 2000 2145 2039 se-

558 2073 790 2127 cundum
812 2088 1086 2127 numerum
1112 2071 1431 2142 Angelorum
1480 2072 1599 2127 Dei.
1629 2072 1914 2140 Quoniam,
1947 2072 2144 2142 inquit,

558 2166 628 2222 ab
640 2180 744 2221 una
768 2165 789 2196 ⁸
807 2164 1049 2221 omnium
1077 2180 1240 2220 causa
1264 2165 1695 2235 etangelicarum
1715 2173 1772 2219 et
1788 2166 2146 2222 burnanarum

559 2255 953 2310 ierarchiarum
1006 2254 1285 2310 descendit
1320 2254 1618 2323 processio,
1667 2263 1723 2308 et
1750 2252 1819 2309 ad
1846 2254 2016 2322 ipsam
2042 2254 2144 2309 ite-

557 2361 678 2402 rum
706 2347 950 2403 ascendit
979 2347 1257 2412 reversio;
1286 2355 1569 2417 propterea
1601 2347 1869 2417 theologia
1898 2356 2142 2403 nostram

560 2438 880 2493 ierarchiam
916 2438 1121 2505 angelis
1145 2439 1443 2503 distribuit,
1474 2440 1577 2495 hoc
1603 2448 1711 2503 est,
1740 2439 1947 2507 angelis
1961 2439 2146 2505 distrio

557 2530 745 2583 butam
773 2528 957 2582 tradit.
986 2528 1291 2598 Principem
1322 2543 1556 2599 namque
1582 2528 1791 2584 Judaici
1826 2529 2009 2600 pepuli
2039 2528 2143 2583 Mi-

555 2618 714 2674 chael
761 2619 1025 2685 nominat,
1054 2634 1161 2689 quo
1192 2635 1298 2675 tum
1350 2631 1672 2691 argumento
1694 2620 1716 2653 ’
1742 2621 2021 2686 docemur,
2053 2636 2144 2676 ce-

558 2719 703 2766 teras
729 2712 894 2767 totius
924 2712 1105 2767 mundi
1135 2712 1383 2768 nationes
1406 2727 1534 2769 suos
1562 2714 1834 2784 principes
1872 2715 2143 2785 angelicas

557 2801 779 2865 habere,
809 2815 947 2870 quos
972 2810 1128 2856 vocat
1153 2801 1395 2871 gentium
1425 2802 1651 2857 amicos.
1682 2803 1884 2859 Docent
1910 2817 2145 2871 namque

556 2893 954 2963 generationes,
1007 2891 1201 2961 quibus
1239 2901 1514 2961 praesunt,
1567 2893 1634 2948 ad
1683 2894 1842 2948 unius
1883 2895 1997 2949 veri
2045 2894 2143 2951 Dei

555 2980 757 3036 cultum
808 2982 1050 3038 converti
1102 2981 1165 3035 ⁸⁸.
1205 2980 1433 3038 Michael
1489 2991 1667 3045 autem
1708 2983 2138 3053 interpretatur:

557 3073 690 3139 Quis
718 3075 860 3130 sicut
892 3074 1077 3129 Deus?
1099 3073 1181 3130 vel
1206 3088 1308 3144 pax
1341 3073 1520 3141 fortis,
1559 3076 1615 3131 id
1648 3084 1750 3141 est,
1780 3092 1885 3146 pax
1919 3077 2035 3143 Dei,
2059 3077 2141 3132 vel

556 3137 640 3218 vir
664 3166 898 3220 virtutis.
927 3164 1078 3231 Quod
1117 3137 1299 3220 autem
1340 3166 1641 3221 introduxit
1675 3185 1688 3221 :
1726 3137 1918 3223 statuit
1962 3168 2140 3225 excel-
2169 3137 2211 3199 C

554 3270 648 3309 sus
704 3255 965 3310 terminos
990 3256 1233 3325 gentium
1280 3256 1576 3312 secundum
1609 3273 1895 3313 numerum
1923 3260 2141 3331 angelo-

562 3363 680 3400 rum
713 3347 830 3412 Dei,
863 3362 972 3402 non
996 3346 1069 3401 ita
1110 3347 1536 3419 intelligendum,
1565 3350 1855 3419 utopinor,
1880 3353 2036 3420 quasi
2062 3361 2140 3408 tot

553 3443 741 3505 gentes
767 3435 876 3491 sint
898 3442 954 3490 et
983 3435 1218 3506 linguae,
1245 3447 1376 3506 quot
1405 3437 1580 3508 angeli
1606 3439 1700 3493 Dei
1725 3456 1741 3505 ;
1773 3440 1869 3495 sed
1912 3449 1987 3495 tot
2012 3450 2141 3496 sunt

556 3526 772 3581 termini
803 3527 1068 3597 gentium,
1122 3535 1256 3599 quot
1294 3528 1622 3586 uvuumerus
1668 3540 1753 3586 est
1803 3532 2135 3601 angelorum,

550 3622 645 3691 qui
682 3621 988 3692 specialiter
1014 3623 1286 3693 principes
1309 3622 1351 3655 "
1386 3639 1571 3678 earum
1611 3623 1889 3678 constituti
1919 3623 1961 3654 ¹³
1991 3632 2136 3679 sunt.

623 3712 653 3785 ᾗ
680 3713 735 3768 5.
762 3712 820 3768 Si
845 3725 1018 3768 autem
1048 3714 1164 3785 quis
1192 3715 1407 3780 dixerit,
1424 3725 1472 3770 et
1498 3716 1755 3786 quomodo
1778 3714 2140 3771 Hebraeorum

550 3801 776 3873 populus
818 3804 1066 3858 reductus
1092 3814 1167 3859 est
1191 3804 1340 3859 solus
1380 3805 1435 3860 in
1457 3807 1662 3860 divinas
1705 3806 2137 3873 illum.’nationes,

549 3893 749 3949 ceteris
776 3895 1086 3951 nationibus
1108 3896 1162 3950 in
1197 3897 1436 3952 tenebris
1459 3897 1799 3968 ignorantiae
1821 3890 1984 3968 atque
2014 3914 2141 3967 per-

548 3984 708 4041 lidiae
733 3986 968 4043 detentis
1019 3998 1145 4044 ante
1195 3990 1629 4047 incarnationem
1677 3990 1772 4046 Dei
1805 3992 1983 4054 Verbi,
2011 3992 2139 4048 dum

545 4093 739 4135 omnes
765 4079 1017 4136 similiter
1035 4081 1289 4138 ductores
1314 4082 1555 4154 angelos,
1584 4083 1725 4138 sicut
1754 4082 2006 4149 Hebraei,
2038 4084 2140 4139 ha-

550 4168 767 4239 berent,
814 4175 1250 4243 respondendum,
1301 4176 1424 4246 quia
1456 4192 1561 4230 non
1607 4175 1925 4245 Angelorum
1973 4189 2140 4232 rectas

543 4262 792 4316 scientias
824 4265 1065 4318 accusari
1087 4275 1287 4335 oportet
1325 4264 1550 4320 aliarum
1585 4266 1631 4297 ”
1658 4268 1890 4335 gentium
1931 4269 1988 4322 in
2033 4284 2140 4323 non

544 4354 819 4408 existeiues
872 4356 995 4408 deos
1044 4356 1091 4387 ’⁸
1151 4372 1346 4410 errore.
1405 4357 1881 4428 Respondendum,
1941 4360 2138 4429 inquit,

2254 547 2341 594 tus
2368 549 2547 595 rectas
2565 540 2796 611 appellat
2816 540 3093 597 scientias.
3123 542 3237 598 Non
3257 545 3403 609 enim
3426 546 3535 602 alio
3553 550 3715 615 modo
3744 567 3822 606 re-

2251 637 2383 698 gunt
2421 638 2631 700 gentes,
2680 629 2878 698 quibus
2928 631 3216 696 donantur,
3254 634 3358 689 nisi
3404 636 3636 692 scientia
3664 646 3723 693 et
3740 654 3823 694 sa-

2249 720 2475 790 pientia.
2524 720 2918 778 hitellectuales
2942 724 3144 794 quippe
3165 735 3453 783 creaturae
3500 732 3824 787 suntseien-

2252 814 2360 867 tiae
2382 814 2787 884 sapientiaeque
2815 831 3060 885 capaces,
3093 819 3233 873 sicut
3251 820 3511 890 scriptum
3530 832 3620 877 est
3653 841 3711 876 ες
3734 825 3825 892 qui

2249 899 2424 957 fecisti
2458 902 2499 933 ⁸⁸
2528 902 2710 959 caelos
2730 904 2786 959 in
2814 904 3090 961 intellectu
3122 926 3168 960 ι.
3185 905 3290 962 Sed
3310 908 3429 963 illos
3449 911 3591 980 ipsos
3603 914 3825 982 propriis

2247 992 2616 1060 inflationibus
2664 1009 2730 1047 ea:
2754 1010 2817 1048 ea
2855 1010 2992 1065 quae
3039 1008 3114 1049 est
3138 996 3195 1051 in
3220 996 3451 1053 diuinum
3503 1010 3649 1053 recta
3672 1002 3825 1054 redu-

2247 1084 2417 1137 ctione
2459 1084 2763 1166 recitlentes,
2790 1102 2968 1140 amore
3008 1090 3219 1158 proprio
3249 1098 3297 1143 et
3323 1092 3571 1161 superbia
3614 1103 3667 1146 et
3706 1094 3825 1162 ipsis

2190 1212 2207 1229 .
2248 1174 2552 1243 opinionum
2607 1175 2852 1231 diuinitus
2886 1179 3361 1235 corrationabiliter
3407 1181 3551 1236 cultu
3588 1182 3655 1236 ³⁸.
3688 1182 3827 1243 Ordo

2245 1263 2534 1320 verborum
2558 1282 2574 1322 :
2598 1266 2697 1321 sed
2723 1275 2941 1335 oportet
2985 1282 3243 1325 accusare
3281 1268 3401 1326 illos
3424 1271 3469 1303 ”
3505 1271 3675 1341 ipsos,
3702 1288 3827 1342 gen-

2250 1354 2382 1409 tium
2405 1354 2653 1411 videlicet
2703 1357 2950 1426 populos,
2992 1358 3314 1424 recidentes,
3357 1368 3506 1416 retro
3551 1362 3829 1426 cadentes,

2248 1444 2482 1511 propriis
2505 1443 2903 1510 inﬂexionihus,
2938 1448 3041 1502 hoc
3088 1456 3194 1514 est,
3239 1450 3489 1518 propriae
3531 1450 3833 1507 voluntatis

2248 1533 2715 1589 irrationabilibus
2745 1535 2999 1599 motibus,
3029 1550 3098 1591 ex
3126 1551 3194 1591 ea
3225 1548 3376 1594 recta
3417 1539 3757 1604 reductione,
3783 1540 3831 1595 id

2248 1632 2353 1691 est,
2381 1624 2449 1704 ab
2472 1624 2587 1694 ipsa
2616 1634 2764 1680 recta
2791 1640 2953 1683 verae
2980 1628 3022 1658 ²¹
3053 1627 3325 1697 religionis
3346 1629 3452 1694 via,
3483 1644 3626 1698 quae
3651 1640 3743 1685 est
3783 1630 3833 1684 in

2248 1716 2505 1781 divinum,
2551 1730 2692 1786 quae
2732 1716 2984 1774 videlicet
3035 1718 3182 1774 ducit
3208 1719 3264 1774 in
3293 1717 3537 1774 divinum
3583 1720 3707 1774 veri
3747 1719 3833 1775 Dei

2178 1794 2225 1853 Β
2249 1807 2456 1863 cultum
2484 1808 2551 1873 “,
2577 1808 2758 1862 ethoc
2783 1807 2865 1863 eis
2894 1807 3076 1863 evenit
3105 1822 3292 1864 amore
3316 1809 3551 1880 proprio.
3581 1807 3657 1867 Se
3688 1823 3834 1862 nam-

2247 1914 2353 1969 que
2379 1899 2548 1969 ipsos,
2576 1914 2685 1954 non
2710 1898 2877 1954 Deum
2895 1914 3054 1955 suum
3074 1900 3352 1966 amabant,
3374 1899 3543 1955 inﬂati
3557 1901 3836 1971 superbia,

2245 1991 2366 2061 plus
2390 1978 2674 2047 creaturae
2717 1990 3038 2055 servientes,
3089 2005 3251 2061 quam
3280 1990 3544 2055 Creatori,
3586 2000 3645 2046 et
3680 1991 3829 2045 cultu

2246 2081 2558 2150 opinionum
2604 2094 2824 2136 suarum
2878 2078 3084 2135 seducti
3133 2085 3280 2133 sunt.
3322 2077 3836 2134 Corrationahililer

2246 2171 2377 2240 ipsis
2399 2170 2680 2235 divinitus,
2703 2171 2808 2226 hoc
2831 2177 2937 2235 est,
2962 2169 3348 2227 convenienter
3385 2169 3466 2224 eis
3494 2169 3686 2226 divino
3712 2185 3835 2225 cou-

2246 2260 2367 2317 silio
2394 2262 2497 2316 hoc
2526 2261 2646 2316 ﬁeri
2671 2276 2990 2317 concessum
3017 2260 3086 2313 ³³.
3115 2259 3362 2316 Tradidit
3389 2260 3532 2317 enim
3570 2276 3671 2316 eos
3702 2261 3837 2317 Deus

2247 2353 2300 2407 in
2345 2352 2632 2422 reprobum
2672 2366 2914 2416 sensum,
2944 2358 3004 2406 ut
3043 2348 3271 2415 faciant,
3302 2365 3442 2420 quae
3481 2366 3590 2405 non
3635 2365 3839 2409 conve-

2244 2445 2422 2499 niunt.
2452 2443 2568 2499 Hoc
2619 2443 2916 2513 perhibetur
2965 2452 3014 2497 et
3055 2444 3164 2513 ipse
3207 2441 3571 2503 Hebraeorum
3609 2442 3836 2512 populus

2242 2551 2511 2606 perpessus
2550 2552 2680 2589 esse.
2713 2535 2850 2601 Hoc,
2883 2535 2935 2589 id
2980 2546 3086 2600 est,
3121 2549 3188 2588 ex
3222 2544 3371 2590 recta
3412 2536 3520 2601 via,
3552 2550 3663 2604 qua
3700 2550 3838 2592 unus

2244 2626 2388 2682 Deus
2413 2626 2634 2691 colitur,
2668 2626 2810 2682 sicut
2850 2635 2907 2681 et
2953 2634 3171 2682 ceterae
3208 2625 3479 2690 nationes,
3527 2628 3831 2682 recessisse

2246 2720 2493 2789 idolaque
2541 2718 2788 2794 coluisse.
2841 2717 3155 2788 perhibetur
3223 2716 3521 2773 Hebraicus
3576 2717 3836 2786 populus,

2245 2809 2473 2879 ideoque
2536 2808 2797 2864 ultionem
2835 2806 3074 2863 divinam
3102 2821 3395 2877 perpessus
3432 2814 3534 2860 est.
3561 2805 3836 2877 Cognitioo

2244 2915 2361 2952 nam
2406 2898 2545 2955 enim
2567 2895 2691 2962 Dei,
2717 2897 2816 2962 ait,
2845 2897 2891 2928 “
2919 2894 3177 2965 repulisti,
3204 2905 3252 2949 et
3294 2904 3409 2966 post
3431 2911 3523 2948 cor
3546 2905 3711 2949 tuum
3736 2896 3838 2950 exi-

2243 2990 2329 3043 sti.
2356 2988 2538 3059 Neque
2565 2989 2703 3043 enim
2750 2996 2985 3042 coactam
3031 2986 3278 3041 habemus
3321 2987 3507 3050 vitam,
3558 3002 3733 3056 neque
3754 3003 3838 3058 per
3938 3010 3945 3015 -

2243 3082 2567 3150 provisorum
2594 3079 2863 3150 propriam
2901 3088 3205 3148 potestatem
3246 3077 3422 3132 divina
3445 3077 3651 3130 lumina
3672 3078 3849 3148 prati.

2243 3173 2342 3227 dae
2382 3171 2782 3231 illuminationis
2825 3169 3208 3235 obcaecantur,
3250 3168 3343 3222 sed
3397 3166 3837 3221 intellectualium

2239 3266 2495 3320 uisionum
2514 3262 2886 3319 dissimilitudo
2908 3278 3066 3332 super
3086 3260 3240 3331 plena
3267 3271 3488 3330 paterna
3524 3259 3769 3314 bonitate
3793 3258 3839 3290 "

2239 3353 2371 3408 lucis
2396 3353 2750 3417 donationem,
2782 3362 2875 3405 aut
2900 3352 3111 3406 omnino
3139 3366 3245 3404 non
3267 3350 3641 3419 participatam
3685 3350 3834 3418 facit,

2239 3452 2287 3496 et
2313 3442 2382 3496 ad
2410 3458 2594 3496 earum
2624 3440 3048 3509 reformationem
3072 3456 3178 3494 non
3201 3438 3557 3503 distributum,
3584 3448 3684 3493 aut
3710 3454 3836 3508 par-

2240 3531 2564 3602 ticipationes
2618 3530 2745 3599 facit
2787 3529 3108 3599 differentes,
3133 3546 3321 3599 parvas
3342 3538 3433 3582 aut
3475 3544 3725 3602 magnas,
3748 3529 3836 3583 ob-

2239 3640 2424 3680 scuras
2447 3637 2538 3676 aut
2576 3623 2772 3688 claras,
2809 3623 2965 3676 unius
2994 3632 3043 3677 et
3066 3622 3316 3692 simplicis
3343 3632 3392 3676 et
3435 3637 3639 3690 semper
3679 3598 3730 3654 ’δ
3757 3639 3840 3678 eo-

2240 3716 2358 3770 dem
2381 3714 2537 3769 modo
2570 3714 2807 3769 habentis
2834 3724 2881 3768 et
2908 3714 3285 3785 superespansi
3326 3712 3542 3783 fontalis
3575 3714 3745 3767 radii.
3776 3714 3831 3768 In

2242 3806 2346 3860 hac
2369 3813 2555 3860 autem
2578 3804 2846 3859 sententia
2866 3804 3200 3859 liberrimum
3234 3802 3514 3859 rationalis
3543 3813 3835 3859 creaturae

2241 3897 2585 3953 commendat
2608 3896 2918 3961 arbitrium,
2945 3904 3003 3951 et
3027 3895 3405 3965 superplenam
3433 3904 3707 3964 paternae
3741 3896 3839 3951 bo-

2242 3991 2452 4057 nitatis,
2480 3990 2854 4060 inﬁnitamque
2877 3989 3334 4062 illuminationum
3354 3990 3725 4047 communiter
3744 3989 3840 4045 huc

2243 4083 2419 4138 manis
2441 4082 2638 4138 animis
2649 4081 2986 4138 effusionem.
3008 4081 3254 4141 Aiteuim
3280 4099 3295 4135 :
3320 4096 3493 4152 neque
3505 4082 3549 4117 ⁸⁷
3567 4090 3840 4144 coactam,

2241 4173 2336 4229 sed
2361 4172 2585 4228 liberam
2617 4161 2721 4228 nos
2748 4170 2997 4226 homines
3026 4171 3286 4227 habemus
3332 4172 3521 4228 vitam.
3552 4172 3653 4231 Ac,
3678 4172 3729 4227 si
3757 4171 3840 4225 di-

2240 4272 2389 4320 ceret
2429 4263 2586 4319 :Non
2624 4264 2745 4319 ideo
2785 4262 3036 4318 conditor
3061 4271 3116 4318 et
3141 4262 3424 4318 ordinator
3448 4263 3701 4318 omnium
3742 4276 3841 4318 na-

2244 4354 2448 4409 tionum
2478 4354 2749 4425 principes
2779 4353 3001 4425 angelos
3026 4354 3107 4410 eis
3140 4355 3493 4425 praeposuit,
3542 4362 3600 4410 ut
3626 4369 3731 4410 cas
3752 4355 3842 4410 in-

545 4446 671 4514 qnia
712 4448 980 4503 neminem
1001 4456 1217 4518 oportet
1239 4465 1500 4505 accusare
1522 4459 1700 4505 rectas
1722 4452 2004 4515 scientias,
2030 4454 2135 4508 hoc
2160 4481 2211 4542 Β
2242 4445 2405 4511 νίιθεο
2427 4443 2816 4515 εὺεψιθίἱὺθπί
2842 4444 3049 4500 πωῑῖῦ
3072 4445 3335 4514 appetitu,
3356 4444 3424 4500 ad
3449 4443 3654 4500 ειιιιιηῐι
3675 4460 3841 4500 suum

544 4547 651 4601 est,
689 4536 1056 4606 rectajudicia
1086 4549 1400 4596 sanctorum
1433 4542 1770 4613 angelorum,
1805 4552 2028 4614 propter
2046 4560 2132 4599 er.
2160 4536 2197 4542 '
2239 4544 2660 4603 converterent;
2710 4536 2756 4591 si
2801 4536 2947 4593 enim
2974 4536 3077 4592 hoc
3116 4539 3295 4605 lieret,
3326 4537 3544 4593 divinae
3588 4536 3843 4606 profecta.

546 4641 725 4680 rorem
753 4626 796 4660 ⁸⁵
830 4626 1057 4682 aliarum
1085 4628 1322 4698 gentium
1366 4629 1419 4684 in
1450 4645 1554 4684 non
1592 4630 1911 4697 existentes,
1954 4632 2008 4686 in
2036 4631 2133 4686 l'al-

546 4730 637 4770 sos
659 4716 907 4772 videlicet
940 4718 1092 4785 deos,
1126 4720 1220 4789 qui
1249 4735 1354 4775 non
1380 4731 1528 4785 sunt,
1558 4721 1813 4790 quoniam
1839 4722 2132 4777 daemones

545 4790 840 4877 eorumque
855 4807 1082 4863 ludibria
1093 4849 1107 4874 ,
1124 4808 1656 4880 miserrimorumque
1670 4809 2068 4875 rationabilium
2086 4810 2127 4841 ¹⁷

546 4894 845 4952 animarum
912 4897 1304 4955 irrationabilia
1348 4901 1782 4957 machinamenta
1825 4902 2132 4972 probantur

2239 4627 2490 4697 imaginis
2517 4626 2684 4697 gloria
2715 4627 2771 4683 in
2799 4627 3114 4683 servitutem
3140 4628 3358 4684 redacta
3386 4628 3710 4694 vilesceret;
3740 4628 3839 4684 sed

2237 4726 2526 4788 propterea
2560 4718 2780 4790 angelos
2804 4734 2930 4775 suos
2983 4718 3355 4777 nescientibus
3385 4735 3444 4775 se
3464 4720 3839 4797 generationi-

2238 4809 2343 4865 bus
2370 4810 2798 4879 praeordiuavit,
2823 4816 2883 4863 ut
2908 4807 3120 4864 occulta
3150 4817 3205 4863 et
3231 4808 3557 4880 intelligibili
3579 4810 3838 4866 admoni-

2239 4900 2384 4956 tione
2423 4899 2801 4955 intellectualis
2820 4898 3156 4965 rationalem,
3188 4899 3257 4955 ad
3269 4898 3635 4970 cognitionem
3656 4899 3837 4954 Crea-

1843 5060 2099 5117 VARIAE
2136 5056 2543 5114 LECTIONES.

622 5177 697 5231 ‘A
714 5180 1035 5234 ierarchicis.
1110 5180 1220 5235 'sic
1232 5196 1342 5237 om.
1360 5182 1419 5236 B.
1496 5182 1517 5214 ³
1534 5181 1624 5239 Sic
1648 5182 1758 5247 AC,
1783 5181 1864 5237 Ba
1882 5183 2238 5253 superioribus
2250 5180 2728 5252 descendit(punct.
2755 5177 2864 5249 adj.
2884 5178 2991 5249 B',)
3066 5178 3142 5232 δΒ
3164 5188 3239 5233 ut.
3316 5178 3339 5211 ³
3363 5193 3561 5234 comm.
3584 5177 3837 5234 similiter

544 5271 693 5345 elhin
732 5288 834 5324 uno
876 5287 1073 5345 omnes
1096 5282 1202 5345 cet.
1283 5273 1304 5305 ⁸
1341 5272 1384 5327 Β
1420 5289 1584 5345 super
1638 5275 1816 5330 adscr.
1843 5255 1982 5342 .ﬁ't.°
2030 5255 2049 5305 ²¹
2091 5256 2186 5328 isi.
2216 5258 2306 5329 bm
2376 5271 2437 5325 Β.
2513 5270 2535 5302 ³⁸
2576 5269 2825 5345 ΕιιιειιιιἾ
2870 5268 3000 5345 ABE
3035 5286 3203 5345 uno.‘
3246 5268 3463 5345 ’_SicC
3490 5276 3700 5345 eteorr.
3742 5269 3831 5345 B‘_,

540 5340 631 5414 ΑΒ
659 5352 957 5414 augmento.
988 5413 997 5414 ί
1038 5343 1080 5414 'f’
1124 5344 1316 5399 Doceat
1339 5374 1411 5384 —
1438 5338 1664 5399 converti
1692 5360 1802 5400 om.
1836 5338 1899 5398 At.
1978 5345 2019 5376 “
2065 5345 2123 5397 B‘
2155 5361 2300 5401 corr.
2326 5353 2535 5414 quotus,
2566 5343 2606 5395 ι)
2634 5350 2890 5414 ιιιιριιιεηΔ
2939 5340 2993 5414 1‘
3032 5340 3073 5394 Β
3122 5341 3379 5414 principes
3431 5338 3753 5414 specialitei,
3789 5341 3833 5394 C

544 5405 806 5489 princeps.
846 5482 860 5489 _
887 5413 929 5444 "
970 5413 1209 5489 Solusin
1239 5414 1874 5489 dipinas‘illuminntiones
1903 5430 2013 5471 om.
2043 5414 2153 5481 AB,
2186 5416 2252 5489 ad
2281 5405 2775 5489 marg._ntlset_'.lB'.
2857 5410 2901 5442 “
3019 5405 3164 5489 corr.
3191 5411 3255 5489 de
3286 5405 3532 5489 aliarum.
3565 5408 3660 5489 ,Δί’
3686 5405 3834 5489 ρεοὲ

543 5477 651 5534 om.
674 5482 761 5553 7A,
794 5482 863 5537 ad
888 5499 1058 5553 marg.
1084 5486 1263 5539 adscr.
1287 5485 1347 5538 Β.
1430 5483 1472 5515 ⁸⁸
1508 5484 1616 5539 Sic.
1660 5487 1723 5549 (Σ,
1751 5486 1839 5540 ΑΒ
1863 5477 2148 5539 εννοηιηι.’
2200 5487 2240 5517 ¹⁷
2284 5484 2342 5538 Β.
2378 5477 2884 5553 νῖιιὶυηαρἱὶιιηιιμιε.
2926 5552 2929 5553 ν
2965 5480 3006 5512 ¹⁸
3045 5480 3104 5533 Β.
3142 5481 3255 5553 rati.
3301 5495 3445 5553 corr.
3476 5478 3621 5553 fecit:
3694 5478 3744 5553 ξ’
3788 5477 3833 5530 Β

542 5552 842 5621 opinionum
892 5546 1037 5608 cultu
1066 5555 1314 5609 divinitus
1355 5546 1845 5610 corrationabiliter.
1926 5556 1969 5585 ²⁰
2012 5555 2103 5611 Sic
2129 5553 2194 5621 ι),
2217 5556 2281 5609 Α.
2310 5556 2378 5609 ad
2414 5553 2555 5619 illos,
2582 5550 2622 5605 B
2644 5551 2712 5638 ad
2754 5546 2874 5606 illos
2914 5552 3123 5622 (punct.
3152 5550 3260 5605 adi.
3300 5550 3409 5621 B'.)
3478 5546 3539 5583 ¹¹ν
3567 5546 3729 5638 δῖος
3773 5555 3835 5601 ει

544 5654 683 5694 corr.
718 5642 777 5695 Β⁶
813 5660 827 5695 :
868 5644 954 5699 AB
1005 5648 1190 5701 vivere.
1270 5649 1315 5680 “
1367 5647 1409 5699 Α
1450 5645 1614 5701 cultu.
1692 5645 1843 5710 ".B'
1895 5647 2029 5702 inl'rn
2089 5648 2268 5701 adscr.
2327 5655 2400 5701 est
2456 5636 2791 5700 concessum.
2866 5642 2912 5676 “
2950 5642 3057 5699 Pro
3083 5642 3222 5697 enim
3267 5640 3363 5698 Dei
3402 5641 3475 5697 ait
3506 5640 3549 5696 Β
3589 5641 3667 5698 ιιἱό
3698 5636 3831 5693 Dei.

546 5711 595 5743 ⁸⁵
628 5712 853 5768 bonitate
914 5726 1150 5785 paterna.
1230 5718 1274 5750 ²⁶
1308 5717 1463 5774 Corr.
1507 5716 1591 5784 B',
1626 5718 1713 5771 ΑΒ
1743 5735 1794 5773 se
1848 5735 1959 5788 per.
2036 5720 2079 5749 ’⁷
2120 5716 2161 5771 Β
2185 5732 2298 5773 nec.
