4028 6274
214 294 334 363 εῖτ

1068 297 1295 355 SUPER
1332 282 1760 351 IERARCHMM
1798 285 2211 347 CAELESTEM
2253 284 2325 342 Ss
2354 281 2669 340 DIONYSII.

3388 279 3495 337 218

220 418 371 474 loris
421 414 507 471 sui
561 402 859 483 spontaneo
883 416 1029 464 motu
1059 410 1380 475 reduceret;
1429 421 1606 477 neque
1658 405 1811 460 enim

1909 419 2145 492 pelagus,
2178 436 2278 474 non
2299 419 2621 488 alienigenae
2642 414 2854 487 quidam
2877 413 3198 484 imperabant
3219 412 3316 467 dii.
3344 412 3496 480 Quo-

214 516 477 563 coactam
505 504 768 559 habemus
788 501 973 555 vitam.
1001 498 1265 566 Quoniam
1295 512 1425 553 vero
1447 505 1556 551 tam
1596 496 1807 551 inﬁnita

176 598 179 601 λ
216 605 283 653 et
310 603 421 651 tam
449 591 757 648 communia
786 596 911 645 sunt
936 589 1117 644 divina
1158 588 1357 642 lumina
1383 587 1639 656 providae
1684 585 1806 640 illu—

216 685 588 748 minationis;
606 685 711 738 hoc
756 691 857 745 est,
886 681 1096 735 divinae
1119 678 1508 749 providentiae,
1531 689 1672 746 quae
1689 676 1809 729 illu-

220 779 405 833 minat
426 790 639 832 omnem
671 773 942 828 hominem
964 770 1266 825 venientem
1289 769 1343 822 in
1363 767 1505 823 hunc
1527 767 1803 831 mundum,

226 870 303 924 ita
327 867 552 923 utnulla
580 866 794 938 propria
819 871 1084 936 potestate
1132 861 1287 917 liberi
1335 861 1543 915 arbitrii
1595 874 1804 925 eorum,

222 973 369 1029 quae
389 958 604 1028 provisa
626 964 755 1011 sunt
773 954 1032 1017 facienda,
1063 952 1366 1016 obcaecari,
1410 952 1512 1006 hoc
1562 958 1665 1013 est,
1711 951 1808 1005 ob-

222 1048 440 1105 scurari
470 1056 524 1103 et
554 1046 801 1109 alienari,
830 1059 861 1098 a
907 1044 1181 1099 communi
1242 1043 1481 1098 omnium
1515 1049 1570 1095 et
1596 1041 1614 1072 ‘
1646 1039 1807 1094 intel-

221 1140 514 1210 ligibilium
565 1145 622 1193 et
676 1135 1077 1192 rationabilium
1101 1134 1405 1205 cognitione
1442 1132 1656 1188 valeant
1683 1138 1810 1202 pro-‘-

224 1229 482 1293 hiberi';
533 1243 656 1282 nam
713 1227 963 1281 omnibus
1007 1225 1297 1294 capacibus
1336 1224 1448 1277 suis
1480 1223 1503 1254 ³
1532 1222 1809 1277 universa-

222 1319 352 1372 Iiter
370 1318 790 1381 distribuuntur,
819 1315 1072 1384 nullaque
1119 1321 1367 1368 creatura
1402 1296 1613 1368 illorum
1654 1325 1809 1381 prae-

220 1409 401 1464 sentia
423 1409 688 1477 privatur,
714 1407 962 1475 inestque
990 1405 1241 1459 omnibus
1270 1404 1592 1474 cognitionis
1619 1417 1807 1459 eorum

219 1499 493 1553 naturalis
547 1497 875 1567 possibilitas
912 1503 1237 1566 :proplerea
1282 1495 1413 1549 diett
1445 1511 1459 1548 :
1493 1508 1666 1565 neque
1712 1508 1810 1563 per

217 1602 566 1657 pravusorum
588 1587 859 1656 propriam
884 1592 1209 1656 potestatem
1230 1584 1409 1639 divina
1442 1584 1644 1638 lumina
1682 1600 1808 1654 pro-

216 1680 385 1735 vidae
429 1678 834 1732 illuminationis
869 1677 1246 1731 obcaecantur.
1293 1674 1418 1730 Sive
1464 1675 1607 1730 enim
1651 1675 1809 1730 intel-

1911 510 2056 563 niam
2087 509 2273 563 statuit
2324 508 2571 561 excelsus
2599 504 2860 559 terminos
2912 504 3149 573 gentium
3195 504 3498 565 secundum

1910 616 2192 656 numerum
2226 599 2535 670 angelorum
2560 598 2678 662 Dei,
2701 605 2757 651 et
2780 596 3035 665 quoniam
3089 595 3315 650 Michael
3344 597 3497 666 princ

1908 690 2081 762 cipem
2099 691 2464 746 Hebraeorum
2491 689 2536 720 “
2559 704 2677 743 esse
2699 688 2976 757 Scriptura
3001 695 3253 751 testatur,
3278 687 3493 752 deinde,

1910 784 2011 838 hoc
2059 792 2159 848 est,
2194 782 2363 837 hac"
2385 782 2451 836 de
2497 794 2659 836 causa
2706 780 2866 833 datur
2920 776 3165 847 intelligi,
3204 778 3333 846 quia
3388 793 3497 832 non

1909 871 2241 941 alienigenae
2266 872 2482 941 quidam
2508 870 2847 940 imperabant
2875 868 2949 922 dii
2987 877 3044 922 et
3071 867 3191 921 aliis
3223 868 3495 938 gentibus,

1909 976 1978 1016 cx
2016 963 2211 1032 quibus
2232 971 2287 1017 et
2309 976 2409 1017 nos
2439 961 2795 1031 respeximus,
2829 960 2932 1014 hoc
2952 968 3055 1023 est,
3091 957 3417 1014 credidimus
3445 960 3498 1012 in

1909 1054 2042 1109 illud
2069 1062 2317 1125 apertum
2349 1064 2403 1108 et
2429 1069 2681 1125 magnum
2712 1061 2765 1107 et
2791 1053 3068 1122 copiosum
3099 1051 3317 1122 pelagus
3336 1066 3497 1121 para-

1874 1177 1889 1189 -
1910 1155 2019 1201 tum
2048 1144 2299 1200 omnibus
2330 1145 2382 1198 in
2408 1144 2752 1197 traditionem
2784 1143 2849 1195 “'.
2900 1143 3212 1212 Promptum
3260 1156 3496 1209 namque

1908 1244 1990 1290 est
2018 1234 2261 1289 inllnitae
2320 1234 2578 1288 bonitatis
2612 1233 2852 1303 pelagus,
2914 1232 3126 1287 tradere
3168 1246 3227 1287 se
3250 1231 3501 1287 omnibus

1908 1325 2209 1380 valentibus
2255 1323 2579 1395 participare
2627 1322 2793 1387 illud;
2829 1320 2959 1375 nulli
2988 1320 3132 1376 enim
3179 1323 3497 1390 denegatur,

1908 1416 2034 1486 quia
2060 1415 2189 1471 nulli
2216 1416 2440 1480 invidet,
2470 1430 2576 1469 non
2603 1422 2688 1468 est
2707 1413 2849 1467 enim
2877 1413 3120 1481 acceptio
3143 1425 3500 1481 personarum

1910 1508 2051 1578 apud
2080 1507 2248 1562 Deum
2273 1523 2288 1572 ;
2328 1505 2715 1561 communicari
2741 1502 2810 1557 ab
2834 1503 3087 1558 omnibus
3112 1502 3319 1559 volens.
3344 1500 3496 1557 Alie-

1908 1598 2129 1669 nigenas
2155 1606 2334 1652 autem
2365 1597 2493 1651 deos
2514 1594 3070 1666 appellatdaemones,
3095 1606 3231 1663 quos
3243 1592 3499 1663 alienige-

1909 1701 2011 1742 nae
2041 1687 2291 1741 nationes
2313 1694 2527 1755 praeter
2570 1683 2844 1739 Hebraeos
2885 1680 3494 1752 colcbant,.ignorantes

219 1775 488 1832 lec’tualcs
509 1776 621 1829 sive
647 1774 941 1829 rationales
987 1782 1268 1829 creaturae
1290 1773 1433 1827 intra
1463 1772 1485 1803 ⁵
1531 1768 1805 1825 naturales
1838 1750 1883 1811 Β
1911 1776 2049 1831 ﬁlios
2076 1776 2171 1829 Dei
2200 1775 2299 1829 sibi
2314 1750 2645 1843 imperasse,
2677 1770 2853 1826 unum
2877 1779 3049 1824 autem
3085 1750 3317 1823 omnium
3336 1771 3492 1839 ρνεη-

216 1881 353 1919 suos
377 1864 403 1896 ⁸
431 1870 607 1920 monts
649 1870 1013 1934 permaneant,
1046 1876 1245 1931 eosque
1270 1877 1373 1916 non
1396 1867 1669 1930 rumpant,
1694 1859 1808 1912 sive

217 1971 323 2025 per
348 1955 657 2010 contrarios
681 1961 860 2009 motus
890 1963 1119 2008 naturae
1145 1952 1406 2006 terminos
1434 1951 1604 2004 velint
1628 1959 1806 2004 trans-

216 2045 375 2115 gredi
404 2061 419 2109 ;
452 2045 593 2099 sicut
617 2044 825 2098 divinas
871 2043 1015 2115 leges
1047 2043 1326 2106 excedere,
1359 2041 1432 2096 ita
1460 2041 1655 2095 divinis
1682 2040 1808 2094 illu-

216 2136 612 2190 minationibus
639 2136 998 2190 communiter
1032 2143 1085 2188 et
1127 2133 1451 2203 generaliter
1476 2144 1664 2186 carere
1698 2144 1803 2184 non

215 2234 470 2295 possunt.
510 2224 616 2281 Sed
648 2225 777 2279 facit
820 2225 1201 2279 dissimilitudo
1246 2223 1691 2279 intellectualium
1725 2221 1805 2275 vi-

213 2318 462 2382 sionum,
489 2332 582 2372 seu
606 2316 869 2379 vultuum,
902 2315 1019 2385 ὅψις
1040 2316 1061 2347 ⁸
1084 2328 1317 2386 namque
1342 2325 1396 2371 et
1418 2316 1552 2369 visio
1565 2314 1807 2369 etvnltus

216 2406 577 2475 interpretari
614 2414 814 2475 potest,
842 2405 978 2459 lucis
1002 2406 1344 2460 donationem
1366 2419 1431 2458 ex
1461 2403 1800 2473 superptena,

219 2498 331 2553 hoc
353 2507 457 2564 est,
490 2498 609 2568 plus
667 2502 829 2568 quam
867 2497 1020 2569 plena
1054 2507 1275 2568 paterna
1322 2498 1566 2552 bonitate
1606 2498 1654 2563 ",
1712 2505 1805 2551 aut

214 2590 453 2645 omnino
480 2606 583 2645 non
605 2590 983 2661 participatam
1005 2598 1060 2645 et
1094 2606 1197 2645 non
1225 2590 1566 2645 distributam
1599 2591 1663 2644 ad
1712 2605 1806 2644 ea-

215 2693 370 2745 mm,
398 2680 666 2736 visionum
696 2679 965 2743 videlicet,
988 2676 1446 2734 reformationem.
1480 2678 1616 2739 Sunt
1634 2681 1802 2743 enim,

214 2771 318 2842 qui
366 2771 581 2825 divinae
622 2770 1027 2825 illuminationis
1078 2770 1288 2825 radium
1319 2769 1421 2825 sibi
1468 2779 1802 2840 praesentem

218 2860 415 2916 nolunt
445 2861 791 2930 participare,
823 2875 915 2915 seu
958 2859 1058 2914 sibi
1108 2860 1451 2914 distributum
1482 2860 1617 2923 ﬁeri,
1644 2860 1801 2914 intel-

218 2950 483 3004 lectuales
503 2964 629 3005 suos
649 2950 831 3005 oculos
852 2951 873 2983 ⁸
904 2959 1096 3019 Sponte
1117 2964 1236 3015 sua,
1260 2964 1327 3003 ne
1363 2950 1598 3003 divinum
1624 2949 1800 3003 lumen

218 3040 506 3108 recipiant,
539 3040 858 3107 claudendo,
886 3042 1025 3096 dono
1047 3042 1202 3096 liberi
1253 3041 1462 3095 arbitrii
1495 3041 1798 3106 abutentes,

217 3138 299 3192 et,
329 3128 475 3198 quod
519 3131 587 3184 ad
635 3129 1076 3187 relormationem
1125 3131 1406 3186 suam'sibi
1436 3130 1799 3197 distribuitur,

220 3231 580 3288 respuentes;
620 3220 966 3275 obcaecatum
1016 3222 1161 3275 enim
1206 3229 1291 3276 est
1332 3219 1354 3251 '
1400 3220 1661 3291 insipiens
1713 3234 1810 3276 cor

218 3323 435 3363 eorum.
464 3312 572 3362 Aut
593 3310 782 3365 eadem
815 3310 1195 3365 dissimilitudo
1221 3310 1660 3365 intellectualium
1686 3310 1808 3365 vul-

221 3405 373 3454 tuum
426 3400 869 3469 participationes
914 3400 1045 3455 facit
1095 3400 1425 3465 differentes,
1476 3414 1673 3471 parvas
1715 3409 1808 3454 aut

222 3505 470 3564 magnas,
502 3494 781 3557 obscuras,
830 3493 1006 3548 claras
1033 3493 1112 3558 ‘°;
1145 3493 1363 3563 quidam
1392 3507 1629 3562 namque
1670 3492 1806 3547 divi-

221 3598 350 3639 num
380 3585 709 3655 participant
733 3586 912 3640 lumen
937 3587 1133 3651 minus,
1160 3586 1377 3656 quidam
1407 3585 1547 3654 plus,
1581 3585 1803 3655 quidam

221 3675 534 3741 obscurius,
580 3676 797 3746 quidam
847 3677 1062 3732 clarius.
1118 3677 1289 3733 Unius
1333 3686 1389 3731 et
1440 3676 1702 3747 simplicis
1752 3684 1807 3731 et

224 3780 442 3837 semper
472 3768 658 3823 eodem
700 3770 859 3823 modo
908 3768 1418 3823 incommutabiliter
1454 3767 1724 3832 habentis,
1752 3775 1807 3822 et

224 3874 392 3929 super
434 3862 657 3932 expansi
706 3864 787 3930 u;
838 3864 971 3928 sive,
1002 3872 1062 3917 ut
1098 3874 1277 3935 potest
1300 3864 1810 3934 transferri,super-

228 3954 436 4007 extenti
458 3953 676 4009 fontalis
705 3957 859 4020 radii,
902 3958 994 4011 Dei
1026 3955 1183 4011 Verbi
1235 3957 1410 4027 plane,
1444 3972 1508 4011 ex
1554 3966 1811 4026 paternae

227 4040 491 4099 bonitatis
522 4044 665 4100 fonte
696 4048 986 4111 nascentis,
1010 4057 1063 4102 et
1091 4048 1339 4102 omnibus
1362 4048 1811 4103 intellectualibus

224 4130 403 4186 oculis
415 4136 773 4191 communiter
793 4137 1083 4207 superfusi,
1109 4140 1221 4193 sive
1242 4139 1363 4207 quis
1378 4152 1498 4193 eum
1526 4138 1810 4208 receperit,

226 4222 346 4278 sive
386 4240 513 4279 non.
558 4226 767 4282 Etenim
792 4239 842 4282 et
872 4228 950 4283 sol
991 4230 1092 4284 iste
1120 4229 1347 4284 visibilis
1377 4229 1672 4299 aequaliter
1697 4243 1814 4283 om-

228 4314 390 4368 nibus
421 4317 501 4369 sui
524 4317 739 4373 luminis
769 4320 974 4375 radium
1003 4321 1251 4375 diffundit
1278 4322 1344 4386 “,
1391 4337 1494 4377 non
1542 4331 1717 4377 tamen
1745 4321 1812 4375 ab

1907 1868 2122 1938 cipiam,
2156 1875 2205 1920 et
2238 1867 2308 1918 ad
2331 1867 2497 1936 ipsum
2523 1865 2841 1919 reduxerunt
2880 1871 3167 1933 sequentes,
3212 1863 3498 1919 secundum

1905 1973 2324 2028 unamquamque
2370 1964 2569 2027 gentem
2622 1955 2667 1987 “
2727 1955 3081 2025 principantes
3129 1954 3173 1985 "
3219 1953 3495 2024 Angeli".

1907 2051 2087 2108 Unum
2134 2060 2218 2105 est
2260 2050 2404 2103 enim
2431 2048 2671 2103 omnium
2697 2045 3041 2117 principium,
3077 2044 3143 2099 ad
3169 2045 3312 2114 quod
3341 2046 3496 2114 prin-

1904 2142 2148 2212 cipantes
2180 2139 2355 2209 angeli
2392 2152 2492 2208 per
2517 2138 2755 2207 singulas
2801 2144 2992 2208 gentes
3037 2136 3387 2202 reduxerunt,
3410 2150 3497 2194 se.-

1904 2237 2154 2300 quentes,
2200 2228 2517 2284 obedientes
2581 2226 2831 2281 videlicet
2885 2226 3009 2281 sibi.
3069 2225 3327 2294 Sequitur
3375 2224 3496 2282 laus

1907 2321 2309 2375 Melchisedech
2364 2319 2510 2390 regis
2535 2327 2590 2373 et
2618 2318 2917 2373 sacerdotis
2940 2317 3331 2374 Hebraeorum.
3355 2317 3495 2374 Hel-

1903 2410 2172 2463 chiscdcclt
2190 2407 2587 2478 intelligendum
2617 2423 2881 2463 summurn
2900 2407 3247 2472 sacerdotem,
3270 2409 3495 2467 existen-

1905 2508 2006 2553 tem
2031 2498 2124 2554 Dei
2148 2498 2522 2552 amicissimum
2539 2496 2880 2553 existentibus
2905 2497 2975 2561 ²²,
2997 2512 3103 2552 non
3140 2497 3494 2563 assistentium,

1903 2592 1995 2645 sed
2024 2607 2140 2645 vere
2158 2590 2427 2644 cxistantis
2461 2588 2652 2642 excelsi
2676 2588 2791 2643 Dei.
2817 2587 2967 2655 Quae
2995 2588 3112 2642 laus
3135 2589 3499 2657 apertioribus

1911 2680 2091 2734 verbis
2118 2686 2298 2750 potest
2322 2677 2587 2748 depromi.
2641 2688 2701 2733 ut
2724 2677 2797 2731 sit
2837 2690 3030 2731 sensus
3058 2693 3072 2729 :
3102 2676 3497 2733 Melchisedech

1905 2770 2287 2840 intelligendus
2341 2769 2389 2805 ²³
2425 2754 2509 2823 est
2545 2782 2789 2823 summus
2816 2766 3069 2823 sacerdos
3111 2766 3349 2821 existere
3390 2780 3498 2822 non

1904 2874 2090 2913 eorum
2126 2859 2194 2923 “,
2242 2872 2382 2927 quae
2444 2865 2570 2912 sunt
2625 2857 2693 2922 ³³,
2749 2857 2844 2911 sed
2901 2871 3029 2912 vere
3082 2856 3365 2911 existentis
3397 2868 3503 2910 ex-

1905 2947 2033 3002 celsi
2085 2946 2214 3011 Dei,
2262 2944 2624 3000 amicissimus
2661 2943 2757 2998 Dei
2828 2957 2895 2997 ex
2924 2938 2939 2954 ⁸
2969 2943 3085 3009 his,
3142 2956 3280 3012 quae
3348 2954 3495 2996 sunt.

1907 3041 2090 3095 Potest
2145 3038 2309 3093 etiam
2381 3037 2458 3091 sic
2506 3036 2853 3105 interpretari
2909 3049 2923 3088 :
2970 3033 3361 3090 Melchisedech
3412 3035 3498 3093 in-

1912 3130 2259 3201 telligendum
2308 3143 2578 3185 summum
2632 3126 2990 3194 sacerdotem,
3032 3127 3351 3185 existentem
3402 3125 3497 3180 Dei

1913 3224 2303 3281 amicissimum
2365 3220 2737 3285 existentium,
2804 3234 2912 3274 non
2973 3217 3338 3282 existentium,
3401 3216 3498 3272 sed

1915 3319 2086 3388 ipsius
2118 3331 2246 3371 vere
2270 3314 2553 3371 existentis
2593 3310 2947 3368 excelsissimi
2988 3310 3103 3367 Dei.
3142 3308 3280 3364 Fere
3319 3317 3498 3363 tamen

1913 3426 2054 3464 unus
2103 3422 2322 3474 sensus;
2381 3421 2445 3461 ac
2486 3405 2532 3460 si
2585 3404 2794 3460 diceret
2839 3400 3267 3472 :lutelligendus
3320 3400 3368 3434 “
3413 3406 3500 3458 est

1910 3499 2304 3556 Melchisedech
2337 3496 2491 3566 quasi
2513 3496 2557 3527 ’⁷
2598 3508 2842 3549 summus
2866 3491 3122 3547 sacerdos
3143 3500 3198 3545 et
3225 3489 3495 3547 amicissi-

1910 3605 2032 3645 mus
2066 3587 2411 3643 existentium
2452 3584 2592 3648 Deo;
2641 3598 2748 3639 non
2780 3581 3129 3637 existentium
3162 3589 3364 3644 tamen,
3401 3579 3496 3635 sed

1911 3680 2080 3751 ipsius
2116 3693 2246 3733 vere
2290 3675 2574 3737 existentis
2599 3672 2954 3728 excelsissimi
3003 3670 3096 3726 Dei
3146 3671 3192 3703 ’⁸
3239 3669 3499 3729 sacerdos

1911 3780 2014 3826 est.
2056 3769 2263 3824 Etenim
2295 3769 2370 3823 sic
2399 3765 2707 3832 simpliciter
2744 3761 3118 3817 Melchisedech
3155 3761 3248 3830 ipsi
3292 3761 3496 3814 theoso-

1910 3862 2000 3931 plti
2029 3877 2131 3915 non
2158 3861 2385 3913 emicant
2414 3858 2509 3911 Dei
2536 3862 2772 3918 tantum,
2802 3852 2892 3907 sed
2921 3862 2967 3907 et
2994 3850 3316 3907 sacerdotem
3345 3866 3493 3904 voca-

1914 3961 2115 4009 verunt.
2153 3950 2234 4004 An
2259 3960 2313 4003 ut
2345 3950 2601 4019 sapientes
2630 3953 2806 4015 aperte
2838 3942 3218 4013 signiﬁcarent,
3248 3941 3371 4011 quia
3393 3956 3497 3997 non

1914 4044 2083 4100 solum
2108 4043 2182 4096 eis
2204 4041 2261 4094 in
2289 4041 2479 4110 ipsum,
2506 4038 2595 4107 qui
2624 4050 2741 4088 vere
2765 4042 2861 4097 est,
2899 4031 3067 4087 Dentis
3095 4029 3366 4091 convertit,
3392 4028 3491 4086 cd-

1915 4135 2016 4188 Ituc
2038 4142 2213 4185 autem
2243 4139 2291 4183 et
2321 4127 2441 4182 aliis
2472 4136 2528 4179 ut
2552 4138 2786 4178 summus
2816 4117 3061 4175 sacerdos
3083 4116 3257 4170 eduxit
3280 4131 3341 4169 ea
3361 4131 3496 4186 quae

1919 4236 1997 4281 cst
2032 4223 2078 4255 ’⁸
2128 4223 2197 4276 ad
2227 4235 2400 4276 rerum
2441 4227 2489 4271 et
2523 4215 2690 4270 solam
2736 4210 3061 4266 divinitatea:
3094 4206 3395 4263 reductiona
3423 4205 3491 4260 ’°.

1917 4320 1999 4374 An
2030 4315 2191 4380 forte,
2224 4311 2422 4382 inquit,
2466 4306 2629 4363 divini
2673 4304 2944 4374 sapientes
2980 4315 3085 4359 non
3128 4297 3356 4355 amicum
3394 4295 3494 4355 Dei

227 4406 508 4471 omnibus,
546 4409 740 4478 quibus
769 4410 1083 4467 diliunditur
1112 4412 1153 4444 ’³
1185 4383 1479 4482 aequaliter
1522 4413 1813 4483 participa-
1841 4424 1891 4483 ι)
1920 4415 2150 4468 tantum,
2175 4415 2361 4458 verum
2390 4406 2446 4454 et
2480 4394 2812 4451 sacerdotem
2857 4389 2950 4444 Dei
2999 4383 3491 4483 vocaveruutblel-

232 4501 326 4547 tur
357 4512 370 4546 :
406 4497 602 4551 vitrum
648 4510 914 4568 penetrat,
953 4501 1103 4556 silice
1134 4502 1490 4571 repercutitur
1516 4503 1578 4567 “,
1609 4517 1802 4572 purum

228 4601 357 4640 aera
386 4589 649 4657 pervolat,
686 4607 883 4661 aquosa
918 4593 1062 4648 nube
1098 4595 1341 4648 resultat.

304 4676 333 4748 §
360 4679 415 4731 3.
449 4677 646 4734 Deinde
683 4683 806 4752 quia
835 4693 882 4737 et
924 4683 1043 4737 aliis
1064 4684 1320 4753 gentibus,
1343 4700 1406 4737 ea:
1425 4684 1611 4752 quibus
1637 4692 1684 4737 et
1712 4697 1805 4735 nos

229 4769 553 4836 respeximus
576 4771 631 4825 in
656 4772 787 4826 illud
809 4775 1046 4829 omnibus
1066 4785 1309 4845 paratum
1330 4775 1386 4828 in
1405 4775 1737 4829 traditionem
1762 4773 1806 4804 "

226 4867 281 4911 et
321 4870 559 4929 apertum
600 4864 762 4918 divini
808 4865 1023 4921 luminis
1089 4877 1140 4922 et
1176 4882 1422 4938 magnum
1466 4875 1517 4920 et
1540 4866 1806 4930 copiosum

1910 4493 2223 4557 chisedecb,
2250 4500 2310 4545 ut
2344 4485 2678 4559 sapientibus
2717 4490 2900 4552 aperte
2935 4479 3322 4547 evidenterque
3350 4476 3396 4509 “
3417 4477 3492 4532 si-

1912 4585 2252 4658 gniﬁcarent,
2280 4582 2408 4652 quia
2449 4594 2556 4634 non
2586 4575 2759 4631 solum
2785 4575 2856 4626 ab
2885 4571 2991 4635 eis,
3020 4567 3281 4658 Hebraeis
3308 4566 3487 4658 plane,

1912 4657 1966 4735 in
2000 4677 2163 4729 Deum
2194 4671 2481 4733 convertit,
2509 4667 2688 4722 adhuc
2715 4671 2893 4717 autem
2920 4668 2977 4714 et
3006 4659 3075 4714 ab
3109 4657 3230 4713 aliis
3253 4657 3489 4713 nationi-

1914 4767 2016 4823 bus
2044 4763 2231 4820 eduxit
2253 4773 2495 4817 sumtnus
2516 4755 2769 4811 sacerdos
2792 4766 2855 4805 ea
2887 4747 3221 4811 reductione,
3247 4759 3387 4816 quae
3409 4754 3493 4800 est

1917 4860 1986 4914 ad
2014 4870 2198 4912 veram
2222 4863 2278 4912 et
2302 4850 2473 4909 solam
2496 4846 2861 4908 Divinitatem,
2887 4840 2993 4897 ﬁde
3017 4837 3268 4895 videlicet
3286 4845 3342 4893 et
3367 4843 3491 4894 actu

1062 5076 1073 5083 ,
1509 5005 1760 5067 VARIAE
1796 4994 2198 5056 LECTIONES.

302 5115 319 5147 ι
358 5125 407 5171 et
434 5134 545 5174 om.
571 5119 632 5174 ις.
705 5121 727 5151 ’
766 5122 806 5175 B
836 5123 1109 5192 perhiberi.
1187 5125 1208 5157 ³
1246 5123 1337 5179 Sic
1380 5120 1493 5177 ‘AB.
1571 5120 1590 5150 ι
1616 5104 2044 5192 ᾮοΐῐηΑΒςᾷΑΒ
2087 5111 2255 5192 intem.
2302 5105 2339 5192 γ’
2375 5104 2586 5192 Βᾼξειοξ,
2611 5093 3012 5192 ξειξιιταξῖεσηηῖ,
3038 5092 3212 5192 Βηξὲξο
3259 5087 3489 5192 ,ζδίῗῖς

228 5186 395 5240 nitate
416 5198 654 5257 paterna.
731 5192 754 5224 ⁸
790 5186 846 5247 Β”
882 5195 1056 5250 oculos
1085 5212 1226 5249 suos.
1292 5202 1293 5205 ‘
1324 5194 1346 5226 ⁹
1374 5192 1414 5245 Β
1461 5198 1533 5245 est
1563 5191 1720 5244 enim.

225 5255 493 5336 ἴτρέηέίδν
570 5262 679 5336 ³⁸,Α
707 5264 965 5336 defundit.
1041 5267 1084 5299 ⁸³
1116 5265 1432 5334 (ti/funditur
1457 5277 1593 5325 om.,
1622 5256 1795 5336 addidi
1822 5270 1888 5336 ex
1920 5255 2065 5309 coni.

1366 5345 1694 5404 graecorum,
1739 5326 1780 5379 C
1823 5325 2113 5404 corcorttm.
2147 5391 2157 5402 ,
2196 5325 2242 5399 ’⁷.

1527 5399 1615 5454 ΑΒ
1653 5407 1843 5468 gentes.
1921 5395 1965 5425 ’°
2005 5393 2047 5446 Β
2078 5393 2432 5468 principante,

217 5480 293 5520 ex
331 5482 475 5524 vers.
503 5480 560 5525 et
582 5482 712 5529 text.
742 5459 951 5548 gruem;
1133 5459 1304 5548 angeli
1325 5475 1414 5530 AB
1454 5459 1674 5543 populi:
1727 5468 1772 5496 ¹²
1788 5466 1848 5519 Β·
1877 5479 2021 5519 corr.
2052 5459 2403 5515 eiistentium.

222 5572 375 5628 dum.
454 5574 499 5606 "‘
543 5576 633 5633 Sic
658 5581 767 5647 AC,
798 5584 841 5638 B
876 5602 979 5639 non
1000 5600 1181 5640 eorum
1209 5582 1446 5638 existere.
1522 5575 1569 5647 ε’
1605 5588 1741 5647 quae
1775 5579 1893 5647 sunt
1917 5584 2031 5647 9m:
2057 5566 2118 5619 Βο

225 5663 399 5713 quem»
437 5648 477 5704 C
502 5631 595 5719 qui
614 5631 767 5707 cii."
788 5631 837 5685 ’ἶ
867 5631 1190 5710 ἓὲἷίιᾌιῆἔὶι
1210 5631 1431 5708 alii;
1457 5646 1546 5702 Dei
1572 5631 1680 5719 ρίη.
1706 5642 1768 5695 ll.
1845 5640 1890 5719 αξ
1917 5638 2052 5694 Rad.
2074 5650 2221 5693 corr.
2254 5634 2335 5699 B',
2364 5631 2453 5686 AB
2477 5643 2603 5683 esse.

226 5327 574 5385 traditionem
603 5333 666 5388 Α.
701 5327 1139 5391 ἱηίναάὶειὶοηεηι.
1172 5327 1198 5334 ”
1221 5336 1263 5366 ¹⁶
1288 5336 1329 5389 Β

226 5394 275 5426 ¹³
315 5395 362 5451 Δ
406 5398 844 5461 intradictioncm.
921 5408 964 5439 “
1009 5407 1145 5461 Rad.
1191 5421 1337 5461 corr.
1366 5394 1471 5467 '8'.

1799 5157 2388 5250 ¹⁰ν1ίδέδμιίενίέιζ1ἑεενί
2408 5171 2732 5250 nutaturus.
2812 5170 2854 5198 ²¹
2898 5157 3208 5250 Βεόλεεῐεικ
3231 5157 3485 5250 “1'3ng

2142 5225 2472 5305 fidem},
2499 5225 2587 5296 AD
2608 5240 2649 5294 si
2671 5238 2823 5293 licere
2850 5234 3155 5305 percutitur.
3231 5229 3275 5259 "
3300 5227 3405 5305 Pro
3421 5225 3483 5305 in

2196 5294 2720 5379 'rSie-Cethniarg.
2772 5294 3064 5379 adScr._B‘,
3093 5302 3188 5354 hoc
3213 5294 3480 5379 opuntii}.

2489 5364 2548 5435 Β·
2605 5364 2744 5435 (τοῖς.
2799 5364 3165 5447 principantei.
3199 5439 3214 5447 -
3244 5364 3481 5447 ""Qorr‘.

2498 5434 2544 5483 ίι
2584 5448 2677 5505 Sic
2705 5434 2847 5503 cor}.
2903 5434 2988 5506 ii",
3020 5439 3150 5494 ABG
3194 5434 3483 5505 intelligen-

2220 5563 2266 5595 ιε
2296 5561 2385 5617 Sic
2421 5556 2523 5621 ec,
2560 5555 2605 5611 Α
2642 5527 3051 5621 imi/agenda"?
3098 5544 3170 5621 .37
3220 5538 3483 5621 βρηὶικΑ

2680 5624 2724 5655 ⁸⁰
2761 5610 2893 5677 ιιῑιιι.
2921 5631 3064 5673 corr.
3098 5614 3180 5679 B‘,
3206 5610 3293 5666 AB
3330 5610 3482 5664 redit-

230 5710 477 5777 ctionem.
513 5710 524 5719 ’
556 5723 597 5755 ³⁸
640 5726 792 5782 Corr.
820 5726 910 5797 B',
949 5728 1036 5783 AB
1061 5725 1409 5795 videatet-que,
1441 5719 1481 5775 (ἒ
1508 5715 1767 5774 evidenter
1792 5710 1934 5782 quia.
