4028 6274
580 312 698 371 219

579 437 640 486 et
660 427 679 460 ⁸
703 423 1122 495 contemplation
1162 461 1177 477 .

580 519 674 589 qui
704 516 1273 585 singulisnationibus
1324 516 1612 584 imperant,
1643 515 2003 570 introducitur
2039 517 2164 571 Mel-

579 607 892 671 chisedech,
922 622 1017 661 rex
1045 606 1296 661 videlicet
1327 613 1382 660 ct
1416 605 1613 659 summi
1644 603 1738 659 Dei
1766 606 2040 669 sacerdos,
2073 606 2163 675 qui

576 713 684 753 non
715 697 888 753 solum
911 713 981 752 ex
1014 697 1384 753 Hebraeorum
1426 696 1642 766 populo,
1683 712 1868 751 verum
1895 697 2057 752 etiam
2096 711 2163 750 ex

576 792 699 847 aliis
726 790 1165 861 generationibus
1203 788 1401 843 multos
1432 789 1485 841 in
1525 786 1731 842 cultum
1763 787 1875 842 veri
1915 787 2006 841 Dei
2038 802 2165 841 con-

574 882 754 936 vertit.
771 880 925 948 Quod
951 879 1200 949 quamvis
1222 879 1273 933 in
1304 886 1491 933 sancta
1520 877 1748 932 historia
1772 878 2032 948 scriptum
2054 892 2161 931 non

574 975 663 1032 sit.
717 973 864 1027 nullo
897 971 1055 1026 modo
1083 971 1339 1026 debemus
1370 969 1620 1024 dubitare
1662 984 1845 1024 rerum
1897 967 2161 1022 factarum

576 1068 862 1122 veritatem
897 1066 918 1097 ³
955 1066 1143 1130 fuisse,
1179 1064 1386 1119 duobus
1441 1062 1694 1118 maximis
1733 1061 2067 1133 argumentis
2094 1060 2161 1116 ad

577 1160 735 1213 ﬁdem
766 1173 961 1214 causae
1003 1157 1200 1212 dubiae
1229 1155 1396 1212 ducti.
1430 1154 1671 1209 Primum
1700 1154 1918 1223 quidem
1970 1154 2163 1208 beatus

574 1248 594 1278 ‘
623 1248 914 1319 Dionysius
948 1246 1075 1300 talia
1131 1247 1507 1305 incunctanter
1546 1259 1652 1298 non
1691 1243 1907 1318 dixerit,
1952 1242 1999 1296 si
2034 1257 2162 1310 apo-

573 1340 762 1395 stolica
793 1336 1134 1400 auctoritate,
1163 1350 1300 1403 quos
1346 1334 1555 1389 viderat
1582 1340 1639 1387 et
1667 1332 1935 1397 audierat,
1966 1330 2159 1385 tradita

570 1446 679 1487 non
718 1429 1000 1493 didicerit;
1049 1427 1287 1483 secundo
1312 1426 1334 1457 ⁸
1380 1434 1532 1490 vetus
1556 1424 1577 1454 ⁶
1632 1432 2009 1479 testamentum
2043 1422 2161 1477 nul-

571 1522 679 1575 lum
718 1519 1149 1591 patriarcharum
1176 1515 1358 1580 tradit,
1405 1515 1496 1585 qtti
1526 1524 1734 1568 tantum
1759 1513 1989 1583 gesserit
2026 1511 2159 1585 ﬁgu-

571 1626 689 1664 ram
716 1608 942 1674 Christi,
971 1617 1232 1677 quantum
1279 1606 1393 1675 ipse
1443 1603 1860 1658 Melchisedech.
1908 1600 2157 1657 Christus

568 1703 784 1755 autem"
830 1716 952 1755 cum
979 1698 1158 1752 carnis
1185 1696 1393 1766 origine
1419 1693 1694 1749 Hebraeus
1718 1695 1807 1759 sit,
1841 1709 1948 1748 non
1975 1701 2153 1748 tamen

1665 310 2161 370 EXPOSITIONES
2197 314 2482 373 JOANNIS
2529 313 2730 376 SCOTI

1225 423 1455 481 Pulchre
1486 431 1662 479 autem
1711 433 1832 493 post
1861 426 1881 455 ¹¹
1906 425 2154 494 angelos,
2190 441 2235 495 Α
2265 428 2424 497 ptios,
2448 438 2506 482 ut
2531 430 2662 484 vidit
2681 430 2901 501 Joseph,
2931 442 2987 486 et
3018 435 3268 504 praeside
3294 438 3534 510 proprio,
3564 440 3697 498 dum
3730 460 3869 515 pro-

3754 326 3871 391 ω

2266 518 2415 585 prius
2440 519 2491 581 ’⁸,
2508 520 2731 587 angelus
2756 523 2956 590 praesit
2985 524 3030 554 ’⁸
3051 524 3469 596 Babyloniorum
3498 532 3764 604 principi,
3805 546 3869 591 ut

2266 607 2401 661 vidit
2424 608 2626 663 Daniel.
2655 609 2752 665 His
2787 612 3145 681 apertissimis
3170 618 3432 687 exemplis
3477 621 3868 691 indubitanter

2265 698 2429 751 datur
2458 698 2704 769 intelligi,
2734 702 2986 757 omnibus
3015 706 3266 774 gentibus
3305 710 3526 781 angelos
3562 711 3660 767 Dei
3698 729 3867 783 prae-

2264 800 2407 851 esse,
2426 801 2625 856 eosque
2646 791 2925 860 prophetis
2943 792 3179 849 visiones
3201 797 3484 854 revelasse.
3502 800 3649 857 Ordo
3667 814 3864 860 autem

2262 885 2319 929 et
2364 878 2599 946 qualitas
2640 881 2988 948 propheticae
3024 885 3250 940 visionis
3288 888 3628 946 subnectitur
3660 911 3675 946 :
3710 893 3863 949 For-

2261 967 2548 1022 mationum
2579 970 2645 1022 ab
2688 970 2888 1040 angelis
2926 974 3137 1029 visionis
3178 978 3604 1048 manifestatione
3639 985 3864 1055 angelo-

2263 1071 2397 1121 rum,
2429 1060 2674 1113 continuo
2705 1062 2872 1115 sacris
2912 1064 3068 1131 ciris,
3099 1065 3287 1120 Daniel
3313 1078 3360 1121 et
3396 1069 3615 1141 Josepls,
3647 1090 3719 1127 ea:
3749 1074 3859 1130 Deo

2258 1164 2351 1217 per
2392 1150 2604 1219 angelos
2644 1153 2887 1207 revelata.
2927 1153 3271 1225 llyperbaton
3302 1169 3387 1214 est
3420 1162 3489 1227 ’⁷,
3528 1165 3688 1232 cujus
3720 1168 3864 1223 ordo

2261 1247 2346 1294 est
2373 1241 2841 1299 :tnanifcstatione
2872 1246 3108 1301 revelata
3138 1248 3359 1305 visionis
3384 1250 3787 1312 formationum
3813 1258 3860 1291 ”

2259 1331 2328 1384 ab
2362 1331 2568 1401 angelis
2595 1334 2908 1403 angelorum
2950 1336 2996 1366 ¹⁹
3035 1339 3293 1394 continuo
3320 1358 3386 1395 ex
3418 1342 3529 1398 Deo
3556 1361 3662 1415 per
3688 1362 3862 1419 ange-

2260 1419 2341 1475 los
2369 1421 2542 1475 sacris
2579 1422 2710 1477 viris
2739 1425 2926 1480 Daniel
2966 1434 3017 1481 et
3059 1425 3279 1498 Ioseph.
3313 1431 3378 1485 Et
3414 1443 3499 1487 est
3533 1450 3741 1491 sensus
3767 1437 3856 1492 ":

2259 1508 2405 1566 Haec
2460 1512 2639 1566 omnia
2686 1528 2784 1582 per
2823 1516 3169 1585 propheticus
3209 1521 3448 1576 visiones
3496 1524 3548 1578 in
3595 1527 3857 1581 notitiam

2258 1602 2536 1657 hominum
2566 1606 2811 1661 traducta
2841 1617 2984 1670 sunt,
3004 1609 3131 1664 dum
3153 1613 3389 1668 revelata
3415 1624 3500 1669 est
3529 1618 3857 1673 manifesta-

2259 1694 2353 1757 tio,
2387 1694 2489 1749 hoc
2513 1704 2615 1760 cst,
2646 1698 2915 1765 expositio
2942 1699 3168 1756 visionis
3195 1701 3605 1771 formationum,
3648 1709 3853 1781 imagio

568 1793 637 1846 ab
666 1791 689 1822 ⁸
724 1789 984 1845 llebraeis
1050 1786 1406 1851 solummodo,
1444 1799 1632 1840 verum
1668 1785 1832 1837 etiam
1870 1784 1939 1837 ab
1979 1783 2157 1838 omni-
2188 1791 2233 1848 Β
2263 1782 2539 1838 nationum
2580 1784 2827 1840 videlicet
2857 1796 2912 1842 et
2937 1788 3317 1859 ﬁgurationum
3338 1832 3352 1855 ,
3388 1794 3585 1863 quibus
3611 1799 3855 1866 prophe-

567 1885 669 1939 hus
687 1882 942 1955 gentibus
969 1881 1174 1936 electos
1192 1879 1438 1945 adduxit,
1462 1879 1660 1948 quibus
1682 1893 1834 1933 suam
1857 1877 2162 1933 Ecclesiam
2267 1875 2355 1930 tici
2381 1875 2605 1945 spiritus
2634 1876 2847 1932 formati
2874 1887 3030 1945 sunt,
3061 1881 3129 1935 ab
3160 1883 3365 1953 angelis
3406 1886 3732 1956 angelorum
3751 1930 3768 1953 ,
3799 1890 3850 1945 id

568 1975 789 2030 unicam
820 1974 923 2028 sibi
955 1973 1175 2027 domum
1208 1981 1264 2026 et
1301 1971 1609 2025 construxit
1643 1979 1698 2024 et
1731 1969 1996 2040 spirituali
2039 1984 2162 2024 con-
2261 1975 2363 2033 est,
2394 1982 2426 2021 a
2458 1969 2825 2037 superioribus
2852 1971 3057 2041 angelis
3103 1972 3452 2032 inferioribus
3485 1980 3733 2035 revelata
3770 1990 3855 2038 at

555 2058 706 2136 jugio
788 2064 810 2096 ⁹
855 2064 1107 2119 dilectam
1183 2063 1285 2118 sibi
1340 2078 1625 2134 sponsam.
1658 2062 1946 2132 copulavit.
2007 2060 2161 2126 Quod
2262 2057 3185 2135 manifestatio“,etcontinuoipsa
3209 2068 3443 2123 revelata
3469 2072 3853 2131 manifestatio

567 2155 887 2226 mysterium
918 2154 1019 2209 sub
1054 2153 1299 2224 symbolo
1326 2153 1721 2208 Melchisedech
1751 2161 1837 2206 est
1872 2158 2160 2221 praenota—
2259 2163 2357 2217 per
2407 2151 2628 2220 angelos
2676 2166 2745 2207 ex
2792 2152 2903 2208 Deo
2937 2156 3138 2211 sanctis
3181 2159 3459 2227 prophetis
3496 2161 3699 2218 tradita
3742 2171 3846 2219 est.

562 2255 696 2299 tum.
730 2244 985 2305 Pulchre,
1009 2252 1068 2297 nt
1094 2243 1229 2309 dixi,
1254 2251 1377 2313 post
1428 2244 1470 2275 ¹⁰
1496 2244 1714 2313 angelos
1739 2244 1980 2313 gentium
2002 2243 2155 2313 prin-

560 2334 707 2403 cipes
737 2334 776 2381 ’.ί
809 2334 1189 2401 introducitur,
1243 2343 1305 2388 ut
1328 2350 1423 2404 per
1470 2335 1574 2390 hoc
1610 2332 1993 2405 intelligamus,
2046 2350 2154 2390 non

561 2426 735 2481 solum
793 2426 1035 2496 angelos,
1085 2442 1277 2480 verum
1331 2435 1388 2481 et
1425 2436 1643 2481 sanctos
1697 2426 1952 2480 homines
2004 2425 2151 2480 cultu

563 2516 778 2570 divinae
833 2516 1256 2585 dispensationis
1303 2524 1466 2586 atque
1528 2516 1845 2585 prudentiae
1905 2516 2148 2586 legibus,

542 2606 786 2675 [singulis
813 2605 1011 2676 linguis
1041 2615 1096 2660 et
1118 2606 1427 2661 nationibus
1471 2606 1760 2675 imperare.
1802 2604 1927 2659 Post
1954 2605 1995 2635 ¹²
2024 2619 2151 2658 vero

561 2696 846 2765 mysticam
879 2694 1272 2750 Melchisedech
1318 2695 1616 2750 secundum
1670 2695 1807 2749 haec
1837 2694 1879 2725 ³³
1913 2709 2150 2749 comme-

558 2785 918 2840 morationem
963 2785 1031 2839 ad
1076 2785 1354 2854 exempla,
1405 2786 1602 2854 quibus
1643 2785 1819 2855 angeli
1880 2784 2148 2854 imperare

558 2873 871 2929 nationibus
896 2875 1196 2944 probantur
1242 2858 1308 2939 ι’ί,
1340 2876 1608 2930 convertit
1636 2875 1886 2930 intuitum
1909 2874 2097 2929 dicens
2127 2891 2141 2926 :

628 2966 659 3038 δ
687 2966 739 3020 4.
776 2967 841 3020 Et
858 2967 961 3021 hoc
988 2955 1146 3020 tuam'
1163 2966 1209 3013 ’.‘
1230 2982 1433 3020 suntme
1457 2964 1833 3020 sacerdotalem
1854 2964 2142 3035 intelligen-

560 3060 688 3112 tiam
716 3058 1286 3128 admonebintns,‘quia
1313 3068 1360 3112 et
1394 3056 1664 3111 Pharaoni
1704 3056 1843 3125 apud
1875 3057 2013 3125 ipsos
2037 3056 2142 3110 Ae-

2255 2239 2414 2295 Prius
2465 2256 2594 2311 ergo
2649 2242 2863 2313 angeli,
2919 2246 3067 2300 verbi
3121 2248 3293 2318 gratia
3322 2289 3338 2313 ,
3384 2252 3849 2322 principaliter“

2255 2331 2612 2400 archangelis,
2638 2339 2694 2385 et
2718 2343 3117 2404 consequenter
3147 2339 3458 2410 archangeli
3488 2357 3588 2411 per
3618 2344 3851 2416 angelos

2255 2420 2459 2474 sanctis
2488 2421 2796 2476 hominibus
2823 2424 3170 2492 propheticae
3199 2426 3537 2485 formationis
3568 2434 3846 2493 revelatae

2253 2519 2398 2575 sunt,
2421 2520 2476 2565 et
2503 2511 2605 2565 hoc
2635 2520 2803 2567 totum
2829 2527 2897 2568 ex
2925 2514 3059 2570 Deo.
3100 2516 3253 2582 Quod
3283 2532 3687 2591 consequenter
3719 2526 3846 2581 sub-

2252 2601 2418 2655 nectit
2438 2602 2621 2656 dicens
2647 2620 2659 2655 :
2685 2600 2859 2656 Unum
2889 2614 2963 2658 est
2990 2607 3221 2660 omnium
3246 2610 3560 2680 principium
3590 2624 3639 2666 et
3666 2617 3844 2684 provi—

2250 2690 2450 2744 dentia.
2484 2690 2561 2744 Ac
2597 2691 2640 2745 si
2673 2691 2918 2747 diceret:
2958 2693 3003 2748 A
3045 2695 3192 2750 nullo
3223 2708 3486 2770 reguntur
3518 2716 3719 2760 omnes
3759 2719 3845 2775 ge-

2251 2782 2578 2848 nerationes,
2602 2782 2717 2837 sive
2736 2779 2875 2853 quae
2897 2784 3011 2855 jam
3038 2787 3336 2856 credidere,
3364 2791 3480 2846 sive
3500 2808 3643 2863 quae
3662 2796 3845 2853 adhuc

2251 2872 2487 2928 tenebris
2536 2873 2873 2944 ignorantiae
2929 2876 3274 2942 detinentur,
3325 2881 3431 2936 nisi
3467 2883 3535 2938 ab
3582 2883 3706 2955 ipsa
3738 2900 3842 2941 una

2249 2963 2586 3032 providentia
2626 2964 2787 3018 unius
2823 2963 2869 2995 ³³
2910 2965 3152 3020 omnium
3201 2968 3471 3040 principii.
3521 2972 3843 3043 Aequaliter

2246 3056 2390 3108 enim
2447 3063 2502 3108 et
2565 3055 2932 3109 communiter
2984 3057 3162 3112 divina
3217 3058 3264 3089 “
3310 3060 3525 3117 bonitas
3580 3066 3841 3121 omnibus

559 3150 760 3221 gyptios
781 3151 1066 3218 imperante
1094 3147 1300 3218 angelo,
1332 3158 1381 3201 et
1415 3147 1826 3216 Babyloniorum
1852 3145 1895 3176 ¹⁶
1923 3144 2148 3215 principi
2176 3151 2219 3214 ε
2252 3148 2497 3217 providet
2534 3147 2862 3204 nationibus.
2906 3148 3058 3216 Quod
3093 3152 3379 3207 connexim
3410 3154 3456 3186 ³⁸
3486 3155 3695 3225 edocet
3723 3175 3741 3214 :
3772 3157 3837 3212 Et

554 3240 796 3310 praeside
820 3240 1030 3309 proprio
1060 3241 1291 3292 omnium
1313 3239 1664 3309 providentiae
1684 3246 1733 3292 et
1765 3236 2137 3291 dominationis

557 3328 603 3366 ¹¹
640 3332 914 3402 providum
941 3341 987 3384 et
1012 3332 1373 3401 potestatium
1402 3331 1687 3384 secundum
1708 3330 1926 3384 visiones
1957 3328 1999 3359 ’⁸
2025 3328 2139 3381 dis-

557 3421 809 3475 tributum
846 3430 942 3484 est,
978 3430 1026 3474 et
1049 3420 1285 3490 gentibus
1308 3421 1414 3475 illis
1440 3421 1544 3474 veri
1573 3418 1615 3451 "
1650 3418 1749 3473 Dei
1774 3418 2000 3473 ministri
2034 3417 2137 3470 du-

558 3527 641 3565 ces
671 3511 856 3564 statuti
892 3519 1034 3564 sunt.
1080 3511 1147 3564 Et
1193 3510 1620 3575 admouebimus,
1653 3509 1849 3588 inquit,
1891 3523 1925 3561 o
1953 3506 2139 3562 Timo-

558 3605 683 3660 thee
711 3605 778 3671 ³ο,
819 3614 963 3660 tuam
990 3619 1254 3659 summam
1293 3604 1681 3661 sacerdotalem
1710 3602 2136 3673 intelligentiam,

558 3708 618 3755 ut
652 3698 1029 3753 incunctanter
1058 3711 1351 3767 cognoscas
1377 3696 1498 3760 hoc,
1526 3694 1652 3765 quia
1683 3695 2029 3749 distributum
2054 3702 2141 3749 est

553 3792 837 3862 providum
886 3800 941 3846 et
972 3789 1372 3860 potestativnm,
1405 3788 1458 3843 id
1492 3795 1576 3843 est
1631 3787 1868 3857 provisio
1895 3794 1953 3841 et
1984 3793 2141 3855 pote-

553 3890 691 3946 stas,
741 3881 983 3935 omnium
1036 3880 1406 3950 providentiae
1440 3920 1445 3927 τ
1475 3887 1533 3935 et
1579 3878 1989 3943 dominationis,
2042 3877 2139 3934 Dei

554 3970 718 4025 Verbi
766 3970 1030 4033 videlicet,
1064 3971 1154 4040 qni
1197 3971 1241 4003 ’ί
1288 3970 1625 4041 providentia
1654 3978 1709 4025 et
1732 3969 2029 4024 dominatio
2053 3978 2140 4024 est

553 4062 819 4124 omnium,
868 4061 1154 4116 distributa
1186 4063 1231 4093 "
1272 4062 1566 4117 secundum
1596 4061 1852 4125 visiones,
1900 4060 2003 4116 hoc
2031 4068 2135 4123 est,

544 4151 699 4220 juxta
752 4151 796 4183 ⁸³
848 4153 991 4223 quod
1018 4154 1070 4207 in
1116 4154 1415 4208 visionibus
1440 4153 1771 4223 propheticis
1805 4162 1890 4211 εει
1932 4153 2139 4208 revela-

555 4254 664 4297 tum
694 4244 760 4306 “,
791 4253 847 4297 et
873 4245 996 4313 quia
1030 4259 1130 4312 gen
1160 4245 1279 4297 ibus
1312 4244 1417 4297 illis
1445 4244 1547 4297 viri
1584 4244 1677 4297 Dei
1708 4244 1942 4299 ministri
1973 4243 2140 4300 duces

550 4336 739 4389 statuti
769 4343 917 4389 sunt.
953 4335 1103 4400 Quod
1151 4336 1410 4404 probatur
1449 4337 1641 4405 angelo
1669 4336 1974 4406 imperante
1998 4334 2139 4390 Pha-

2246 3240 2390 3295 nullo
2415 3240 2459 3273 “
2481 3242 2636 3295 modo
2650 3241 3041 3299 aestimandum
3055 3244 3172 3310 ",1
3177 3246 3369 3303 udacos
3379 3249 3590 3319 quidem
3612 3250 3839 3321 plenfter

2246 3329 2460 3383 duxisse
2498 3329 2825 3384 divinitatem
2848 3371 2862 3395 ,
2897 3331 3108 3401 angelos
3155 3344 3327 3389 autem
3378 3338 3706 3407 specialiter,
3745 3352 3837 3395 aut

2246 3435 2407 3489 aeque
2435 3419 2831 3484 honorabiliter,
2862 3430 2954 3473 aut
2995 3425 3266 3492 oppositis,
3306 3436 3398 3479 aut
3427 3427 3553 3482 deos
3575 3431 3837 3498 quosdam

2244 3511 2437 3566 alteros
2462 3512 2718 3582 imperare
2747 3510 2868 3565 aliis
2895 3513 3152 3581 gentibus.
3192 3514 3270 3570 Ac
3294 3516 3339 3571 si
3367 3526 3556 3587 aperte
3578 3519 3791 3575 diceret
3815 3536 3831 3572 :

2241 3603 2389 3661 nullo
2404 3606 2562 3660 modo
2583 3600 2924 3671 intelligenda
2951 3612 3037 3658 est
3060 3604 3321 3679 divinitas»
3335 3604 3555 3661 Iudaeis
3575 3607 3832 3676 pleniter,

2241 3694 2325 3747 vel
2351 3695 2492 3751 sicut
2583 3699 2893 3767 expressius
2953 3695 3302 3761 transfertur,
3361 3697 3828 3761 consummative,

2236 3784 2347 3840 hoc
2404 3795 2528 3853 est,
2598 3786 2740 3842 ultra
2785 3797 2996 3843 ceteras
3056 3786 3304 3841 nationes
3383 3786 3688 3857 imperasse
3732 3800 3829 3858 per

2240 3892 2298 3933 se
2329 3877 2374 3909 ³³
2420 3879 2614 3950 ipsam,
2675 3880 2820 3935 nulla
2864 3879 3105 3949 angelica
3170 3886 3436 3949 potestate
3481 3878 3824 3948 interposita,

2239 3969 2460 4040 angelos
2471 3979 2650 4025 autem
2664 3971 2993 4040 specialiter,
3013 3970 3178 4033 idest,
3195 3968 3397 4023 viritim
3415 3967 3481 4033 ³³,
3498 3968 3581 4024 vel
3591 3984 3769 4040 aeque
3781 3969 3825 4000 “

2240 4062 2632 4117 honorabiliter
2658 4062 2778 4117 aliis
2802 4062 3072 4131 gentibus,
3098 4061 3199 4116 hoc
3222 4061 3569 4132 estgentibus
3588 4062 3659 4127 “,
3683 4077 3825 4139 quae

2241 4152 2539 4221 aequaliter
2572 4152 2920 4208 honorabiles
2942 4160 3092 4216 sunt,
3144 4152 3290 4206 verbi
3321 4152 3493 4221 gratia
3538 4150 3823 4213 Romanis,

2241 4242 2485 4308 Graecis,
2535 4244 2842 4315 ceterisque
2873 4244 3140 4299 similibus
3186 4254 3240 4299 et
3272 4259 3443 4313 aeque
3483 4244 3823 4313 potentibus,

2244 4345 2339 4390 aut
2370 4334 2651 4405 oppositis,
2694 4334 2747 4387 id
2795 4342 2900 4398 est,
2938 4333 3229 4389 contrariis
3280 4333 3402 4388 aliis
3445 4333 3699 4403 gentibus
3740 4331 3824 4387 vel

552 4428 729 4488 raoni,
762 4428 887 4481 dum
931 4428 1158 4504 imperat
1210 4428 1431 4496 angelus
1473 4427 1739 4484 Pharaoni
1783 4429 1922 4499 apud
1965 4427 2139 4498 Aegyo
2170 4421 2217 4480 D
2243 4427 2460 4481 sibimet
2512 4425 2598 4480 vel
2648 4424 2883 4490 Iudaeis,
2949 4434 3045 4480 aut
3091 4426 3221 4482 deos
3272 4426 3534 4496 quosdam
3581 4424 3820 4491 alteros,

1840 4520 2097 4576 VARIAE
2132 4518 2530 4578 LEC'I‘IONES.

620 4604 762 4677 fPro
778 4617 898 4681 actu
921 4619 967 4663 et
984 4609 1025 4663 A
1043 4618 1214 4671 actue,
1230 4609 1274 4681 C_
1295 4618 1341 4663 et
1371 4611 1571 4665 actione
1583 4620 1653 4665 et.
1730 4612 1751 4643 ⁸
1767 4611 1857 4666 Sic
1878 4611 1939 4677 C;
1965 4611 2052 4665 AB
2077 4610 2213 4681 plus,
2245 4610 2305 4663 Β·
2336 4626 2479 4665 corr.
2503 4611 2668 4681 prius.
2746 4611 2766 4642 ³
2796 4611 2948 4667 Corr.
2969 4610 3052 4676 B',
3077 4611 3448 4666 ABCreritate.
3514 4613 3550 4681 7‘
3571 4611 3631 4665 B‘
3652 4626 3818 4681 supra

549 4674 1134 4753 adaeraquodbeatus.
1177 4682 1218 4735 C
1248 4679 1408 4753 Prius
1428 4682 1629 4753 primus
1661 4682 1865 4751 quidem
1891 4674 2029 4753 quod
2060 4674 2273 4753 beatus.
2352 4682 2372 4711 ⁵
2404 4681 2445 4734 Β
2466 4674 2771 4746 secundum,
2812 4682 2864 4753 iC
2912 4674 3195 4753 secundum
3224 4682 3383 4753 quod.
3459 4680 3585 4753 “Sit
3614 4681 3677 4736 ϐ.
3711 4674 3819 4736 Pro

548 4755 692 4801 vetus
718 4748 841 4822 A__ct
871 4752 1001 4812 eius,
1036 4751 1075 4804 Β
1104 4762 1158 4803 ut
1187 4753 1320 4804 eius.
1353 4751 1480 4822 Yoci
1511 4762 1564 4822 ut
1604 4748 1876 4822 B‘punct.
1902 4748 2068 4815 Subi.,
2095 4760 2150 4807 et
2176 4752 2244 4805 ad
2267 4767 2437 4822 marg.
2478 4752 2655 4804 adscr.
2680 4752 2840 4822 quod.
2932 4752 3160 4822 inritent
3182 4748 3289 4804 om.
3324 4751 3383 4805 B.
3482 4751 3505 4784 ⁸
3535 4752 3625 4806 Sic
3659 4753 3728 4815 C,
3753 4756 3817 4805 ab

548 4831 679 4891 om,‘
703 4819 811 4891 ΑΒ,
838 4836 998 4891 supra
1026 4823 1202 4876 adscr.
1225 4823 1282 4874 Β¹
1358 4820 1379 4852 ⁹
1406 4820 1498 4891 Sic
1524 4821 1563 4875 C
1586 4830 1641 4876 et
1660 4819 1802 4891 corr.
1836 4821 1920 4883 B‘,
1961 4822 2050 4875 ΑΒ
2074 4819 2418 4889 ει›ἱι’ἰιιιίιίὶιεῐ’
2435 4822 2575 4891 iugo.
2655 4822 2697 4851 ¹⁶
2712 4820 2802 4875 Sic
2822 4822 2892 4883 C;
2915 4820 3233 4891 ABplule'
3251 4836 3393 4876 corr.
3420 4822 3587 4891 prius.
3664 4821 3817 4877 “Sic

547 4882 703 4963 ῥΒΟἓ
825 4882 968 4963 corr.
992 4894 1251 4961 princeps.
1268 4961 1285 4963 4
1327 4891 1373 4963 θ’
1385 4890 1561 4963 Οοῃὶυ
1580 4908 1677 4961 pro
1692 4890 1818 4963 Post
1843 4882 1933 4945 ΑΒ
1959 4882 2181 4954 Ριιιε,’Β⁶
2208 4908 2351 4946 corr.
2376 4882 2541 4963 prin}.
2618 4892 2662 4963 ’ξ
2688 4882 2987 4963 (ξοιιληρτο
3006 4882 3297 4963 secundum
3318 4882 3463 4957 haec,
3488 4893 3533 4946 A
3551 4892 3641 4955 sed
3661 4892 3813 4963 bace.

547 4954 703 5046 Baeti
738 4961 865 5048 llaec
895 4954 1097 5033 (punct.
1127 4954 1231 5017 adi.
1262 4961 1365 5033 B‘).
1445 4954 1961 5032 “'B'probabantur.
2043 4963 2086 4994 “’
2121 4963 2167 5015 A
2195 4954 2545 5016 totumtuam.
2622 4962 2665 4992 ¹⁶
2693 4954 2863 5017 (ἰοί-ἱ(
2890 4954 2984 5026 ’Β”,
3014 4961 3104 5014 ΑΒ
3128 4961 3387 5030 Babyloni
3421 4954 3621 5016 eorum.
3701 4962 3745 4994 "
3772 4960 3814 5013 Β

547 5031 875 5112 ddnationes.
906 5031 993 5105 VB‘
1044 5066 1191 5117 corr.
1232 5031 1632 5107 dominationes.
1712 5053 1753 5083 ¹¹¹
1792 5052 1945 5107 Corr.
1987 5053 2067 5114 B'.
2104 5052 2191 5106 AB
2229 5054 2524 5108 divisiones.
2604 5052 2645 5084 ¹⁹
2680 5053 2835 5108 Corr.
2875 5053 2963 5116 B‘,
2995 5053 3084 5107 AB
3130 5055 3249 5109 viri.
3348 5055 3392 5085 ⁸ο
3428 5052 3678 5117 Emend.,
3724 5051 3813 5105 ΑΒ

549 5118 840 5188 Tliimotlte,
877 5123 919 5177 C
947 5120 1269 5192 Otyinotltee.
1347 5123 1389 5153 ¹¹
1416 5121 1477 5175 Β⁶
1504 5137 1648 5177 corr.
1687 5136 1840 5193 quae.
1917 5124 1961 5154 ³³
1985 5122 2026 5176 Β
2046 5135 2092 5178 et
2116 5124 2252 5177 dona
2280 5125 2328 5177 io
2355 5125 2437 5194 (Il'
2465 5139 2612 5179 corr.
2640 5123 2951 5194 dominatio)
2989 5133 3070 5211 est
3096 5123 3304 5195 (punct.
3334 5123 3553 5193 adi..B')
3576 5122 3810 5177 omnium

546 5213 875 5285 distributiva
906 5224 1009 5270 est.
1074 5214 1131 5285 ν
1172 5212 1263 5270 Sic
1286 5213 1327 5269 C
1350 5224 1404 5269 et
1439 5215 1504 5270 ad
1537 5230 1705 5285 marg.
1744 5230 1889 5269 corr.
1917 5214 2000 5278 B',
2056 5213 2144 5267 AB
2183 5216 2343 5285 iusta.
2382 5284 2385 5285 ν
2422 5214 2468 5246 ’³
2506 5214 2547 5268 Β
2596 5215 2886 5280 relativum,
2916 5199 3149 5271 B'c'drr.
3200 5213 3521 5285 ret'elatnnt._
3575 5212 3623 5244 ⁸⁵
3650 5212 3808 5285 Carr.

544 5283 631 5347 B',
667 5283 756 5356 ᾼΒ
784 5287 1026 5356 prapriis.
1060 5284 1101 5339 C
1138 5295 1185 5339 et
1218 5287 1425 5356 proprio
1465 5281 1678 5356 preside
1713 5286 1837 5339 dum
1865 5285 2086 5356 angelus
2121 5293 2226 5356 cet.
2305 5284 2348 5316 ³⁸
2378 5284 2438 5338 Β⁸
2471 5301 2611 5340 corr.
2651 5287 2899 5356 praefuit.
2978 5288 3020 5356 ’7
3046 5288 3198 5356 Corg.
3225 5284 3318 5356 BT;
3348 5297 3447 5356 pro
3470 5281 3807 5356 llgperbaton

544 5365 617 5408 est
662 5348 1188 5425 ABprerbalonem,
1216 5348 1357 5410 corr.
1388 5348 1780 5425 B‘Tperbaton
1817 5366 1911 5409 est.
1939 5348 1995 5409 'C
2031 5355 2346 5425 Yprobaton.
2423 5356 2488 5410 *3.
2532 5356 2623 5410 Sic
2651 5348 2700 5410 'C
2729 5348 2789 5408 et
2815 5372 2958 5411 corr.
2994 5355 3081 5420 B‘,
3109 5353 3199 5408 ΑΒ
3234 5348 3620 5425 formationem.
3697 5350 3739 5381 "
3766 5348 3807 5402 Β

543 5422 916 5495 angelicorum.
995 5426 1038 5456 ³ο
1076 5425 1117 5479 Β
1142 5442 1324 5480 sensus
1347 5439 1443 5481 est.
1521 5422 1564 5456 ⁸⁸
1591 5425 1634 5478 Β
1660 5426 2016 5495 manifestatio
2042 5422 2138 5480 est.
2215 5426 2261 5456 “
2288 5426 2379 5482 Sic
2400 5427 2458 5489 C,
2483 5427 2526 5480 Δ
2543 5426 2582 5479 Β
2600 5427 2944 5497 principatur.
3022 5426 3068 5458 ³³
3103 5427 3142 5479 Α
3175 5441 3330 5478 unus.
3410 5422 3457 5453 “
3481 5423 3661 5477 divina
3694 5436 3802 5477 om.

538 5515 605 5570 A.
686 5500 846 5573 zu'"Sic
877 5515 937 5581 C,
971 5533 1068 5588 pro
1094 5519 1364 5572 connexim
1399 5517 1487 5572 AB
1512 5518 1820 5588 quonexim,
1851 5514 1913 5568 Β*
1947 5529 2085 5570 corr.
2119 5531 2224 5638 auo
2257 5517 2549 5570 connexim.
2627 5514 2672 5548 ³⁸
2708 5516 2750 5571 Α
2780 5536 2812 5572 a
2843 5516 3007 5582 nullo,
3042 5517 3083 5570 Β
3112 5534 3143 5585 ᾳ
3181 5514 3325 5569 nullo
3352 5513 3557 5583 (punct.
3581 5512 3669 5567 adi
3700 5511 3803 5579 B‘).

541 5584 588 5617 ’τ
631 5584 694 5638 Β”
734 5602 895 5638 sunra
929 5591 1105 5638 adscr.
1129 5593 1227 5638 est.
1305 5588 1351 5620 ³⁸
1390 5605 1443 5638 sc
1485 5602 1595 5638 0m.
1632 5586 1692 5638 Β.
1727 5600 1888 5638 snnra
1911 5587 2089 5638 adscr.
2166 5591 2206 5638 '.
2282 5587 2326 5617 ³⁸
2364 5586 2425 5638 Β·
2453 5601 2623 5638 mare.
2656 5588 2835 5638 adscr.
2868 5589 2905 5638 i.
2929 5606 2977 5638 ε.
3011 5584 3341 5638 sinaillatim.
3419 5582 3462 5613 ‘°
3498 5583 3589 5638 Sic
3610 5582 3670 5638 (ἰ.
3710 5594 3803 5638 Ι)Γο

541 5584 588 5617 ’τ
608 5584 694 5658 ΔΒ’
734 5602 903 5658 supra
929 5582 1105 5642 adscr.
1129 5593 1227 5641 est.
1305 5588 1351 5620 ³⁸
1390 5605 1443 5642 se
1485 5582 1595 5641 oin.
1632 5586 1692 5650 Β,
1727 5587 2089 5658 supraadscr.
2119 5582 2206 5639 Β“.
2282 5587 2326 5658 ἦν
2364 5586 2425 5640 Β·
2453 5601 2623 5658 marg.
2656 5588 2835 5658 adscr.
2868 5589 2905 5641 i.
2929 5606 2977 5642 e.
3011 5582 3379 5658 singillatim;
3419 5582 3589 5658 ‘°_§ic
3610 5582 3670 5644 (Ἰ,
3698 5594 3804 5658 pro

540 5653 617 5735 uel
638 5651 1117 5735 (teque'éBntt‘equc.
1156 5660 1214 5711 Β*
1240 5659 1551 5735 voci__negu_e
1582 5667 1772 5735 punet.
1796 5651 1925 5735 'adi.
1952 5666 2006 5711 et
2030 5670 2202 5730 marg.
2239 5656 2418 5713 adscr.
2446 5657 2525 5710 vel
2549 5651 2734 5728 uirque.
2809 5657 2855 5692 “
2879 5651 3118 5731 gentibus
3152 5668 3261 5710 om.
3298 5652 3384 5735 ΑΒ
3424 5653 3543 5707 aliis
3572 5651 3803 5735 gentibuf

541 5723 751 5794 (punct.
786 5727 869 5783 adi
904 5727 987 5799 B')
1013 5723 1107 5783 hoc
1128 5741 1200 5784 est
1223 5723 1480 5801 gentibus;
1510 5730 1551 5784 C
1576 5723 1611 5782 i'.
1642 5746 1686 5784 e.
1730 5728 1985 5799 gentibus.
2151 5723 2178 5730 ⁷
2623 5723 2635 5728 ⁷
2880 5723 2902 5731 ⁷
3356 5730 3369 5745 ’
3582 5728 3596 5743 ·
3644 5723 3662 5742 ⁸
3695 5725 3727 5740 σο
3761 5724 3774 5736 ’
