4028 6274
611 282 722 338 2'25

1710 286 2210 349 EXPOSITIONES
2244 292 2529 351 JOANNIS
2571 297 2768 354 SCOTI

3746 321 3827 377 221

615 393 835 463 angelos
855 409 983 452 suos
1001 409 1100 451 nos
1119 404 1406 453 revocante
1429 397 1470 464 ’,
1501 398 1806 469 adiuvante,
1837 404 1930 472 qui
1962 419 2201 460 commu-
2231 410 2278 468 Α
2306 407 2433 463 dum
2477 410 2746 466 difﬁcilior
2766 454 2780 478 ,
2825 415 3077 483 quoniam
3134 430 3328 471 causae
3376 420 3608 475 omnium
3649 431 3825 487 omnino

576 540 579 545 λ
616 482 759 538 nitcr
791 491 958 539 totum
987 485 1162 555 diligit
1192 502 1360 557 genus
1384 489 1699 543 humanum.

1139 599 1535 656 CAPITULUM
1588 603 1658 658 Χ.
1684 624 1705 640 κ

1189 688 1352 758 Cujus
1387 691 1572 746 titulus
1597 711 1610 746 :

730 772 988 844 Repetitio
1024 787 1071 831 et
1106 794 1339 848 anagoge
1367 781 1630 850 angelicae
1657 784 2004 841 ordinationis
2028 800 2074 840 ³.

673 864 734 919 ln
780 867 887 922 hoc
928 867 1164 938 capitulo
1213 869 1374 923 trium
1429 871 1746 928 caelestium
1801 876 2190 933 ierarchiarum

604 957 872 1027 expositio
913 961 1176 1029 repetitur
1218 962 1453 1017 breviter
1495 979 1794 1038 earumque
1832 969 2192 1025 ordinationis

605 1053 948 1122 congregatio
973 1060 1028 1108 et
1051 1053 1352 1108 diii'crentia
1377 1044 1420 1109 ⁸.

675 1139 703 1213 §
744 1144 795 1197 Ι.
831 1141 1077 1198 Caunexa
1103 1154 1178 1199 est
1208 1145 1384 1215 itaque
1413 1147 1491 1200 sic
1524 1147 1637 1217 ipsa
1670 1149 1877 1218 quidem
1909 1150 2189 1206 honorabi-

604 1231 807 1287 lissima
842 1235 982 1288 circa
1026 1234 1193 1290 Deum
1221 1237 1517 1291 animorum
1538 1238 1811 1308 dispositio
1836 1256 1902 1294 ea:
1938 1241 2186 1296 (elether-

601 1325 750 1379 cltica
766 1325 788 1357 ⁸
815 1324 1196 1382 illuminatione
1218 1327 1239 1358 δ
1267 1329 1593 1398 sancti/irata
1623 1331 1664 1395 ⁸,
1702 1332 1757 1385 in
1778 1348 1893 1386 eam
1916 1335 2181 1388 immedia~

599 1425 649 1470 te
690 1416 713 1449 ⁸
760 1418 1088 1473 ascendendo
1111 1459 1127 1485 ,
1166 1420 1417 1474 occultior
1439 1430 1487 1474 et
1535 1424 1864 1493 manifestior
1888 1425 2184 1481 Divinitatis

600 1506 985 1563 illuminatiane
1021 1519 1275 1580 purgatur
1316 1521 1363 1564 et
1400 1510 1737 1567 illuminatur
1792 1523 1841 1568 et
1891 1514 2179 1584 perﬁcitur.

594 1592 850 1650 Connexa
894 1605 1017 1660 est,
1059 1594 1346 1664 conjuncta
1391 1598 1645 1654 videlicet
1691 1600 1792 1655 sibi
1846 1602 2076 1656 invicem
2129 1611 2185 1658 et

596 1683 1032 1754 inseparabiliter
1056 1685 1335 1756 copulata,
1361 1687 1475 1756 ipsa
1510 1689 1979 1748 bonorubilissima
2002 1694 2182 1763 dispo-

594 1776 744 1843 sitio,
783 1777 898 1846 ipse
923 1778 1081 1848 plane
1111 1779 1357 1835 sublimis
1381 1789 1627 1847 ornatus,
1661 1784 1990 1850 animorum,
2018 1787 2109 1856 qui
2129 1787 2173 1852 ',

591 1867 898 1924 immediate
922 1869 944 1900 ⁸
993 1870 1135 1925 circa
1176 1871 1344 1927 Deum
1387 1880 1543 1937 sunt,
1590 1882 1703 1930 tres
1727 1876 1936 1932 scilicet
1962 1878 2183 1935 ordines

587 1956 796 2023 primae
824 1957 1151 2025 ierarchiae;
1186 1968 1241 2016 et
1265 1972 1349 2017 est
1386 1962 1502 2032 ipsa
1540 1965 1822 2037 dispositio
1852 1986 1919 2026 ex
1963 1973 2180 2029 teletar-

586 2043 1188 2105 cbicatillmuinatione
1214 2092 1228 2117 ,
1274 2052 1329 2107 id
1373 2062 1457 2109 est
1522 2055 1638 2126 ipsa
1679 2058 1988 2125 Divinitate,
2038 2080 2179 2134 quae

586 2133 899 2212 teletarcbis
924 2138 1151 2205 dicitur;
1189 2141 1580 2211 perfectionum
1602 2146 1623 2178 ⁹
1638 2149 1836 2218 quippe
1858 2159 1911 2205 et
1941 2133 2178 2208 sanctifi-

583 2224 860 2281 catiouum
882 2228 1136 2302 princeps
1156 2241 1271 2299 est;
1303 2236 1662 2305 sanctiﬁcata,
1686 2243 1772 2295 vel
1792 2242 1931 2298 sicut
1956 2260 2178 2314 expres-

584 2315 701 2371 sius
730 2317 1055 2374 transfertur
1086 2322 1157 2387 “,
1185 2327 1434 2392 quamvis
1465 2328 1775 2387 inusitatius
1794 2374 1809 2397 ,
1840 2335 2171 2403 pontiﬁcata,

582 2404 638 2467 in
668 2406 1030 2475 pontificalem
1058 2411 1311 2468 videlicet
1348 2415 1594 2473 ordinem
1637 2421 1893 2475 subvecta
1918 2431 1978 2479 et
2007 2426 2173 2480 subli-

583 2502 759 2561 mata;
790 2496 905 2566 ipsa
934 2513 1167 2570 namque
1201 2511 1287 2557 est
1313 2505 1547 2573 primum
1585 2510 1945 2566 sacerdotium
1984 2514 2022 2545 “
2050 2529 2172 2570 cae-

582 2578 797 2638 lestium
842 2588 1205 2644 essentiarum
1232 2629 1248 2655 ,
1300 2592 1369 2646 ab
1425 2593 1542 2662 ipso
1584 2595 1695 2652 Deo
1738 2600 2063 2666 constituta;
2115 2604 2168 2659 in

579 2684 723 2736 eam,
764 2672 1163 2730 teletarcbicam
1190 2678 1351 2748 plane
1381 2680 1827 2742 illuminationem
1860 2688 2168 2748 immediate

582 2763 925 2839 ascendendo
954 2768 1152 2820 ceteris
1182 2770 1534 2839 sequentibus
1564 2763 1623 2828 se
1665 2774 1943 2833 ierarchiis
1986 2782 2168 2836 occul-

579 2847 686 2904 tior
735 2859 789 2906 et
835 2853 1172 2913 manifestior
1219 2873 1317 2927 per
1369 2859 1817 2919 illuminationem
1859 2867 2167 2927 Divinitatis

574 2948 840 3008 purgatur
864 2952 921 2997 et
954 2943 1289 3001 illuminatur
1312 2956 1369 3002 et
1398 2949 1698 3017 perﬁcitur.
1754 2952 2023 3026 Purgatur
2041 2961 2162 3030 qui-

576 3029 698 3085 dem
750 3033 898 3089 omni
932 3035 974 3066 ¹¹
1004 3036 1339 3107 ignorantia,
1390 3038 1722 3096 illuminatur
1753 3047 1899 3099 omni
1946 3029 2160 3117 sapien-

574 3115 678 3180 tia,
736 3120 1013 3189 perﬁcitur
1078 3125 1225 3179 omni
1284 3125 1623 3184 deiﬁcatione
1681 3131 1745 3185 ³³.
1777 3132 1933 3199 Quali
1979 3115 2159 3191 autem

570 3207 780 3263 ratione
823 3212 1087 3268 occultior
1132 3214 1203 3268 sit
1242 3224 1298 3270 et
1343 3216 1684 3273 manifestior
1729 3237 1835 3277 una
1864 3226 2161 3297 eademque

571 3294 747 3365 prima
776 3298 1042 3355 ierarchia
1068 3342 1082 3366 ,
1117 3301 1458 3375 subjungitur
1485 3326 1498 3361 :
1538 3306 1807 3366 Occultiar
1841 3316 2051 3379 quidem
2072 3294 2157 3385 λδ,

568 3396 819 3456 tanquam
835 3389 1199 3447 innisibilioret
1215 3398 1383 3466 magis
1407 3399 1699 3469 simplicata
1744 3404 1789 3434 ¹⁵
1813 3414 1862 3458 et
1885 3408 2154 3475 uniﬁcata,

569 3478 900 3548 manifestior
924 3499 1065 3550 vero,
1100 3495 1153 3538 ut
1182 3497 1304 3540 ante
1329 3489 1455 3544 data
1492 3502 1539 3544 et
1578 3496 1746 3561 primo
1780 3495 1912 3551 lucet
1956 3508 2004 3552 et
2042 3500 2156 3553 uni-

568 3571 841 3639 rersalior,
876 3584 925 3628 et
951 3578 1118 3646 magis
1146 3578 1200 3631 in
1223 3595 1362 3644 eam,
1388 3590 1443 3635 ut
1473 3596 1703 3653 oportet,
1751 3589 1923 3655 [arma
1963 3589 2151 3658 e/fusa.

566 3658 843 3719 Occultior
868 3675 954 3722 est
989 3670 1216 3737 ceteris,
1244 3672 1366 3740 quia
1393 3658 1511 3743 plus
1556 3677 1878 3745 invisibilis;
1908 3681 1988 3734 vel
2015 3682 2156 3737 sicut

567 3756 883 3823 expressius
910 3758 1254 3830 interpretari
1272 3774 1468 3834 potest,
1485 3768 1917 3838 intellectualior,
1943 3775 2068 3843 quia
2106 3777 2151 3808 “

566 3843 690 3914 plus
719 3850 916 3905 ceteris
955 3851 1331 3911 intellectualis
1380 3866 1482 3923 εει,
1531 3870 1750 3931 propter
1778 3865 2150 3936 propinquita-

568 3941 679 3990 tem
724 3937 1088 3998 immediatam
1121 3944 1264 4002 illius
1289 3987 1304 4012 ,
1332 3949 1424 4018 qui
1459 3961 1678 4020 superat
1697 3968 1912 4011 omnem
1943 3958 2149 4015 intelle-

564 4034 735 4091 ctum,
764 4039 820 4084 et
849 4034 1020 4104 magis
1045 4035 1235 4105 simpla
1264 4037 1407 4094 facta
1440 4050 1526 4096 est
1547 4051 1603 4097 et
1633 4045 1910 4101 uuiﬁeata.
1953 4050 2147 4106 Tribus

562 4114 747 4186 itaque
776 4122 949 4179 modis
967 4125 1231 4182 occultior
1268 4138 1352 4184 est
1402 4133 1627 4199 ceteris,
1679 4137 1804 4205 quia
1848 4138 1969 4208 plus
2015 4142 2146 4195 invi-

562 4206 737 4264 sibilis
765 4220 819 4266 et
844 4214 1243 4283 intellectualis,
1268 4228 1324 4274 et
1354 4223 1479 4290 quia
1509 4226 1679 4296 magis
1704 4206 1913 4299 simpla,
1942 4242 1995 4285 et
2016 4235 2142 4303 quia

561 4302 734 4369 magis
763 4306 910 4360 unita
942 4309 1234 4363 constituta
1263 4318 1365 4364 est.
1416 4312 1604 4371 Omnis
1641 4320 1839 4388 quippe
1867 4302 2139 4390 creatura,

552 4388 611 4444 in
648 4406 910 4460 quantum
941 4398 1316 4456 intellectualis
1345 4415 1401 4457 et
1441 4405 1631 4475 simpla
1657 4417 1715 4464 et
1749 4412 1895 4465 unita
1932 4424 2049 4478 est,
2082 4388 2133 4469 in

2297 503 2548 556 invisibili
2565 504 3153 574 ct'incomprehcnsibili
3168 509 3826 580 propinthiur.Manifestior

2295 606 2426 646 vero
2455 605 2512 648 ut
2538 604 2665 649 ante
2695 596 2838 657 data,
2871 598 2970 651 hoc
2995 607 3080 653 est
3103 616 3115 652 :
3140 611 3422 668 propterea
3453 605 3758 664 manifestior
3774 616 3820 679 ",

2293 684 2420 750 quia
2465 694 2591 738 ante
2634 687 2815 739 omnia
2863 688 2983 741 data
3037 698 3091 742 et
3119 691 3445 756 constituta,
3477 709 3578 748 non
3609 705 3823 770 tempore,

2294 786 2479 827 verum
2512 775 2775 843 dignitate
2807 788 2864 832 ct
2906 778 3233 834 sublimitate
3263 791 3520 848 naturae,
3545 796 3596 839 et
3615 789 3723 856 quia
3743 792 3823 861 pri-

2295 879 2405 927 mo,
2433 874 2558 919 ante
2583 867 2783 931 omnia,
2801 867 2943 922 lucet
2958 876 3080 939 post
3097 870 3492 928 inacessibilem
3518 875 3698 947 lucem,
3717 897 3821 951 quae

2294 969 2414 1010 eam
2446 957 2721 1019 condidit,
2755 967 2810 1012 et
2851 960 2978 1028 quia
3025 961 3386 1018 univcrsalior
3410 969 3623 1034 ceteris,
3661 972 3707 1025 id
3740 984 3821 1040 est,

2290 1045 2437 1099 omni
2515 1047 2777 1103 varietate
2827 1058 2882 1103 et
2936 1051 3375 1110 dissimilitudine
3437 1057 3741 1129 absolutior,
3781 1074 3822 1120 et

2290 1134 2416 1202 quia
2457 1137 2628 1208 magis
2660 1138 2712 1192 in
2744 1152 2863 1193 eam
2890 1180 2905 1205 ,
2932 1150 3192 1211 quantum
3222 1153 3440 1213 oportet
3465 1152 3818 1220 comprehendi,

2289 1223 2460 1280 forma
2484 1227 2721 1282 omnium
2746 1229 2912 1286 effusa
2949 1242 3033 1286 est
3056 1273 3070 1293 .
3117 1234 3451 1306 unigenitum
3498 1238 3725 1296 videlicet
3750 1242 3819 1299 Dei

2290 1315 2525 1372 Verbum
2552 1359 2566 1384 ,
2615 1320 2682 1374 ad
2711 1320 2756 1351 ¹⁸
2782 1323 2924 1391 quod
2947 1333 3002 1376 et
3025 1340 3119 1394 per
3155 1327 3298 1395 quod
3337 1326 3632 1384 formantur
3656 1334 3816 1388 omnia.

2288 1407 2528 1474 Quatuor
2555 1409 2732 1466 modis
2772 1412 3110 1470 manifestior
3143 1424 3226 1471 est
3261 1417 3383 1473 aliis
3423 1422 3663 1477 omnibus
3681 1422 3818 1479 ierar~

2285 1499 2444 1555 cbiis.
2482 1500 2721 1557 Primum
2746 1504 2962 1574 quidem
2986 1544 3002 1570 ,
3049 1507 3175 1576 quia
3206 1508 3336 1564 ante
3363 1524 3550 1567 omnes
3571 1513 3759 1567 condita
3776 1513 3818 1571 in

2284 1592 2676 1651 excelsitudine
2702 1604 2959 1664 naturae;
2993 1602 3229 1656 secundo
3248 1642 3263 1667 ,
3298 1603 3426 1672 quia
3449 1603 3817 1673 primordialiter

2283 1694 2405 1754 post
2448 1687 2619 1742 Deum
2667 1689 2810 1745 lucet
2854 1699 2910 1746 et
2950 1708 3010 1749 se
3055 1697 3412 1765 sequentibus
3448 1706 3503 1752 et
3542 1698 3583 1731 ¹⁹
3611 1699 3811 1765 sibimet;

2205 1769 2252 1831 Β
2283 1779 2462 1845 tertio,
2498 1781 2624 1850 quia
2667 1785 2891 1840 ordines
2933 1785 3102 1857 ipsius
3150 1789 3596 1856 universaliores,
3625 1791 3713 1848 hoc
3735 1802 3813 1853 est.

2283 1868 2426 1925 inter
2450 1885 2508 1926 se
2550 1872 2782 1929 invicem
2803 1875 3094 1933 similiores
3131 1887 3287 1946 sunt;
3331 1890 3548 1950 quarto,
3576 1882 3690 1952 quia
3716 1882 3758 1936 in
3778 1882 3812 1915 ”

2281 1973 2400 2014 eam
2423 1960 2544 2029 plus
2571 1976 2732 2030 quam
2763 1962 2817 2017 in
2848 1964 2969 2021 aliis
2995 1968 3235 2022 omnium
3269 1968 3447 2024 forma
3482 1969 3812 2025 diffunditur“

2280 2051 2706 2121 expressiusque
2752 2053 2805 2109 in
2835 2069 2900 2109 ea
2928 2056 3327 2114 manifestatur.
3385 2060 3666 2115 Obscurior
3684 2061 3813 2132 igitur

2278 2142 2476 2198 ceteris
2519 2144 2695 2213 prima
2731 2146 2980 2203 caelestis
3006 2148 3304 2216 ierarchia,
3346 2152 3473 2223 quia
3503 2152 3809 2216 manifestior,

2279 2232 2331 2288 id
2374 2242 2458 2290 est
2501 2235 2754 2303 lucidior,
2804 2248 2861 2294 et
2909 2239 3169 2307 lucidior,
3211 2244 3343 2313 quia
3386 2245 3672 2300 obscurior.
3705 2244 3809 2301 Nam

2275 2322 2497 2379 claritas
2528 2325 2697 2396 ipsius
2737 2336 3043 2384 ceterorum
3080 2333 3395 2387 caelestium
3439 2334 3718 2388 animorum
3742 2349 3808 2388 sn-

2273 2424 2425 2483 perat
2473 2413 2759 2486 fulgorem,
2801 2419 2988 2488 eisque
3037 2420 3203 2479 infert
3245 2423 3559 2494 caliginem,
3597 2424 3720 2478 sicut
3743 2422 3806 2477 sol

2271 2503 2608 2564 intuentibus
2627 2523 2752 2563 eum
2770 2509 3000 2565 vertitur
3019 2512 3072 2565 in
3092 2514 3366 2569 tenebras.
3386 2514 3678 2586 Sapientior
3694 2514 3806 2568 enim

2270 2594 2521 2650 omnibus
2545 2604 2631 2651 est
2682 2607 2739 2652 et
2777 2599 3399 2670 incomprehensibilior.
3441 2605 3516 2657 Ab
3542 2605 3646 2673 ipsa
3669 2612 3805 2656 autem

2269 2687 2457 2741 iterum
2473 2689 2519 2719 “
2534 2690 2992 2759 proportitonaliter
3016 2694 3243 2747 secunda
3270 2694 3344 2760 ⁸³,
3365 2705 3414 2749 et
3439 2711 3471 2748 a
3496 2693 3704 2749 secunda
3726 2700 3806 2746 ter-

2268 2777 2366 2843 tia,
2391 2788 2440 2832 et
2462 2795 2529 2832 ea:
2572 2781 2726 2834 tertia
2755 2782 3044 2836 secundum
3069 2800 3179 2837 .nos
3226 2786 3489 2840 ierarchia
3513 2826 3527 2851 ,
3563 2783 3802 2841 secundum

2266 2868 2431 2937 ipsum
2482 2869 2606 2923 bene
2635 2872 2870 2926 ornantia
2902 2872 2950 2904 “
2973 2874 3299 2930 taxiarcltiae
3324 2877 3519 2947 legem,
3548 2876 3600 2930 in
3632 2876 3803 2929 harmo-

2267 2959 2357 3013 nia
2382 2960 2561 3015 divina
2589 2971 2636 3015 et
2667 2963 2914 3034 analogia
2933 3005 2947 3031 ,
2996 2967 3065 3020 ad
3092 2968 3252 3021 simul
3282 2970 3454 3024 omnis
3489 2970 3603 3023 boni
3627 2978 3802 3022 ornatus

2265 3053 2712 3123 superprincipale
2762 3057 3075 3126 principium
3112 3068 3161 3112 et
3210 3062 3688 3115 consummationem
3722 3058 3801 3110 ier~

2189 3116 2232 3177 (ἶ
2264 3116 2470 3198 ari-Iure
2494 3145 2543 3176 "
2595 3116 2864 3201 reducitur
2887 3116 2951 3202 ’⁸.
2984 3148 3137 3205 Patet
3161 3152 3305 3220 quod
3338 3153 3434 3207 ait.
3487 3153 3565 3206 Ab
3592 3152 3693 3219 ipso
3714 3147 3800 3201 Βθο

2259 3236 2507 3305 proxima
2545 3239 2648 3294 sibi
2679 3239 2945 3296 ierarchia
2995 3242 3049 3298 in
3101 3258 3160 3298 se
3193 3244 3371 3315 ipsum
3410 3245 3683 3308 reducitur,
3718 3241 3798 3295 hoc

2260 3336 2364 3392 est,
2402 3343 2617 3384 sursum
2641 3331 2861 3386 dicitur.
2914 3333 2997 3389 Ab
3029 3334 3143 3404 ipsa
3171 3344 3353 3391 autem
3384 3336 3551 3407 prima
3577 3331 3796 3390 corratio-

2257 3418 2517 3475 nabiliter
2557 3423 2834 3479 reducitur
2880 3427 3150 3492 secunda;
3210 3443 3241 3482 a
3289 3429 3526 3485 secunda
3565 3423 3797 3481 reducitur

2259 3511 2451 3575 tertia;
2498 3528 2564 3567 ex
2609 3516 2766 3570 tertia
2810 3525 3018 3583 nostra,
3063 3519 3115 3573 id
3158 3528 3243 3574 est
3287 3521 3518 3575 humana
3564 3515 3796 3572 reducitur

2255 3601 2525 3657 ierarchia
2565 3604 2722 3674 juxta
2777 3607 2921 3678 leges
2979 3608 3116 3664 bene
3177 3614 3425 3667 ornantis
3485 3606 3792 3664 taxiarcltiae.

2254 3692 2479 3750 Deitatis
2509 3696 2796 3765 videlicet,
2848 3701 2901 3755 in
2946 3702 3273 3758 adunatione
3309 3704 3493 3760 divina
3525 3712 3576 3758 et
3601 3711 3789 3771 propor-

2253 3786 2419 3843 tione.
2458 3789 2526 3843 Et
2549 3805 2809 3859 quorsum
2836 3808 3027 3850 omnes
3050 3798 3429 3854 reducuntur?
3466 3797 3674 3852 Sursum
3692 3804 3791 3860 Ρτο·

2248 3874 2401 3937 fectu
2436 3879 2502 3932 ad
2540 3884 3000 3954 superprincipale
3063 3886 3390 3956 principium
3439 3895 3498 3942 et
3540 3892 3791 3952 supercon-

2248 3970 2625 4026 summativam
2651 3974 3173 4032 consummationem
3219 3980 3400 4034 omnis
3436 3977 3555 4033 boni
3583 3978 3785 4028 ornatus,

2246 4058 2315 4114 ad
2339 4059 2514 4128 ipsum
2543 4061 2701 4131 plane
2726 4063 2918 4129 Deum,
2945 4065 3035 4135 qui
3067 4074 3155 4120 est
3180 4067 3425 4122 omnium
3446 4061 3787 4134 principiorum

2245 4150 2568 4221 principium
2586 4162 2645 4208 et
2664 4153 2946 4224 plusquam
2975 4157 3320 4228 principium,
3357 4157 3652 4215 etomnium
3684 4162 3787 4204 con-

2243 4244 2685 4300 summationum
2711 4253 3134 4317 consummatio,
3184 4253 3238 4307 id
3291 4263 3406 4320 est,
3450 4252 3569 4307 ﬁnis
3611 4255 3661 4302 ει
3691 4240 3787 4313 l’his

2242 4344 2405 4398 quam
2436 4333 2586 4399 ﬁnis;
2616 4335 2915 4394 ierarchice
2945 4341 2988 4372 ⁸⁷
3024 4348 3209 4397 autem
3244 4342 3541 4405 reducitur,
3571 4338 3664 4393 hoc
3688 4340 3780 4389 esto

2244 4435 2601 4495 unaquaeque
2627 4426 2895 4485 ierarchia
2924 4431 3221 4486 secundum
3249 4448 3376 4489 suas
3415 4433 3556 4502 leges
3592 4427 3643 4482 in
3668 4419 3781 4478 diti-

553 4490 765 4541 tantum
794 4491 992 4546 ceteris
1017 4495 1286 4551 creaturis
1313 4496 1593 4555 obscurior
1617 4511 1673 4557 et
1704 4504 1772 4559 ad
1809 4520 2139 4574 cognoscen-
2172 4526 2219 4584 ι)
2243 4490 2387 4566 nam?
2406 4514 2721 4571 subvehitur
2748 4519 3087 4575 barmdniam
3115 4530 3169 4577 et
3192 4523 3514 4596 analogiam.

1800 4615 2054 4674 VARIAE
2089 4621 2470 4679 LECTIONES

659 4718 910 4796 ll‘sttpra
940 4724 1115 4779 adscr.
1140 4736 1187 4781 ct
1214 4727 1519 4796 adiuvante,

560 4789 648 4865 nj,
679 4789 766 4841 an
789 4793 1112 4865 telem‘rcltia.
1221 4798 1242 4828 δ
1265 4789 1422 4853 Corr.
1454 4789 1535 4865 B‘,
1563 4803 1649 4855 AB
1676 4789 2014 4862 illuminatio.

549 4859 879 4943 dictale._m"
926 4862 1017 4919 Sic
1058 4866 1213 4943 ABG,
1241 4867 1300 4919 B'
1346 4859 1797 4943 cgrrs'quouiam.

552 4928 868 5003 ornum“),
918 4948 1088 5003 marg.
1146 4928 1328 4993 adscr.
1366 4938 1426 4991 B‘
1503 4928 1616 4995 ¹¹Ἀ
1647 4928 1997 5002 sacerdotum.

549 4997 931 5065 aediﬁcatione.
1009 4997 1335 5065 “'Btamen.

550 5067 611 5121 ll’
649 5084 809 5148 supra
828 5072 1015 5148 adscr.
1063 5085 1205 5148 est.__
1238 5078 1282 5109 ¹⁸
1309 5079 1398 5133 Sic
1424 5079 1465 5134 C
1501 5091 1556 5136 et
1582 5099 1727 5137 corr.
1783 5067 1868 5148 llr,
1890 5067 2104 5143 ﬁll-tit.

549 5139 719 5226 magis
740 5140 794 5192 in
820 5140 1020 5210 (punct.
1040 5146 1146 5199 adi.
1174 5146 1284 5216 B‘).
1360 5151 1402 5181 ²¹
1433 5151 1474 5204 Β
1502 5153 1821 5221 di/funditur
1846 5139 2349 5228 omnium-fortia”
2376 5139 2495 5219 δῖ
2515 5139 2928 5223 ἱῖἓνιῖἦξῃαιιῖέηι.

545 5246 689 5286 corr.
718 5232 801 5297 B',
832 5232 921 5286 ΑΒ
956 5239 1282 5295 ornantibus.
1356 5243 1404 5274 ³⁸
1447 5243 1602 5299 Corr.
1635 5245 1721 5313 B‘,
1757 5246 1845 5300 AB
1869 5249 2176 5306 ierarchine.

2077 4951 2119 4982 “
2167 4951 2270 5026 Sig
2308 4954 2474 5026 ABG,
2510 4957 2569 5010 B‘
2627 4951 2793 5026 supra
2833 4951 3028 5013 adscr:
3062 4962 3127 5014 ab
3173 4963 3341 5015 omni.

1414 5010 1463 5099 ’Σ
1480 5011 1549 5099 Βί
1566 5028 1707 5067 corr.
1732 5016 2086 5099 simpli/ictum
2164 5021 2374 5099 ιλιι-φρει.
2397 5010 2537 5099 corr.
2684 5010 2977 5099 Aliquam,
3000 5010 3005 5011 ν

1552 4730 1592 4820 (ξ
1608 4746 1959 4820 posui-orante
1973 4748 2018 4793 et
2039 4740 2387 4820 adjttzanle.‘
2405 4747 2441 4820 λ²
2472 4744 2542 4820 n
2565 4748 2660 4801 hoc
2683 4750 2911 4817 capitulo
2933 4781 3000 4790 —
3020 4749 3314 4820 di/fcrentta
3337 4768 3443 4807 om.
3476 4750 3534 4804 B.
3559 4818 3567 4820 _
3606 4742 3772 4820 ’βοτη

2124 4813 2145 4844 ⁵
2167 4812 2321 4888 Corr.
2356 4815 2434 4878 B‘,
2462 4817 2553 4888 AB
2589 4812 2933 4888 sunctiﬁcavi.

1901 4878 1923 4909 ⁸
1948 4880 1988 4931 Α
2022 4882 2076 4934 in
2108 4883 2398 4938 medietate.

3038 4822 3058 4851 ‘
3077 4816 3188 4875 'l‘ro
3218 4823 3511 4877 immediate
3542 4818 3584 4872 A
3619 4816 3667 4868 in
3690 4824 3779 4863 me-

3038 4890 3318 4942 rctionum.
3426 4891 3468 4923 ¹⁰
3497 4882 3778 4942 transfertur

3520 4905 3608 4941 ran

2489 4887 2508 4917 ⁸
2544 4888 2635 4942 δίο
2680 4887 2797 4954 BC.
2845 4890 2888 4943 A
2920 4890 3318 4958 Profectionum.
3426 4891 3468 4923 ¹⁰
3497 4887 3775 5003 translator

2511 4957 2569 5003 η’
2627 4972 2786 5003 annm
2833 4962 3010 5003 adscr-
3062 4962 3127 5003 nh
3173 4963 3339 5003 nmini,
3419 4960 3463 4992 ⁸⁸
3493 4958 3579 5003 Sic
3662 4950 3714 5003 C.
3743 4947 3775 4999 Β

2839 5055 2977 5092 "um.
3028 5055 3068 5084 υ
3117 5055 3386 5099 quantum.
3463 5055 3496 5061 ··
3533 5055 3616 5081 om
3641 5055 3770 5098 ηυγ.

2839 5139 2853 5154 .
2929 5100 2973 5131 ²⁰
3104 5102 3230 5171 quia
3261 5102 3433 5187 Imagis
3462 5100 3541 5187 ri‘n,
3589 5095 3635 5187 Et
3658 5102 3772 5187 Igitr!

3004 5170 3050 5202 ”
3077 5155 3308 5225 secunda
3331 5155 3501 5227 (no.1!
3530 5155 3539 5163 ’
3589 5162 3635 5195 ⁸⁸
3655 5155 3767 5215 llud-

2276 5255 2322 5287 ³⁸
2355 5257 2399 5311 Α
2427 5260 2658 5314 ducitur.
2735 5261 2779 5294 ’⁷
2807 5261 2851 5316 Α
2875 5263 3184 5317 ierarcltiae.

2185 5092 2227 5122 ¹⁹
2260 5093 2349 5148 Sic
2380 5097 2495 5160 AC,
2531 5108 2577 5150 et
2630 5114 2738 5152 om.

2040 5361 2291 5422 NOTAE.

618 5435 751 5523 G'A,
791 5434 1260 5523 litterismin‘iatis
1300 5443 1556 5523 decimum
1601 5449 1919 5523 capitulum,
1970 5454 2120 5523 cujus

502 5528 506 5531 π
541 5503 729 5593 titulus
784 5505 1035 5593 Repetitio
1093 5519 1138 5593 et
1184 5528 1416 5593 auugoge
1450 5503 1676 5593 _(supple
1714 5503 2118 5593 ol'tlinttliovni‘s"):

541 5572 598 5650 In
631 5573 733 5650 hoc
760 5572 997 5650 capitulo
1047 5581 1208 5634 trium
1244 5572 1569 5641 caelestium.
1592 5572 1710 5644 lcet.
1735 5589 1777 5642 Β
1801 5572 1993 5648 litteris

544 5644 744 5697 niatis:
772 5644 1072 5768 caritatum
1105 5653 1455 5733 undecimum,
1486 5658 1571 5710 cui
1601 5659 1785 5713 titulus
1810 5644 1916 5716 est:
1942 5664 2121 5729 Quare

544 5730 717 5768 onmes
752 5731 842 5768 cae
863 5729 993 5768 astes
1031 5733 1282 5768 essentme
1312 5729 1655 5768 mmnmnitpr
1681 5732 1889 5768 odi-inm.
1928 5751 2115 5768 ..αρηκῄ

538 5730 717 5768 ontucs
752 5723 993 5773 caelestes
1031 5723 1282 5776 essentiae
1312 5729 1655 5784 communiter
1681 5732 1889 5789 virtutes
1928 5723 2118 5791 uacan-

2227 5474 2349 5531 tur,
2404 5466 2465 5519 B'
2526 5479 2829 5525 atramento
2883 5484 2982 5540 pro
3049 5472 3379 5528 undecimum
3450 5482 3589 5526 corr-
3644 5462 3763 5534 de“?

2226 5550 2368 5614 nium
2387 5579 2401 5601 ,
2428 5540 3186 5614 s'ocilttts_qttaije+-vocantur
3208 5552 3388 5614 punct.
3427 5541 3531 5614 adj:
3555 5576 3568 5601 ,
3594 5540 3762 5614 πλατει-

2226 5598 2396 5730 2ξηιιεέ
2426 5610 2605 5665 adscr.
2644 5598 2896 5682 Repetitio
2921 5630 3178 5684 synagoga
3210 5598 3660 5685 Iungelicne'bonac
3691 5607 3761 5650 οῖ’

2263 5680 2531 5730 mntionis.

2263 5680 2531 5733 inationis.
