3984 5608
204 341 321 402 225
787 339 1284 398 EXPOSITIONES
1314 341 1539 398 SUPER
1578 339 2002 398 lERARCHlAM
2045 339 2454 397 CAELESTEM
2495 343 2552 398 S.
2596 342 2910 401 DIONYSII.
3367 349 3475 405 226

282 458 314 531 ᾗ
340 459 394 513 2.
439 457 862 529 Manifestatores
891 468 1063 513 autent
1092 476 1298 524 omnes,
1323 468 1369 512 et
1401 457 1793 528 angelicorum,
1821 456 1876 517 Α
1902 455 1991 511 tiis
2035 455 2366 525 intelligitur.
2405 455 2509 510 Alii
2537 458 2756 526 quidem
2818 459 2943 524 alte,
2991 460 3080 516 alii
3107 441 3290 527 altius,
3321 463 3448 520 altis

201 553 298 619 qui
328 556 450 602 ante
479 548 638 617 ipsos,
667 557 828 612 sunt;
862 549 959 618 ipsi
987 549 1196 618 quidem
1223 548 1664 602 houorabilissimi
1694 547 1792 600 Dei
1837 563 1863 590 ο
1896 547 2031 602 sime
2080 547 2124 578 ⁸⁷
2178 546 2300 613 alii;
2357 547 2440 602 vel
2490 549 2534 578 “‘
2591 559 2739 604 certe
2795 566 2900 607 non
2984 552 3156 608 solum
3233 554 3479 626 singulae

201 640 495 705 moventis,
526 638 983 709 proportionaliter
1027 649 1201 693 autem
1247 640 1402 693 ceteri
1429 655 1492 693 ex
1529 638 1640 692 Deo
1675 653 1790 691 mo-

202 740 408 785 torum.
448 727 647 784 Omnes
670 730 896 784 virtutes
919 729 1178 785 caelestes
1205 727 1638 784 manifestatores
1669 737 1793 784 sunt

200 829 261 876 et
300 819 477 892 angeli
504 835 712 886 eorum,
757 820 848 890 qui
898 835 954 875 se
997 822 1352 890 praecedunt,
1393 821 1466 874 ita
1493 829 1552 875 ut
1574 821 1793 876 ordines

199 911 418 980 primae
446 911 768 978 ierarchiae,
814 913 907 982 qui
939 921 1064 967 sunt
1113 922 1414 968 ceterorum
1455 914 1793 970 excellentis-

199 1003 373 1069 simi,
443 1003 884 1059 manifestatores
930 1013 987 1058 et
1049 1005 1222 1076 angeli
1258 1007 1272 1036 ¹
1301 1005 1410 1060 sint
1448 1007 1468 1035 '
1505 1004 1598 1058 Dei
1629 1046 1642 1073 ,
1699 1005 1790 1074 qui

197 1109 398 1149 omnes
431 1103 642 1162 movet,
686 1095 853 1151 ceteri
905 1109 1032 1149 vero
1089 1095 1568 1166 proportionaliter
1613 1095 1790 1166 angeli

199 1183 317 1238 sint
343 1184 364 1214 ³
388 1200 600 1252 eorum,
648 1186 738 1256 qui
769 1201 833 1241 ex
862 1187 972 1242 Deo
996 1197 1299 1242 moventur.
1359 1187 1429 1243 Ut
1450 1187 1592 1242 enim
1615 1187 1789 1257 prima

199 1273 476 1330 ierarchia
501 1275 675 1347 ipsum
707 1276 875 1331 Deum
903 1277 1218 1342 annuntiat,
1263 1277 1337 1331 ita
1384 1276 1561 1332 media
1586 1292 1792 1330 annun-

199 1365 306 1420 tiat
332 1367 354 1396 ⁸
384 1366 614 1436 primam
649 1366 672 1399 ⁸
701 1368 911 1434 tertiae,
965 1377 1018 1423 et
1044 1368 1199 1424 tertia
1230 1367 1515 1422 annuntiat
1556 1366 1787 1421 mediam

194 1468 458 1526 quartae,
480 1474 624 1528 quae
655 1468 739 1515 est
766 1468 969 1515 nostra.
1008 1461 1074 1515 Et
1104 1471 1164 1514 ut
1185 1460 1422 1515 breviter
1447 1460 1621 1515 dicam
1654 1477 1666 1512 :
1701 1457 1786 1512 in-

191 1547 432 1603 feriores
468 1550 687 1606 ordines
731 1552 995 1621 gradatim
1051 1552 1404 1606 ascendentes
1450 1550 1787 1620 superiorum

191 1655 258 1694 se
305 1640 481 1712 angeli
513 1649 657 1707 sunt,
688 1649 744 1696 et
779 1657 968 1698 omnes
999 1643 1358 1698 communiter
1384 1641 1502 1696 Dei.
1561 1641 1786 1695 Tantum

188 1732 336 1786 enim
405 1733 639 1786 omnium
691 1732 1133 1801 superessentialis
1177 1733 1450 1786 harmonia
1510 1731 1788 1801 unicuique

1896 638 2197 694 ierarchiae
2222 677 2238 704 ,
2291 647 2346 694 et
2382 639 2496 709 ipsa
2535 640 2802 711 generalis
2853 643 2908 696 in
2942 643 3146 713 primas
3178 653 3233 699 et
3269 647 3477 701 medias

1894 740 1950 787 et
2008 731 2225 786 ultimas
2281 731 2594 788 dividuntur
2625 740 2628 745 '
2662 733 2907 789 virtutes.
2960 733 3067 790 Sed
3112 751 3219 790 non
3269 745 3476 794 temere

1894 822 2202 887 dicendum,
2249 822 2421 892 ipsam
2470 824 2875 893 dispositionem
2920 839 3016 894 per
3064 825 3300 897 singulas
3348 842 3472 897 spe-

1895 913 2124 979 cialiter,
2155 913 2204 967 id
2222 924 2306 968 est
2333 914 2570 985 singulos
2592 915 2810 969 ordines
2821 915 3153 984 singularum
3178 916 3484 972 ierarchia-A

1895 1017 2014 1056 rum
2041 1002 2106 1065 “,
2132 1003 2183 1056 in
2214 1003 2344 1072 ipsis
2369 1003 2414 1033 ²⁰
2438 1003 2633 1058 divinis
2655 1004 2956 1060 harmoniis
2980 1020 3010 1058 a
3053 1008 3469 1075 supersubstan-

1894 1092 2004 1146 tiali
2031 1093 2309 1148 harmonia
2335 1093 2597 1149 discretos
2623 1109 2743 1150 esse
2767 1095 2820 1150 in
2838 1095 3062 1165 primas,
3087 1096 3374 1160 medias“,
3391 1099 3474 1151 ul-

1893 1184 2054 1239 timas
2087 1185 2134 1214 ¹²
2165 1187 2412 1240 virtutes.
2458 1187 2523 1240 Et
2546 1196 2605 1242 ut
2634 1188 2871 1257 apertius
2900 1188 3113 1244 dicam:
3157 1205 3264 1244 non
3299 1189 3473 1244 solum

1892 1273 2136 1344 singulae
2180 1276 2478 1331 ierarchiae
2540 1278 2594 1333 in
2649 1286 2758 1334 tres
2801 1279 3017 1334 ordines
3068 1279 3470 1345 discernuntur,

1890 1381 2076 1422 verum
2104 1369 2267 1424 etiam
2291 1377 2346 1424 et
2373 1371 2743 1442 unusquisque
2790 1372 2923 1426 ordo
2945 1373 2998 1427 in
3021 1374 3248 1442 primas,
3279 1382 3336 1428 et
3360 1390 3473 1430 me-

1890 1459 2026 1524 dias,
2053 1469 2107 1515 et
2133 1461 2352 1516 ultimas
2396 1463 2626 1518 virtutes
2669 1463 3008 1519 discernitur.
3064 1463 3223 1521 Verbi
3271 1466 3470 1537 gratia,

1889 1549 2063 1619 prima
2093 1551 2358 1606 ierarcbia
2390 1553 2442 1606 in
2472 1552 2756 1622 Seraphim
2787 1553 2951 1609 veluti
2987 1557 3213 1626 primas,
3241 1567 3296 1612 et
3321 1556 3467 1613 Che-

1890 1641 2068 1696 rubim
2092 1642 2254 1696 veluti
2285 1644 2512 1707 medias,
2546 1653 2600 1698 et
2637 1644 2884 1700 Tbronos
2927 1646 3092 1702 veluti
3120 1647 3337 1703 ultimas
3361 1649 3471 1704 dis-

1892 1733 2134 1787 cernitur
2170 1734 2416 1789 virtutes.
2469 1735 2537 1789 Et
2585 1735 2780 1790 iterum
2835 1737 3118 1808 Seraphim
3153 1740 3289 1795 ordo
3343 1755 3470 1798 suas

191 1825 547 1880 rationalium
586 1835 634 1880 et
673 1825 1102 1880 intellectualium
1139 1843 1289 1880 sacro
1333 1833 1522 1880 ornatu
1560 1834 1608 1878 et
1646 1824 1787 1877 ordi-
1815 1816 1863 1876 B
1891 1821 2095 1891 primas
2128 1832 2183 1877 et
2224 1825 2428 1880 medias
2477 1834 2532 1878 et
2585 1825 2802 1880 ultimas
2829 1827 3069 1896 possidet
3110 1827 3466 1887 differentias.

190 1927 325 1971 nata
367 1919 612 1974 ductione
658 1920 936 1988 praevidit,
965 1929 1217 1978 quantum
1261 1921 1367 1989 ipse
1404 1918 1783 1972 ierarcltiarum

192 2009 557 2078 unusquisque
603 2010 732 2063 ordo
779 2009 969 2064 ‘sacre
1020 2020 1067 2064 et
1115 2010 1351 2065 decenter
1401 2009 1597 2064 uositus
1639 2008 1777 2062 'est.

188 2096 462 2163 Tantum,
492 2100 699 2170 inquit,
730 2101 1193 2170 superessentialis
1221 2100 1529 2163 harmonia,
1571 2115 1779 2154 summa

185 2191 449 2247 videlicet
473 2194 716 2247 omnium
744 2209 906 2249 causa
933 2235 948 2259 ,
995 2192 1261 2264 praevidit
1292 2193 1580 2261 unicuique
1614 2192 1783 2247 ratio-

186 2282 302 2339 nali
342 2293 397 2340 et
427 2285 778 2342 intellectuali
809 2295 1093 2342 creaturae
1122 2295 1316 2342 ornatu
1345 2301 1500 2342 sacro
1543 2293 1598 2340 et
1635 2285 1782 2340 ordi-

183 2384 321 2431 nata
352 2376 667 2435 reductione
694 2379 717 2410 ⁸
767 2379 1094 2436 distribuere
1119 2421 1132 2444 ,
1176 2389 1434 2450 quantmn
1474 2380 1589 2449 ipse
1617 2395 1782 2434 unus-

185 2468 425 2539 quisque
474 2472 496 2504 '
524 2470 778 2526 videlicet
822 2473 955 2528 ordo
983 2473 1374 2528 ierarchiarum
1409 2471 1450 2504 ¹⁰
1499 2479 1684 2527 sancte
1725 2479 1780 2525 et

183 2559 450 2631 pulchre,
484 2562 588 2619 hoc
621 2571 736 2630 est,
774 2565 828 2620 in
859 2575 1119 2636 quantum
1159 2566 1292 2621 ordo
1320 2563 1711 2619 ierarchiarum
1734 2559 1779 2597 ¹⁸

183 2655 378 2725 exigit,
400 2655 452 2711 in
475 2665 685 2712 tantum
707 2659 755 2713 ei
781 2657 1198 2714 distribuiturcx
1214 2655 1779 2728 superessentialiom-

181 2746 344 2802 nium
374 2749 721 2806 adunatione.
746 2749 831 2804 'Et
867 2768 1067 2806 omnem
1111 2751 1423 2806 ierarchiam
1463 2750 1692 2804 videmus
1720 2750 1776 2803 in

180 2839 388 2908 primas
435 2850 482 2893 et
519 2841 719 2896 melius
758 2850 807 2895 et
859 2841 1068 2897 ultimas
1116 2842 1325 2896 virtutes
1365 2841 1603 2894 divisam.
1664 2838 1777 2893 lloc

184 2932 358 2988 etiam
389 2933 442 2987 in
467 2933 835 3005 superioribus
855 2935 1122 3005 capitibus
1146 2941 1228 2988 est
1255 2933 1606 3002 praedictum,
1631 2930 1776 3001 quod

183 3026 373 3080 omnis
403 3025 668 3081 ierarchia
698 3026 868 3082 tribus
895 3025 1173 3082 ordinibus
1208 3024 1493 3080 substituta
1521 3024 1608 3086 sit,
1643 3037 1776 3093 quo-

183 3129 314 3169 rum
342 3115 450 3170 duo
489 3117 926 3182 extremitatum,
977 3115 1167 3170 tertius
1215 3113 1518 3169 medietatis
1565 3111 1775 3168 obtinet

182 3202 371 3260 locum
389 3245 405 3270 ,
435 3213 496 3258 ut
523 3213 607 3260 est
639 3175 1083 3276 archangelorum
1110 3204 1243 3260 ordo
1272 3203 1414 3258 inter
1440 3201 1775 3272 principatus
1796 3175 1848 3240 (ἶ

185 3309 242 3353 et
270 3296 514 3368 angelos.
539 3294 646 3353 Sed
675 3305 724 3351 et
743 3297 929 3367 ipsam,
967 3313 1058 3366 per
1082 3293 1314 3365 singulas
1341 3292 1640 3357 dicendum,
1669 3290 1778 3344 dis-

183 3389 504 3458 positionem
547 3387 676 3458 ipsis
725 3386 914 3440 divinis
963 3385 1248 3439 Itarmoniis
1287 3383 1546 3438 discrevit.
1606 3381 1777 3449 Ac,si

185 3482 434 3535 diceret:
468 3493 574 3534 non
605 3477 776 3534 solum
806 3476 1043 3549 singulas
1073 3476 1114 3506 ι’
1146 3475 1442 3530 ierarchias
1467 3475 1708 3529 videmus
1732 3473 1776 3505 ¹³

185 3570 244 3625 in
283 3571 495 3641 primas
516 3578 572 3626 et
599 3569 806 3625 medias
834 3577 890 3624 et
915 3568 1133 3623 ultimas
1156 3566 1386 3621 virtutes
1417 3565 1646 3630 divisas,
1681 3565 1777 3620 sed

184 3662 363 3716 etiam
409 3662 696 3718 dicendum
722 3703 737 3728 ,
804 3657 1456 3731 quod'superessentialis
1494 3656 1776 3712 harmonia

186 3754 370 3825 ipsam
401 3755 705 3827 generalem
735 3753 1141 3825 dispositionem
1180 3753 1420 3808 omnium
1463 3751 1777 3806 caelestium

188 3844 590 3898 ierarchiarum
623 3843 669 3875 “
693 3844 749 3899 in
776 3844 908 3914 ipsis
932 3842 1128 3899 divinis
1152 3841 1468 3908 barmoniis,
1496 3841 1777 3897 adunatio-

187 3936 356 3992 nibus
384 3936 672 4004 videlicet,
721 3953 819 4008 per
870 3936 1106 4009 singulas
1137 3936 1430 3991 ierarchias
1474 3934 1778 4004 specialiter

187 4027 454 4082 discrevit
483 4027 528 4059 ¹⁸
554 4028 609 4082 in
656 4029 861 4098 primas
907 4037 962 4084 et
984 4028 1188 4083 medias
1213 4035 1267 4081 et
1287 4025 1503 4081 ultimas
1523 4025 1772 4080 virtutes.

186 4115 468 4172 lerarchia
499 4117 765 4186 siquidem
800 4118 1081 4182 virtutum,
1111 4126 1460 4188 potestatum,
1510 4125 1566 4172 et
1601 4116 1774 4171 domi-

187 4210 476 4266 nationum
511 4211 929 4283 proportionalis
957 4211 1260 4267 medietatis
1300 4212 1443 4267 inter
1476 4219 1587 4266 tres
1619 4209 1662 4240 ¹⁶
1691 4223 1778 4263 or-

188 4304 351 4360 dines
388 4305 599 4375 primae
637 4314 694 4360 et
734 4314 846 4361 tres
888 4306 1083 4360 tertiae
1113 4307 1413 4362 ierarchiae
1435 4305 1777 4361 harmoniam

185 4396 454 4468 possidet.
497 4396 569 4452 Ut
609 4397 755 4453 enim
803 4411 832 4451 a
863 4397 1034 4467 prima
1081 4397 1424 4466 praeceditur
1455 4397 1631 4453 media
1656 4437 1670 4462 ,
1703 4396 1777 4450 ita

187 4487 372 4542 media
395 4487 675 4558 praecedit
703 4487 948 4553 tertiam;
987 4494 1043 4542 et
1067 4488 1392 4553 convcrsim,
1427 4488 1776 4558 quemadmo-

1891 1911 2152 1968 Similiter
2202 1915 2267 1968 de
2326 1915 2522 1970 ceteris
2573 1916 2854 1972 ordinibus
2904 1919 3238 1989 singularum
3294 1921 3468 1977 ierar~

1886 2003 2132 2059 chiarum
2181 2006 2608 2078 intelligendum.
2674 2009 2828 2078 Quod
2883 2021 3068 2082 aperte
3127 2015 3466 2085 subsequen-

1887 2094 2030 2150 tibus
2055 2097 2233 2151 verbis
2283 2099 2442 2152 datur
2496 2099 2740 2170 intelligi.
2800 2099 3018 2172 Propter
3045 2105 3184 2174 quod
3233 2115 3281 2159 et
3326 2106 3465 2177 ipsos

1885 2187 2235 2241 divinissimos
2276 2187 2553 2260 Serapltim
2598 2191 2697 2260 ipsi
2755 2191 2800 2222 ³³
2852 2192 3074 2264 theologi
3126 2196 3272 2251 aiunt
3303 2195 3350 2228 “
3384 2197 3467 2252 al-

1884 2285 2051 2331 terum
2084 2278 2156 2332 ad
2203 2277 2426 2333 alterum
2478 2280 2726 2345 clamare,
2782 2283 2837 2336 in
2891 2284 3008 2350 Itoc,
3056 2294 3112 2339 ut
3143 2287 3358 2341 aestimo
3389 2286 3459 2353 ”,

1883 2367 2230 2435 declarantes,
2278 2371 2526 2440 quoniam
2579 2372 2893 2444 theologicas
2937 2376 3182 2431 scientias
3208 2377 3310 2450 ipsi
3354 2379 3466 2449 pri-

1883 2460 1956 2513 mi
1999 2461 2237 2515 secundis
2275 2463 2507 2518 tradunt.
2564 2464 2856 2536 Propterea
2887 2508 2902 2533 ,
2945 2469 3163 2539 inquit,
3225 2471 3460 2542 theologi

1887 2554 2103 2618 dicunt,
2192 2554 2420 2610 alterum
2473 2557 2542 2612 ad
2611 2557 2840 2614 alterum
2891 2560 2936 2591 "
2999 2561 3284 2633 Seraphin]
3355 2565 3466 2620 cla-

1881 2661 2052 2712 mare,
2083 2655 2141 2700 ut
2169 2662 2267 2716 per
2290 2649 2391 2703 hoc
2421 2649 2790 2717 declararent,
2817 2654 2958 2722 quod
3001 2654 3101 2723 ipsi
3148 2654 3459 2727 Seraplnm,

1881 2739 1971 2806 qui
2003 2738 2206 2807 primas
2233 2739 2462 2795 virtutes
2494 2741 2712 2808 habent,
2741 2747 2992 2801 secundis
3021 2745 3326 2818 Seraphim,
3368 2750 3459 2819 qui

1880 2828 2169 2894 secundas,
2225 2829 2580 2901 theologicam
2635 2832 2855 2888 tradunt
2910 2834 3220 2903 scientiam,
3274 2838 3326 2892 id
3379 2847 3465 2895 est

1879 2919 2181 2974 divinarum
2212 2921 2479 2976 rationum
2525 2923 2946 2993 speculationem
2977 2926 3044 2979 ".
3083 2925 3286 2982 Eadem
3326 2929 3468 2984 ratio

1879 3012 1934 3067 in
1964 3011 2255 3066 Cberubim
2308 3021 2362 3068 et
2393 3012 2630 3070 Thronis
2677 3015 3114 3087 reliquarumque
3168 3019 3465 3075 ierarchia-

1880 3118 2001 3156 rum
2034 3102 2314 3160 ordinibus
2348 3105 2706 3161 observanda.
2751 3105 3032 3163 Praecedit
3088 3109 3269 3179 itaque
3301 3111 3462 3167 Sera-

1879 3192 2025 3263 phim
2056 3193 2220 3247 alium
2247 3192 2928 3265 Seraphim,etherubim
2953 3197 3118 3253 alium
3140 3198 3456 3268 Cherubim,

1877 3293 1933 3339 et
1981 3285 2208 3340 thronus
2250 3285 2416 3341 alium
2445 3287 2718 3352 thronum,
2749 3287 2923 3344 virtus
2967 3288 3246 3358 virtutem,
3297 3302 3457 3363 pote-

1879 3384 1991 3433 stas
2030 3385 2376 3447 potestatem,
2431 3377 2731 3436 dominatio
2766 3379 3209 3448 dominationem,
3259 3383 3464 3453 princi-

1877 3476 2035 3538 patus
2081 3469 2466 3540 principatum,
2509 3471 2866 3544 archangelus
2915 3473 3318 3545 archangelum,
3371 3489 3465 3531 an-

1878 3561 2029 3630 gelus
2051 3561 2328 3632 angelum;
2369 3562 2422 3616 in
2452 3562 2730 3620 ordinibus
2774 3563 2822 3596 ²⁸
2871 3567 3154 3636 episcopus
3190 3566 3236 3600 ”
3264 3565 3466 3638 episco-

1878 3666 2026 3720 pum,
2078 3651 2332 3706 sacerdos
2380 3653 2714 3708 sacerdotem
2759 3653 2825 3720 ³ο,
2875 3654 3132 3710 diaconus
3178 3655 3497 3721 diaconum_

1878 3753 2172 3814 ceteraque
2207 3743 2532 3814 huiusmodi,
2563 3744 2637 3799 ita
2677 3753 2737 3799 ut
2761 3745 2861 3800 sub
2884 3745 3086 3801 eisdem
3113 3745 3464 3816 significatio-

1878 3836 2037 3892 nibus
2060 3837 2340 3892 uominum
2362 3836 2570 3908 primae
2597 3845 2653 3892 et
2680 3838 2892 3894 mediae
2933 3846 2988 3894 et
3015 3838 3236 3895 ultimae
3261 3841 3463 3897 intelli-

1879 3938 2075 4002 gantur
2104 3931 2146 3962 ³⁸
2178 3931 2428 3986 virtutes.

1951 4019 1978 4091 ἐ
2007 4021 2061 4074 5.
2089 4019 2399 4074 Addiderim
2428 4030 2601 4076 autem
2642 4022 2883 4092 fortassis
2924 4033 2971 4079 et
3004 4026 3101 4079 hoc
3131 4042 3234 4081 non
3278 4028 3460 4084 incon-

1878 4127 2026 4183 grue,
2049 4113 2173 4183 quia
2201 4121 2252 4166 et
2281 4113 2566 4168 secundum
2610 4130 2664 4167 se
2690 4115 2859 4184 ipsum
2886 4117 3239 4186 unusquisque
3265 4129 3310 4171 et
3338 4137 3460 4174 cae—

1879 4209 2023 4262 lestis
2055 4217 2110 4261 ut
2164 4208 2425 4262 humanus
2457 4209 2662 4262 animus
2711 4208 2956 4278 speciales
2993 4209 3145 4264 habet
3174 4219 3221 4264 et
3260 4213 3460 4282 primas

1879 4308 1928 4353 et
1943 4297 2142 4352 medias
2166 4308 2213 4352 et
2234 4297 2447 4352 ultimas
2472 4297 2827 4353 ordinationes
2848 4309 2898 4353 et
2925 4300 3157 4364 virtutes,
3189 4301 3258 4354 ad
3287 4302 3457 4358 dictas

1879 4408 1972 4462 per
1993 4391 2395 4463 unumquodque
2424 4391 2835 4446 ierarchicarum
2867 4391 3310 4447 illuminationum
3339 4409 3461 4463 pro-

1879 4486 2023 4556 prias
2054 4501 2317 4555 anagogas
2339 4483 2798 4554 proportionaliter
2833 4483 3158 4553 manifestas,
3200 4501 3292 4570 per
3324 4501 3459 4553 quas

187 4577 320 4631 dum
351 4553 698 4647 praeceditur
739 4577 900 4632 tertia
947 4593 978 4632 a
1019 4578 1226 4643 media,
1251 4579 1324 4633 ita
1348 4553 1522 4632 media
1552 4592 1776 4649 praece-
1803 4553 1855 4612 D
1881 4553 2284 4647 unumquodque
2321 4553 2376 4629 in
2411 4553 2810 4646 participatione
2843 4575 2904 4643 ﬁt
2945 4574 3011 4640 δ’,
3054 4553 3205 4628 sicut
3231 4558 3463 4644 idipsum

188 4668 394 4723 ditura
422 4669 621 4738 prima.
671 4669 744 4724 Et
785 4669 918 4725 haec
961 4671 1270 4740 praecessio
1313 4679 1369 4725 et
1407 4671 1680 4726 successio
1723 4670 1778 4724 in

186 4760 497 4816 divinarum
542 4759 996 4817 illuminationum
1040 4762 1468 4834 participationis
1524 4761 1779 4817 dideren-

1881 4679 1928 4724 et
1958 4670 2040 4740 fas
2073 4677 2146 4723 est
2181 4677 2228 4722 et
2265 4666 2504 4737 possibile
2527 4707 2544 4732 ,
2608 4666 3205 4738 superincognitissimae
3263 4683 3460 4737 purga-

1882 4763 2039 4817 tionis
2086 4759 2372 4832 plenissimi
2421 4758 2634 4814 luminis
2689 4757 3065 4828 anteperfectae
3101 4757 3462 4828 perfectionis.

1473 4886 1730 4944 VABIAE
1763 4883 2167 4944 LECTIONES.

261 5013 450 5071 ‘Corr.
479 5013 570 5080 B‘;
591 5028 690 5084 pro
709 5011 1116 5084 etangeliLABC
1149 5013 1366 5084 angelis.
1445 5014 1464 5043 ²
1495 5012 1746 5078 Emend.,
1774 5009 1907 5084 ABG
1934 5018 2075 5084 sunt.
2153 5009 2174 5042 ³
2201 5003 2602 5084 Emend.,ABC
2627 5014 2768 5084 sunt.
2845 5004 2868 5036 ’⁸
2890 5004 3173 5084 itamediag
3184 5001 3474 5084 annuntiat

188 5099 290 5140 om.
305 5085 419 5151 AB,
437 5070 612 5155 marg:
642 5070 923 5155 adscraB‘,
945 5070 1171 5154 Cipsum
1195 5070 1358 5140 [leum
1379 5084 1693 5155 annuntiant
1710 5070 1954 5155 secunde,
1969 5082 2041 5133 ita
2053 5081 2282 5155 secunda
2296 5070 2571 5155 annuntiat
2599 5078 2824 5155 primam
2838 5079 3006 5155 medie
3018 5087 3063 5131 et
3078 5073 3229 5155 tertia
3243 5070 3474 5155 mediam

161 5138 490 5227 .quartej'q.
518 5138 592 5210 cf
619 5138 787 5211 mihi
811 5138 966 5210 Carr.
1116 5138 1396 5227 ABprima
1429 5155 1502 5208 in.
1579 5154 1600 5185 ⁸
1631 5138 2018 5208 ierarchiarum
2047 5151 2278 5238 videlicet
2299 5149 2532 5238 quisquis
2583 5138 2712 5200 ordo
2753 5149 3106 5218 unusquisque
3153 5144 3368 5212 (punct.
3403 5138 3471 5238 B:

185 5223 288 5317 adj.
349 5223 621 5317 videtur).
712 5247 732 5279 "
789 5245 948 5300 Corr.
987 5243 1070 5311 B',
1104 5245 1193 5300 AB
1221 5223 1430 5316 positos.
1533 5245 1554 5277 ⁸
1587 5244 1628 5298 Β
1669 5228 2090 5298 distributione."
2118 5226 2157 5277 ’θ’
2180 5223 2580 5310 ἓίέδξλῖᾆὶεε
2619 5239 2708 5309 qui
2732 5241 3118 5311 unusquisque,
3157 5233 3198 5287 Β
3231 5231 3336 5322 ίρδξ
3375 5227 3472 5314 ξιιξέ

183 5344 548 5415 unusquisque
579 5335 923 5415 (puncg-ad’j.
960 5336 1170 5415 videtur
1206 5337 1311 5415 B‘)_.

1394 5334 1434 5365 ¹⁰
1459 5334 1498 5388 Α
1531 5334 1963 5389 ierarchicarunt.

183 5420 224 5450 ³³
252 5418 291 5472 Α
314 5404 619 5471 ridentur:
667 5409 711 5441 “
741 5407 926 5488 Sict],
955 5404 1494 5486 éBierarchicarum.
1574 5405 1618 5436 ιο
1649 5404 1682 5447 Δ
1711 5405 1931 5446 dum...»
2032 5405 2073 5428 εκ

2045 5335 2084 5365 ¹¹
2119 5334 2210 5390 Sic
2251 5332 2312 5396 C,
2365 5330 2454 5403 ΑΒ
2484 5329 2889 5383 ἰρνανίτΙιίρρ··ἰν-·
