3984 5560
500 352 606 413 ﬁ?

1925 319 2208 380 JOANNS
2245 314 2445 376 εοοτι

507 463 747 521 Possem,
825 452 1002 524 nquit,
1039 447 1236 505 addere
1285 439 1583 516 praedictis
1619 445 1676 496 et
1709 437 1838 500 hac,
1867 433 2018 505 quod
2061 433 2082 466 ‘
2109 437 2160 498 Α
2187 445 2324 492 mae,
2351 428 2482 498 quia
2507 425 2655 482 circa
2681 423 2872 487 Deum,
2914 416 3126 474 mediae
3165 425 3315 478 vero,
3343 407 3470 480 quia
3497 407 3644 464 circa
3672 419 3780 458 na-

509 567 615 611 non
653 550 869 606 videtur
895 546 1271 614 incongruum,
1295 534 1540 609 quamvis
1568 532 1816 586 videatur
1840 542 1961 583 esse
1987 526 2084 581 oh—

510 657 748 702 scurum.
773 639 845 695 Et
866 635 994 708 quid
1019 643 1102 692 est
1122 631 1289 688 illud?
1315 629 1450 696 Quia
1476 640 1585 681 mn.
1617 623 1790 678 solum
1819 617 2092 691 generalis

509 735 752 792 omnium
783 727 1067 790 ierarchia,
1103 735 1159 780 et
1181 720 1492 794 specialium
1529 709 2090 772 ierarchiarumordi-

511 845 627 895 nes,
661 827 872 896 ipsique
901 818 1094 890 singuli
1126 817 1368 879 ordines,
1394 825 1580 866 verum
1615 808 1776 863 etiam
1801 800 2090 871 unusquis-

513 937 616 990 que
644 895 895 972 caelestis
919 922 974 966 et
1001 911 1266 964 humanus
1295 905 1507 960 animus
1555 900 1610 954 in
1659 912 1718 952 se
1767 896 1884 964 ipso
1910 895 1932 927 ³
1963 907 2092 961 spe-

513 987 682 1070 ciales
709 1010 874 1064 habet
905 1004 1109 1075 primas
1147 1009 1202 1054 et
1243 997 1446 1053 medias
1483 1002 1540 1049 et
1590 991 1806 1044 ultimas
1847 987 2094 1046 virtutes,

517 1102 810 1159 secundum
859 1097 1031 1152 dictas
1072 1107 1169 1162 per
1209 1085 1645 1158 unumquodque,
1695 1080 1798 1134 hoc
1843 1087 1949 1140 est,
2001 1089 2099 1146 per

516 1201 958 1259 unumquemque
981 1183 1223 1240 ordinem
1248 1178 1494 1250 proprias
1516 1185 1809 1244 anagogas,
1831 1168 2102 1222 reductio-

519 1302 617 1342 nes
641 1285 818 1354 plane,
846 1278 1259 1336 ierarchicarum
1288 1270 1736 1326 illuminationum
1795 1259 2104 1332 proportio-

521 1378 724 1434 naliter
752 1373 1067 1429 manifestas
1085 1411 1099 1436 ,
1136 1369 1190 1423 id
1211 1375 1295 1422 cst
1318 1362 1668 1422 illuminatas,
1697 1372 1794 1428 per
1819 1369 1956 1424 quas
1980 1365 2105 1422 pro.

523 1474 674 1546 prius
727 1482 996 1539 anagogas
1036 1457 1454 1530 unumquodque
1507 1465 1718 1511 eorum,
1763 1460 1904 1517 quae
1951 1455 2107 1512 prae-

532 1533 676 1622 dicta
732 1533 878 1624 sunt,
906 1533 979 1614 vin
1018 1550 1428 1629 participatione
1480 1545 1539 1600 lit
1584 1533 2108 1612 superincognitissi-

533 1673 654 1717 mae
691 1627 1034 1729 purgationis
1070 1642 1369 1721 plenissimi
1416 1636 1638 1694 luminis
1687 1627 2108 1700 anteperfectae,

532 1750 588 1806 id
617 1717 707 1804 est.
747 1717 1030 1819 plusquam
1070 1717 1344 1810 periectae
1383 1727 1753 1803 perfectionis,
1802 1717 2112 1778 Diviuitatis

532 1843 711 1914 plane,
741 1809 1097 1906 sicut-ipsum,
1125 1831 1228 1885 hoc
1257 1835 1359 1890 est,
1393 1824 1534 1879 sicut
1566 1816 1980 1891 participatione
2013 1809 2106 1865 Dei

532 1901 614 1988 ias
637 1941 718 1988 est
763 1901 938 1985 esse;
978 1932 1033 1979 et
1058 1917 1336 1992 possibile,
1383 1914 1472 1983 qui
1505 1919 1586 1967 est
1627 1901 2105 1977 superincognitis-

533 2011 669 2080 sima
727 2018 974 2094 purgatio
1016 2010 1498 2085 planissimumque
1538 2001 1743 2063 lumen,
1773 2005 1827 2051 et
1863 2003 2111 2063 anteper-

535 2118 694 2179 facta,
723 2085 775 2169 id
799 2085 902 2175 est,
946 2109 1226 2179 plusquam
1259 2099 1493 2170 perfecta
1526 2090 1806 2163 perfectio.
1854 2087 1948 2140 Est
1977 2085 2113 2138 enim

538 2208 668 2265 nihil
697 2221 786 2276 per
835 2220 888 2257 se
935 2175 1237 2269 perfectum,
1288 2189 1527 2258 indigens
1573 2178 1885 2237 uniuersalis
1949 2175 2117 2244 perfe-

541 2299 761 2360 ctionis,
813 2293 911 2347 nisi
963 2303 1076 2343 vere
1119 2281 1547 2356 perfectissimum
1601 2285 1648 2328 et
1693 2267 2117 2340 anteperfectum.

540 2391 860 2459 Propterea,
891 2380 1088 2450 inquit,
1115 2355 1292 2430 ontnis
1317 2373 1585 2425 humanus
1629 2373 1685 2417 et
1732 2357 1983 2417 caelestis
1999 2355 2122 2427 ani-

547 2497 664 2538 mils
689 2477 713 2510 “
753 2480 809 2534 in
831 2470 1234 2548 participatione
1283 2464 1342 2519 lit
1376 2461 1586 2517 divinae
1623 2451 1958 2527 purgationis
1979 2457 2033 2502 et
2063 2445 2126 2499 il-

549 2567 914 2627 luminationis
940 2573 995 2618 et
1020 2554 1382 2632 perfectionis,
1415 2549 1667 2620 quoniam
1720 2559 1813 2614 per
1864 2555 1922 2594 se
1951 2539 2125 2607 ipsum

548 2678 649 2718 nec
673 2659 858 2732 perlici
891 2669 989 2711 nec
1024 2627 1312 2706 illuminari
1339 2658 1440 2698 nec
1476 2637 1694 2712 purgari
1744 2640 1940 2705 potest.
1984 2627 2128 2682 Nihil

550 2755 692 2812 enim
743 2761 826 2807 est
881 2761 1090 2808 eorum,
1140 2755 1278 2811 quae
1321 2745 1447 2792 sunt
1478 2773 1492 2798 ,
1542 2747 1636 2802 per
1681 2744 1738 2783 se
1779 2724 2080 2797 perlectum
2113 2759 2128 2784 ,

553 2850 677 2903 dum
709 2845 911 2916 indiget
937 2834 1257 2894 universalis
1282 2832 1304 2865 ⁵
1335 2827 1575 2885 omnium
1605 2818 1972 2893 perfectionis,
1997 2827 2135 2884 quae

553 2951 637 2997 est
667 2938 822 2993 unius
849 2934 1088 2989 omnium
1119 2940 1313 2983 causae
1335 2915 1698 2993 participatio,
1727 2912 1826 2966 nisi
1854 2923 1979 2963 vere
2008 2919 2134 2975 per-

555 3030 914 3087 fectissimum
961 3031 1015 3077 et
1053 3015 1513 3087 anteperfectum,
1569 3009 1672 3062 hoc
1719 3012 1820 3066 est,
1866 3001 1965 3056 nisi
2011 3011 2140 3052 vere

561 3133 829 3178 summum
865 3117 1067 3170 bonum
1091 3151 1105 3174 ,
1133 3107 1274 3179 quod
1300 3119 1394 3176 per
1433 3116 1492 3156 se
1518 3099 1541 3132 '
1572 3098 1744 3169 ipsum
1765 3105 1820 3148 et
1859 3089 2143 3162 perfectis-

559 3213 756 3268 simum
787 3217 872 3262 est
897 3207 942 3271 ⁷,
991 3211 1045 3256 et
1091 3202 1371 3272 plusquam
1422 3190 1743 3263 perfectum,

559 3303 947 3377 perfectionum
993 3295 1114 3348 linis
1177 3301 1339 3360 atque
1384 3285 1407 3317 ⁸
1463 3280 1805 3354 principium.
1863 3274 1921 3329 Si
1971 3281 2148 3326 autem

567 3397 870 3467 quaeritur,
896 3403 1036 3460 quae
1059 3387 1163 3440 sint
1189 3384 1394 3454 primae
1421 3387 1476 3432 et
1502 3373 1778 3430 mediaeet
1799 3369 2019 3423 ultimae
2043 3365 2152 3419 vir-

565 3497 714 3542 tutes
742 3459 1163 3547 uniuscuiusque
1213 3469 1464 3529 caelestis
1499 3476 1557 3522 et
1584 3462 1805 3520 humani
1839 3459 2024 3519 animi,
2067 3470 2154 3510 re-

569 3576 994 3651 spondendum:
1037 3569 1282 3626 ﬂumano
1335 3563 1516 3618 animo
1596 3558 1694 3612 has
1762 3564 1874 3608 tres
1927 3551 2155 3605 virtutes

574 3675 754 3728 inesse
853 3662 1297 3733 contemplamur.
1395 3651 1560 3721 Cujus
1626 3649 1834 3718 primae
1930 3644 2156 3696 virtutes

571 3773 696 3822 sunt
771 3755 1158 3816 intellectuales
1199 3793 1215 3819 ,
1297 3761 1436 3819 quae
1519 3735 1998 3813 supernaturaliter
2071 3748 2158 3788 so-

571 3851 846 3912 lummodo
899 3849 1039 3906 circa
1100 3845 1338 3900 omnium
1383 3849 1625 3899 causam,
1681 3845 1820 3902 quae
1864 3829 2002 3882 Deus
2048 3833 2158 3891 est,

575 3951 897 4004 versantur;
926 3938 1130 3994 mediae
1152 3948 1279 3989 vero
1308 3926 1616 3989 rationales,
1648 3936 1786 3992 quae
1809 3921 1952 3974 circa
1979 3931 2158 3972 rerum

575 4038 818 4096 omnium
845 4031 1184 4089 conditarum
1213 4033 1440 4080 naturae
1457 4018 1824 4090 cognitionem
1867 4012 1972 4065 vim
2005 4023 2158 4063 suam

579 4125 1129 4193 exercent;ultimae,
1161 4133 1297 4193 quae
1323 4117 1465 4170 circa
1497 4109 1770 4167 naturales
1794 4104 1959 4160 animi
1984 4110 2161 4156 motus

574 4221 918 4294 Operationes
958 4229 1084 4272 suas
1131 4209 1467 4281 impendunt.
1518 4204 1632 4258 llas
1673 4212 1888 4270 quoque
1933 4196 2163 4248 virtutes

577 4311 898 4370 caelestibus
909 4307 1104 4362 animis
1130 4304 1331 4364 inesse,
1354 4313 1460 4352 non
1483 4294 1638 4349 laci-le
1659 4287 1980 4346 crediderim
1997 4283 2161 4339 nilum

578 4417 723 4461 recte
765 4393 1254 4472 philosophantium
1303 4388 1554 4442 dubitare
1608 4386 1653 4446 ’,
1703 4380 1833 4434 dum
1902 4374 2165 4431 caelestes

580 4471 824 4551 animiet
849 4492 996 4547 circa
1031 4487 1195 4540 Deum
1243 4476 1654 4549 intelligibiliter
1697 4481 1757 4527 et
1789 4471 1932 4524 circa
1983 4479 2162 4520 rerum

2188 496 2686 580 turam—conditam,
2708 513 2952 574 ultimae.
2987 509 3112 578 quia
3141 506 3285 560 circa
3313 514 3510 562 mores,
3556 496 3649 566 qui
3676 509 3785 549 na-

2190 630 2368 675 turam
2380 611 2912 687 sequuntur,virium
2935 618 3154 663 suarum
3177 592 3652 672 peraguntoﬂicia,
3669 605 3787 645 non

2192 711 2488 777 incongrue
2510 713 2734 759 vocatae
2759 707 2902 756 sum.
2953 696 3086 751 Nam
3131 693 3274 748 inter
3302 691 3472 744 Deum
3498 694 3554 742 et
3598 695 3792 737 mores

2193 773 2457 856 medietas
2478 794 2742 865 quaedam
2771 799 2998 846 naturae
3040 786 3166 840 data
3213 789 3316 838 est.
3346 778 3420 836 Ut
3442 777 3588 834 enim
3619 773 3790 835 Deus,

2194 894 2285 964 qui
2317 885 2738 961 supernaturalis
2763 892 2868 948 est,
2892 877 3165 952 praecedit
3190 882 3464 935 naturam,
3487 869 3562 924 ita
3589 874 3792 921 natura

2196 983 2476 1056 praecedit
2511 993 2708 1034 mores.
2744 976 2810 1030 Et
2835 969 3285 1044 quemadmodum
3314 964 3546 1020 virtutes
3575 970 3792 1012 morum

2201 1055 2500 1144 sequuntur
2523 1068 2798 1126 naturales
2818 1067 3070 1126 virtutu.
3097 1061 3168 1115 ita
3189 1055 3470 1114 naturales
3483 1056 3794 1122 sequuntur

2203 1165 2433 1221 divinas.

2665 1259 3152 1324 CAPITULUM
3188 1258 3276 1314 XI.

2728 1356 2896 1426 Cujus
2921 1351 3108 1408 titulus
3139 1356 3224 1404 est
3254 1365 3267 1399 :

2214 1475 2391 1543 Quare
2421 1488 2597 1526 omnes
2624 1463 2878 1543 caelestes;
2907 1464 3155 1521 essentia:
3193 1459 3540 1514 communiter
3584 1464 3800 1543 atrata

2283 1525 2537 1600 caelestes
2557 1551 2826 1601 vocantur,
2858 1538 2952 1592 hoc
2996 1544 3093 1599 est,
3130 1547 3293 1603 quare
3345 1544 3529 1603 omnes
3553 1525 3798 1580 caelestes

2285 1598 2446 1671 annui
2470 1631 2573 1668 uno
2597 1598 2848 1666 vocabulo
2879 1598 3154 1668 virtutum,
3179 1598 3624 1673 quemadmodum
3653 1611 3800 1650 cant-

2284 1686 2431 1742 muni
2466 1681 2713 1739 vocabulo
2739 1677 3041 1750 angelorum
3066 1673 3392 1746 appellantur
3422 1681 3470 1723 ι.

2137 1795 2182 1855 Β
2283 1797 2314 1870 §
2343 1797 2394 1851 l.
2421 1795 2519 1850 His
2547 1804 2717 1849 autem
2749 1788 2978 1860 deﬁnitis
3011 1786 3142 1841 illud
3177 1777 3803 1855 dignamintsﬂigere,ab

2211 1907 2370 1961 quam
2399 1901 2815 1944 causamunam
2851 1880 3093 1936 similiter
3117 1878 3379 1949 angelicas
3415 1874 3672 1931 nuntias
3712 1872 3806 1931 vir.

2217 1992 2351 2039 tates
2383 1980 2626 2035 caelestes
2653 1991 2837 2032 uocare
2861 1973 3237 2030 consuevimus.
3285 1968 3408 2026 Non
3435 1968 3576 2023 enim
3606 1975 3686 2022 est
3732 1964 3807 2017 di-

2219 2075 2465 2137 cendum,
2495 2079 2550 2124 ut
2574 2071 2630 2124 in
2657 2065 2877 2137 angelis,
2897 2065 3149 2137 quoniam
3172 2062 3406 2118 omnium
3426 2059 3716 2116 novissima
3737 2064 3806 2110 at

2222 2163 2514 2235 dispositio.
2545 2159 2661 2216 Non
2685 2158 2898 2222 eadem,
2928 2155 3127 2226 inquit,
3157 2153 3426 2210 reddenda
3464 2159 3553 2206 est
3599 2149 3744 2204 ratio
3769 2149 3808 2182 “

2227 2257 2293 2312 de
2314 2251 2583 2308 cmumuni
2611 2249 2871 2306 vocabulo
2899 2248 3183 2312 virtutum,
3207 2259 3346 2315 quae
3373 2243 3439 2299 de
3471 2241 3808 2313 angelorum.

2227 2344 2352 2399 dum
2384 2341 2681 2412 quaeritur,
2723 2354 2820 2394 cur
2857 2351 3049 2394 omnes
3095 2333 3364 2392 essentiae
3409 2331 3591 2402 angeli
3625 2345 3812 2385 vocan-

2232 2444 2338 2492 tur.
2366 2433 2482 2490 Non
2503 2434 2646 2487 enim
2684 2445 2971 2501 possumus
2998 2430 3178 2485 dicere
3204 2445 3216 2480 :
3259 2435 3546 2498 propterea
3575 2436 3812 2478 commu—

2231 2529 2378 2584 niter
2405 2526 2669 2582 caelestes
2710 2524 2874 2578 animi
2928 2523 3157 2576 virtutes
3202 2519 3573 2581 nominantur,
3599 2515 3730 2585 quia
3772 2514 3812 2544 ⁸⁸

2233 2623 2351 2692 ipsa
2379 2620 2664 2690 dispositio
2688 2626 2999 2673 sanctarum
3020 2616 3277 2670 vis-tinum
3304 2611 3358 2666 in
3398 2610 3604 2666 divinis
3619 2607 3816 2663 ordini-

2236 2716 2338 2772 bus
2373 2723 2458 2770 est
2483 2713 2529 2745 ³³
2557 2710 2869 2767 novissima.
2895 2708 2970 2762 Ea
3004 2706 3270 2777 siquidem
3309 2703 3450 2759 ratio
3485 2703 3556 2758 de
3581 2699 3815 2772 nugalia

2237 2804 2708 2878 cognominatione
2757 2800 2962 2858 reddita
3008 2806 3111 2864 est,
3161 2796 3380 2866 quando
3437 2794 3816 2864 quaerebatur,

2239 2916 2337 2954 cur
2361 2913 2550 2952 omnes
2575 2895 2839 2952 caelestes
2875 2891 3140 2950 essentiae
3167 2889 3342 2961 angeli
3368 2885 3701 2958 generaliter
3727 2900 3819 2957 ap—

2241 2991 2594 3061 pellarentur,
2635 2986 2892 3057 quoniam
2945 2983 3220 3054 angelicas
3258 2983 3394 3038 ordo
3445 2978 3593 3036 inter
3638 2990 3822 3034 exultes

2245 3081 2508 3137 caelestes
2536 3085 2841 3133 extremum
2891 3075 3128 3144 possidet
3152 3071 3352 3126 locum.
3392 3066 3466 3136 Et
3497 3069 3709 3138 quidm
3739 3081 3824 3122 ao-

1797 3183 2150 3249 omniumque
2176 3168 2222 3230 C
2254 3173 2581 3226 vissimarum
2599 3179 2779 3224 sancta
2792 3176 2840 3221 et
2875 3167 3064 3220 decora
3079 3163 3460 3218 illuminatione
3475 3159 3521 3192 ί*
3535 3157 3826 3229 superposi-

2251 3276 2423 3318 tarum
2438 3263 2782 3318 essentiam-ni
2806 3258 3170 3328 dispositiones
3190 3253 3534 3325 participant,
3546 3251 3766 3305 ultimae
3788 3247 3828 3280 "

2253 3373 2370 3411 vero
2419 3356 2711 3426 primarum
2761 3351 2908 3406 nullo
2952 3348 3126 3404 modo.
3179 3344 3518 3416 Propositum
3548 3341 3764 3402 enititur
3790 3339 3826 3370 "

2252 3445 2531 3502 cumulare
2557 3443 2926 3514 quaestionem
2949 3440 3028 3496 sic
3043 3455 3062 3493 :
3089 3437 3155 3493 Et
3176 3436 3394 3507 quidem
3418 3433 3830 3491 novissimam

2254 3539 2610 3594 essentiarum
2641 3534 2966 3606 participant
2990 3537 3177 3587 sancta
3198 3536 3258 3584 et
3276 3529 3474 3586 decora
3492 3526 3560 3589 ",
3587 3523 3672 3579 vel
3697 3523 3770 3578 uti
3791 3522 3829 3556 ⁸³

2256 3631 2568 3701 expressius
2619 3626 2976 3690 transfertur,
3034 3631 3249 3678 sanctos
3283 3620 3514 3675 decente
3572 3614 3832 3671 illumina-

2258 3722 2404 3776 tione
2430 3721 2474 3754 "
2509 3718 2968 3790 superpositarum
2996 3713 3354 3770 essentiarum
3379 3708 3608 3766 ordines
3625 3702 3833 3775 partici-

2258 3819 2409 3881 pant.
2438 3810 2591 3878 Quod
2625 3809 2866 3879 apert-ius
2890 3814 3066 3875 potest
3092 3802 3196 3858 dici
3226 3818 3243 3862 ε
3271 3797 3646 3869 superpositae
3667 3795 3834 3863 dispo-

2260 3905 2502 3964 sitiones.
2539 3901 2910 3957 ordinationes
2933 3896 3206 3958 videlicet,
3233 3890 3549 3951 caelestium
3577 3884 3832 3944 essentia-

2262 4009 2383 4048 rum
2411 4004 2658 4050 sanctam
2706 4002 2764 4049 et
2795 3991 3047 4052 decoram
3096 3983 3564 4048 illuminatiouctn,
3607 3980 3700 4036 vel
3721 3993 3836 4034 saa-

2263 4102 2382 4147 ctos
2402 4093 2684 4147 decentem
2732 4085 3179 4144 illuminationem
3208 4079 3638 4138 novissimarum
3681 4076 3840 4131 virtu—

2265 4194 2377 4240 tum
2403 4184 2749 4253 participant,
2778 4179 3000 4235 ultimae
3031 4190 3162 4234 vero
3199 4173 3466 4236 essentiae
3491 4177 3722 4226 sanctas
3762 4166 3841 4224 de-

2264 4286 2476 4332 centem
2531 4272 2976 4328 illuminationem
3036 4267 3338 4338 primarum
3396 4259 3842 4318 illuminationum

2268 4384 2375 4423 non
2424 4366 2772 4438 participant.
2852 4360 3006 4417 Nulla
3060 4357 3326 4427 siquidem
3405 4353 3582 4408 virtus
3654 4358 3746 4406 est
3799 4347 3845 4400 in

2269 4459 2598 4522 novissimis,
2633 4472 2772 4528 quae
2810 4470 2918 4510 non
2958 4451 3222 4508 subsistat
3247 4448 3298 4502 in
3324 4444 3536 4516 primis.
3569 4441 3630 4498 In
3665 4439 3847 4512 primis

580 4597 801 4644 naturas
832 4577 1246 4639 rationabiliter,
1273 4581 1328 4627 et
1355 4572 1498 4626 circa
1529 4564 1806 4622 naturales
1827 4575 1956 4616 suos
1983 4568 2162 4613 motus
2197 4537 2242 4595 ί)
2269 4561 2444 4607 autem
2499 4559 2626 4606 sunt
2652 4589 2666 4611 .
2723 4561 2864 4618 quae
2919 4547 2974 4600 in
3025 4539 3332 4598 novissimis
3364 4550 3474 4594 non
3522 4531 3846 4596 subsistunt.

2745 4641 2753 4644 -
3041 4637 3052 4644 -
3268 4632 3300 4644 .-
3653 4623 3845 4644 μμ...

583 4675 827 4732 interiori
839 4685 1002 4728 sensu
1015 4664 1241 4739 praediti
1259 4662 1306 4698 “
1328 4660 1633 4716 volvantur.
1651 4654 1936 4724 Etprimae
1945 4650 2164 4720 quidem

582 4770 832 4830 virtutes,
853 4762 970 4819 sive
996 4760 1050 4814 in
1076 4752 1295 4812 caelesti
1325 4751 1438 4807 sive
1466 4750 1520 4802 in
1546 4748 1783 4801 humano
1798 4741 2167 4804 auimo,theo-

585 4860 816 4929 logicae,
861 4851 1072 4910 mediae
1113 4845 1390 4920 physicae,
1420 4841 1642 4895 ultimae
1681 4833 1915 4890 morales
1942 4849 1973 4886 a
2013 4834 2164 4888 theo-

587 4922 770 5021 sopbis
788 4943 1143 5018 appellantur.
1171 4936 1238 4992 Et
1261 4933 1471 5006 primae
1493 4928 1711 5002 quidem
1744 4933 2030 4996 propterea
2063 4922 2170 4992 pri-

2271 4645 2474 4700 Deiude
2531 4641 2827 4712 proponit:
2871 4648 2920 4694 et
2964 4637 3117 4707 cujus
3163 4632 3336 4705 gratia
3370 4627 3615 4686 caelatas
3644 4623 3846 4695 quidc-

2270 4739 2482 4793 uirtutes
2532 4751 2708 4790 omnes
2756 4731 2919 4786 divini
2970 4727 3258 4784 intellectus
3296 4721 3674 4783 nominantur;
3701 4713 3848 4770 Sm-

2271 4831 2416 4900 pltim
2453 4838 2628 4882 autem
2659 4835 2705 4878 et
2742 4822 2937 4876 Throni
2973 4830 3020 4874 et
3049 4816 3442 4873 Dominationes
3486 4807 3634 4862 nullo
3676 4804 3848 4864 modo,

2279 4933 2468 4974 omnes
2497 4919 2663 4973 divini
2694 4915 2996 4971 intellectus
3013 4919 3305 4972 vocantur;
3341 4901 3692 4974 participato:
3716 4895 3847 4950 enim

1871 5015 2128 5071 VARIAE
2170 5011 2570 5068 LECTIO’NES.

701 5135 792 5193 Sic
818 5130 970 5196 ABG,
997 5129 1063 5186 B’
1093 5141 1238 5185 corr.
1265 5122 1412 5192 quid.

589 5176 1432 5268 cuiiﬁsf‘vunire‘rsalisjotn.
1563 5257 1577 5268 Α
1605 5186 1627 5218 ⁸
1653 5183 1746 5239 Sic
1770 5181 1834 5248 C,
1882 5195 1934 5235 se
1966 5193 2074 5260 orn.
2105 5176 2218 5254 AB,
2250 5176 2400 5230 nim-tr

589 5257 1194 5349 ξῖἿ-δνῇ-ραηὶσίρατε..
1252 5264 1295 5349 ἐξ
1341 5257 1596 5349 Conj[._A
1658 5269 1838 5308 εενιυιι
1891 5269 1900 5278 ι

589 5331 748 5406 ﬁ'AC
777 5331 1045 5400 animiam:
1148 5337 1195 5372 ⁸³
1224 5346 1296 5370 δ”
1320 5349 1404 5366 λη’
1457 5331 1480 5358 Ἶ

1512 5119 1533 5152 ⁸
1559 5115 1651 5172 Sic
1684 5106 1725 5169 C
1753 5120 1808 5168 et
1837 5125 1980 5167 corr.
2035 5107 2116 5161 B'.
2155 5107 2264 5178 _AB
2306 5109 2465 5178 ipsos.

2525 5175 2536 5202 ³
2572 5104 2592 5136 ³
2622 5114 2897 5184 ess-g_om._

3099 5093 3120 5125 ι
3149 5091 3192 5147 Β
3242 5091 3503 5174 (nummus
3547 5082 3847 5190 animisni:
