3984 5380
193 353 311 416 229

796 351 1298 412 EXPOSITIONES
1337 348 1564 406 SUPER
1605 340 2030 402 IEBARCHIAM
2067 338 2480 400 CAELESTEM
2517 337 2576 395 S.
2617 338 2938 399 DIONYSII.

3369 346 3476 405 250

193 484 466 528 extremae
498 470 858 527 excelsissimis
899 469 915 501 ⁸
942 478 1061 522 sunt
1094 464 1474 522 universalibus
1498 461 1784 533 proprieta-
1811 463 1859 525 Α
1889 453 2005 510 Non
2028 452 2441 518 introducimus,
2457 451 2655 521 inquit,
2679 452 3052 514 confusionem
3075 455 3477 529 proprietatum

193 568 360 622 tibus.
397 565 710 635 Proliterea,
744 563 938 631 inquit,
963 561 1102 615 hanc
1125 558 1491 628 quaestionem
1523 567 1781 624 propono,

193 675 300 714 cur
337 658 504 712 divini
554 657 860 713 intellectus
914 669 1102 708 omnes
1150 653 1376 705 virtutes
1418 648 1782 709 nominantur,

192 767 303 808 non
331 759 513 805 autem
556 747 842 819 Seraphim
887 745 969 799 vel
1002 743 1202 799 Tlironi
1229 741 1311 796 vel
1347 738 1782 802 Dominatioues;

190 845 554 917 participatae
583 841 725 896 enim
756 849 882 896 sunt
910 847 1188 894 extremae
1218 836 1485 890 essentiac
1514 833 1582 886 ab
1610 829 1788 886 excel-

188 934 426 990 sissimis
473 931 724 988 essentiis
789 931 840 985 in
896 928 1292 984 universalibus
1343 923 1784 996 proprietatibus.

189 1021 425 1094 Ideoque
457 1038 564 1078 non
612 1023 832 1087 mirum,
856 1021 902 1076 si
931 1021 1237 1075 nominibus
1279 1027 1645 1071 extremarum
1691 1029 1788 1070 ex-

185 1116 529 1172 celsissimae
554 1115 1037 1169 deuomiuareutur
1075 1114 1116 1177 ',
1164 1112 1285 1182 quia
1315 1109 1454 1164 milia
1486 1109 1787 1178 proprietas

183 1219 271 1263 est
302 1211 352 1263 in
371 1210 648 1267 extremis.
667 1223 828 1278 quam
858 1221 959 1260 nan
995 1205 1314 1276 participent
1341 1205 1564 1273 primae.
1592 1201 1784 1255 Mirum

184 1310 398 1365 autem,
428 1316 526 1355 cur
556 1300 770 1354 nomine
802 1299 1057 1352 virtutum
1081 1311 1270 1350 omnes
1297 1295 1462 1348 divini
1483 1293 1786 1347 intellectus

182 1387 520 1450 vocitantur,
566 1400 688 1439 cum
733 1385 957 1438 virtutes
1005 1385 1147 1438 inter
1181 1382 1424 1436 excelsas
1453 1381 1787 1435 substantias

179 1488 534 1548 computatae
565 1479 672 1533 sint
695 1478 734 1532 ⁸.
791 1478 884 1532 Est
922 1478 1064 1532 enim
1096 1476 1305 1531 mediae
1338 1474 1636 1528 ierarchiae
1671 1473 1785 1542 pri-

181 1589 307 1628 mus
360 1573 517 1628 ordo.
563 1572 684 1627 Ideo
732 1570 1048 1643 subiungit:
1091 1569 1198 1638 ipsi
1246 1586 1472 1638 namque
1498 1568 1705 1637 Angeli,
1736 1573 1783 1620 et

179 1676 308 1717 ante
323 1663 550 1733 Angelos
581 1661 915 1732 Archangeli,
939 1675 984 1716 et
1016 1659 1379 1730 Principatus,
1402 1672 1448 1714 et
1472 1660 1782 1726 Potestates,

176 1767 302 1828 post
341 1754 576 1810 Virtutes
607 1756 670 1809 ab
705 1756 818 1823 ipsa
864 1755 1121 1826 theologia
1151 1754 1401 1818 ordinati,
1442 1756 1786 1807 contmuniter

1889 547 2191 602 divinorum
2216 545 2606 607 intellectuum.
2621 544 2956 616 appellantes
2972 561 3068 604 eos
3081 549 3302 612 nomine
3312 551 3479 608 virtue

1892 649 2026 702 tum,
2040 639 2132 692 sed
2150 637 2494 692 existimandi
2513 651 2700 692 sumus
2717 650 3137 715 παραφρασταῶσ
3156 643 3222 710 ¹⁸,
3242 644 3345 702 hoc
3365 654 3474 714 est,

1887 745 1985 801 per
2011 727 2544 784 circumlocutionem
2567 728 2705 799 signi
2715 727 2876 788 licata
2904 745 3022 796 eos,
3045 731 3262 790 divinos
3283 735 3476 794 videli-

1888 829 1976 876 cet
1999 821 2241 886 animos,
2269 821 2338 875 de
2377 820 2574 890 quibus
2603 820 2762 876 nobis
2807 837 2990 879 sermo
3020 835 3126 891 est,
3160 841 3232 884 es
3277 842 3344 884 ea
3378 846 3474 904 ge-

1888 913 2058 968 nerali
2088 912 2324 968 essentia
2351 921 2408 967 et
2427 912 2664 984 generali
2706 913 2930 982 virtute,
2959 916 3279 975 subauditur
3303 923 3474 992 eum

1887 1006 2126 1074 generali
2185 1006 2520 1075 operatione,
2579 1021 2722 1078 quae
2776 1009 3010 1080 singulis
3062 1025 3252 1070 eorum
3306 1015 3472 1085 inest,

1886 1101 2100 1168 quando
2151 1114 2406 1154 vocamus
2457 1099 2616 1154 simul
2645 1116 2832 1157 omnes
2875 1103 3087 1160 divinos
3117 1105 3346 1174 animum
3379 1117 3476 1169 alt

1885 1191 2148 1258 quosdam
2206 1205 2394 1245 eorum
2434 1191 2748 1260 specialiter
2803 1193 3185 1264 inobservata,
3234 1199 3335 1256 hoc
3363 1211 3469 1269 est,

1886 1283 2160 1336 communi
2190 1291 2245 1338 et
2293 1284 2580 1339 indiscreta
2627 1285 3023 1355 signiﬁcatione
3078 1291 3339 1348 caelestes
3393 1309 3475 1350 es-

1886 1373 2088 1428 SCllllaS
2120 1383 2212 1428 aut
2240 1375 2506 1430 caelestes
2554 1378 2783 1434 virtutes
2837 1390 2931 1435 aut
2981 1382 3247 1439 caelestes
3276 1399 3471 1456 operat.

1887 1467 2081 1520 tiones.
2129 1465 2239 1522 Nec
2297 1467 2414 1522 siue
2480 1470 2688 1523 ratione
2745 1470 2848 1525 hoc
2894 1473 3124 1544 agimus.
3176 1475 3474 1548 Tripartita

1886 1559 2030 1612 enim
2101 1558 2322 1613 illorum.
2363 1568 2449 1614 est
2506 1561 2770 1629 partitio,
2837 1563 2892 1616 in
2937 1567 3230 1622 essentiam
3287 1570 3475 1624 videli-

1887 1661 1992 1712 cet,
2023 1658 2078 1704 et
2104 1650 2360 1706 virtutem
2380 1691 2395 1715 ,
2425 1659 2480 1706 et
2508 1653 2900 1722 operationem.
2933 1655 3001 1712 Et
3043 1658 3294 1717 fortassis
3337 1662 3474 1724 haec

1889 1741 1992 1796 tria
2019 1751 2164 1806 sunt,
2194 1743 2258 1796 de
2285 1743 2482 1812 quibus
2510 1745 2561 1798 in
2593 1747 2859 1816 superiori
2887 1747 2930 1778 ¹³
2953 1750 3220 1819 Capitulo,
3256 1754 3382 1808 dum
3407 1757 3473 1814 de

176 1867 336 1920 saepe
366 1867 400 1904 α
443 1850 590 1904 nobis
621 1849 862 1904 similiter
889 1848 1009 1903 aliis
1030 1849 1228 1903 sanctis
1258 1848 1496 1902 essentiis
1537 1848 1782 1900 caelestes
1815 1843 1859 1904 Β
1887 1834 2098 1903 Primis,
2138 1834 2349 1899 "'ediisv
2383 1843 2440 1889 θι
2485 1836 2690 1892 "nimis
2720 1838 3012 1896 νίτιυῑίδυε
3049 1844 3474 1920 uniuscuiusque

177 1944 401 1998 virtutes
434 1951 702 1996 vocantur.
734 1943 810 1996 Ac
848 1955 946 2010 per
973 1942 1074 1994 hoc
1105 1956 1208 1993 non
1252 1939 1524 1993 immerito
1567 1940 1784 2008 quaeri:-

177 2043 292 2099 tur,
324 2050 424 2089 cur
453 2032 737 2089 inferiores
784 2041 841 2087 et
873 2032 1148 2087 novissimi
1193 2031 1412 2086 ordims
1440 2031 1594 2102 longe
1624 2045 1782 2099 praep

179 2127 498 2182 cedentium
548 2141 606 2181 se
652 2126 908 2181 virtutum
943 2125 1341 2195 ‘appellatione
1385 2124 1780 2196 signiﬁcantur.

258 2215 366 2289 52.
398 2217 634 2270 Dicimus
661 2229 832 2271 autem
859 2259 873 2282 ,
919 2220 1045 2288 quia
1085 2218 1429 2272 communiter
1461 2218 1517 2270 in
1544 2217 1784 2271 omnibus

177 2318 386 2362 utentes
411 2308 712 2362 caelestium
738 2308 946 2363 nomine
974 2310 1222 2362 virtutum
1240 2307 1262 2340 '
1293 2324 1396 2361 non
1423 2307 1783 2376 confusionem

176 2401 456 2472 quandam
514 2399 927 2472 uniuscujusque
994 2400 1350 2468 dispositionis
1407 2400 1783 2469 proprietatum

175 2494 595 2548 introducimus.
631 2493 1015 2561 Quaestionem
1042 2493 1223 2557 solvit,
1273 2507 1434 2560 quam
1479 2491 1778 2561 proposuit.

180 2583 452 2649 Dicimus,
482 2583 675 2654 inquit,
705 2584 808 2640 hoc
836 2595 940 2649 est,
972 2586 1381 2653 respondemus,
1409 2582 1535 2654 quia
1558 2598 1665 2638 non
1696 2582 1782 2637 in-

181 2677 524 2734 troducimus
539 2675 906 2732 confusionem
923 2678 1156 2748 aliquam
1183 2676 1572 2747 proprietatum
1594 2675 1780 2729 unius-

179 2769 447 2840 cujusque
492 2769 720 2835 ordinis,
769 2770 896 2825 dum
941 2770 996 2825 in
1040 2771 1293 2825 omnibus
1340 2769 1536 2823 divinis
1585 2767 1782 2822 animis

181 2862 558 2916 communiter
591 2863 795 2916 utimur
837 2862 1152 2919 caelestium
1203 2862 1568 2917 nominatione
1616 2861 1782 2916 virtu-

183 2963 323 3008 tum.
354 2954 433 3011 Ac
454 2955 500 3010 si
532 2955 737 3010 diceret
763 2955 932 3010 :Dum
963 2957 1181 3011 nomine
1210 2956 1469 3010 virtutum
1492 2969 1683 3010 omnes
1703 2955 1782 3010 dl-

177 3046 343 3101 vinos
371 3048 584 3102 animos
608 3047 958 3119 appellamus,
999 3064 1104 3102 non
1144 3046 1442 3102 auferimus
1481 3048 1782 3120 proprieta-

183 3145 358 3194 tatem
405 3155 558 3194 suam
591 3141 660 3196 ab
701 3141 817 3209 ipso
864 3141 1055 3196 ordine
1087 3141 1366 3207 virtutum,
1414 3155 1590 3210 neque
1634 3155 1780 3206 eam,

1888 1927 2138 1982 caelestis
2158 1939 2214 1982 et
2237 1928 2460 1984 humani
2480 1931 2646 1985 animi
2673 1944 2925 2002 ageretur
2948 1936 2992 1966 “
3009 1976 3022 2000 ,
3053 1944 3344 1998 tractatum
3364 1950 3470 2012 est,

1887 2031 1946 2074 ut
1984 2020 2187 2088 primas
2216 2022 2270 2076 in
2299 2024 2562 2090 essentia,
2593 2027 2800 2082 medias
2825 2029 2878 2082 in
2912 2030 3130 2098 virtute,
3161 2033 3382 2092 ultimas
3414 2038 3473 2100 in

1885 2115 2200 2181 operatione
2238 2114 2620 2186 intelligamus.
2647 2117 2928 2185 Quomodo
2949 2134 3136 2179 autem
3166 2127 3472 2194 intellectus

1887 2207 2178 2268 essemiae,
2208 2215 2264 2259 et
2289 2208 2429 2262 ratio
2469 2208 2692 2276 virtuti,
2719 2219 2774 2264 et
2814 2227 3006 2268 sensus
3034 2216 3260 2273 interior
3285 2236 3475 2290 operap

1889 2295 2019 2351 tioni
2045 2297 2314 2352 adunatur
2347 2299 2416 2364 ³⁸,
2442 2309 2501 2353 ut
2531 2315 2638 2356 non
2669 2302 2806 2358 duae
2837 2306 3126 2375 trinitates,
3157 2311 3390 2367 hominis
3416 2321 3475 2370 et

1883 2391 2084 2459 siigeli,
2118 2392 2212 2446 sed
2241 2409 2344 2446 una
2376 2393 2471 2459 sit,
2518 2395 2672 2459 satis,
2702 2397 2940 2453 arbitror
2967 2399 3032 2467 “,
3065 2402 3120 2456 in
3157 2402 3312 2460 libras
3349 2411 3474 2484 mp!

1885 2482 2084 2551 φύσεων
2130 2481 2504 2539 discussimus.
2538 2483 2722 2556 Neque
2764 2489 2904 2542 enim
2940 2496 3321 2562 supcrpositam
3349 2481 3473 2567 pro-

1883 2572 2156 2640 prietatem
2181 2573 2304 2642 jam
2341 2575 2468 2630 bene
2507 2593 2541 2630 a
2579 2577 2727 2633 nobis
2772 2581 3119 2639 discretam
3164 2599 3473 2646 sanctan

1884 2663 2156 2730 uirtutum,
2180 2676 2225 2720 et
2261 2665 2305 2699 "
2355 2669 2642 2724 minoribus
2671 2675 2882 2728 omnino
2910 2689 3185 2735 (innectere
3211 2686 3470 2756 nuntiis.

1883 2755 1940 2810 in
2000 2759 2338 2814 conversione
2386 2760 2696 2831 inconfusus
2759 2765 3116 2836 angelicorum
3181 2755 3467 2838 ornatuum

1882 2850 2227 2904 taxiarcltiae.
2279 2851 2326 2906 Α
2356 2854 2728 2923 superioribus
2757 2857 3110 2916 subauditur:
3142 2861 3349 2936 Neque,
3379 2866 3469 2921 inp

1884 2938 2023 3007 quit,
2048 2940 2446 2996 aestimandum
2471 2952 2573 3012 est,
2613 2961 2712 3000 nos
2737 2950 3130 3019 superpositam
3161 2956 3470 3025 preprieta-

1886 3040 1991 3087 tem
2022 3042 2330 3088 sanctarum
2376 3036 2658 3101 virtutum,
2686 3055 2824 3110 quas
2849 3057 2880 3096 a
2906 3045 3108 3100 ceteris
3148 3046 3345 3104 divinis
3384 3050 3471 3106 in-

1885 3125 2187 3181 tcllectibus
2232 3128 2370 3182 bene
2418 3130 2809 3198 discrevimus,
2864 3137 3028 3192 etiam
3072 3138 3116 3170 ⁸⁸
3164 3143 3470 3202 minoribm

180 3233 577 3303 proprietatem
604 3233 746 3300 dico,
779 3234 897 3290 aliis
943 3235 1192 3290 essentiis
1236 3235 1608 3305 superioribus
1638 3235 1778 3291 infe-

1886 3228 2177 3274 aunectere
2203 3221 2482 3288 essentiis,
2504 3222 2670 3278 veluti
2694 3225 2747 3278 in
2771 3228 3125 3287 conversione
3165 3242 3222 3288 et
3249 3245 3468 3304 pertus-

182 3324 494 3379 rioribusve
539 3327 900 3380 communiter
934 3327 1228 3381 atlribuere
1261 3325 1539 3394 iudicandi
1569 3341 1774 3390 sumus,

181 3416 450 3486 quoniam
499 3434 606 3470 non
650 3418 817 3488 ipsius
865 3418 886 3449 °
920 3418 1126 3473 ordinis
1174 3421 1432 3473 virtutum
1478 3419 1779 3488 proprieta-

182 3517 300 3565 tem
333 3508 354 3540 '
384 3510 769 3581 signiﬁcamus,
804 3512 898 3567 sed
929 3512 1088 3565 aliam
1134 3513 1408 3574 virtutem,
1441 3527 1578 3581 quue
1615 3526 1779 3582 gene-

184 3601 383 3656 raliter
410 3603 662 3658 omnibus
715 3604 912 3658 divinis
966 3605 1105 3660 inest
1147 3606 1363 3671 animis,
1391 3605 1777 3676 signiﬁcamus.

186 3693 260 3747 Et
285 3694 390 3748 hoc
411 3704 493 3748 est
516 3694 656 3766 quod
695 3697 941 3765 sequitur
979 3715 991 3749 :
1037 3695 1139 3752 Sed
1162 3698 1408 3763 quoniam
1436 3699 1488 3750 in
1517 3698 1617 3750 tria
1648 3697 1782 3750 divi-

185 3785 398 3841 duntur
425 3790 708 3841 secundum
737 3805 790 3842 se
815 3792 1240 3859 supermundana
1271 3791 1470 3843 ratione
1496 3804 1671 3843 omnes
1701 3787 1781 3843 di-

188 3880 303 3933 vini
334 3879 640 3944 intellectas,
677 3883 731 3934 in
753 3881 1044 3944 essentiam,
1080 3893 1126 3936 et
1163 3883 1400 3937 virtutem
1422 3923 1435 3946 ,
1456 3893 1502 3936 et
1527 3883 1782 3952 operatio-

189 3989 469 4036 nem,cum
491 3975 648 4028 simul
670 3992 864 4042 omnes,
901 3988 990 4030 aut
1039 3993 1218 4030 eorum
1251 3977 1503 4048 quosdam
1548 3977 1780 4030 inobser-

190 4077 316 4120 vate
331 4067 571 4122 caelestes
597 4070 870 4135 essentias,
888 4081 977 4123 aut
1007 4070 1252 4123 caelestes
1282 4084 1525 4122 vocamus
1550 4069 1780 4132 virtutes,

188 4178 282 4214 eos
315 4171 720 4237 περιφραστικῶς
747 4163 790 4225 ⁸,
820 4163 882 4216 de
910 4163 1096 4234 quibus
1149 4179 1318 4217 sermo
1368 4175 1462 4226 est,
1489 4161 1785 4231 signiﬁcare

192 4271 292 4308 nos
313 4259 701 4309 aes'tmandum
723 4257 745 4290 ⁹
774 4273 839 4310 ex
875 4274 971 4322 ea,
1003 4273 1137 4328 quae
1184 4273 1275 4328 per
1321 4256 1553 4325 singulos
1605 4271 1784 4308 eorum

189 4349 529 4412 est,essentia
565 4347 644 4404 vel
669 4349 871 4404 virtute.
900 4347 1043 4405 Ordo
1069 4351 1360 4405 dictionum
1405 4349 1477 4401 '°:
1505 4347 1609 4402 Sed
1634 4349 1790 4403 aesti-

193 4442 453 4506 mandum
497 4450 618 4507 est,
670 4458 769 4496 nos
791 4442 1098 4513 signiﬁcare
1138 4459 1230 4497 eos
1259 4448 1688 4521 παραφραστικῶς,
1722 4441 1788 4494 de

1883 3313 2102 3368 batione
2130 3313 2444 3370 inconfusae
2470 3315 2513 3350 ”
2556 3317 2915 3388 taxiarcbiae,
2939 3322 3042 3379 hoc
3066 3337 3173 3393 est,
3199 3327 3470 3388 iuconl'usi

1884 3402 2051 3457 divini
2093 3405 2322 3460 ordinis.
2356 3405 2434 3461 Ac
2468 3406 2512 3462 si
2560 3409 2808 3465 diceret:
2843 3410 3010 3469 Nemo
3046 3431 3145 3472 nos
3193 3419 3472 3481 existimet

1884 3497 2270 3566 proprietatem
2299 3509 2610 3555 sanctarqu
2641 3491 2903 3559 virtutum
2935 3507 3237 3566 minoribus
3283 3528 3472 3569 essen-

1888 3589 1976 3644 tiis
2004 3591 2299 3662 adjungere
2325 3632 2340 3658 ,
2385 3607 2481 3648 seu
2530 3593 2998 3655 inconversibilem
3029 3611 3086 3658 et
3125 3603 3462 3666 incanum

1887 3683 2244 3739 taxiarchiam
2269 3688 2607 3755 perturbare,
2637 3690 2732 3745 sed
2770 3693 3078 3762 generalem
3117 3695 3164 3728 ⁸⁸
3188 3698 3468 3770 virtutem,

1885 3792 2025 3847 quae
2045 3786 2100 3831 et
2122 3778 2166 3810 “
2196 3781 2449 3835 omnibus
2479 3791 2533 3835 et
2561 3783 2789 3852 singulis
2814 3789 3120 3844 communis-
3157 3800 3262 3856 ιιι,
3293 3793 3472 3850 omni-

1885 3867 1987 3923 bus
2021 3877 2078 3923 et
2120 3869 2346 3940 singulis
2390 3873 2610 3927 virtutis
2635 3889 2832 3930 nomen
2863 3876 3128 3947 impertiri
3177 3882 3225 3914 “
3248 3883 3470 3939 docete

1886 3959 2053 4014 Juxta
2093 3963 2229 4016 enim
2277 3980 2429 4032 saepe
2457 3981 2489 4017 a
2521 3965 2669 4019 nobis
2728 3974 2864 4021 recte
2905 3969 3162 4024 redditam
3216 3975 3474 4032 rationem

1885 4054 2030 4123 ipsae
2061 4055 2271 4123 quidem
2299 4055 2696 4125 superﬁrmatae
2715 4056 2762 4089 ⁸³
2800 4057 3167 4129 dispositioncs
3196 4065 3476 4122 abundan-

1889 4159 1966 4203 ter
1998 4149 2185 4203 ltabent
2227 4160 2276 4203 et
2321 4151 2582 4204 minorum
2624 4167 2807 4207 sacras
2835 4155 3212 4224 proprietates;
3255 4159 3476 4216 ultimae

1890 4257 2010 4296 vero
2031 4242 2296 4312 majorum
2322 4243 2681 4313 superpositas
2711 4245 3076 4302 universitates
3116 4265 3219 4305 non
3260 4252 3474 4321 habent,

1889 4331 2280 4404 particularitcr
2325 4336 2380 4387 in
2415 4332 2462 4365 "
2513 4350 2604 4388 eas
2651 4335 2821 4406 primo
2866 4340 3238 4408 apparentibus
3278 4343 3478 4401 illumi-

1893 4427 2191 4479 nationibus
2211 4442 2302 4496 per
2323 4426 2521 4496 primas
2556 4429 3021 4499 proportionaliter
3042 4434 3118 4488 eis
3153 4435 3474 4495 distributis.

190 4535 395 4606 quibus
445 4550 631 4590 sermo
659 4544 762 4596 est,
796 4551 920 4592 cum
971 4550 1223 4589 vocamus
1271 4515 1431 4588 simul
1480 4550 1668 4588 outues
1696 4539 1791 4586 aut.
1893 4515 2162 4585 Πθρθιίιίυ
2187 4526 2270 4571 θεῖ
2299 4517 2550 4588 “illum
2591 4521 2868 4591 "Mune
2902 4520 3238 4582 diﬂefenuae
3277 4528 3483 4597 Prima-

192 4643 386 4683 eorum
413 4628 683 4697 quosdam
716 4629 1056 4682 iuobservate
1081 4628 1344 4682 caelestes
1379 4627 1647 4682 essemias
1699 4635 1792 4680 aut
1824 4621 1870 4680 Β
1900 4629 2016 4668 mm
2044 4621 2100 4669 θῑ
2144 4615 2458 4670 ultimarum
2487 4615 2805 4672 ωθιθειίυηι
2851 4620 3234 4676 enuntiatum-
3282 4621 3480 4693 Saepe,

192 4726 462 4781 caelestes
495 4727 726 4780 virtutes
762 4740 828 4780 ex
862 4740 924 4780 ea
965 4725 1199 4780 essentia
1252 4723 1337 4778 vel
1384 4724 1603 4787 virtute,
1651 4737 1792 4793 quae
1894 4709 2095 4778 ἱηιιιιὶι.
2142 4709 2410 4763 ratione!“
2439 4709 2774 4765 I‘Gddidimlls
2809 4709 2876 4764 de
2917 4725 3003 4776 eo,
3032 4714 3176 4783 quod
3221 4728 3483 4784 saperor.

193 4830 282 4874 εει
319 4835 418 4891 ρει*
453 4820 700 4890 singulos
719 4835 934 4883 eorum,
959 4819 1213 4888 quoniam
1259 4817 1313 4872 in
1345 4817 1444 4872 [ria
1479 4817 1794 4870 dividuntur
1899 4803 2067 4858 diuati
2113 4803 2277 4857 divini
2331 4803 2494 4858 animi
2544 4804 2887 4860 abimdanter
2918 4817 3140 4864 sanctas
3177 4810 3487 4879 proprieta-

193 4912 498 4967 secundum
523 4910 570 4946 “
601 4925 660 4966 se
685 4910 1122 4982 supermundana
1162 4911 1373 4965 ratione
1407 4924 1594 4964 omnes
1627 4906 1795 4962 divini
1903 4904 1983 4947 les
2007 4907 2113 4946 “0"
2147 4893 2370 4956 habent:
2401 4894 2526 4948 dum
2556 4903 2886 4968 apparentes
2926 4896 3352 4954 ίΠυωίοθῑῗουθδ
3385 4900 3491 4970 Ρΐί“

197 5001 530 5068 intellectus,
549 5002 603 5056 in
632 5000 1022 5066 essentiam,et
1038 5002 1386 5066 virtutem,et
1401 4999 1790 5071 operationem.
1903 4986 2009 5040 mis
2044 4987 2222 5054 Primo
2252 4987 2634 5047 universaliter
2656 4991 2713 5048 in
2739 5004 2853 5056 θοι)
2893 4992 3116 5051 ultimos
3138 4991 3187 5026 ”
3213 4991 3490 5061 videlicet,

1499 5114 1756 5172 VARIAE
1794 5109 2203 5169 LECTIONES.

267 5215 287 5249 ¹
317 5211 385 5268 Β·
404 5213 474 5268 ad
496 5217 666 5285 marg.
683 5213 868 5268 adscr.
892 5209 956 5264 ab
983 5213 1184 5271 excels.
1264 5209 1821 5290 'Bdrnominarentur
1838 5207 2048 5276 (punct.
2082 5207 2192 5279 adj.
2217 5205 2323 5280 B‘).
2401 5202 2427 5238 ³
2447 5201 2495 5260 Δ
2539 5213 2688 5262 sunt.
2765 5199 2792 5235 ⁸
2811 5199 2968 5262 SicC
2995 5216 3052 5264 et
3087 5204 3206 5259 rad.
3238 5213 3380 5253 corr.
3407 5196 3503 5267 B‘,

319 5324 372 5338 aa
397 5308 646 5346 ..ὅρηαι-η..
783 5303 1090 5352 ρηηίηιηιν.
1179 5308 1202 5342 Ι
1218 5304 1568 5342 ,ιυυιηηιέιηυι
1589 5301 1952 5334 ,ἐι-κὲεοι-μιιμα
2028 5301 2278 5342 uisu-"nn
2293 5315 2380 5340 nm
2431 5297 2489 5336 ιι.
2513 5298 2574 5334 [ιο
2594 5302 2659 5336 ,Α
2677 5311 2847 5338 Μίδου-
2881 5301 3039 5340 θάρρη.
3084 5295 3496 5336 Inﬁmaque”...-

193 5323 291 5341 ’⁸⁵η
