4028 6274
1127 263 1246 290 τ..

557 297 665 356 εει

1951 285 2239 346 J'OANNIS
2279 285 2477 344 SCOTI

3088 270 3114 276 ν.
3165 264 3214 278 e.~._
3249 264 3261 274 ι
3285 265 3295 273 ς
3325 264 3412 292 νς..-
3469 265 3492 280 κ
3512 267 3568 279 κ..--

3720 285 3824 343 233

555 373 966 465 particulariter
1011 401 1111 460 per
1159 386 1366 458 primos
1411 392 1468 442 et
1513 381 1994 458 proportionaliter
2039 383 2139 446 eis,
2171 385 2221 445 Α
2248 377 2958 464 dispositionesinleriorum
2978 377 3430 444 essentiarum,et
3446 377 3594 449 ipsae
3611 379 3821 449 quidem

559 481 786 546 ultimis,
834 478 1253 535 distribuuntur.
1293 476 1446 544 Quod
1490 475 1731 531 breviter
1759 472 2136 544 colligendum.

559 571 788 642 Copiose
816 568 1020 625 habent
1044 570 1219 640 primo
1264 569 1485 623 ordines
1522 575 1577 622 et
1604 582 1734 622 suas
1764 575 1820 621 et
1849 565 2138 630 minorum,

559 665 659 720 sed
686 662 898 720 divinas
927 662 1106 732 primo
1135 662 1190 716 in
1222 676 1281 717 se
1332 667 1657 730 apparentes
1698 657 2138 719 illuminationes,

555 771 667 812 non
697 763 879 810 autem
911 755 1148 824 copiose,
1183 753 1236 808 id
1267 760 1352 808 est
1389 750 1772 806 universaliter
1793 790 1808 815 ,
1839 749 1982 805 sicut
2009 747 2142 818 ipsis

557 845 767 917 primis,
801 846 897 901 sed
920 843 1323 915 particularitcr
1343 858 1441 914 per
1474 843 1680 912 primos
1710 841 1944 907 ultimis,
1980 848 2141 912 prout

557 939 809 1011 analogia
840 955 1029 996 eorum
1056 937 1243 997 exiuit.
1281 937 1500 994 eaedem
1543 937 1562 971 ⁸
1599 935 2018 992 illuminationes
2061 935 2141 990 di-
2188 1013 2196 1016 _

556 1023 920 1087 stribuuntur.

1005 1100 1492 1158 CAPITULUM
1551 1100 1691 1156 XII.

1042 1191 1209 1263 Cujus
1249 1199 1332 1246 est
1366 1189 1547 1246 titulus
1575 1191 1626 1243 ἐ

558 1284 737 1352 Quare
763 1284 1050 1340 secundum
1075 1283 1307 1337 homines
1349 1280 1652 1352 ierarchiae_
1671 1278 1842 1352 angeli
1863 1286 2134 1342 vocantur,

628 1355 683 1409 id
707 1365 804 1420 est,
851 1371 1014 1425 quare
1057 1355 1244 1408 summi
1282 1351 1575 1406 sacerdotes
1607 1349 1874 1404 Ecclesiae
1905 1358 2139 1402 terrenae

627 1426 801 1480 adhuc
835 1425 1008 1495 angeli
1038 1434 1291 1478 vocantur
1314 1435 1363 1476 α.

627 1517 657 1591 §
691 1518 742 1572 l.
770 1518 1054 1584 Quaeritur
1074 1526 1248 1570 autent
1276 1526 1323 1570 et
1346 1517 1443 1570 hoc
1465 1513 1874 1586 intelligibilium
1902 1514 2140 1585 eloquio-

552 1627 672 1664 rum
702 1610 934 1664 studiose
984 1609 1324 1662 intuentibus.
1365 1608 1427 1664 Si
1473 1607 1610 1661 enim
1652 1608 2024 1677 participantia
2049 1623 2140 1662 ex-

553 1687 836 1756 celsiorum
882 1700 1280 1754 universitatum
1319 1716 1421 1753 non
1447 1709 1567 1753 sunt
1613 1699 1821 1764 ultima,
1871 1702 1934 1752 ob
1979 1715 2137 1770 quam

551 1803 770 1842 causam
831 1787 1118 1844 secundum
1169 1804 1260 1841 nos
1287 1787 1315 1818 ³
1366 1805 1599 1842 summus
1638 1788 1882 1842 sacerdos
1924 1788 2139 1858 angelus

550 1875 768 1932 Domini
793 1877 1161 1948 omnipotentis
1177 1876 1242 1930 ab
1258 1877 1476 1946 eloquiis
1504 1875 1878 1946 nominatur}?
1912 1876 2140 1944 Quaeri-

549 1973 663 2031 tur,
687 1965 896 2037 inquit,
921 1975 978 2021 et
1006 1967 1110 2022 hoc
1139 1967 1208 2021 ab
1236 1967 1340 2036 his,
1369 1966 1461 2036 qui
1513 1966 1874 2036 intelligibilia
1901 1966 2140 2022 studiose

549 2054 832 2112 intuentur
855 2055 1094 2126 eloquia.
1154 2054 1214 2109 Si
1257 2055 1427 2120 enim,
1459 2064 1621 2125 prout
1665 2056 1848 2126 posuit
1888 2055 1933 2121 ³,
1966 2054 2138 2110 ultimi

538 2149 770 2204 ordines
798 2149 1162 2204 excelsiorum
1205 2148 1590 2204 universitates
1631 2163 1734 2203 non
1786 2148 2139 2219 participant,

548 2256 723 2311 quare
747 2256 989 2296 summus
1025 2241 1281 2296 sacerdos
1313 2241 1536 2312 angelus
1565 2241 1777 2296 Domini
1804 2241 2141 2311 omnipoten-

548 2331 624 2388 tis
643 2346 674 2385 a
693 2347 847 2388 sacra
871 2331 1152 2403 Scriptura
1179 2333 1510 2398 nominatur,
1527 2332 1655 2388 dum
1678 2331 1907 2402 angelici
1923 2331 2144 2387 ordines

547 2424 966 2480 universitatem
999 2441 1105 2480 non
1139 2425 1508 2496 participant?

623 2513 652 2586 ᾗ
691 2515 747 2568 2.
785 2512 880 2568 Est
896 2523 1068 2568 autem
1087 2531 1190 2569 non
1211 2516 1480 2568 contraria
1503 2516 1660 2580 ratio,
1688 2525 1744 2568 ut
1762 2515 2000 2579 aestimo,
2022 2521 2144 2568 ante

543 2606 799 2676 deﬁnitis.
832 2605 977 2663 Ordo
1008 2625 1022 2660 :
1053 2607 1148 2662 Est
1173 2614 1352 2662 autem
1396 2607 1537 2662 ratio
1585 2621 1693 2661 non
1735 2606 2044 2672 contraria,
2084 2612 2144 2660 ut

553 2701 822 2769 aestimo,
857 2709 983 2757 ante
1020 2702 1290 2770 deﬁnitis,
1319 2701 1619 2758 rationibus
1645 2701 1868 2758 scilicet.
1903 2701 2142 2757 Dicimus

548 2796 709 2860 enim,
742 2796 856 2866 quia
880 2793 1159 2850 universali
1205 2795 1225 2825 ⁸
1270 2806 1317 2849 et
1348 2795 1671 2866 superposita
1700 2795 1963 2864 majorum
1999 2793 2019 2826 "
2051 2810 2142 2847 or-

545 2896 769 2942 natuum
791 2887 975 2942 virtute
989 2886 1356 2958 relinquuntur
1379 2886 1400 2918 ⁸
1424 2886 1614 2940 ultimi.
1655 2885 1914 2950 Dicimus,
1946 2883 2138 2954 inquit,

549 2980 677 3050 quia
699 2979 1101 3050 relinquuntur,
1136 2980 1190 3035 id
1217 2989 1300 3035 est
1336 2983 1358 3015 ⁸
1391 2989 1734 3050 superantur,
1781 2977 1955 3034 ultimi
1982 2991 2143 3032 orna-

544 3076 637 3124 tus
660 3070 728 3124 ab
749 3069 1038 3125 universali
1062 3078 1118 3124 et
1139 3071 1480 3139 superposita
1507 3070 1706 3124 virtute
1736 3066 2030 3136 majorum,
2059 3065 2143 3122 vel

2248 472 2579 543 participant
2622 471 2852 526 eandem
2882 470 3204 540 sapientiam
3235 479 3291 525 et
3318 470 3601 526 scientiam
3621 510 3636 534 ,
3667 473 3821 539 parti-

2248 565 2418 622 culari
2446 574 2623 619 tamen
2652 571 2706 618 et
2734 562 2974 632 subjecta
3001 563 3413 634 participatione
3441 564 3481 595 "
3514 561 3579 617 ad
3610 545 3749 626 illos,
3773 563 3821 618 in

2248 656 2650 724 comparatione
2687 653 2937 710 videlicet
2975 655 3189 710 illorum
3221 654 3532 710 Cherubim.
3562 653 3714 721 Quod
3741 670 3825 708 au-

2246 755 2356 802 tem
2387 747 2622 803 medium
2649 747 2896 801 ordinem
2913 745 3122 818 primae
3146 745 3446 802 ierarchiae
3471 760 3572 816 pro
3585 746 3825 814 exemplo

2245 845 2569 916 posuit,-aut
2595 845 2878 902 brevitatis
2897 845 3183 901 occasione
3211 854 3308 900 aut
3335 844 3645 900 medietatis
3662 885 3676 910 ,
3707 859 3822 900 cum

2245 956 2351 1012 qua
2378 956 2592 1012 semper
2611 948 2855 996 extrema
2886 939 3367 1010 subintelliguntur
3386 978 3400 1004 ,
3426 945 3712 993 estactum
3732 978 3746 1004 ,
3774 947 3826 993 ut

2245 1035 2456 1105 opinor.
2472 1034 2542 1089 Et
2567 1035 2775 1106 quidem
2798 1035 3009 1089 omnino
3035 1035 3090 1088 in
3111 1029 3510 1105 participatione
3546 1035 3828 1103 sapientiae

2244 1143 2354 1182 esse
2391 1136 2439 1181 et
2486 1127 2751 1191 scientiae,
2796 1142 3068 1181 commune
3114 1135 3190 1181 est
3233 1125 3469 1198 omnibus
3491 1126 3829 1196 deiformibus

2245 1215 2680 1271 intellectualibus
2736 1215 2803 1282 ³³,
2851 1226 3046 1270 attente
3105 1224 3278 1270 autem
3308 1224 3358 1269 et
3403 1215 3594 1284 primo,
3638 1223 3733 1268 aut
3758 1230 3830 1267 se-

2239 1307 2446 1372 eundo,
2493 1315 2584 1362 aut
2640 1308 2806 1379 infra,
2839 1323 3166 1379 nequaquam
3213 1323 3502 1372 commune,
3561 1305 3654 1360 sed
3707 1307 3830 1360 sicut

2245 1401 2525 1471 unicuique
2589 1410 2709 1456 ante
2774 1403 2988 1472 propria
3070 1400 3320 1470 deﬁnitur
3378 1398 3647 1470 analogia.
3740 1399 3830 1453 Pa-

2243 1500 2322 1548 tet
2379 1479 2558 1563 quod.‘
2585 1492 2679 1548 ait.
2751 1492 3049 1547 Commune
3095 1499 3180 1546 est
3228 1491 3470 1544 omnium
3525 1489 3830 1545 divinorum

2246 1583 2618 1640 iutellectuum
2669 1584 2992 1654 sapientiam
3041 1589 3095 1637 et
3141 1581 3426 1639 scientiam
3481 1581 3828 1652 participare.

2235 1677 2521 1733 Attentius
2566 1685 2768 1744 autem,
2821 1678 2924 1733 hoc
2969 1684 3054 1732 est
3097 1677 3463 1749 perspicacius
3515 1685 3571 1732 et
3620 1677 3830 1748 potius,

2169 1752 2217 1812 Β
2244 1776 2299 1824 et
2328 1767 2753 1837 primordialius,
2795 1777 2887 1822 aut
2928 1768 3191 1834 secundo,
3221 1777 3314 1822 aut
3349 1767 3576 1823 inferius
3607 1782 3723 1823 non
3758 1776 3834 1821 est

2243 1862 2482 1916 omnium
2506 1874 2812 1916 commune.
2850 1860 3029 1916 Prima
3062 1860 3325 1930 siquidem
3359 1861 3626 1917 ierarchia
3657 1862 3833 1931 primo

2242 1952 2560 2022 participat,
2589 1951 2824 2006 secunda
2855 1951 3124 2017 secundo,
3154 1948 3258 2006 hoc
3281 1961 3365 2006 est
3403 1951 3561 2022 paulo
3584 1949 3829 2015 inferius,

2234 2043 2402 2110 tertia
2431 2042 2599 2107 infra,
2630 2051 2844 2113 quarta,
2878 2029 3116 2099 humana
3143 2043 3426 2109 videlicet,
3471 2043 3669 2098 iterum
3699 2043 3830 2098 infra

2232 2136 2493 2202 tertiam,
2560 2136 2857 2191 secundum
2912 2135 2954 2170 "
3005 2138 3148 2207 quod
3201 2135 3620 2207 praedeﬁnitum
3664 2137 3716 2167 ³ο
3758 2147 3832 2192 est

2242 2226 2395 2296 prius
2434 2227 2476 2258 ²¹
2521 2227 2810 2298 unicuique
2843 2228 3142 2282 ierarchiae
3183 2243 3282 2298 per
3319 2228 3594 2299 propriam
3625 2229 3832 2291 analo-

2242 2320 2410 2392 giam.
2441 2319 2557 2374 Hoc
2591 2330 2766 2375 autem
2789 2331 2836 2376 et
2871 2322 2936 2376 de
2958 2323 3198 2377 omnibus
3220 2323 3412 2377 divinis
3445 2324 3712 2380 mentibus
3739 2343 3832 2380 non

2245 2410 2486 2481 fortassis
2519 2412 2636 2483 quis
2674 2429 2857 2466 errans
2901 2412 3130 2481 deﬁniet.
3177 2413 3254 2467 Ac
3302 2413 3346 2468 si
3395 2413 3600 2468 diceret
3644 2432 3660 2468 :
3707 2415 3831 2478 Hoc,

2244 2504 2389 2572 quod
2415 2503 2480 2557 de
2499 2503 2781 2559 ordinibus
2807 2503 3009 2558 dictum
3041 2513 3154 2568 est,
3193 2503 3326 2559 alios
3356 2504 3604 2560 videlicet
3631 2509 3831 2576 primo,

2225 2596 2643 2687 aliossecundo
2664 2639 2679 2663 ,
2709 2599 2844 2654 alios
2874 2597 3014 2654 infra
3043 2600 3096 2655 in
3132 2600 3545 2671 participatione
3573 2603 3833 2658 scientiae

2245 2697 2299 2744 et
2334 2690 2635 2760 sapientiae
2656 2705 2798 2758 esse,
2837 2707 2945 2747 non
2976 2691 3201 2746 deiiniet
3225 2692 3349 2762 quis
3380 2707 3573 2749 errans
3599 2694 3832 2764 idipsum

2246 2783 2312 2836 de
2341 2782 2594 2836 omnibus
2631 2782 2831 2838 divinis
2879 2782 3172 2837 mentibus.
3219 2781 3474 2854 Singulae
3514 2798 3770 2855 quaeque
3791 2787 3834 2816 υ

2245 2875 2443 2944 quippe
2469 2874 2686 2930 divinae
2714 2884 2921 2928 mentes
2943 2873 2990 2908 ³⁸
3022 2890 3130 2930 non
3155 2873 3454 2944 aequaliter
3484 2876 3834 2946 participant,

2243 2966 2435 3037 primis
2451 2966 2497 2998 “
2515 2965 2783 3036 siquidem
2798 2966 2971 3021 suis"
2987 2966 3275 3023 virtutibus
3297 2966 3343 2998 ²⁶
3363 2967 3561 3037 primo,
3580 2969 3780 3023 mediis
3793 2968 3833 2999 "

2247 3059 2505 3122 secundo,
2539 3057 2744 3112 ultimis
2771 3058 2817 3090 ”
2855 3055 2996 3111 infra
3034 3057 3089 3112 in
3129 3056 3547 3127 participatione
3574 3057 3838 3112 scientiae

550 3159 695 3214 sicut
722 3161 940 3231 proprie
964 3127 1321 3225 transfertur:
1339 3160 1800 3216 honorabiliorum
1827 3168 2137 3214 ornatuum.
2169 3127 2216 3191 (ἶ
2247 3157 2302 3206 et
2323 3149 2620 3220 sapientiae
2643 3155 2788 3202 sunt.
2813 3146 3020 3202 Etenim
3047 3149 3182 3202 sicut
3199 3148 3355 3218 primi
3382 3148 3723 3204 abundanter
3750 3151 3838 3203 ha-

547 3249 727 3305 Media
749 3253 886 3305 enim
909 3262 958 3305 et
977 3252 1416 3321 proportionabili
1437 3252 1752 3322 participant
1785 3253 1830 3305 vi
1840 3260 1972 3304 rtute
1998 3250 2039 3280 ¹⁰
2063 3249 2142 3304 ul-

546 3339 669 3396 timi
716 3349 973 3407 ornatus;
1010 3342 1242 3397 mediam
1280 3342 1419 3396 dixit
1460 3358 1559 3412 pro
1599 3341 1913 3412 particulari
1940 3359 1954 3406 ;
1979 3341 2142 3411 juxta

552 3445 716 3482 unam
739 3440 785 3482 et
817 3429 1202 3499 conjunctivam
1236 3432 1532 3486 societatem
1555 3472 1568 3497 ,
1601 3447 1709 3485 una
1740 3431 2002 3501 siquidem
2028 3446 2145 3486 om-

553 3520 716 3576 nibus
746 3531 831 3576 est
855 3523 1092 3579 societas
1116 3565 1131 3590 ,
1161 3524 1215 3579 in
1244 3540 1348 3594 qua
1377 3535 1554 3580 tamen
1594 3524 1635 3557 “
1667 3523 1999 3579 universales
2022 3525 2065 3556 "
2090 3533 2145 3579 et

552 3613 915 3686 particulares
955 3615 998 3647 ⁸⁸
1031 3624 1176 3670 sunt.
1205 3615 1374 3681 Quale
1395 3626 1470 3670 est
1490 3656 1506 3682 ,
1533 3626 1834 3671 sanctorum
1865 3615 2145 3670 cherubim

549 3703 682 3758 ordo
702 3706 980 3775 participat
1021 3705 1276 3776 sapientia
1318 3717 1366 3760 et
1405 3707 1623 3761 scientia
1651 3706 1857 3771 altiore,
1886 3706 1980 3760 sub
2007 3708 2146 3777 ipsos

549 3801 730 3848 autem
752 3797 1095 3850 essentiarum
1126 3797 1492 3866 dispositiones
1517 3798 1830 3868 participant
1866 3798 2072 3869 quidem
2097 3806 2146 3851 et

549 3885 697 3956 ipsae
726 3888 984 3957 sapientia
1014 3898 1062 3943 et
1089 3889 1307 3944 scientia
1328 3930 1342 3955 ,
1375 3889 1686 3960 particulari
1707 3891 1882 3943 tamen
1923 3890 1994 3944 ad
2025 3889 2146 3945 illos

550 3988 602 4035 et
626 3981 881 4051 subjecta.
909 3982 1027 4039 Non
1055 3993 1108 4039 te
1134 3992 1351 4040 moveat
1377 3984 1708 4040 constructio
1731 3999 1944 4056 graeca,
1962 3984 2015 4038 in
2041 3999 2144 4054 qua

553 4071 781 4128 verbum
805 4076 1037 4146 μετέχω,
1087 4075 1232 4146 quod
1265 4083 1349 4130 est
1377 4073 1726 4146 participe“,
1758 4083 1808 4130 et
1851 4075 2145 4147 genitivum

551 4164 722 4220 trahit
749 4173 803 4220 et
830 4165 1153 4235 ablativum;
1178 4171 1389 4243 μετέχω
1405 4191 1524 4235 σου,
1543 4169 1810 4241 participe
1826 4169 1903 4223 tui
1928 4176 1983 4224 et
2010 4178 2061 4224 te
2077 4167 2142 4224 ⁸³.

554 4254 728 4321 Quale
754 4265 840 4313 est
867 4276 881 4312 :
914 4258 1224 4329 huiusmodi
1253 4269 1338 4316 est
1367 4261 1432 4326 '°,
1461 4261 1637 4331 inquit
1664 4278 1679 4327 ;
1709 4261 2002 4326 dico,ordo
2029 4277 2148 4316 san-

552 4355 770 4404 ctorum
791 4349 1083 4406 Cherubim
1117 4352 1408 4423 participat
1439 4354 1758 4424 sapientiam
1781 4362 1834 4408 et
1863 4353 2146 4409 scientiam

501 4477 503 4480 ‹
554 4439 830 4496 altiorem.
845 4441 1108 4498 Altiorem
1123 4445 1418 4515 posuitpro
1432 4447 1615 4502 altius.
1633 4446 1746 4502 Sub
1770 4447 1916 4516 ipsos
1939 4455 2143 4513 autem,

550 4530 605 4586 id
628 4540 713 4588 est
734 4531 834 4588 sub
849 4533 1092 4602 insis,vel
1105 4551 1163 4592 se
1177 4537 1531 4594 extendentes
1551 4537 1650 4593 sub
1666 4537 1811 4608 ipsos
1823 4536 2142 4605 Cherubim,

493 4756 500 4762 .
554 4785 562 4788 _
619 4715 830 4788 1Com
881 4717 968 4784 B‘,
1020 4719 1110 4774 AB
1148 4722 1328 4776 eadem
1357 4763 1372 4788 ,
1408 4721 1450 4778 C
1504 4722 1705 4778 eodem.

488 4847 498 4851 _
551 4785 572 4817 ⁸
619 4785 846 4842 Emend.
876 4829 891 4855 ,
941 4789 1029 4844 ΑΒ
1061 4785 1419 4846 nominantur.

553 4855 592 4930 ξ
617 4857 866 4930 Emend"
898 4859 986 4914 AB
1021 4860 1351 4930 relinquitur.

552 4925 596 4960 “
630 4927 671 4980 Β
694 4929 748 4981 in
773 4941 1044 4999 quantum.

1502 4793 1522 4824 ⁸
1567 4793 1609 4846 Β
1637 4803 1884 4862 possunt,
1916 4792 1978 4846 B‘
2026 4807 2169 4862 corr.

1124 4929 1174 4964 η
1195 4934 1240 4986 Α
1265 4929 1696 4998 unit'ersalitates,
1722 4935 1762 4988 Β
1796 4930 2418 4999 universalitates(punct
2444 4929 2528 5000 adj
2555 4929 2663 4998 B').

2249 3240 2364 3294 bent
2411 3240 2674 3294 minorum
2706 3248 2915 3292 sanctas
2965 3238 3724 3310 pulchrasqueproprietates,
3770 3241 3839 3294 sic

2246 3331 2434 3386 habent
2460 3331 2630 3385 ultimi
2654 3348 2741 3386 eas
2770 3332 3082 3402 primorum,
3115 3347 3218 3385 non
3242 3339 3416 3384 tamen
3445 3331 3720 3398 similiter,
3754 3331 3838 3385 sed

2248 3423 2411 3492 infra.
2439 3423 2556 3479 Hoc
2595 3425 2660 3480 de
2706 3423 2978 3478 communi
3016 3422 3429 3492 participatione
3470 3422 3679 3478 dictum
3720 3432 3838 3478 est:

2251 3515 2400 3572 Sicut
2439 3519 2584 3572 enim
2623 3517 2785 3589 primi
2831 3517 3050 3572 ordines
3083 3517 3126 3551 '9
3167 3517 3527 3587 proprietates
3564 3517 3840 3572 minorum

2249 3626 2309 3667 sc
2328 3652 2342 3678 ,
2376 3611 2449 3666 ita
2480 3611 2652 3667 ultimi
2680 3627 2770 3667 eas
2794 3611 3153 3682 proprietates
3173 3610 3414 3680 priorum
3442 3610 3487 3642 ³ο
3508 3625 3566 3666 se
3594 3610 3837 3674 habent;

2250 3717 2361 3757 non
2395 3712 2573 3758 tamen
2599 3703 2870 3769 similiter,
2898 3702 2992 3758 sed
3019 3701 3179 3757 intra.
3225 3702 3504 3772 Siquidem
3553 3703 3842 3759 universa-

2251 3793 2379 3849 liter
2419 3795 2582 3864 primi
2634 3795 2994 3865 proprietates
3045 3793 3382 3860 ultimorum,
3433 3794 3842 3865 particulariter

2250 3895 2429 3943 autem
2511 3887 2686 3942 ultimi
2767 3887 3132 3958 proprietates
3212 3887 3453 3956 priorum
3527 3888 3838 3956 possident.

2248 3978 2403 4034 Nulla
2463 3980 2608 4035 enim
2673 3979 2846 4034 virtus
2897 3987 2981 4035 est
3031 3979 3088 4034 in
3160 3979 3348 4034 ultimo
3397 3979 3630 4051 angelo,
3704 3994 3842 4050 quae

2250 4087 2360 4128 non
2433 4072 2506 4126 sit
2578 4072 2631 4126 in
2686 4070 3082 4137 excelsissimo;
3146 4070 3347 4126 multae
3389 4079 3565 4126 autem
3606 4072 3846 4126 virtutes

2252 4171 2379 4220 sunt
2419 4163 2473 4217 in
2515 4162 2912 4228 excelsissimo,
2966 4176 3106 4231 quae
3153 4177 3260 4217 non
3319 4171 3445 4218 sunt
3500 4162 3554 4217 in
3619 4162 3838 4217 ultimo.

2249 4255 2401 4310 Nihil
2445 4272 2585 4325 ergo,
2635 4265 2690 4308 ut
2738 4257 2978 4320 aestimo,
3005 4253 3387 4321 inordinatum,
3411 4255 3459 4308 si
3477 4263 3524 4308 et
3547 4255 3844 4309 secundum

2248 4365 2341 4403 nos
2378 4364 2641 4403 summum
2681 4349 3004 4403 sacerdotem
3051 4346 3294 4418 angelum
3347 4346 3608 4419 theologia
3663 4357 3842 4410 vocat,

2241 4440 2400 4511 juxta
2451 4439 2692 4494 virtutem
2757 4439 3022 4509 prapriam
3069 4440 3470 4509 participantem
3525 4439 3845 4510 angelorum

2247 4531 2549 4603 prophetica
2595 4530 2636 4562 ³¹
2661 4529 2999 4601 proprietate,
3023 4537 3071 4584 et
3097 4529 3166 4584 ad
3183 4530 3625 4601 manifestatiram
3653 4545 3844 4584 eorum

1855 4649 2112 4705 VARIAE
2149 4645 2552 4704 LECTIONES.

1845 4721 2028 4776 titulus
2069 4735 2180 4775 om.
2211 4717 2280 4783 A,
2340 4718 2463 4772 add.
2509 4731 2574 4770 ex
2610 4715 2752 4786 conj.

2225 4787 2516 4859 posuit.,‘C
2563 4783 2745 4858 possit.
2808 4785 2906 4859 f8
2943 4787 2996 4838 in
3029 4783 3424 4859 universalia]
3467 4784 3507 4837 Β
3546 4785 3838 4859 malorum.

1452 4866 1472 4898 ⁸
1511 4879 1609 4934 pro
1622 4853 1676 4918 id
1706 4875 1779 4918 est
1806 4864 1848 4918 Β
1872 4853 1953 4916 id.
2034 4862 2078 4934 ‘3
2117 4853 2408 4922 Sic'ABC,
2436 4853 2669 4934 B'ucorr.
2700 4853 3839 4934 medi’am-fproportionabilemf—rirtutem.

2830 4717 2852 4746 ‘
2882 4731 2974 4768 nos
3012 4729 3121 4770 om.
3173 4713 3237 4779 B,
3285 4729 3457 4784 marg.
3509 4715 3692 4770 adscr.
3753 4715 3842 4769 B'.

2743 4927 2786 4959 ¹³
2824 4925 2865 4981 C
2895 4925 3251 4980 universitates
3281 4934 3335 4981 et
3362 4929 3839 4994 particttlut'itatcs.

555 5016 600 5048 “
638 5015 730 5071 Sic
758 5016 820 5082 C;
848 5017 894 5071 Α
912 5020 1208 5090 participio,
1234 5020 1274 5073 Β
1295 5022 1572 5109 participio
1595 5023 1782 5094 (punct
1801 5021 1907 5091 adj.
1954 5005 2096 5092 B')...
2121 5005 2212 5056 ”¹⁸
2239 5022 2330 5078 Sic
2372 5021 2434 5088 Ο,
2462 5020 2506 5075 Α
2531 5019 2808 5091 participio
2839 5017 2984 5088 potui
3013 5026 3187 5082 etate,
3227 5015 3268 5069 Β
3306 5015 3581 5101 participio
3609 5019 3762 5104 patrii
3793 5026 3843 5069 et

551 5139 636 5218 {"3
665 5128 855 5200 (ῐδυηθι
891 5130 1000 5201 ad}
1040 5130 1147 5203 ΒἻο
1192 5143 1194 5146 ’
1230 5131 1274 5163 ⁸⁸
1313 5133 1359 5186 Β
1399 5142 1483 5222 est
1535 5133 1722 5206 (punct
1751 5133 1858 5203 adj.
1892 5133 1999 5205 B‘).
2079 5135 2122 5167 "
2161 5137 2560 5208 participatione
2587 5151 2697 5192 om.
2732 5134 2793 5188 B.
2839 5133 2947 5188 "B
2973 5149 3114 5190 corr.
3135 5131 3493 5187 intellectibus.
3573 5133 3617 5164 ¹⁹
3658 5130 3756 5185 Sic
3775 5130 3838 5195 C,

551 5250 607 5297 et
622 5259 764 5298 corr.
793 5243 880 5307 B',
904 5244 992 5297 AB
1013 5244 1166 5299 sicut.

552 5314 781 5369 divinae.
857 5315 904 5346 “
924 5315 1014 5368 Sic
1039 5315 1098 5376 C,
1130 5316 1172 5370 Β
1198 5315 1313 5370 rad.
1345 5314 1488 5370 corr.

1269 5245 1314 5323 '_°
1353 5245 1395 5299 Β
1423 5247 1721 5323 diﬁinitum.
1799 5246 1860 5323 ’_‘_
1882 5245 2027 5323 prius
2061 5250 2284 5323 om._A.
2316 5251 2658 5323 r_”_quaeque
2697 5245 2894 5323 om.B.
2972 5245 3020 5280 ⁸⁸
3054 5245 3295 5323 Andipini
3329 5245 3544 5323 mentis,
3572 5240 3611 5296 C
3642 5245 3837 5323 mentis

1517 5317 1737 5386 primae.
1813 5315 1860 5348 ³⁸
1886 5317 2008 5386 suis
2037 5331 2147 5370 om.
2171 5319 2232 5373 Β.
2311 5320 2367 5386 “7
2395 5314 2585 5376 B'radI
2612 5335 2756 5375 corr.
2785 5321 3018 5374 virtutes.
3093 5316 3137 5349 ’⁷
3181 5314 3222 5368 Β
3254 5315 3370 5386 rad.
3415 5330 3556 5386 corr.
3603 5316 3836 5386 mediae.

551 5384 600 5415 ⁸⁸
641 5385 682 5437 Β
709 5386 824 5440 rad.
853 5400 997 5440 corr.
1029 5385 1264 5440 ultimae.
1339 5388 1386 5420 ”
1424 5387 1464 5439 Β
1493 5384 1581 5442 ad.
1613 5401 1784 5458 marg.
1829 5385 2006 5442 adscr.
2048 5387 2257 5446 habent.
2335 5385 2379 5423 ’δ
2420 5391 2509 5448 Sic
2537 5392 2643 5457 AC,
2689 5390 2730 5443 Β
2753 5389 3080 5483 prppriorum
3114 5387 3302 5460 (punct
3325 5384 3387 5440 Β⁴
3423 5385 3530 5456 adj.
3565 5384 3832 5456 videtur).

555 5481 596 5512 ³⁸
637 5481 788 5551 Conj.
816 5521 832 5547 ,
878 5483 965 5536 AB
1003 5484 1058 5566 in
1088 5483 1340 5554 profetica

2078 5555 2326 5614 NOTAE.

602 5633 628 5696 ξι
654 5622 743 5677 Sic
765 5623 829 5687 A;
848 5623 888 5680 Β
905 5624 1099 5680 litteris
1120 5626 1358 5682 miniatis
1377 5643 1388 5679 :
1409 5624 1707 5696 Capitulum
1728 5627 2141 5682 tertiodecimum

675 5703 983 5767 atramento
1001 5712 1147 5750 corr.
1175 5697 1468 5766 duodecim)
1486 5690 1641 5767 cujus
1667 5698 1848 5752 titulus
1871 5715 1889 5753 :
1910 5697 2086 5764 Quare
2109 5717 2142 5754 a

554 5761 833 5834 Seraphim
881 5765 1075 5819 dicitur
1111 5778 1364 5839 purgatus
1421 5761 1580 5838 fuisse
1632 5771 1881 5840 propheta
1918 5761 2136 5826 V'Ysaias.

2246 5631 2306 5685 Β·
2328 5631 2491 5687 verba
2517 5647 2546 5683 a
2573 5622 3461 5703 Seraphim—YsatasIobliteravit,
3485 5619 3837 5703 marginique

2246 5704 2420 5759 adscr.
2453 5703 2584 5756 haec
2610 5718 2620 5752 :
2654 5697 2923 5754 haminum
2944 5697 3178 5752 ierarche
3200 5704 3450 5749 vocantur
3470 5697 3662 5764 angeli.
