3984 5514
207 469 320 537 235

207 597 622 714 similitudinem,
663 629 917 685 quantum
973 631 1217 697 possibile
1259 638 1574 714 hominibus,
1603 662 1782 710 cxten-

973 692 982 697 ν
1304 692 1574 714 ,,-__----c-,
1603 692 1780 710 .-.ιη-

205 699 338 746 tum.
371 692 447 761 Si,
479 697 668 771 inquit,
703 723 892 768 omnes
941 717 1105 777 divini
1137 727 1303 785 animi
1357 735 1470 792 sive
1521 743 1780 804 caelestes

192 1343 448 1460 qpantbm
471 1350 726 1415 possibile
745 1368 830 1413 est
849 1359 1073 1423 homini.
1101 1370 1170 1428 Ut
1198 1377 1339 1431 enim
1371 1343 1619 1440 hom—ini;

1116 1425 1166 1428 _-
1683 1425 1764 1446 ,υ-

187 1425 379 1493 pbetae
426 1447 555 1493 sunt
609 1458 942 1510 summorum
990 1463 1162 1532 angeli
1210 1466 1230 1498 ³
1271 1425 1764 1545 εαεετᾱοιυιη,νὶιε

1061 1524 1089 1532 ν
1343 1524 1356 1526 -
1372 1524 1414 1527 --
1432 1524 1630 1545 v-v'_.--,
1690 1524 1762 1539 ιιι-1

188 1524 378 1578 summi
407 1533 718 1593 sacerdotes
761 1542 1007 1607 homines
1044 1553 1360 1618 inferiorum
1388 1582 1446 1622 se
1466 1572 1762 1641 prophetae

188 1623 304 1641 Qun.
335 1616 358 1641 Α
389 1622 526 1641 Α-ΑῘΑ
569 1625 580 1638 ⁸
659 1631 689 1641 ν’

1389 1616 1444 1622 _-
1466 1616 1760 1641 rerum-..

186 1623 308 1668 sunt
335 1616 358 1646 ⁸
383 1622 879 1692 ecclesiasticorum
922 1645 1190 1703 ordinum.
1214 1651 1281 1707 Et
1309 1663 1760 1725 quemadmodum

185 1708 353 1815 angeli
402 1713 583 1774 divina
634 1732 890 1796 mysteria
933 1742 1160 1798 summis
1181 1751 1553 1810 sacerdotibus
1581 1762 1758 1815 mani-

689 1792 703 1796 _
1063 1792 1156 1798 ﬂ---
1181 1792 1553 1810 _---....,......s
1581 1792 1758 1815 ..ωηι-

184 1792 396 1867 leStant,
425 1805 480 1861 id
509 1820 592 1866 est
621 1822 964 1891 annuntiant,
996 1831 1185 1889 eadem
1214 1837 1564 1901 similitudine
1609 1865 1758 1906 sum-

182 1887 249 1941 mi
277 1889 300 1921 ⁸
328 1899 639 1960 sacerdotes
667 1911 857 1968 eadem
899 1923 1158 1989 mysteria
1189 1926 1533 1993 inferioribus
1575 1955 1632 1997 se
1653 1959 1753 1998 an-

180 1982 425 2040 nuntiare
451 2004 557 2046 non
578 2011 814 2057 cessant.

896 2436 922 2443 ,
1093 2436 1122 2452 υ
1314 2436 1407 2445 _-.
1458 2436 1741 2469 ,υωηυιιη

172 2436 287 2549 quia
317 2440 562 2504 invenies
591 2458 820 2516 eandem
851 2465 1174 2541 theologiam
1219 2480 1346 2536 deos
1389 2498 1584 2545 vocare
1624 2507 1746 2549 cae-

951 2520 1174 2541 c,-o-..-..
1219 2520 1346 2536 uuva
1397 2520 1584 2545 νυισιισ
1624 2520 1744 2549 Ui“:-

173 2520 323 2584 lestes
343 2540 612 2598 essentias
641 2555 696 2601 et
724 2549 991 2624 homines,
1024 2564 1148 2631 quia
1176 2571 1336 2627 amici
1374 2574 1466 2630 Dei
1497 2590 1641 2636 sunt.
1685 2582 1744 2639 Si

173 2630 291 2691 ergo
317 2623 567 2688 homines
601 2637 675 2693 dii
703 2655 983 2715 vocantur,
1010 2655 1139 2722 quid
1164 2661 1380 2730 mirum,
1408 2669 1454 2722 si
1493 2671 1744 2732 dicantur

171 2717 353 2772 summi
375 2726 689 2785 sacerdotes
735 2737 909 2807 angeli
929 2742 952 2795 ?
976 2717 1045 2797 Ei
1069 2751 1276 2817 quidem
1307 2757 1327 2786 ⁷
1357 2758 1532 2816 divina
1559 2766 1741 2822 obscu-

811 2802 832 2807 ν
1079 2802 1092 2817 1
1145 2802 1148 2803 ,
1201 2802 1273 2807 ---ν
1357 2802 1532 2816 πυνιυιιο
1559 2802 1738 2822 ννουω·

169 2802 308 2861 ritate
329 2809 351 2840 ⁸
371 2826 878 2886 superessentialiter
914 2835 1072 2891 simul
1094 2846 1334 2902 omnibus
1367 2861 1415 2905 et
1441 2868 1638 2914 remota
1691 2873 1738 2917 et

167 2902 568 2966 supercollocata
605 2930 786 2972 eorum
818 2921 1011 2996 ’,quae
1036 2943 1176 3000 sunt,
1201 2939 1405 2996 nullum
1441 2946 1611 3003 simile
1653 2969 1743 3007 va-

170 2985 226 3007 ,,_
413 2999 424 3007 .

849 2985 855 2986 ί
888 2985 901 2996 _
1122 2985 1176 3000 μ,
1202 2985 1405 2996 --.ν--..ην
1441 2985 1608 3003 νυιησυ
1655 2985 1738 3007 νισ-

165 2985 227 3042 let
246 2999 452 3067 proprie
472 3012 521 3056 et
567 3009 777 3066 omnino
807 3014 850 3046 ¹⁰
880 3018 944 3072 ab
986 3039 1047 3077 ea
1079 3025 1119 3058 ¹⁸
1143 3033 1423 3090 nominari.
1451 3039 1507 3092 ln
1532 3049 1738 3102 tantum

166 3083 297 3140 enim
313 3090 498 3148 divina
531 3097 744 3160 bonitas
763 3109 971 3166 occulta
989 3125 1070 3171 est
1086 3127 1140 3173 et
1168 3121 1452 3184 invisibilis
1471 3141 1525 3186 et
1551 3150 1740 3207 super-

166 3181 457 3207 Ωὲρηηιέιιίἔ-
514 3199 557 3207 -.
652 3194 665 3207 ι
875 3201 907 3207 --

1409 3181 1448 3184 -_
1476 3181 1523 3186 --
1551 3181 1702 3207 --,.-.

163 3181 460 3240 essentialis
506 3199 562 3243 et
617 3194 684 3250 ab
741 3201 994 3259 omnibus
1028 3221 1254 3281 remota,
1290 3224 1348 3271 ut
1393 3220 1600 3278 nullum
1631 3228 1737 3282 sibi

162 3267 324 3328 simile
344 3276 442 3343 sit,
474 3285 618 3351 quod
664 3289 732 3344 ab
787 3307 850 3348 ea
893 3302 1112 3370 proprie
1149 3307 1323 3364 valeat
1371 3312 1729 3390 denominari,

162 3368 211 3390 ιιι
233 3361 373 3390 Ihm—-
410 3386 471 3390 -κ
578 3378 590 3390 ⁸
774 3386 786 3390 ‘
890 3389 893 3390 '

161 3368 212 3414 ut
233 3361 375 3424 Deus
409 3378 625 3444 proprie
646 3391 739 3437 aut
772 3361 1110 3452 bonitas-aut
1136 3402 1337 3460 veritas
1365 3407 1597 3468 dicatur.
1637 3363 1733 3471 Ve:

159 3469 444 3565 tamtamen
474 3485 809 3548 quaecunque
835 3481 876 3513 “
900 3494 946 3538 et
977 3487 1402 3554 intellectualium
1425 3513 1471 3557 et
1496 3509 1730 3565 rationa-

720 3541 731 3548 -
1060 3541 1068 3543 ἡ
1088 3541 1402 3554 ,.---w.'--wuu
1425 3541 1470 3557 ιι
1497 3541 1728 3565 ιιιηυηιι·

157 3541 275 3602 lium
302 3553 374 3606 ad
403 3558 653 3617 unitatem
705 3564 750 3600 ¹³
771 3571 886 3639 ejus
914 3577 1290 3655 qualiscunque
1319 3589 1364 3620 “
1396 3593 1560 3650 virtus
1610 3601 1728 3655 uni-

157 3643 415 3701 rersaliter
468 3654 806 3729 convertitur,
836 3674 885 3719 et
941 3670 1011 3722 ad
1055 3673 1258 3732 divinas
1298 3680 1726 3761 illuminationes,

154 3745 396 3798 quantum
425 3746 671 3810 possibile
703 3745 1173 3821 ",incessabiliter
1197 3775 1517 3845 extendilur,
1543 3799 1729 3840 secun-

159 3820 262 3845 J..---
318 3829 329 3839 '
367 3840 378 3845 Α
431 3841 441 3845 -
609 3841 620 3845 “
646 3841 656 3845 ‘

1123 3820 1130 3821 ,
1201 3820 1483 3831 "mm..."
1501 3820 1517 3845 ,
1543 3820 1727 3840 σπι...-

156 3820 265 3878 dum
281 3829 547 3904 virtutem,
575 3841 620 3894 si
625 3841 836 3911 justum
860 3861 934 3906 est
958 3853 1002 3887 ⁸⁸
1023 3855 1213 3928 dicere,
1243 3863 1420 3921 divina
1442 3869 1727 3930 imitatione

153 3923 196 3966 et
219 3917 390 3978 divina
415 3928 775 3993 univocatione
799 3940 841 3973 ¹⁷
866 3942 1026 4014 digna
1052 3948 1195 4018 facta
1221 3965 1316 4009 est.
1346 3955 1621 4030 Quamvis,
1644 3965 1726 4020 in-

154 4009 278 4076 quit,
315 4014 498 4074 divina
554 4023 893 4089 invisibilitas
922 4009 1294 4107 superexaltet
1345 4051 1557 4118 omnia,
1591 4063 1649 4108 ut
1678 4057 1722 4088 ⁸⁸

153 4100 281 4158 nulla
296 4121 560 4175 creatura
585 4117 655 4173 al)
685 4135 748 4175 ea
781 4129 996 4196 proprie
1030 4132 1210 4189 valeat
1246 4138 1602 4211 denominari,
1631 4163 1724 4204 ve-

154 4202 442 4298 rumtamen
470 4220 828 4282 quaecunque
852 4227 906 4272 et
937 4222 1326 4298 qualiscunque
1357 4233 1530 4290 virtus
1557 4237 1720 4294 intel-

739 4275 756 4282 _
952 4275 972 4290 _
1068 4275 1325 4298 “we.--
1368 4275 1530 4290 ........
1557 4275 1720 4294 ..ην--

151 4275 379 4347 lectualis
420 4304 474 4349 et
506 4301 788 4361 rationalis
828 4310 894 4364 ad
918 4314 1174 4372 unitatem
1201 4320 1316 4392 ejus
1342 4326 1720 4389 universaliter

150 4385 488 4453 convertitur,
514 4401 570 4446 et
597 4394 667 4448 ad
682 4396 1104 4462 illuminationes
1125 4409 1262 4478 ejus,
1279 4426 1542 4485 quantum
1564 4438 1718 4480 crea-

152 4474 289 4528 turae
315 4483 568 4547 possibile
592 4487 638 4524 ¹⁹
651 4498 755 4558 est,
789 4493 1157 4558 indesinenter
1172 4509 1496 4580 extenditur,
1526 4531 1718 4576 secun-

150 4561 260 4619 dum
286 4584 436 4628 suam
465 4577 746 4649 virtutem,
767 4585 812 4641 si
833 4586 918 4645 fas
940 4600 1025 4648 est
1045 4594 1245 4665 dicere,
1279 4601 1436 4676 digna
1465 4606 1606 4666 facta
1634 4624 1717 4670 est

368 4666 380 4676 .
443 4670 454 4676 -
548 4671 559 4676 -

1230 4653 1242 4665 ι
1284 4653 1436 4676 -“σ“’““
1465 4653 1606 4666 ““⁹“ν’“⁴
1635 4653 1710 4670 νυ.

149 4653 314 4716 divina
366 4666 669 4730 imitatione
721 4687 775 4733 et
815 4679 992 4740 divina
1014 4689 1412 4764 univocatione,
1459 4701 1562 4758 hoc
1605 4715 1710 4774 est,

150 4745 303 4774 A:..:_._
391 4760 403 4772 ο
467 4762 540 4774 ...γ
606 4766 639 4774 .-

1189 4745 1201 4746 ,
1461 4745 1562 4758 ..νυ
1606 4745 1709 4774 ναι,

148 4745 310 4808 divina
361 4760 716 4824 similitudine
770 4779 823 4826 et
883 4774 1064 4833 divino
1125 4786 1363 4842 nomine.
1419 4788 1709 4853 lneﬁ‘abilis

147 4837 392 4911 siquidem
448 4856 663 4915 divinae
722 4861 980 4924 bonitatis
1032 4869 1248 4944 largitas
1307 4883 1555 4942 omnibus
1620 4889 1705 4945 in-

763 493 1258 571 EXPOSITIONES
1299 517 1523 580 SUPER
1561 522 1984 598 IEBARCHIAM
2017 545 2428 617 CAELESTEM
2463 562 2520 620 S.
2561 566 2872 634 DlONYSll.

3351 595 3455 655 ΞΜ

1806 660 1859 721 Α
1887 663 2282 730 tellectualibns
2328 685 2383 732 et
2421 683 2769 748 rationalibus
2810 696 3100 758 animis'm
3127 719 3187 761 se
3232 712 3452 769 univer-

1883 755 2066 813 saliter
2093 767 2368 824 conversis
2389 780 2444 825 et
2477 774 2680 846 absque
2726 781 3127 850 intermissione
3146 803 3377 860 extentis
3406 807 3454 840 ³⁸

1879 855 1932 899 et
1993 853 2395 917 Siliililllldlﬂelll
2458 881 2611 923 suam
2659 872 2965 945 impertitur
3005 893 3060 940 et
3109 877 3467 954 vocabulum.“

2310 997 2803 1070 CAPITULUM
2855 1017 3008 1076 Xlll.

2384 1113 2548 1185 Cujus
2579 1121 2765 1181 titulus
2792 1136 2876 1184 est
2897 1148 2912 1185 :

1946 1211 2120 1278 Quare
2145 1236 2176 1273 a
2207 1220 2480 1296 Seraphim
2736 1253 2988 1349 ἱππασίας
3012 1250 3177 1319 fuisse
3199 1259 3449 1330 propheta

2575 1321 2716 1361 εαιαε
2740 1321 2766 1349 ⁸
2787 1321 2853 1366 ¹¹.

1939 1397 1966 1468 §
2031 1439 2044 1453 .
2061 1407 2186 1472 Age,
2213 1410 2377 1464 ethoc
2400 1418 2687 1474 secundum
2712 1426 2951 1484 virtutem
2971 1433 3334 1508 inspiciamus,
3358 1454 3448 1500 ut-

1866 1487 1998 1564 quid
2017 1508 2048 1542 a
2079 1494 2327 1565 theologis
2357 1499 2628 1572 Seraphim
2660 1512 2851 1569 missus
2872 1487 3444 1604 fuissedicalurfhg'e,

1866 1575 2056 1648 inquit,
2083 1587 2222 1652 quod
2253 1589 2303 1620 "
2339 1603 2558 1652 nostrae
2583 1575 2930 1671 disputationi
2958 1611 3116 1681 objici
3167 1575 3444 1688 potestfsi

1866 1672 2098 1731 humana
2126 1679 2390 1740 ierarehia
2418 1703 2515 1758 per
2556 1695 2906 1755 novissimum
2957 1705 3205 1766 ordinem
3261 1715 3442 1771 caele-

1863 1764 2023 1819 stium
2049 1767 2324 1839 virtutum,
2349 1778 2439 1846 qui
2457 1784 2669 1852 proprie
2690 1789 2966 1858 angelicus
2986 1806 3230 1866 vocatur,
3256 1801 3441 1875 dispoo

1861 1856 2026 1923 nitur,
2063 1870 2120 1914 ut
2140 1864 2364 1932 praelati
2388 1885 2595 1939 sumus,
2617 1856 2785 1946 quare
2807 1879 3110 1955 Seraphim,
3135 1906 3274 1948 unus
3295 1856 3442 1950 vitle-

1860 1945 1987 2002 licet
2021 1964 2088 2004 ex
2111 1968 2336 2011 numero
2371 1961 2580 2028 primae
2626 1945 2945 2039 ierarehiae,
2971 1990 3166 2048 purgat
3205 1984 3426 2054 prophe-

1783 2029 1832 2088 B
1861 2039 2005 2092 tam?
2025 2038 2157 2097 lllud
2178 2047 2321 2100 enim
2347 2049 2413 2102 ad
2439 2055 2659 2123 angelos
2687 2061 2937 2128 pertinet.
2963 2029 3434 2132 buaurationerhOc

1852 2146 1883 2184 a
1913 2132 2174 2205 theologis
2203 2138 2404 2196 dictum
2421 2145 2516 2210 sit,
2534 2144 2692 2213 juxta
2715 2153 2972 2211 virtutem
2999 2169 3218 2218 nostrae
3239 2165 3437 2222 intelli-

1849 2224 2062 2292 gentiae
2101 2242 2446 2296 quaeramus.
2473 2236 2752 2309 Siquidem
2784 2261 2893 2301 non
2915 2258 3059 2304 esset
3079 2255 3347 2322 quaestio,
3385 2259 3434 2313 si

1849 2328 1954 2368 non
1985 2315 2353 2390 deliniremus,
2385 2343 2561 2398 neque
2590 2331 2876 2406 Seraphim
2897 2339 3184 2400 inferiores
3207 2348 3435 2407 virtutes

1847 2423 2003 2478 posse
2034 2411 2081 2443 ”
2114 2417 2401 2486 nominari,
2437 2437 2613 2495 neque
2638 2426 2686 2458 “
2715 2429 2818 2485 nisi
2846 2432 2893 2463 "
2917 2449 3014 2503 per
3039 2448 3313 2496 extremos
3337 2455 3434 2496 an-

1847 2501 1993 2571 gelos
2015 2514 2256 2563 nostram
2288 2511 2610 2572 ierarehiam
2637 2521 3029 2581 administrari.
3064 2527 3218 2596 Quod
3248 2546 3435 2588 conse-

1845 2606 2074 2663 quenter
2122 2601 2461 2675 subjungitur
2509 2624 2523 2663 :
2576 2609 2782 2668 Etenim
2819 2630 3096 2688 exponeret
3129 2625 3430 2695 quisquam,

1841 2689 1966 2756 quia
1997 2707 2098 2746 non
2119 2697 2501 2765 suppositarum
2522 2704 2638 2771 quis
2663 2708 2987 2777 angelorum,
3027 2713 3118 2767 sed
3141 2689 3292 2770 unus
3311 2689 3429 2789 qui;

1843 2777 1964 2832 dam
1991 2783 2233 2840 maximis
2270 2787 2317 2821 ”
2343 2793 2577 2846 essentiis
2609 2795 2664 2848 in
2689 2800 2917 2853 numeris
2964 2814 3154 2874 purgat
3187 2807 3431 2862 sacerdo-

1842 2879 1962 2926 tem.
1984 2872 2168 2930 Potest
2201 2885 2255 2932 et
2302 2881 2382 2936 sic
2409 2883 2753 2955 interpretari
2786 2890 3036 2948 :Etenim
3070 2872 3429 2967 responderet

1842 2966 2231 3036 unusquisque,
2264 2973 2388 3040 quia
2421 2990 2526 3030 non
2546 2977 2915 3047 subjectorum
2937 2985 3058 3054 quis
3084 2988 3423 3058 angelorum,

1841 3055 1935 3109 sed
1966 3056 2080 3127 ipse
2113 3058 2416 3131 Seraphim,
2442 3067 2692 3124 videlicet
2712 3071 2804 3140 qui
2835 3073 2880 3104 "
2904 3083 2989 3130 est
3026 3077 3080 3131 in
3129 3055 3424 3136 honorabi-

1841 3145 2062 3205 lissimis
2113 3155 2492 3214 essentialibus
2541 3163 2803 3228 numeris,
2832 3175 3029 3236 purgat
3076 3170 3419 3240 prophetam.

1842 3238 1991 3295 Unus
2008 3249 2184 3298 tamen
2201 3246 2504 3305 intellectus
2516 3262 2600 3306 est
2620 3255 2899 3325 utriusque
2923 3257 3418 3331 interpretationis;

1758 3383 1806 3450 c
1839 3348 1964 3388 nam
1987 3339 2266 3414 ἀπορήσειε
2295 3340 2341 3372 ’³
2369 3351 2544 3411 potest
2571 3345 2922 3417 interpretari
2950 3360 3006 3406 et
3029 3365 3328 3424 exponeret
3365 3365 3420 3412 et

1836 3430 2188 3498 responderet
2216 3435 2282 3500 ",
2307 3442 2569 3514 προφήτης
2595 3437 2640 3470 ³⁸
2669 3441 2918 3499 similiter
2961 3453 3018 3501 et
3066 3449 3320 3506 sacerdos
3363 3460 3419 3506 et

1832 3519 2116 3587 propheta.

1903 3608 1996 3681 §2.
2020 3611 2246 3677 Quidam
2261 3632 2382 3689 ergo
2397 3622 2566 3689 aiunt,
2588 3625 2713 3693 quia
2717 3625 2874 3695 juxta
2879 3645 2996 3698 1am
3011 3641 3131 3688 ante
3158 3634 3416 3690 redditam

1830 3710 2134 3757 cunctorum
2178 3705 2529 3764 intellecturum
2561 3715 2824 3770 societatis
2879 3718 3236 3787 deﬁnitionem
3257 3763 3272 3789 ,
3308 3739 3413 3778 non

1828 3805 1988 3845 unam
2015 3795 2155 3848 circa
2184 3796 2352 3852 Deum
2396 3803 2688 3870 primarum
2735 3809 2986 3864 mentium
3033 3814 3268 3868 nominat
3307 3815 3414 3870 elo-

1827 3883 2009 3952 quium
2037 3885 2092 3939 in
2124 3888 2350 3958 theologi
2381 3896 2741 3963 purgationem
2767 3899 2979 3965 venisse,
3004 3902 3264 3971 quendam
3295 3921 3412 3960 vero

1824 3977 2200 4041 praestantium
2222 3980 2366 4034 nobis
2379 3984 2706 4054 angelorum,
2733 3991 3117 4059 sacriﬁcantem
3130 3997 3414 4066 prophetae

1824 4068 2202 4135 purgationem,
2231 4070 2504 4142 Seraphim
2520 4080 2938 4149 aequiuocatione
2955 4096 3193 4140 vocatum
3219 4087 3407 4156 fuisse,

1822 4167 2033 4228 propter
2061 4161 2267 4231 igneam
2287 4175 2335 4218 et
2361 4166 2635 4224 caelestem
2658 4171 2919 4256 dictorum
2943 4175 3255 4233 oblationem
3282 4198 3398 4262 pec;

1823 4259 2058 4304 catorum
2084 4263 2131 4306 et
2155 4257 2365 4325 purgati
2407 4258 2462 4312 in
2503 4260 2733 4316 divinam
2755 4264 3100 4321 obedientiam
3123 4273 3398 4328 resuscita-

1822 4341 2031 4397 tionem.
2048 4343 2221 4412 Hanc,
2235 4347 2384 4414 dicit,
2398 4352 2768 4419 quaestionem
2783 4355 3002 4425 quidam
3023 4358 3211 4415 volunt
3224 4363 3400 4434 expla«

1820 4447 1952 4487 nare
1987 4433 2247 4502 dicentes,
2280 4439 2403 4508 quia
2421 4437 2578 4508 juxta
2617 4453 2742 4499 ante
2768 4446 3037 4502 redditam
3068 4447 3134 4504 ab
3161 4451 3260 4516 eis,
3291 4433 3400 4508 non

1819 4538 1851 4577 a
1879 4524 2053 4590 nobis,
2083 4529 2324 4583 omnium
2371 4531 2685 4590 caelestium
2728 4536 3100 4596 intellectuum
3125 4541 3401 4600 deﬁnitio-

1818 4632 1943 4673 nem
1965 4618 2241 4677 SOcietatis
2260 4651 2332 4664 --
2355 4623 2544 4681 dicunt
2573 4629 2739 4696 enim,
2771 4633 2913 4700 quod
2941 4635 3121 4691 cuncti
3141 4635 3402 4694 caelestes

1818 4709 2121 4769 intellectus
2181 4723 2362 4772 tantae
2410 4719 2690 4777 societatis
2741 4731 2886 4789 sunt,
2918 4732 2978 4779 ut
3024 4735 3079 4782 et
3126 4742 3315 4785 omnes
3345 4739 3403 4785 et

1819 4804 2013 4874 singuli
2059 4809 2299 4864 omnium
2350 4819 2405 4866 et
2456 4812 2791 4884 singulorum
2839 4818 3299 4876 nominationibus
3348 4830 3402 4878 et

1813 4898 2175 4956 communiter
2216 4901 2633 4973 appellentur—
2657 4923 2764 4966 non
2793 4923 2958 4964 unum
2989 4926 3059 4968 ex
3079 4913 3210 4984 ipsis
3241 4911 3398 4968 Sera-

1406 4973 1662 5038 VARLAE
1699 4985 2109 5047 LECTIONES.

208 5031 479 5130 :ﬁ‘ﬂg’
503 5041 584 5130 ,θ’
623 5061 688 5116 P"
691 5063 850 5130 ⁰.¹1¹⁴α
877 5050 939 5130 εδίὲ
975 5072 1146 5130 mars-
1171 5076 1310 5119 corr.

147 5102 429 5172 angelorum
445 5151 460 5177 ,

144 5190 319 5273 ιξζιερεε.
429 5203 452 5235 ⁸
489 5204 534 5258 Α
579 5190 1028 5273 ἶάέίςίὲιιηέῆιί.

145 5261 331 5353 divinae
367 5273 667 5353 obscuritati
699 5261 1129 5353 quae.wi-Eoni-

146 5329 182 5409 ξ’
215 5331 273 5387 Β·
303 5354 439 5398 corr.
476 5329 746 5398 animi-Iul:

142 5414 320 5458 Iulium

1342 5067 1502 5142 juxta
1529 5089 1708 5142 quam.

1191 5311 1285 5334 ιιι-η
1326 5314 1338 5318 ⁸

1127 5222 1148 5253 ⁸
1174 5223 1216 5279 Α
1245 5243 1518 5295 supernos.
1585 5235 1638 5286 .7
1677 5236 1812 5276 Ωιι-ι·-
1877 5243 1937 5276 η’

1791 5079 1818 5114 ⁸
1852 5081 1927 5165 Β).
1953 5085 2582 5165 prohominiadmarg.
2620 5097 2800 5153 adscr.
2837 5096 3036 5165 angeli.
3112 5095 3133 5128 '
3168 5094 3324 5165 Cprr.
3355 5093 3402 5146 A

501 5110 544 5166 Β
579 5110 886 5208 angelorum
918 5110 1502 5206 (puncto.
1755 5110 1927 5222 anggli
1953 5110 2292 5221 flii???

2390 5161 2412 5191 ⁸
2444 5161 2557 5219 Sic'
2592 5167 2634 5225 C
2692 5177 2747 5224 et
2805 5161 2948 5219 corr.
3013 5169 3103 5233 B‘,
3151 5163 3239 5217 AB
3284 5177 3402 5232 pro-

2025 5244 2106 5282 an
2154 5251 2300 5304 ηηὶιι.
2379 5251 2401 5282 ⁸
2441 5252 2548 5311 Pro
2591 5254 3130 5366 divinapobsc‘t‘tfilg'tf
