3984 5380
537 468 645 526 255

1910 465 2191 525 JOANNlS
2231 463 2432 521 SCO'l‘l

463 590 479 601 '
536 584 706 655 phim.
735 583 829 640 sed
872 584 1039 639 unum
1065 600 1133 640 ex
1160 584 1386 657 angelis,
1410 585 1500 654 qui
1545 585 1698 640 nobis
1724 591 2002 654 praesunt,
2029 597 2114 637 sa—
2141 584 2189 641 Α
2218 578 2362 648 pbim
2385 575 2629 645 angelum
2642 575 2688 607 ³ο
2707 573 2818 627 ﬁeri
2835 571 3016 641 jussit,
3034 572 3085 626 id
3099 580 3182 626 est
3203 583 3434 642 purgare
3448 564 3800 637 prophetam,

538 673 804 740 crificare,
833 675 888 731 id
917 683 1022 741 est,
1055 692 1284 749 purgare
1312 677 1628 749 prophetam
1649 676 1877 746 theologi
1902 677 2108 742 dicunt,

537 779 791 835 eumque,
846 766 1096 839 angelum
1145 768 1285 834 dico,
1315 769 1555 824 divinum
1581 770 1852 840 eloquium
1898 768 2114 823 nomine

533 854 559 885 ’⁸
587 869 782 912 vocare
819 855 1108 928 Seraphim
1132 861 1155 893 ³
1175 868 1400 932 propter
1433 861 1693 916 fervidam
1737 873 1791 917 et
1824 863 2030 933 igneam
2061 867 2118 915 et

539 947 831 1003 caelestem
873 949 1195 1008 ablationem
1237 964 1603 1024 peccatorum.
1631 955 1732 1010 hoc
1779 965 1882 1021 est,
1916 972 2116 1026 purga-

541 1037 743 1095 tionem
774 1043 1087 1112 prophetae,
1114 1046 1204 1116 qui
1250 1047 1405 1112 dixit,
1434 1063 1492 1102 se
1522 1063 1772 1114 peccasse
1827 1047 1881 1102 in
1939 1047 2120 1102 verbis

542 1130 677 1198 suis,
716 1141 771 1188 et
793 1133 844 1189 in
875 1136 1054 1190 medio
1085 1140 1353 1206 peccantis
1387 1138 1564 1209 populi
1605 1138 1893 1200 habitasse,
1920 1147 1976 1192 et
2002 1137 2122 1194 ideo

543 1234 829 1296 purgatur,
867 1236 928 1282 ut
969 1230 1324 1285 resuscitatur
1345 1229 1368 1261 ⁸
1402 1231 1454 1284 in
1476 1231 1713 1285 divinam
1737 1231 2120 1295 obedientiam,

545 1313 612 1366 ad
644 1317 1102 1384 praedicationem
1147 1318 1438 1376 ~videlicet
1484 1332 1831 1392 peccatorum
1864 1323 2057 1392 popqu
2079 1322 2122 1376 '.

546 1404 620 1460 Ea
653 1406 675 1439 ⁸
723 1408 926 1479 itaque,
957 1411 1246 1482 inquiunt,
1289 1414 1499 1469 ratione
1533 1415 1755 1486 angelus
1798 1416 2126 1483 aequivocus

550 1495 838 1568 Seraphim
867 1499 1040 1560 factus
1058 1512 1159 1571 est,
1192 1514 1250 1558 ut
1270 1520 1368 1574 per
1395 1507 1501 1562 hoc
1530 1506 1953 1578 significaretur,
1983 1507 2127 1576 quod

547 1603 738 1646 omnes
779 1594 1042 1651 caelestes
1088 1596 1318 1653 virtutes
1371 1599 1665 1669 spiritualis
1690 1601 1829 1671 ignis
1847 1601 1953 1653 vim
1990 1601 2128 1656 obti-

549 1690 733 1743 neant.
751 1681 1033 1755 Seraphim
1062 1687 1259 1757 quippe
1280 1697 1374 1744 aut
1391 1691 1770 1755 «incendens»,
1789 1703 1880 1747 aut
1897 1712 1914 1742 ι
1927 1692 2129 1748 (δειρὴ-

549 1774 699 1832 ciens
723 1794 744 1828 υ
787 1776 1177 1846 interpretatur
1199 1796 1214 1845 ;
1239 1780 1490 1837 calefacit
1512 1782 1534 1816 τ
1563 1793 1742 1839 autem
1774 1785 2042 1838 hominem
2074 1792 2129 1838 et

551 1864 787 1923 incendit
809 1869 1200 1942 qualiscunque
1227 1874 1417 1937 virtus,
1451 1891 1551 1946 per
1576 1891 1737 1946 quam
1764 1876 1902 1932 Deus
1937 1885 2129 1947 purgat

549 1971 647 2012 nos
673 1973 702 2011 a
725 1959 937 2016 delictis
964 1964 1190 2029 nostris,
1216 1973 1272 2019 et
1302 1964 1571 2021 illuminat
1601 1978 1835 2022 mentem
1892 1978 2133 2022 nostram

547 2050 847 2119 sapientiae
862 2069 994 2109 suae
1010 2057 1518 2123 supervenientibus
1537 2058 1560 2090 ⁸
1583 2059 1767 2114 radiis.
1789 2057 1856 2111 Et
1870 2059 2132 2130 eloquium

549 2155 712 2195 unum
741 2158 807 2198 ea:
835 2143 1110 2214 Seraphim
1139 2147 1442 2216 simpliciter
1472 2151 1494 2184 ⁹
1532 2150 1729 2204 dixisse
1755 2150 1898 2203 aiunt
1932 2151 1996 2214 ιθ,
2032 2169 2135 2205 non

548 2230 689 2284 circa
734 2231 904 2288 Deum
953 2235 1328 2294 collocuturum
1365 2240 1432 2304 “,
1461 2241 1552 2294 sed
1581 2241 1727 2295 nobis
1757 2243 2134 2312 praestantium

548 2325 943 2393 purgativarutn
989 2329 1258 2386 virtutum.
1292 2331 1366 2387 Ea
1415 2334 1459 2366 “
1492 2334 1698 2388 ratione
1734 2350 1886 2389 suum
1918 2349 2135 2390 sensum

551 2415 868 2486 affirmant,
929 2423 1073 2492 quod
1117 2440 1220 2479 non
1271 2427 1403 2482 dixit
1457 2427 1755 2499 Scriptura,
1783 2445 1944 2482 unum
1993 2429 2138 2483 circa

551 2506 721 2566 Deum
749 2510 1006 2568 virtutum
1061 2531 1318 2586 purgasse
1343 2519 1680 2589 prophetam,
1704 2521 1797 2573 sed
1824 2519 2139 2590 simpliciter

553 2599 762 2670 igneam
775 2605 1046 2672 quandam
1069 2610 1455 2676 praestantium
1489 2612 1642 2666 nobis
1673 2610 1958 2680 Seraphim
1988 2626 2138 2666 voca-

551 2691 652 2756 vit,
674 2708 814 2763 quae
842 2696 1072 2753 mittitur
1084 2699 1345 2758 mundare
1371 2700 1511 2755 labia
1535 2703 1848 2772 prophetae.

628 2851 656 2923 §
693 2853 746 2908 5.
775 2853 921 2908 Alter
945 2865 1118 2910 autem
1150 2873 1254 2911 non
1280 2858 1435 2912 nimis
1462 2857 1890 2926 inconsequenter
1909 2857 1955 2891 "
1973 2873 2141 2927 quan-

557 2945 679 2998 dam
708 2945 752 2976 “
779 2949 1034 3016 praestitit
1064 2950 1190 3004 mihi
1220 2950 1537 3022 apologiam,
1568 2952 1620 3007 id
1645 2951 2136 3013 estdefensionem,

558 3053 682 3108 sape
691 3056 718 3098 r,
723 3045 983 3110 praesenti
997 3044 1272 3109 instantia,
1291 3046 1392 3100 hoc
1405 3054 1576 3111 est,su
1583 3061 1678 3116 per
1690 3046 1958 3116 praesenti
1974 3060 2141 3114 quae-

560 3133 754 3190 stione.
775 3134 1020 3196 Sedillud
1034 3139 1197 3194 alium
1212 3154 1305 3196 seu
1329 3141 1558 3198 alterum
1579 3143 1624 3174 ⁸⁵
1648 3142 1739 3212 qui
1757 3143 1965 3208 sit,sub
1978 3141 2142 3196 silen-

561 3225 639 3279 tio
668 3226 907 3297 reliquit.
931 3230 1188 3302 Apologia
1222 3243 1404 3289 autem
1432 3243 1487 3289 et
1500 3233 1742 3290 defensio
1763 3243 1818 3289 et
1839 3232 2142 3290 satisfactio

564 3316 908 3388 interpretari
926 3324 1215 3392 potest.Ait
1227 3325 1383 3392 enim,
1400 3327 1521 3397 quia
1538 3329 1803 3398 propriam
1814 3329 2145 3398 purgatioans

561 3410 999 3478 sacrificationem
1047 3431 1268 3486 magnus
1301 3417 1403 3482 ille,
1446 3419 1534 3488 qui
1561 3429 1684 3474 tunc
1733 3429 1862 3478 erat.
1899 3422 2146 3476 visionem

566 3497 802 3566 formans
837 3502 1071 3572 angelus,
1098 3506 1152 3558 in
1201 3506 1492 3561 docendum
1532 3508 1707 3562 diuina
1750 3508 2065 3579 theologum,
2089 3512 2145 3564 in

565 3589 733 3646 Deum
751 3602 801 3647 at
825 3603 938 3663 post
963 3593 1132 3649 Deum
1153 3597 1208 3650 in
1239 3601 1704 3668 praeoperatricem
1729 3600 2038 3654 ierarchiam
2069 3618 2148 3656 re-

562 3685 758 3754 posuit.
815 3686 977 3754 Dicit,
1007 3686 1205 3758 inquit,
1233 3691 1358 3758 quia
1399 3706 1627 3762 magnus
1663 3692 1752 3748 ille
1782 3694 2024 3763 angelus,
2053 3694 2148 3764 qui

565 3774 818 3833 formavit
837 3779 1099 3836 visionem
1126 3782 1180 3838 in
1202 3782 1516 3853 prophetico
1543 3785 1753 3854 spiritu,
1788 3795 1842 3840 et
1871 3786 2146 3856 purgatio-

564 3883 690 3926 nem
712 3870 978 3930 labiorum
1003 3873 1122 3944 ejus
1146 3877 1502 3943 sacriﬁcavit,
1533 3894 1656 3935 eum
1686 3881 1867 3935 docuit
1895 3879 1938 3911 ¹⁶
1965 3879 2146 3934 divina

564 3972 882 4034 praecepta;
932 3966 1000 4024 ad
1053 3967 1158 4025 hoc
1195 3969 1344 4028 enim
1397 3970 1707 4042 theologus,
1739 3971 1856 4042 ipse
1899 3970 2152 4027 videlicet

565 4053 752 4124 isaias,
769 4061 1045 4130 propriam
1061 4062 1104 4096 ι’
1118 4063 1385 4120 actionem
1399 4065 1736 4136 purgationis
1752 4081 1857 4121 non
1872 4065 1974 4121 sibi
1989 4065 2091 4134 ipsi
2103 4063 2154 4100 ⁸⁸
2187 4117 2190 4120 .

563 4151 830 4222 reposuit,
845 4152 895 4209 id
910 4164 1014 4222 est,
1027 4155 1499 4227 deputavit”,seo
1513 4157 1648 4224 Deo,
1666 4159 1756 4228 qui
1771 4162 2012 4214 omnium
2031 4173 2159 4228 pur-

565 4246 842 4315 gationum
890 4247 1106 4306 initium
1151 4261 1270 4319 est;
1309 4260 1366 4308 et
1401 4252 1456 4307 in
1501 4253 1620 4323 ipsa
1660 4253 1832 4323 prima
1861 4251 2152 4315 ierarchia,

563 4352 663 4407 De?
709 4353 872 4408 (luam
913 4341 1062 4398 Deus
1107 4352 1596 4414 praeoperaretur,
1637 4352 1694 4399 et
1733 4347 1788 4398 in
1831 4343 2032 4399 ceteris
2068 4355 2157 4396 se-

571 4431 862 4500 quentibus
896 4433 1224 4490 caelestibus
1261 4435 1548 4490 ierarchiis
1575 4443 1631 4489 et
1670 4433 1921 4488 humanis
1949 4446 2153 4502 purga-

569 4521 768 4578 tor-iam
793 4521 1010 4594 perﬁcit
1035 4524 1314 4582 virtutem.
1356 4525 1511 4595 Quod
1531 4538 1660 4598 ergo
1689 4523 1831 4580 Deus
1861 4538 1958 4595 per
1991 4522 2153 4578 Sera-

2213 682 2317 720 nou
2352 667 2448 734 ipsi
2486 666 2702 735 angelo,
2742 664 2831 732 qui
2872 662 3033 721 fecit.
3079 662 3172 717 sed
3221 661 3329 714 Deo
3375 656 3626 712 attribuit
3665 654 3709 685 "
3746 659 3805 705 et

2216 761 2390 830 ipsum
2414 767 2459 798 ι’
2505 759 2788 829 Serapbim
2815 773 3074 829 purgasse
3098 755 3226 809 dicit
3254 751 3597 824 prophetam.
3626 748 3805 814 Quem

2217 868 2434 907 sensum
2480 852 2668 905 beatus
2717 851 3001 922 Dimysius
3049 846 3208 902 veluti
3253 860 3407 899 suum
3453 840 3704 912 sequitur
3750 845 3808 891 et

2220 945 2499 1012 approbat.
2548 942 2829 996 Subnectit
2870 941 3065 1010 quippe
3102 959 3113 991 :
3170 934 3232 990 Et
3267 934 3519 1006 numquid
3551 932 3597 963 “
3645 931 3809 1001 igitur

2222 1033 2348 1086 haec
2396 1033 2527 1086 ratio
2563 1048 2715 1085 verax
2746 1031 2856 1084 est?
2885 1031 2963 1082 Att
3008 1030 3143 1081 enim
3186 1027 3272 1097 qui
3313 1025 3358 1057 “
3397 1027 3496 1076 hoc
3549 1021 3710 1080 dixit,
3754 1017 3810 1072 id

2223 1136 2325 1187 est,
2351 1127 2441 1195 qui
2476 1127 2614 1179 hunc
2643 1141 2856 1178 sensum
2903 1122 3122 1193 protulit
3154 1135 3167 1172 :
3222 1118 3495 1184 Quomodo
3534 1113 3586 1147 ⁸³
3628 1112 3812 1166 diuina

2225 1221 2386 1274 virtus
2417 1221 2468 1273 in
2499 1219 2672 1271 omnia
2709 1217 2915 1271 veniens
2955 1213 3153 1284 implet,
3193 1210 3449 1267 subaudis
3498 1206 3721 1269 omnia,
3762 1214 3812 1258 et

2225 1329 2316 1383 per
2345 1311 2392 1344 "
2425 1313 2598 1365 omnia
2636 1308 3128 1364 intmcnsurabiliter
3155 1305 3378 1377 pervenit
3407 1303 3475 1366 ³⁷,
3498 1311 3546 1357 et
3569 1299 3812 1355 omnibus

2227 1407 2414 1459 iterum
2455 1416 2528 1459 est
2555 1404 2858 1468 invisibilis,
2891 1419 2990 1455 non
3014 1400 3181 1454 solum
3215 1398 3364 1469 quasi
3381 1395 3431 1429 ⁸⁸
3468 1395 3530 1448 ab
3571 1394 3812 1448 omnibus

2227 1497 2734 1567 superessenfialiter
2787 1504 3005 1554 remota,
3062 1492 3151 1546 sed
3200 1503 3246 1545 et
3311 1488 3462 1562 quasi
3512 1486 3716 1540 occulte
3761 1486 3815 1537 in

2227 1586 2402 1640 omnia
2432 1587 2730 1652 permittens
2751 1585 2992 1655 providos
3007 1601 3130 1637 suas
3145 1583 3469 1652 operatione:
3489 1621 3503 1642 ,
3526 1579 3621 1634 sed
3640 1589 3816 1630 tamen

2228 1689 2275 1732 et
2314 1679 2551 1732 omnibus
2583 1677 2628 1709 ¹⁹
2671 1677 3104 1731 intellectualibus
3147 1675 3609 1745 proportionaliter
3643 1671 3688 1703 ³ο
3726 1688 3814 1724 stt-

2228 1769 2477 1840 perlucet,
2503 1780 2551 1823 et
2578 1771 2843 1841 propriam
2875 1769 3309 1822 illuminationem
3344 1769 3587 1836 ingerens
3626 1765 3820 1830 pretio-

2231 1865 2452 1918 sissimis
2481 1865 2738 1927 essentiis,
2765 1880 2857 1932 per
2883 1881 2970 1916 cas
2997 1864 3146 1932 quasi
3176 1861 3371 1930 primas
3403 1859 3458 1912 in
3485 1858 3818 1912 submunitas

2166 1952 2211 2011 Β
2239 1970 2292 2009 se
2318 1954 2362 1986 ⁸¹
2393 1954 2516 2008 bene
2548 1965 2729 2008 ornate
2765 1953 3047 2014 distribuit,
3091 1951 3372 2006 secundum
3407 1947 3822 2018 uniuscujusque

2235 2049 2589 2116 dispositionis
2619 2047 3068 2116 contemplativam
3109 2045 3570 2098 mensurationcm.
3617 2041 3824 2096 Laudat

2236 2142 2432 2211 quippe
2457 2148 2515 2195 et
2541 2140 2698 2194 docet
2731 2139 2965 2194 divinam
2997 2139 3250 2191 virtutem
3291 2137 3342 2190 in
3377 2135 3561 2190 omnia
3600 2133 3825 2188 venien-

2239 2240 2368 2296 tem,
2409 2240 2464 2285 et
2503 2230 2809 2299 implentem
2860 2229 2905 2260 ⁸⁸
2952 2229 3230 2291 omnia,et
3271 2227 3452 2281 omnia
3503 2223 3722 2282 iulini':
3749 2220 3825 2278 sui

2239 2323 2522 2378 dilfusione
2541 2323 2579 2353 ”⁹
2597 2331 2988 2392 penetrantem,
3016 2322 3140 2376 dum
3165 2320 3495 2375 sitornnibus
3513 2319 3826 2384 invistuttil.

2239 2415 2490 2483 quoniam
2522 2412 2986 2484 superessentialis
3010 2421 3094 2466 est
3124 2420 3179 2466 ct
3211 2409 3562 2464 ab'o‘mnibus
3595 2417 3826 2472 remota,

2240 2508 2449 2563 occulte
2478 2509 2527 2562 in
2553 2508 2733 2561 omnia
2767 2506 3020 2577 providus
3051 2521 3178 2560 suas
3220 2505 3462 2560 actiones
3482 2503 3828 2570 permittens.

2241 2598 2342 2659 vel,
2383 2605 2440 2651 ut
2475 2597 2519 2629 ³⁸
2547 2597 2762 2668 proprie
2804 2595 3150 2660 transfertur,
3189 2593 3473 2664 pervenire
3497 2592 3732 2655 faciens,
3775 2600 3832 2646 et

2245 2693 2366 2744 dum
2386 2690 2456 2745 sit
2479 2691 2544 2743 ab
2566 2690 2816 2743 omnibus
2831 2697 3056 2754 remota,
3077 2684 3328 2741 inell'abili
3351 2684 3588 2754 quodam
3611 2685 3775 2740 modo
3787 2681 3832 2714 ⁸⁸

2244 2783 2493 2839 omnibus
2531 2779 2983 2835 intellectualibns
3017 2777 3281 2833 creaturis
3313 2775 3612 2830 secundum
3646 2775 3835 2830 unius—-

2242 2875 2503 2946 cujusque
2531 2873 2955 2945 proportionem,
2989 2871 3091 2925 hoc
3113 2879 3214 2934 est,
3246 2869 3600 2938 capacitatem
3641 2880 3836 2935 super-

2243 2968 2400 3022 lucet.
2456 2964 2836 3035 propriamque
2870 2961 2915 2994 ³⁶
2954 2978 3104 3014 suam
3145 2959 3188 2992 ³⁷
3227 2957 3679 3012 illuminationem
3713 2968 3838 3024 pre-

2245 3055 2570 3118 tiosissimis,
2604 3053 2705 3107 hoc
2736 3059 2854 3116 est,
2883 3048 3020 3104 infra
3055 3063 3111 3103 se
3135 3045 3439 3102 constitutis
3484 3043 3529 3074 ³⁸
3568 3058 3628 3097 se
3664 3043 3838 3112 ipsam

2243 3147 2378 3202 bene
2407 3155 2461 3200 et
2495 3154 2685 3199 ornate
2710 3142 3017 3204 distribuit,
3057 3141 3213 3210 juxta
3246 3147 3619 3192 mensuratam
3652 3135 3841 3189 unius-

2247 3237 2512 3308 cujusque
2558 3236 2764 3292 ordinis
2812 3233 3343 3304 contemplationem.
3400 3228 3502 3284 Ubi
3554 3228 3840 3297 posuimus

2176 3309 2220 3372 Ο
2252 3332 2590 3402 superlucel,
2635 3330 2705 3383 ibi
2748 3329 2800 3383 in
2831 3325 3039 3384 Graeco
3088 3327 3428 3398 ἐπιφαίνεται.
3468 3323 3613 3392 quod
3659 3327 3843 3390 potest

2253 3424 2507 3481 tranferri
2553 3422 2890 3492 superlucet,
2923 3419 3006 3474 vel
3051 3423 3464 3488 superapparet,
3504 3412 3592 3468 vel
3631 3413 3838 3470 illucet.

2255 3517 2515 3573 Similiter
2567 3513 2657 3566 ubi
2711 3512 2988 3581 posuimus
3045 3511 3329 3578 ingerens,
3389 3505 3460 3559 ibi
3514 3503 3569 3558 in
3623 3499 3842 3558 Graeco

2255 3609 2618 3684 ἐγχειρίζουσα
2648 3604 2715 3668 ³⁸,
2741 3617 2837 3670 pro
2877 3616 2985 3672 quo
3021 3615 3304 3670 possumus
3325 3597 3506 3652 dicere
3550 3594 3841 3664 ingerens,

2252 3698 2336 3752 vel
2368 3699 2667 3766 porrigens,
2707 3694 2790 3747 vel
2829 3694 3236 3748 commendans.
3288 3687 3458 3755 Quam
3490 3685 3574 3750 δ’,
3605 3697 3660 3738 ut
3697 3701 3846 3754 aper-

2255 3794 2358 3846 tius
2373 3791 2563 3853 dicam,
2576 3801 2621 3844 et
2638 3805 2728 3860 per
2742 3787 2786 3820 “
2810 3788 3020 3858 propria
3033 3786 3078 3818 ⁸⁸
3093 3782 3351 3854 exempla,
3366 3781 3460 3835 etsi
3476 3779 3524 3811 "
3545 3778 3846 3848 deﬁcientia

2258 3883 2365 3938 Deo
2410 3881 2458 3912 “
2505 3880 2741 3934 omnibus
2780 3890 2996 3941 remoto,
3037 3884 3388 3929 verumtamen
3425 3871 3577 3925 nobis
3625 3868 3846 3938 "turife-

2257 3974 2439 4028 stiora.
2475 3971 2619 4026 Ordo
2647 3968 2805 4025 simul
2845 3979 2897 4023 et
2932 3981 3123 4022 sensus
3151 3964 3235 4018 “z
3271 3963 3339 4019 Ut
3366 3962 3611 4031 apertius
3637 3959 3845 4025 dicam,

2259 4079 2444 4135 quam,
2472 4065 2571 4117 hoc
2598 4070 2700 4127 est,
2726 4061 2940 4115 divinae
2965 4058 3181 4113 virtutis
3212 4057 3263 4111 in
3294 4055 3471 4109 omnia
3502 4052 3846 4110 distributio-

2263 4171 2407 4219 nem,
2457 4165 2513 4209 et
2555 4168 2652 4224 per
2698 4154 2914 4223 propria
2965 4149 3231 4221 exempla,
3273 4147 3376 4205 etsi
3423 4147 3766 4213 deﬁcientia,
3801 4145 3846 4203 id

2252 4258 2361 4312 est,
2402 4262 2509 4302 non
2540 4247 2762 4301 omnino
2789 4243 2837 4276 “
2863 4245 2972 4298 Deo
3008 4244 3225 4308 similia,
3266 4241 3356 4312 qui
3388 4242 3648 4295 omnibus
3671 4254 3849 4295 exem-

2255 4343 2360 4415 plis
2407 4347 2647 4396 remotus
2697 4349 2808 4402 est,
2865 4337 3023 4392 nobis
3087 4345 3265 4390 tamen
3323 4332 3524 4388 ceteris
3579 4331 3847 4401 exemplis

2261 4435 2630 4492 manifestiora
2665 4432 2944 4494 suadeam,
2985 4428 3110 4483 talia
3146 4425 3417 4498 proferam
3449 4424 3848 4496 paradigmata.

2264 4527 2464 4583 Salaria
2493 4527 2630 4582 radii
2654 4523 3045 4588 distributiones
3072 4521 3125 4575 in
3161 4520 3386 4592 primam
3414 4517 3702 4571 materiam
3732 4516 3852 4570 bene

1848 4668 2106 4725 VARIAE
2142 4668 2438 4725 'Z-ECTION
2447 4668 2530 4724 ES

645 4777 664 4810 ι
681 4767 806 4824 Cor.
821 4763 1013 4833 B‘,AB
1034 4764 1246 4821 nomina
1272 4765 1490 4837 vocari._
1545 4767 1567 4799 ⁸
1581 4763 1624 4837 ᾳ
1654 4765 1930 4837 eloquium
1950 4765 2140 4837 nomint
2159 4781 2220 4837 re
2236 4763 2543 4834 Seraphim.
2567 4762 2608 4837 ξ
2624 4760 2847 4837 Sic‘CAet
2873 4775 3015 4837 corr.
3032 4757 3093 4812 Β·
3107 4798 3120 4820 ,
3139 4753 3226 4810 AB
3250 4753 3614 4837 resuscitat».

566 4837 656 4902 B‘,
685 4837 819 4909 ABG
871 4837 1305 4909 praedicandum.

569 4909 590 4943 ν
631 4909 723 4964 Sic
759 4908 824 4975 C,
849 4906 939 4964 ΑΒ
964 4907 1240 4977 calefacta.
1305 4906 1330 4940 ⁸
1365 4907 1409 4962 Β
1440 4907 1946 4979 superuenientibus.

570 5001 784 5056 dixisse.

570 5073 674 5146 AB_
695 5073 979 5146 quendam.

1407 4836 1430 4869 '
1468 4835 1561 4893 Sic
1581 4836 1643 4902 C,
1684 4823 1777 4892 AB'
1821 4835 2089 4906 populum,
2152 4835 2201 4889 3'
2230 4823 2390 4891 corr.'
2419 4834 2670 4906 populis,
2697 4832 2731 4906 _‘
2775 4830 2866 4886 Sic
2915 4831 2956 4884 (Ζ
2999 4839 3053 4884 et
3095 4843 3238 4883 corr.
3272 4827 3355 4888 B',
3396 4840 3494 4895 pro
3538 4841 3606 4906 et:
3648 4823 3849 4906 ulla.

2047 4907 2070 4941 ⁸
2107 4903 2574 4975 s'mpliciterom.,
2610 4903 2730 4957 add.
2762 4918 2828 4956 ex
2860 4917 2999 4955 vers.
3030 4909 3084 4952 et
3117 4908 3248 4952 text.
3288 4911 3468 4967 graec.

875 5003 920 5038 “
959 4999 1114 5059 Corr.
1145 4997 1232 5064 B',
1261 4998 1351 5053 ΑΒ
1387 4983 1840 5055 εοΙΙοσαιηνᾶἧιί”
1867 4982 1918 5032 ίί
1949 5002 1990 5056 Β
2017 5012 2085 5056 et.
2125 5003 2137 5036 ¹

2240 5015 2306 5054 'ro
2338 5002 2763 5067 inconsequenter
2800 4997 2843 5048 A
2876 4996 3392 5067 in__consequgntem.

1080 5070 1128 5105 ⁸³
1160 5070 1260 5143 Sic
1285 5069 1395 5143 AC,
1426 5070 1469 5125 Β
1493 5072 1678 5127 alium.
1727 5071 2021 5143 Exspectes
2069 5092 2080 5126 :
2125 5071 2226 5128 Sed
2254 5070 2341 5124 ille
2369 5069 2506 5143 alius
2552 5085 2642 5143 seu
2675 5067 2824 5143 alter,

3549 4894 3595 4928 ¹⁸
3631 4895 3680 4948 Α
3706 4895 3852 4959 aius;

3490 4986 3537 5020 “
3573 4987 3730 5043 Corr.
3766 4983 3846 5043 B‘.

2931 5063 2976 5095 ⁸⁸
3005 5053 3160 5116 (ἶοιτζ
3184 5059 3245 5113 Β·
3280 5075 3376 5128 pro
3403 5073 3520 5114 cum
3561 5058 3743 5128 docuit
3768 5053 3850 5109 AB

568 5154 616 5198 et
637 5127 846 5210 docere,
868 5142 912 5201 C
931 5153 980 5200 et
1010 5142 1206 5199 docuit.
1286 5142 1327 5176 ⁸⁷
1351 5127 1413 5197 ΫᾸ
1438 5153 1628 5213 purgat
1651 5127 1940 5214 prapriam,
1962 5127 2012 5197 Β
2031 5154 2222 5228 purqpt
2241 5142 2526 5211 propriam.
2601 5138 2644 5172 ⁸⁸
2683 5138 2773 5191 Sic
2803 5135 2862 5201 C,
2895 5133 2980 5188 AB
3017 5135 3142 5203 ipse.
3221 5127 3430 5184 "llorr.
3461 5130 3548 5195 B‘,
3569 5127 3660 5183 AB
3689 5127 3834 5196 deputo

570 5236 788 5288 latione-
817 5235 863 5280 Ω
891 5236 1058 5290 Isaias
1101 5242 1361 5288 nascatur
1417 5237 1707 5284 nfnnriam-

1787 5234 1832 5266 so
1861 5231 2000 5278 Γηι-ι-
2043 5216 2118 5274 ’ῐίδ
2147 5215 2308 5278 "KRP.
2338 5231 2538 5284 nnaelo,

2627 5231 2668 5261 ει
2696 5226 2934 5270 attribuit
2969 5240 3054 5264 nln
3121 5222 3203 5262 AR
3262 5222 3326 5264 uel
3350 5235 3523 5270 mam.
3547 5219 3728 5274 adscr.
3765 5215 3847 5280 B‘,
