3984 5422
129 420 239 478 237

683 423 1181 488 EXPOSITIONES
1222 431 1446 490 SUPER
1483 433 1909 493 IERARCHIAM
1951 437 2355 494 CAELESTEM
2399 440 2455 497 S.
2495 440 2813 500 DlONYSll.

3299 449 3408 511 238

129 514 470 582 distributae,
496 516 710 588 implent
740 523 971 577 omnium
997 524 1326 594 lucidiorem,
1352 541 1398 584 et
1437 550 1527 602 per
1563 551 1679 588 eaut
1701 536 1717 566 ¹
1751 542 1794 598 Α
1825 547 1920 601 per
1948 531 2272 586 caliditatem
2307 535 2482 590 onmis
2531 537 2755 591 materia
2806 540 3104 610 corporalis
3144 540 3410 598 formatur

131 605 472 676 manifestius
522 609 757 690 praprios
805 613 1036 670 declarat
1095 618 1415 689 splendores.
1478 625 1718 694 Solaris,

133 696 345 767 inquit,
372 699 586 766 radius,
616 702 706 770 qui
749 719 846 773 per
876 709 1047 777 spatia
1083 713 1268 767 mundi
1304 714 1464 783 huius
1495 718 1722 776 visibilis

133 790 466 851 extenditur,
502 793 554 847 in
585 796 815 863 primam
859 802 1176 868 materiam,
1209 805 1262 860 id
1286 817 1388 872 est,
1421 809 1472 863 in
1501 811 1723 866 aethera

133 891 191 936 et
239 885 579 954 superiorem
624 891 928 957 proximum
973 896 1072 950 sibi
1113 913 1238 953 aera
1288 901 1424 958 bene
1469 905 1725 960 distribu-

135 983 225 1028 tus
272 975 296 1008 '
323 977 482 1046 eique
511 977 737 1038 diffusus
767 984 952 1055 implet
978 987 1294 1048 lucidiorem
1318 998 1513 1051 ceteris
1540 1002 1726 1060 mutuli

131 1073 382 1140 partibus
404 1078 710 1144 materiam,
733 1090 788 1136 et
814 1097 938 1139 aera
963 1087 1232 1155 videlicet,
1257 1103 1314 1146 ut
1335 1095 1723 1166 praediximus,

128 1169 188 1215 et
215 1165 477 1233 aethera,
507 1183 643 1238 quas
678 1171 811 1227 duas
845 1176 1028 1230 mundi
1063 1188 1248 1246 partes
1279 1197 1407 1250 prae
1448 1187 1612 1240 nimia
1639 1189 1724 1244 sui

130 1251 469 1322 subtilitate,
519 1261 660 1316 nulla
712 1266 1045 1336 corpulentia
1083 1272 1417 1341 obsistente,
1469 1278 1726 1337 ineffabili

127 1344 420 1403 celeritate
466 1358 521 1404 et
561 1352 811 1409 claritate
850 1358 1043 1415 solaris
1079 1374 1329 1433 penetrat
1371 1365 1393 1397 ⁸
1440 1371 1625 1426 radius
1671 1381 1727 1428 et

130 1434 349 1506 implet,
386 1447 442 1494 et
479 1457 578 1513 per
599 1461 741 1512 eam,
775 1446 1088 1508 lucidiorem
1118 1457 1424 1523 materiam,
1454 1471 1511 1515 et
1531 1461 1584 1516 in
1614 1477 1680 1518 ea
1705 1463 1728 1495 δ

129 1527 482 1588 manifestius
538 1537 733 1592 ceteris
791 1545 1040 1611 proprios
1098 1547 1414 1614 Splendores
1461 1552 1723 1612 declarat.

128 1620 405 1677 Accedens
467 1642 588 1680 vero
649 1632 993 1688 crassioribus
1045 1641 1312 1706 materiis,
1373 1643 1727 1702 obscuriorem

126 1712 290 1767 habet
331 1714 715 1775 distributiram
745 1723 781 1790 ,⁸
833 1732 1394 1800 superapparitionem,
1431 1752 1498 1791 ea:
1529 1736 1730 1792 illumi-

129 1812 438 1862 nandarum
479 1815 821 1870 materiarum
864 1821 934 1873 ad
983 1821 1386 1882 illuminalionis
1435 1829 1727 1884 distributi-

1825 637 1879 682 et
1927 627 2246 683 reformatur
2287 645 2316 683 a
2360 631 2596 700 generali
2645 632 2776 696 vita,
2798 648 2937 702 quae
2969 637 3151 691 omnia
3181 651 3409 706 corpora

1825 719 2184 774 administrat.
2211 719 2500 790 Propterea
2535 722 2702 777 dixit:
2736 724 2802 778 ad
2831 726 3094 780 essentias
3125 742 3253 783 vero
3275 743 3408 783 con-

1826 809 2022 864 trarias
2081 807 2554 867 reformationibus
2605 812 2748 878 suis,
2795 814 2901 869 hoc
2949 824 3063 878 est,
3113 819 3279 874 nimia
3324 819 3409 874 sui

1827 898 2124 970 frigiditate
2167 903 2234 956 ad
2267 902 2642 960 formationem
2673 921 2828 961 suam
2859 907 3229 965 incommodas
3272 912 3408 980 ipsa,

1829 992 2098 1058 caliditas,
2129 995 2330 1050 nullum
2353 997 2634 1068 vestigium
2656 1013 2725 1054 ex
2744 1000 3012 1058 occultato
3031 1002 3077 1035 "
3108 1003 3412 1072 primitivae

1828 1102 1958 1144 suae
2005 1090 2336 1157 operationis
2389 1091 2720 1148 manifestat.
2771 1093 3003 1151 Pulchre
3051 1103 3232 1149 autem
3284 1097 3412 1149 ait:

1828 1179 2094 1234 absconso
2119 1180 2164 1211 “
2193 1180 2500 1248 primitivae
2539 1184 2893 1252 operationis.
2925 1183 3104 1238 Prima
3150 1185 3417 1254 siquidem

1829 1271 2070 1338 operatio
2105 1271 2244 1340 ignis
2276 1282 2360 1326 est
2387 1272 2693 1339 caleficare,
2729 1289 2872 1345 quiae
2897 1274 2946 1307 ³⁸
2979 1275 3188 1331 occulte
3220 1277 3272 1329 i-u
3301 1291 3420 1330 om-

1830 1360 1990 1418 nibus
2029 1363 2347 1430 corporibus
2376 1378 2535 1434 agere
2578 1366 2911 1434 perhibetur.
2959 1363 3250 1422 Invisibilis
3273 1366 3421 1420 enim

1828 1462 1913 1507 est
1940 1453 2210 1513 caliditas.
2240 1453 2353 1520 Qua
2389 1465 2568 1510 autem
2600 1456 2812 1512 ratione
2835 1458 3182 1527 praeponitur
3203 1456 3252 1488 "
3280 1455 3422 1514 actio

1831 1546 2184 1602 calefaciendi
2247 1549 2447 1603 actioni
2512 1549 2851 1604 illumiuaudi
2875 1589 2891 1615 ,
2953 1565 3076 1605 cum
3159 1558 3428 1619 utraeque

1832 1640 1970 1710 ignis
1997 1641 2125 1705 sint,
2154 1639 2310 1697 facile
2327 1642 2373 1674 “
2385 1643 2642 1706 occurrit,
2663 1643 2790 1698 dum
2815 1653 3100 1713 peraperte
3121 1645 3422 1708 videamus,

1830 1731 2064 1788 calorem
2096 1733 2216 1804 plus
2241 1743 2531 1803 penetrare
2559 1749 2807 1804 corpora,
2831 1751 2991 1806 quam
3018 1735 3208 1791 lucem.
3246 1733 3426 1790 Densa

1831 1824 2032 1893 quippe
2088 1824 2262 1879 lucem
2319 1825 2642 1891 excludunt,
2694 1825 2934 1880 calorem
2992 1825 3280 1881 excludere
3332 1838 3429 1879 ne-

128 1912 255 1950 eum
293 1898 530 1956 habitum
571 1906 982 1976 importunitate.
1015 1913 1149 1968 Dum
1193 1916 1334 1973 idem
1370 1920 1552 1975 radius
1581 1936 1730 1978 cras-
1759 1911 1804 1972 Β
1833 1925 2055 1983 queunt-
2087 1913 2155 1969 Ει
2176 1915 2220 1970 εί
2249 1915 2371 1984 (illis
2399 1915 2616 1980 dixerit,
2648 1914 2736 1968 ιυκ
2768 1921 3012 1983 Pe“eum
3038 1913 3286 1984 E‘aCie'“,
3318 1927 3427 1967 "0“

128 1989 374 2046 sioribus
416 1997 682 2062 materiis,
719 1999 961 2058 inferiori
992 2005 1151 2073 plane
1186 2008 1345 2076 hujus
1383 2013 1528 2068 aeris
1563 2015 1729 2083 parti,

129 2094 282 2147 quae
303 2083 738 2145 exhalationibus
768 2091 788 2121 ⁸
820 2097 1088 2164 aquaticis
1118 2110 1281 2170 atque
1329 2103 1562 2159 terrenis
1584 2121 1730 2161 cras-

128 2171 252 2225 sior
296 2174 648 2249 spissiorque,
688 2196 849 2251 quam
896 2188 1205 2256 superiores
1248 2193 1434 2247 mundi
1492 2195 1514 2225 ⁷
1549 2206 1733 2266 partes

126 2260 393 2331 efﬁcitur,
443 2284 544 2324 nec
581 2287 688 2327 non
734 2284 790 2330 et
832 2292 1094 2348 aquarum
1140 2281 1162 2312 ⁸
1204 2292 1434 2340 naturae
1479 2288 1729 2355 accelit,

125 2354 429 2412 obscurius
476 2365 1037 2433 superapparitioneai
1091 2371 1175 2426 sui
1211 2372 1521 2441 distribuit,
1555 2354 1734 2448 neque

126 2446 242 2502 hoc
293 2463 366 2503 ex
410 2453 668 2510 tarditate
716 2464 1102 2528 materiarum,
1156 2482 1296 2536 quae
1348 2446 1736 2530 illuminandae

127 2547 285 2601 sunt,
322 2542 390 2594 ad
428 2542 828 2603 distributivum
863 2552 1106 2609 habitum
1138 2556 1571 2616 illuminationis.
1617 2561 1727 2617 Nos

125 2629 287 2684 enim
336 2645 562 2702 capaces
604 2649 730 2694 sunt
775 2655 1042 2712 supernae
1083 2645 1218 2703 lucis
1262 2650 1314 2703 in
1370 2661 1574 2707 tantum
1617 2665 1671 2708 et
1713 2654 1734 2686 ’

129 2721 445 2790 perfectum
479 2727 720 2784 habitum
752 2732 1177 2792 illuminationis.
1197 2739 1451 2810 Sequitur
1474 2755 1550 2798 :et
1576 2745 1736 2815 paulo

125 2825 254 2882 post
288 2831 356 2868 ea:
390 2814 434 2848 ³⁸
468 2817 568 2872 hoc
605 2822 673 2874 ad
730 2825 954 2894 perfecte
1002 2828 1112 2897 fere
1155 2831 1548 2890 indistributum
1580 2814 1740 2890 coar-

127 2918 289 2962 tatur
323 2911 386 2964 “.
425 2910 504 2967 Ac
548 2913 594 2968 si
636 2915 841 2972 diceret
882 2937 895 2972 :
935 2917 1050 2977 Non
1099 2923 1258 2996 longe
1303 2927 1343 2956 ¹¹
1391 2930 1735 2997 postmodum

129 3001 289 3055 infra
351 3006 651 3062 crassiores
722 3011 980 3067 materias
1015 3053 1032 3079 ,
1095 3013 1148 3070 id
1219 3027 1340 3084 est,
1399 3022 1738 3078 crassissima

130 3103 479 3165 terrenaque
557 3113 786 3170 corpora
845 3103 1015 3160 solida
1091 3106 1305 3180 lucique
1366 3111 1570 3166 aditum
1631 3128 1736 3167 non

125 3188 505 3255 praestantia,
546 3200 606 3244 ut
648 3191 760 3248 fere
803 3196 938 3251 nihil
1002 3199 1084 3253 sui
1152 3202 1372 3257 luminis
1414 3205 1734 3272 distribuat,

1832 2017 2011 2061 autem
2041 2008 2207 2073 calor,
2253 2009 2430 2063 videat
2479 2008 2702 2078 glaciem
2734 2023 2840 2063 non
2866 2008 2917 2062 vi
2943 2007 3181 2070 luminis,
3207 2007 3301 2061 sed
3332 2021 3425 2060 ca-

1833 2099 1965 2155 loris
1994 2100 2151 2166 solvi,
2180 2117 2340 2170 quam
2366 2101 2411 2156 si
2454 2115 2559 2155 non
2589 2103 2835 2162 intraret,
2869 2115 3042 2170 neque
3066 2100 3284 2169 quidem
3317 2097 3426 2153 sol-

1833 2198 2004 2246 veret.
2042 2189 2230 2246 Potest
2255 2192 2420 2245 etiam
2459 2192 2538 2247 sic
2575 2190 2858 2246 transferri
2892 2209 2905 2246 :
2935 2192 3017 2246 Ad
3046 2205 3175 2244 vero
3203 2202 3428 2245 contra-

1837 2283 1915 2338 rie
1943 2284 1990 2316 ⁸⁸
2021 2283 2281 2339 formatas
2311 2285 2612 2340 contrarias
2656 2284 2922 2340 essentias
2967 2282 3167 2337 nullum
3196 2285 3429 2337 abscon-

1836 2377 2005 2431 ditum
2027 2377 2070 2410 ³⁷
2107 2376 2320 2448 aliquod
2366 2391 2432 2431 ex
2473 2377 2649 2447 prima
2677 2377 2990 2447 operatione
3014 2375 3302 2444 vestigium
3335 2390 3434 2444 ap-

1837 2477 2009 2537 paret.
2042 2466 2111 2523 Ut
2158 2469 2228 2524 sit
2271 2483 2507 2524 sensus:
2561 2467 2617 2521 ln
2649 2467 2939 2522 contrariis
2983 2465 3258 2527 essentiis,
3289 2477 3433 2534 quae

1836 2568 2023 2612 c0ntra
2064 2567 2313 2612 naturam
2355 2555 2551 2614 caloris
2577 2559 2624 2591 ⁸⁸
2650 2558 2974 2622 formantur,
3020 2556 3226 2611 nullum
3272 2555 3432 2611 vel"

1838 2649 2026 2702 saltem
2052 2648 2095 2680 ³ο
2124 2649 2412 2704 obscurum
2436 2649 2720 2716 vestigium
2749 2647 3056 2719 primitivae
3076 2647 3431 2718 operationis,

1839 2740 1892 2793 id
1925 2751 2039 2806 est,
2071 2741 2457 2796 caleficationis
2487 2742 2769 2812 imprimit.
2803 2739 2903 2796 Nix
2941 2741 3206 2810 siquidem
3235 2750 3288 2794 et
3317 2738 3431 2810 gla-

1838 2833 1952 2888 cies
1979 2834 2129 2902 prius
2159 2834 2402 2888 desinent
2424 2850 2544 2889 esse
2573 2833 2618 2864 ⁸¹
2636 2874 2651 2898 ,
2680 2848 2840 2902 quam
2888 2832 3104 2902 aliquod
3148 2832 3435 2903 vestigium

1841 2926 2086 2995 accipere
2123 2925 2170 2959 ³⁸
2195 2925 2413 2981 caloris.
2445 2924 2583 2991 Quid
2630 2925 2697 2978 de
2753 2924 3095 2978 salamandra
3142 2919 3436 2977 dormienti

1843 3017 1896 3071 in
1924 3017 2067 3087 igne,
2098 3031 2258 3085 saepe
2280 3017 2444 3071 etiam
2476 3016 2766 3085 frigiditate
2792 3015 3038 3084 corporis
3060 3015 3434 3082 extinguente,

1841 3107 2167 3164 dicendum?
2210 3107 2276 3161 Et
2309 3108 2410 3161 hoc
2440 3107 2694 3177 amplius,
2733 3107 2784 3160 id
2814 3115 2895 3161 est
2919 3147 2934 3171 ,
2963 3117 3020 3160 et
3061 3105 3166 3162 hoc
3205 3105 3437 3173 amplius

1844 3207 2220 3272 argumentum
2262 3210 2376 3267 est,
2423 3199 2665 3270 praefato
2701 3199 2947 3255 videlicet
2973 3207 3292 3270 argumento
3321 3214 3438 3253 am-

128 3277 261 3346 ipse
335 3280 522 3337 radius
579 3293 858 3342 coartatur
934 3289 1007 3356 ",
1065 3292 1169 3348 hoc
1240 3305 1324 3348 est
1391 3297 1730 3364 prohibetur.
1763 3281 1809 3345 C
1840 3293 1983 3362 plius
2007 3302 2061 3347 et
2089 3293 2347 3362 apertius,
2383 3292 2509 3362 quia
2533 3293 2634 3356 his,
2663 3307 2796 3361 quae
2825 3308 2926 3345 non
2955 3301 3074 3346 sunt
3113 3301 3335 3360 cognata
3365 3288 3439 3355 ³⁸,

127 3366 357 3423 Iterum
435 3371 572 3443 ignis
626 3375 872 3433 soliditas
913 3383 1079 3451 magis
1139 3399 1192 3437 se
1257 3385 1430 3453 ipsam
1473 3387 1740 3443 distribuit

122 3465 188 3516 in
247 3466 555 3535 capaciore,
591 3477 641 3523 et
685 3473 755 3524 ad
805 3472 1208 3531 similitudinem
1259 3479 1383 3533 bene
1428 3485 1737 3537 convenien-

123 3557 212 3610 tia
249 3567 298 3611 et
327 3558 458 3613 bene
493 3559 687 3627 ducta;
725 3563 795 3617 ad
837 3562 884 3596 “
924 3581 1041 3620 vero
1097 3568 1558 3637 reformationibus
1615 3588 1740 3627 con-

122 3651 345 3705 uarias
395 3651 444 3685 ⁸⁸
485 3655 740 3711 essentias
791 3653 836 3690 “
877 3659 992 3728 ipsa
1031 3660 1234 3715 nullum
1274 3663 1526 3722 abscoaso
1558 3665 1598 3696 "
1632 3666 1734 3734 pri»

122 3745 362 3800 mitione
415 3749 735 3818 operationis
791 3751 1058 3822 uestigium
1114 3753 1437 3822 manifestat.
1495 3754 1739 3812 Primum

119 3843 467 3915 paradigma
495 3859 564 3900 ex
591 3846 756 3901 solari
795 3847 979 3910 radio,
1014 3851 1308 3906 secundum
1339 3850 1656 3920 qualitatem
1686 3860 1743 3907 ei

122 3935 518 4007 capacitatem
561 3939 916 3995 materiarum
956 3941 1227 3996 visibilem
1266 3944 1524 3998 mundum
1566 3944 1607 3976 ³⁸
1647 3945 1745 4002 im-

118 4026 335 4096 plente
381 4036 436 4083 et
482 4028 843 4096 illuminante,
888 4033 1205 4089 assumitur.
1257 4032 1566 4090 Secundum
1612 4052 1743 4092 vero

116 4132 200 4173 ex
266 4117 540 4188 qualitate
598 4121 760 4193 ignis,
807 4123 1080 4181 caliditate
1121 4126 1410 4193 videlicet,
1439 4143 1579 4198 quae
1622 4128 1749 4199 plus

116 4212 518 4284 primitusque
579 4215 624 4250 "
676 4217 896 4286 capacia
953 4218 1037 4274 sui
1074 4229 1131 4276 et
1179 4221 1380 4284 similia
1442 4222 1546 4277 sibi
1594 4222 1744 4281 cale-

115 4306 306 4368 ﬁcat,
373 4307 682 4365 contrarias
743 4325 874 4367 vero
939 4311 1452 4378 reformationibus.
1515 4316 1569 4371 id
1622 4324 1748 4383 est,

114 4398 536 4472 frigidissimas
564 4403 829 4459 essentias
857 4404 1003 4460 nullo
1029 4406 1189 4462 modo
1213 4406 1488 4462 reformat.
1511 4406 1746 4478 Ideoque

113 4498 334 4553 omnia
371 4494 566 4568 frigida
595 4497 759 4552 veluti
791 4507 1004 4556 mortua
1048 4509 1211 4570 atque
1250 4501 1535 4568 deformia,
1569 4501 1745 4558 calida

1841 3399 1933 3454 per
1958 3395 2252 3454 opportuna
2295 3383 2398 3437 sibi
2437 3382 2682 3436 habentia
2724 3381 3024 3435 admittitur
3051 3381 3299 3452 primum,
3332 3381 3439 3436 hoc

1841 3485 1947 3541 est,
1977 3476 2103 3546 quia
2131 3474 2383 3530 caliditas
2407 3475 2640 3544 primum
2680 3473 3014 3543 permittitur
3046 3469 3097 3505 “
3125 3471 3212 3528 his
3241 3485 3441 3541 (ις-Ῥο-

1843 3568 2014 3632 ribus,
2042 3581 2182 3636 quae
2207 3582 2312 3621 non
2342 3575 2468 3620 sunt
2493 3575 2721 3636 cognata
2749 3563 2820 3630 ³⁸,
2854 3563 2908 3618 id
2938 3571 3040 3628 est,
3068 3561 3440 3619 eonnaturalia

1844 3660 2132 3727 caliditati,
2167 3677 2266 3732 per
2310 3670 2613 3731 opportuna
2657 3674 2889 3730 corpora
2940 3660 3192 3714 habentia
3239 3673 3442 3715 conua-

1846 3754 2178 3812 turalitatem
2226 3753 2361 3819 sibi,
2411 3752 2516 3808 hoc
2559 3763 2674 3819 est,
2721 3753 2824 3824 ipsi
2853 3751 2899 3784 ⁸³
2927 3750 3209 3808 caiiditati.
3257 3749 3446 3806 Potest

1849 3848 2012 3902 etiam
2062 3847 2117 3900 iu
2155 3846 2345 3902 eodem
2391 3859 2554 3900 sensu
2597 3845 2672 3900 ita
2715 3841 3060 3914 interpretari
3095 3859 3110 3898 :
3149 3839 3286 3908 Quia
3337 3855 3447 3896 non

1852 3942 2295 4003 cunnaturalihus
2322 3955 2420 4010 per
2465 3938 2753 3994 familiaria
2795 3938 2860 3992 ad
2902 3950 3056 4003 eam,
3084 3934 3446 4000 caliditatem,

1852 4032 2180 4104 pertinentia
2208 4030 2494 4084 adducitur
2525 4029 2778 4098 primum.
2829 4026 2983 4094 Quod
3027 4035 3212 4096 aperte
3253 4027 3447 4080 subse-

1850 4122 2140 4194 quentibus
2169 4120 2327 4176 docet
2361 4118 2622 4188 exemplis
2653 4136 2667 4170 :
2705 4115 2890 4189 Utpote
2933 4118 3099 4188 ignita
3129 4116 3330 4186 faciens
3377 4113 3448 4169 ab

1849 4215 2015 4286 igneis
2061 4211 2488 4284 facilemobiiia,
2518 4210 2623 4266 hoc
2661 4220 2774 4275 est,
2827 4208 3002 4263 calida
3037 4206 3271 4273 faciens,
3305 4215 3450 4278 quae

1852 4307 2010 4364 facile
2049 4306 2120 4362 ab
2167 4305 2338 4376 igneis
2368 4302 2720 4374 qualitatibus
2749 4310 3033 4356 moventur
3073 4300 3127 4354 in
3184 4298 3446 4363 calorem,

1851 4383 1901 4456 ἓι
1934 4416 2026 4471 per
2066 4399 2194 4453 haec
2231 4407 2323 4452 au
2364 4413 2558 4468 quam
2585 4395 2630 4428 θ’
2660 4405 2750 4450 aut
2805 4394 3030 4450 alterum
3083 4393 3210 4466 quid
3259 4388 3362 4447 non
3399 4389 3450 4425 ⁸⁸

1853 4494 2008 4566 facile
2055 4489 2428 4563 ignescentiunt
2491 4488 2537 4523 ³⁸
2613 4485 3077 4559 proportionaliter
3143 4482 3447 4553 mleﬁcum.

112 4605 280 4648 vero
307 4589 428 4645 viva
445 4563 802 4661 formosaque
825 4592 1088 4648 nominari
1115 4563 1365 4650 dicuntur
1391 4593 1459 4660 ’⁸,
1480 4563 1745 4664 quoniam
1773 4563 1823 4624 Ῑ)
1852 4563 2014 4644 Verbi
2043 4585 2239 4657 gratia,
2261 4583 2454 4641 solaris
2479 4583 2628 4639 calor
2647 4583 2826 4654 primo
2845 4593 3028 4636 aerem
3052 4577 3152 4635 sibi
3180 4577 3231 4611 “
3252 4591 3454 4648 cogna-

1453 4677 2158 4762 YARIAQLEC'EIQNES.
2223 4746 2305 4762 η
2367 4756 2377 4762 Δ
2582 4747 2649 4762 ἢ-
2707 4746 2783 4762 ,ἢ
3131 4740 3312 4762 UL“
3366 4741 3428 4762 ω

201 4757 232 4789 ι
261 4755 427 4810 Corr.
447 4756 538 4822 B‘,
572 4755 662 4810 AB
696 4773 778 4811 ea.
877 4757 900 4790 ι
922 4757 1075 4813 Corr.
1121 4757 1208 4823 13-,
1232 4757 1323 4814 AB
1344 4740 1740 4820 άῑειτίινηιδι-,ε
1763 4754 2151 4823 distribuimus.
2223 4749 2243 4781 ι
2266 4746 2384 4823 ce:
2411 4763 2555 4823 corr.
2582 4746 2784 4823 suae
2807 4746 3093 4823 penitrat.”
3131 4740 3154 4774 ι
3173 4741 3331 4823 corr.
3366 4741 3454 4823 sf,

109 4828 282 4886 Anc
325 4843 463 4881 eam.
526 4813 568 4862 ’·
615 4829 691 4883 Ex
732 4844 877 4884 vers.
911 4839 965 4884 ex
1001 4838 1132 4884 ιειιο
1172 4813 1369 4902 graec:
1408 4829 1496 4909 ιβ
1548 4813 1982 4909 ιέίξεέίιζυείυηενη·
2061 4823 2083 4854 °
2128 4821 2173 4876 Α
2212 4819 2640 4909 missum
2683 4813 3455 4909 B.‘.£“’."E’.‘£’"i‘.’f‘i-.l£f‘.f}°l:

111 4878 302 4963 Ξῖεῖεο
331 4878 461 4964 Μ’
479 4898 525 4956 C
546 4878 964 4984 ινῖᾶέεδέέίῖεεὶῖ
1004 4878 1049 4984 ’ῗ
1059 4878 1490 4984 “manus:
1549 4878 1758 4984 "fieri
1772 4937 1786 4962 ν
1802 4912 1896 4984 0'29
1918 4906 1966 4984 et
1997 4907 2275 4984 “avster:
2306 4882 3036 4984 il’ffﬂi‘firrrzliilc‘ifs
3050 4878 3461 4984 cerasa}:

109 4955 225 5027 £33
245 4955 516 5040 ignarum.
595 4973 615 5004 ⁸
639 4971 727 5026 AC
771 4955 849 5035 ut,
871 4973 912 5024 Β
945 4981 999 5024 ut
1023 4973 1227 5072 (punct.
1256 4955 1362 5044 adi.
1397 4971 1503 5040 θ’).
1580 4970 1622 5002 ¹⁰
1648 4955 1784 5023 Βὲι.⁷
1805 4955 1818 4966 “
1853 4967 1893 4998 ¹¹
1926 4967 1966 5019 Λ
1998 4955 2305 5044 εόονιαιυτκ
2333 4961 2372 5013 Β
2398 4955 2700 5050 coarctatur
2722 4963 2928 5046 (punct.
2954 4956 3061 5046 ad].
3091 4955 3201 5028 B‘).
3262 4955 3304 4984 "
3333 4965 3463 5050 ὧιοξ

109 5060 248 5088 ηῐιι-
308 5039 354 5088 C
382 5079 397 5088 .
447 5039 538 5088 ΑΒ
578 5059 679 5088 mm
719 5043 895 5088 lanna-
949 5045 984 5058 "
1022 5041 1038 5072 ί
1110 5041 1149 5088 Α
1199 5053 1491 5088 enni-tatur-
1528 5039 1570 5088 Β
1613 5046 1914 5088 conrcfafttr
1954 5037 2159 5088 (nunct.
2223 5033 2330 5088 ad].
2392 5030 2436 5084 B
2467 5033 2503 5088 δ.
2651 5034 2696 5067 ⁸⁵
2717 5033 2872 5088 LOI'I‘.
2919 5028 2961 5082 Β
2989 5066 3005 5088 ,
3060 5024 3150 5080 ΑΒ
3176 5035 3255 5080 at.
3400 5018 3442 5071 Β

109 5033 354 5099 οω.’(]
382 5079 397 5103 ,
444 5039 550 5112 ΑΒ,
577 5059 679 5096 non
719 5033 896 5114 longo.
949 5045 984 5058 "
1022 5033 1066 5072 η
1108 5041 1154 5094 Α
1199 5033 1492 5104 conﬂatur,
1528 5039 1570 5094 Β
1613 5046 1914 5127 coarctatur
1954 5037 2159 5108 (punct.
2223 5033 2330 5102 ad].
2392 5033 2503 5102 B‘).
2537 5035 2552 5050 '
2651 5034 2696 5067 ³⁵
2717 5033 2872 5088 Corr.
2920 5033 3005 5093 B',

110 5177 195 5233 ad
237 5189 432 5244 ωπει
457 5174 634 5230 αἰδεῖο
658 5179 766 5231 δαῖε
797 5172 1129 5231 contrarias.
1207 5176 1249 5208 ‘°
1271 5177 1313 5234 Β
1337 5127 1604 5233 (ﬂuentius
1632 5172 1838 5244 (punct.
1871 5169 1958 5245 ad]
1993 5169 2103 5245 B')_.
2173 5166 2216 5198 ι’
2236 5165 2339 5221 Pro
2362 5166 2616 5245 absconso
2634 5167 2700 5245 Β·
2729 5163 2796 5219 ad
2813 5174 2988 5245 marg.
3013 5158 3173 5214 adscr
3221 5167 3347 5192 NW"
3395 5144 3470 5177 “""

110 5236 498 5304 αὺκοηεῖιπιο
576 5245 618 5278 ⁸⁸
647 5245 686 5301 Β
720 5245 1007 5307 mandant.
1046 5245 1384 5320 sicsaepe"
1409 5246 1492 5320 μ’
1523 5236 1684 5320 corr'I_
1717 5236 1991 5308 mundum,
2053 5236 2132 5296 sic
2175 5253 2369 5294 saepe.
2418 5236 2460 5278 (‘-
2497 5242 2755 5278 munda.»

199 5338 212 5342 τ
347 5316 384 5336 ³⁸
440 5333 454 5337 "
549 5317 592 5338 ⁸⁸
635 5316 718 5354 εἴη
765 5317 812 5350 ρ
969 5315 1342 5368 Μδηίΐυεᾶμύ
1409 5315 1449 5348 ι)
1495 5317 1608 5344 ⁸⁸⁸⁸⁸
1673 5315 1684 5324 .
