3984 5370
518 491 628 549 9.50

1883 485 2168 544 JOANNIS
2211 484 2407 545 SCOTI

3688 475 3794 535 240

520 618 636 662 tum
667 611 912 675 penetrat
931 610 1094 673 atque
1118 600 1364 659 caleﬂeat
1385 600 1528 656 facili
1555 601 1888 672 operatione,
1915 603 2106 660 deinde
2131 606 2182 666 Α
2207 599 2639 674 explanationem
2664 597 2876 654 divinae
2902 594 3117 654 virtutis
3135 606 3189 653 et
3213 595 3645 652 illuminationis.
3678 596 3797 661 Est,

515 713 617 770 per
649 696 968 753 calefactum
1018 710 1146 750 aera
1192 710 1386 764 aquam
1429 692 1698 765 frigidam,
1744 702 1837 749 aut
1876 694 2104 751 alterum

519 788 816 860 quippiam,
846 787 988 860 quod
1021 801 1126 841 non
1173 785 1328 841 facile
1372 793 1548 857 potest
1585 785 1841 852 calefieri,
1870 787 2106 842 naturali

519 882 896 939 convenientia
925 879 1190 937 caleficat.
1220 879 1383 934 Plana
1420 888 1566 944 sunt,
1591 894 1729 949 quae
1763 889 2058 951 sequuntur
2088 897 2105 938 :

517 977 685 1032 Juxta
724 977 860 1030 hanc
902 975 1064 1046 igitur
1129 973 1475 1029 ordinationis
1523 974 1773 1028 rationem
1807 974 1858 1038 ³,
1896 973 1948 1028 id
1990 982 2104 1042 est,

520 1067 676 1138 juxta
707 1066 1116 1122 similitudinem
1161 1064 1296 1120 lucis
1338 1073 1392 1119 et
1431 1064 1656 1130 caloris,
1695 1065 2108 1135 supernaturalis

523 1157 636 1227 ipsa
667 1157 834 1211 omnis
863 1155 1025 1209 boni’
1046 1165 1261 1209 ornatus
1305 1154 1518 1209 visibilis
1545 1165 1590 1208 et
1616 1154 1884 1208 invisibilis
1911 1156 2112 1209 taxiar-

524 1246 663 1310 chia,
696 1244 877 1302 divina
904 1245 1113 1300 scilicet
1138 1245 1336 1311 virtus,
1368 1260 1506 1314 quae
1536 1245 1699 1299 totius
1725 1245 1931 1300 ordinis
1960 1246 2112 1315 prin-

524 1335 726 1408 cipium
775 1344 859 1391 est
895 1344 950 1389 et
992 1337 1273 1406 princeps,
1303 1351 1563 1404 congruae
1594 1334 2027 1400 delucidationis,
2059 1335 2113 1390 id

525 1436 611 1483 est
656 1427 1078 1498 proportionalis
1127 1427 1553 1494 illuminationis,
1603 1427 1897 1482 claritatem
1944 1427 2112 1496 primo

531 1527 889 1588 apparentem,
915 1519 982 1573 ab
1011 1517 1237 1575 occultis
1262 1517 1516 1574 videlicet
1540 1518 1672 1584 suis,
1715 1519 1765 1572 in
1792 1519 1988 1590 quibus
2018 1533 2115 1589 per

525 1623 585 1665 se
629 1609 801 1679 ipsam
830 1609 1217 1666 lnaccessibilis
1262 1619 1394 1676 est,
1423 1621 1793 1682 erumpentem
1841 1612 1893 1666 in
1931 1627 2114 1666 rerum

525 1709 811 1770 naturam,
844 1703 1244 1772 copiosissimis,
1291 1704 1393 1760 hoc
1417 1712 1532 1770 est,
1564 1713 1822 1774 quantum
1853 1706 1905 1760 in
1937 1706 2116 1775 copio-
2149 1726 2151 1728 ·

527 1793 757 1850 sissimis
787 1795 1162 1865 e/fusionibus,
1191 1795 1587 1864 excelsissimis,
1629 1798 1890 1866 proximis
1935 1798 2112 1867 plane,

527 1885 826 1955 manifestat
869 1887 1102 1941 essentiis
1123 1928 1138 1952 ,
1189 1896 1237 1942 et
1268 1905 1358 1958 per
1383 1905 1493 1954 eas,
1519 1905 1652 1959 quae
1689 1899 1802 1959 post
1830 1899 1950 1943 sunt
1982 1890 2003 1921 ⁸
2038 1907 2119 1943 es-

2212 692 2419 762 inquit,
2449 705 2735 746 commune
2782 703 2836 745 et
2882 689 3186 744 universale
3226 687 3434 744 cunctis
3475 686 3800 742 illuminatis

2211 785 2294 840 vel
2313 783 2676 839 illuminandis
2689 814 2761 825 -—
2775 791 3062 852 utrumque
3082 781 3223 836 enim
3241 788 3419 850 potest
3433 776 3720 833 transferri
3733 777 3801 831 ab

2211 894 2296 942 eo,
2327 878 2467 948 quod
2498 887 2580 931 est
2607 878 2973 950 φωτοζομένοις
2992 904 3063 914 --
3083 872 3404 944 principium
3431 870 3798 926 illuminandi.

2212 968 2280 1024 Et
2308 969 2451 1038 quod
2495 976 2578 1023 cst
2620 967 2747 1022 illud
2776 965 3137 1037 principium?
3165 965 3301 1018 Deus
3340 963 3553 1035 quidem
3586 971 3800 1026 natura,

2213 1071 2260 1116 et
2301 1077 2431 1122 vere,
2463 1069 2508 1114 et
2557 1060 2779 1129 proprie,
2822 1070 2875 1112 ut
2907 1058 2954 1090 ’⁸
2984 1058 3194 1112 luminis
3239 1058 3496 1123 essentia,
3542 1063 3594 1110 et
3639 1055 3804 1124 ipsius

2213 1169 2322 1208 esse
2341 1161 2386 1206 et
2411 1152 2578 1206 videre
2599 1151 2832 1204 causales
2855 1150 2918 1202 ⁸⁸.
2946 1149 3086 1203 Deus
3108 1149 3248 1203 enim
3273 1148 3418 1202 solus
3442 1155 3642 1201 natura
3665 1145 3806 1200 Deus

2214 1255 2319 1308 est,
2350 1253 2403 1298 et
2432 1242 2575 1298 solus
2604 1256 2730 1296 vere
2760 1250 2813 1296 et
2839 1241 3056 1312 proprie
3102 1241 3244 1295 Deus
3282 1248 3385 1296 est.
3417 1238 3600 1294 Ceteri
3636 1237 3802 1302 enim,

2215 1336 2308 1405 qui
2339 1335 2591 1389 dicuntur
2616 1333 2710 1398 dii,
2754 1340 2846 1387 aut
2873 1331 2990 1387 falsi
3016 1343 3171 1396 sunt,
3201 1341 3261 1386 ut
3289 1330 3360 1384 dii
3389 1330 3659 1400 gentium,
3683 1328 3807 1381 dae-

2217 1443 2424 1494 mones,
2455 1436 2548 1482 aut
2576 1427 2622 1481 si
2666 1427 2779 1481 veri
2817 1435 2971 1492 sunt,
3016 1440 3121 1480 non
3149 1441 3245 1495 per
3277 1432 3548 1487 naturam,
3590 1422 3684 1476 sed
3716 1434 3809 1490 per

2218 1518 2446 1591 gratiam
2480 1517 2553 1572 dii
2584 1524 2709 1571 sunt
2737 1517 2814 1581 ’⁷,
2845 1516 3039 1586 quibus
3079 1530 3176 1585 per
3208 1514 3526 1585 prophetam
3564 1511 3806 1565 dicitur:

2224 1626 2242 1659 ι
2279 1607 2390 1678 Ego
2432 1606 2565 1672 dixi,
2596 1606 2671 1661 dii
2713 1607 2874 1672 estis,
2910 1616 2964 1661 et
2988 1605 3081 1660 lilii
3105 1606 3301 1683 excelsi
3332 1619 3525 1660 omnes
3558 1623 3605 1658 ι.
3636 1601 3704 1658 Ut
3733 1601 3812 1655 lu-

2220 1698 2382 1753 minis
2403 1700 2659 1765 essentia,
2685 1708 2739 1753 et
2764 1698 2931 1770 ipsius
2951 1713 3073 1754 esse
3096 1696 3358 1763 causalis;
3397 1715 3414 1750 ‹
3435 1703 3496 1750 ut
3524 1714 3544 1746 ι
3562 1695 3612 1728 ⁸⁸
3634 1695 3688 1748 in
3710 1695 3813 1749 hoc

2220 1792 2338 1848 loco
2362 1793 2650 1865 apponitur
2674 1791 2849 1867 pro,”
2872 1792 3075 1848 causali
3105 1790 3512 1861 conjunctione;
3547 1807 3613 1846 ac
3643 1792 3687 1845 si
3728 1789 3813 1843 di-

2224 1895 2370 1942 ceret
2410 1905 2422 1940 :
2451 1887 2611 1950 Deus,
2655 1884 2748 1954 qui
2773 1883 2916 1939 solus
2957 1893 3148 1938 natura
3176 1884 3316 1939 Deus
3343 1892 3455 1950 est,
3479 1898 3548 1938 ex
3578 1883 3683 1937 hoc
3723 1897 3814 1937 co-

524 1975 740 2041 sentiae,
777 1975 1012 2030 divinum
1061 1975 1083 2006 "
1119 1977 1437 2046 participant
1486 1978 1714 2032 radium.
1767 1978 1878 2032 Eae
1911 1977 1934 2012 ⁸
1979 1979 2116 2032 enim
2145 1972 2192 2032 B
2221 1981 2500 2052 gnoscitur
2545 1978 2860 2034 illuminatis
2904 1977 3229 2047 priuripium
3273 1975 3611 2031 illuminandi
3661 1989 3813 2040 esse,

455 2082 463 2084 ν
524 2063 725 2133 primae
754 2074 1118 2135 cognoscentes
1148 2065 1346 2133 Deum,
1379 2076 1427 2122 et
1458 2068 1691 2123 divinam
1725 2069 2116 2138 supereminen-

523 2164 604 2208 ter
622 2155 643 2186 ⁸
672 2156 1027 2212 desiderantes
1056 2158 1316 2222 virtutem,
1345 2169 1393 2214 et
1437 2161 1876 2229 praeoperatrices
1907 2161 1927 2192 '
1979 2162 2119 2231 ﬁeri,

523 2257 779 2318 quantum
847 2248 1093 2319 possibile
1153 2250 1196 2314 ⁸,
1248 2249 1357 2304 Deo
1411 2253 1432 2284 ³
1498 2251 1658 2305 simili
1728 2253 1914 2306 virtute
1967 2255 2008 2284 ¹⁰
2072 2263 2120 2308 et

525 2341 730 2395 actione
760 2341 801 2371 ”
833 2341 1024 2412 dignae
1069 2342 1282 2412 e/fectae
1308 2352 1429 2398 sunt
1466 2343 1537 2408 η,
1571 2353 1618 2398 et
1653 2353 1767 2414 post
1805 2363 1858 2400 se
1883 2346 1925 2377 ¹³
1953 2363 2124 2401 essen-

529 2431 632 2484 tias
677 2431 821 2501 ipsae
860 2432 929 2485 ad
977 2431 1199 2488 similem
1245 2433 1504 2500 virtutem,
1556 2444 1612 2488 ut
1651 2435 1839 2502 virtus,
1883 2437 1985 2492 hoc
2015 2446 2118 2503 est,

527 2530 791 2591 quantum
830 2523 1004 2580 virtus
1030 2524 1452 2597 uniuscujusque
1479 2526 1752 2582 essentiae
1781 2526 1944 2581 divini
1983 2525 2120 2582 radii

531 2628 702 2684 capax
732 2623 836 2683 est,
880 2616 1204 2687 deiformiter
1231 2618 1545 2682 extendunt,
1580 2619 1784 2688 capiose
1830 2619 1956 2688 ipsis
2005 2628 2122 2673 tra-

532 2709 710 2764 dentes
747 2727 811 2764 ea:
852 2712 1240 2780 superveniente
1267 2711 1322 2764 in
1351 2727 1438 2765 eas
1482 2710 1718 2765 claritate
1741 2752 1753 2774 ,
1792 2720 1838 2765 et
1878 2709 2000 2766 illae
2030 2711 2124 2766 ite-

530 2815 672 2864 rum,
704 2799 758 2854 id
779 2809 880 2865 est,
906 2815 1046 2870 quae
1072 2809 1193 2869 post
1219 2801 1263 2833 “
1293 2802 1690 2857 excelsissimas
1713 2805 1978 2859 essentias
2000 2819 2123 2858 con-

531 2887 755 2944 stitutae
793 2899 934 2955 sunt,
965 2890 1211 2961 subjectis
1251 2893 1369 2958 sibi,
1396 2895 1867 2964 supervenientem
1904 2895 2123 2950 tradunt

532 2981 858 3049 claritatem,
902 2992 950 3038 et
994 3000 1086 3054 per
1130 2984 1362 3056 singulas
1395 2987 1566 3056 prima
1606 2987 1673 3053 ei,
1717 3003 1851 3058 quae
1877 2997 1950 3041 est
2005 2995 2122 3057 post

533 3091 670 3140 eam,
719 3076 901 3130 tradit.
933 3073 1096 3132 Verbi
1146 3077 1319 3148 gratia
1370 3079 1541 3148 prima
1581 3080 1848 3135 ierarcltia
1887 3079 2117 3145 mediae,

535 3167 715 3221 media
756 3167 972 3234 tertiae,
1005 3169 1164 3224 tertia
1209 3179 1455 3239 quartae,
1487 3186 1628 3240 quae
1677 3181 1760 3226 est
1801 3172 1854 3226 in
1889 3171 2123 3226 homini-

534 3255 660 3322 bus,
691 3256 900 3314 divinas
924 3260 1112 3314 tribuit
1140 3259 1578 3315 illuminationes.
1604 3260 1847 3315 Tertium
1875 3262 2123 3329 sequitur

2222 2073 2348 2145 quia
2378 2071 2598 2128 luminis
2641 2073 2879 2128 essentia
2919 2079 3020 2126 est.
3053 2069 3110 2124 ln
3137 2070 3254 2139 ipso
3285 2069 3428 2124 enim
3461 2077 3514 2122 et
3547 2082 3708 2123 omne
3737 2065 3816 2119 lu-

2223 2178 2344 2218 men
2392 2179 2658 2234 omneque
2690 2163 2733 2195 ³⁰
2764 2163 3121 2218 illuminatum
3160 2159 3440 2224 subsistit,
3471 2160 3728 2229 quoniam
3764 2166 3817 2214 et

2221 2259 2391 2329 ipsius
2416 2257 2648 2314 essentia
2684 2258 2773 2312 lux
2799 2265 2903 2323 est,
2927 2266 2980 2313 et
3009 2257 3178 2326 ipsius
3207 2271 3327 2313 esse
3353 2268 3536 2309 causa.
3568 2250 3741 2307 Omne
3772 2250 3814 2284 ³¹

2225 2352 2512 2421 siquidem,
2554 2352 2696 2420 quod
2726 2357 2841 2412 est,
2869 2363 2973 2402 non
3021 2347 3236 2402 aliunde
3261 2347 3310 2401 ei
3337 2361 3455 2400 esse
3485 2352 3588 2409 est,
3617 2343 3720 2397 nisi
3749 2343 3816 2396 ab

2223 2457 2308 2508 eo,
2342 2443 2432 2512 qui
2482 2441 2950 2512 superessentialis
2990 2447 3073 2495 est
3103 2440 3170 2506 ³⁸,
3201 2449 3256 2494 et
3284 2437 3514 2494 causalis
3545 2436 3715 2506 ipsius
3737 2435 3818 2489 vi-

2224 2534 2372 2589 dere.
2402 2532 2670 2587 lnlinitiva
2694 2531 2739 2563 ³³
2769 2533 2885 2586 loco
2915 2532 3193 2586 nominum
3217 2529 3414 2601 posuit.
3446 2526 3549 2583 Ubi
3595 2525 3818 2597 pulchre

2225 2626 2384 2680 datur
2431 2624 2676 2695 intelligi,
2722 2625 2868 2694 quod
2911 2638 3017 2677 non
3065 2622 3208 2677 aliud
3261 2629 3424 2676 estet
3466 2618 3571 2690 ipsi
3625 2618 3733 2672 Deo
3765 2626 3819 2672 et

2225 2717 2373 2773 omni
2425 2715 2672 2770 rationali
2721 2723 2774 2770 et
2825 2713 3172 2768 intellectuali
3222 2721 3504 2768 creaturae
3558 2725 3716 2776 esse,
3763 2718 3818 2763 et

2227 2808 2373 2863 aliud
2417 2807 2506 2861 lux
2538 2822 2675 2870 esse,
2707 2815 2762 2861 et
2806 2805 2949 2861 aliud
2981 2806 3183 2868 videre,
3230 2804 3332 2859 hoc
3371 2812 3484 2868 est,
3516 2801 3818 2871 intelligere

2226 2901 2469 2972 gnostica
2505 2903 2729 2954 virtute.
2774 2898 2830 2953 ld
2878 2897 3052 2968 ipsum
3091 2897 3271 2965 itaque
3315 2893 3448 2965 ipsis
3483 2895 3583 2948 est?
3607 2906 3730 2946 esse
3763 2898 3819 2944 et

2225 2991 2409 3046 lucere
2439 2999 2493 3046 et
2517 2990 2716 3044 videre.
2757 2989 2886 3043 Esse
2907 2988 3052 3042 enim
3078 2987 3317 3058 ipsorum
3341 2985 3433 3038 lux
3455 2993 3541 3039 est
3577 2991 3634 3039 et
3661 2982 3815 3036 visio.

2229 3082 2345 3137 Hoc
2379 3082 2632 3152 deiforme
2674 3090 2722 3136 et
2768 3080 2878 3135 Deo
2911 3079 3080 3134 simile
3105 3087 3391 3150 permanet,
3428 3075 3572 3147 quod
3608 3073 3820 3146 proprie

2228 3173 2594 3230 transfertur:
2623 3173 2729 3227 hoc
2759 3170 3095 3226 deiformiter
3140 3178 3195 3224 ct
3245 3169 3353 3224 Deo
3399 3167 3662 3245 similiter
3698 3181 3822 3221 con-

2227 3269 2490 3333 stituens;
2538 3265 2652 3336 ipse
2694 3263 2943 3319 videlicet
2970 3262 3061 3334 qui
3107 3261 3339 3318 causalis
3365 3259 3411 3292 ³⁸
3441 3260 3691 3317 omnium
3725 3269 3821 3314 est.

535 3351 852 3422 paradisum
886 3366 900 3405 ε
928 3352 1056 3422 Ipsa
1085 3370 1224 3424 aqua
1265 3369 1436 3408 nonne
1473 3363 1520 3408 et
1551 3354 1605 3406 in
1634 3369 1810 3408 omnes
1832 3355 2125 3424 proportio-
2151 3334 2197 3398 δ
2228 3359 2295 3414 Et
2320 3358 2448 3428 quid
2473 3334 2574 3414 esi
2593 3357 2759 3412 illud?
2789 3355 3134 3426 Superposita
3161 3355 3210 3410 ei
3235 3363 3347 3425 post
3377 3371 3433 3408 se
3477 3366 3823 3423 unaquaeque

538 3441 732 3495 natiter
771 3445 1039 3513 pervenit?
1067 3445 1145 3500 Ac
1193 3445 1236 3500 si
1274 3445 1478 3500 diceret
1519 3462 1534 3500 :
1569 3445 1756 3501 Nonne
1797 3446 1914 3517 ipsa
1962 3463 2121 3517 aqua,

539 3534 994 3602 quemadmodum
1025 3544 1078 3590 et
1109 3535 1305 3592 solaris
1350 3537 1552 3605 radius,
1582 3546 1636 3594 et
1676 3538 1919 3595 caliditas
1963 3540 2125 3609 ignis,

540 3627 1017 3698 proportionaliter
1053 3629 1108 3683 in
1143 3645 1332 3686 omnes
1362 3633 1606 3702 pervenit
1648 3633 1939 3688 materias?
1974 3632 2129 3689 Hunc

541 3718 721 3775 locum
753 3730 972 3791 propter
1012 3722 1397 3794 intelligentiae
1432 3723 1742 3780 facilitatem
1784 3725 1859 3778 ita
1891 3733 2130 3781 transtu-

541 3813 724 3868 limus.
756 3813 937 3870 Potest
970 3825 1145 3871 tamen
1166 3815 1286 3886 plus
1309 3832 1562 3888 expresse
1589 3817 1655 3884 η,
1689 3819 1934 3888 quamvis
1965 3819 2008 3850 ¹⁶
2034 3820 2131 3875 ob-

543 3906 806 3973 strusius,
856 3906 1233 3978 interpretari,
1282 3909 1337 3963 in
1384 3911 1572 3965 eodem
1622 3909 1867 3980 profecto
1919 3925 2126 3967 sensu:

543 4011 684 4066 aqua
730 4013 837 4052 non
879 3998 1094 4069 quidem
1125 4015 1253 4070 ergo
1282 4008 1336 4055 et
1377 4001 1433 4054 in
1462 4001 1501 4033 ¹⁷
1534 4016 1722 4057 omnes
1750 4000 1794 4033 ¹³
1826 4001 2133 4073 proportio-

546 4090 742 4147 utiliter
767 4091 1087 4162 perveniens
1111 4090 1189 4148 “‘2
1219 4092 1499 4166 Tanquam
1514 4094 1718 4151 diceret
1753 4111 1765 4148 :
1799 4094 1986 4151 Nonne
2013 4094 2130 4165 qui-

543 4184 663 4241 dem
709 4201 837 4257 ergo
865 4203 1006 4258 aqua
1047 4198 1103 4243 et
1149 4189 1204 4243 in
1249 4205 1436 4246 omnes
1490 4191 1745 4246 materias
1790 4191 2133 4246 distribuitur

540 4280 1013 4348 proportionaliter
1057 4284 1378 4352 perveniens
1404 4283 1473 4349 ⁸ο,
1507 4285 1610 4339 hoc
1641 4293 1726 4338 est
1748 4325 1763 4349 ,
1800 4285 2136 4340 corrationa-

540 4370 724 4425 biliter
747 4381 803 4427 et
830 4373 1081 4429 similiter
1107 4377 1425 4445 perveniens
1451 4377 1494 4408 ²¹
1534 4377 1695 4432 solari
1729 4377 1880 4431 radio
1922 4385 1976 4432 et
2004 4376 2135 4432 cali-

544 4459 746 4514 ditali?
799 4459 959 4516 Humi
1010 4463 1277 4532 siquidem
1323 4468 1581 4522 radicitus
1610 4469 1820 4523 occulte
1852 4469 2135 4524 arboribus

548 4550 840 4620 herbisque
872 4552 1130 4620 illabitur,
1165 4557 1417 4626 deinceps
1443 4559 1708 4628 gradatim
1748 4561 1803 4615 in
1842 4561 2053 4631 stipites
2081 4569 2137 4616 et

546 4642 764 4711 thyrsos
789 4643 853 4709 “,
877 4658 1078 4709 ramos,
1102 4645 1252 4713 folia,
1276 4645 1453 4713 ﬂores,
1475 4649 1699 4704 fructus.
1723 4651 1813 4705 Est
1835 4669 1954 4722 ergo
1975 4650 2133 4706 simul

2228 3453 2404 3506 divina
2433 3451 2632 3506 lumina
2657 3469 2750 3522 per
2768 3468 2822 3507 se
2843 3449 2892 3482 ³⁵
2923 3451 2977 3505 in
3004 3449 3150 3504 illam
3189 3437 3541 3503 transvehere.
3575 3445 3697 3502 Hoc
3727 3451 3821 3508 est,

2229 3543 2457 3598 causalis
2500 3542 2742 3597 omnium
2788 3543 3106 3609 constituit,
3144 3550 3206 3597 ut
3263 3539 3609 3611 superposita
3662 3552 3822 3609 quae-

2231 3646 2443 3700 cunque
2495 3632 2730 3686 essentia
2801 3631 3152 3704 subsequenti
3201 3647 3262 3688 se
3310 3629 3582 3686 essentiae
3643 3628 3820 3684 divina

2231 3720 2432 3775 lumina
2494 3737 2588 3792 per
2650 3736 2709 3776 se
2778 3722 2832 3776 in
2890 3721 2937 3754 ⁸⁸
3000 3721 3146 3777 illam
3205 3721 3525 3778 transvehat
3582 3719 3671 3774 vel
3739 3734 3821 3773 su-

2229 3813 2506 3882 pervehat.
2565 3812 2998 3886 Ἐποχιτιύισθαι
3054 3814 3098 3847 ⁸⁷
3157 3815 3300 3870 enim
3362 3824 3416 3871 et
3468 3813 3820 3868 transvehere

2230 3921 2355 3973 eos,
2388 3908 2764 3978 supervehere,
2800 3917 2855 3963 et
2899 3909 3155 3965 invehere
3209 3917 3388 3980 potest
3446 3907 3816 3978 interpretari.

2232 4001 2378 4074 Ergo
2418 4002 2902 4057 excellentissimam
2967 4002 3266 4058 caelestium
3339 4001 3643 4057 animorum
3721 4000 3822 4056 dis-

2230 4096 2538 4168 positionem
2584 4095 2741 4150 simul
2789 4097 3021 4150 omnium
3070 4094 3390 4168 reliquarum
3451 4093 3497 4128 ³⁸
3549 4094 3819 4160 essentiae,

2231 4188 2516 4242 secundum
2545 4187 2684 4258 quod
2719 4204 3033 4260 consequens
3065 4198 3140 4242 est
3165 4197 3278 4258 post
3308 4187 3476 4242 Deum
3508 4185 3820 4258 principium

2233 4283 2516 4348 mirantur,
2550 4283 2715 4336 omnis
2748 4299 2931 4337 sacrae
2960 4292 3008 4337 et
3031 4281 3238 4337 divinae
3267 4281 3515 4336 scientiae
3542 4289 3593 4334 et
3621 4279 3823 4333 divinas

2233 4377 2562 4443 imitationis,
2598 4387 2866 4449 tamquam
2893 4395 2986 4450 per
3018 4378 3140 4433 illas
3168 4378 3221 4433 in
3246 4395 3421 4432 omnes
3451 4385 3498 4431 et
3522 4393 3618 4431 nos
3649 4375 3822 4429 dicitur

2234 4467 2621 4524 illuntinatione
2657 4469 2936 4524 distributa
2983 4469 3048 4526 ³⁸.
3096 4461 3247 4526 Οιηισ
3284 4479 3340 4525 et
3386 4483 3582 4525 sensus
3623 4487 3636 4523 :
3687 4467 3822 4538 Ergo

2234 4561 2523 4627 mirantur,
2553 4561 2639 4617 vel
2675 4562 3038 4629 arbitrantur;
3071 4565 3308 4637 ἡγοῦνται
3336 4563 3481 4618 enim
3520 4571 3577 4616 et
3619 4560 3822 4615 miran-

2236 4661 2324 4706 tur
2347 4661 2401 4707 et
2425 4651 2471 4684 ⁸ο
2496 4653 2832 4709 arbitrantur
2868 4663 3046 4725 potest
3091 4655 3466 4725 interpretari;
3496 4652 3621 4724 plus
3649 4663 3823 4708 tamen

546 4735 745 4788 cunctis
803 4735 1115 4791 illuminatts
1156 4738 1204 4770 ³³
1258 4741 1573 4809 principium
1618 4741 1973 4798 illuminandi.
2004 4743 2132 4801 Post
2162 4722 2212 4782 θ
2236 4745 2490 4801 convenit
2531 4746 2715 4801 sensui
2761 4744 2816 4799 in
2850 4722 2956 4800 hoc
2982 4745 3101 4801 loco
3129 4722 3418 4810 mirantur,
3455 4722 3584 4814 quia
3614 4743 3685 4798 ad
3713 4742 3823 4797 lau-

548 4829 861 4902 paradigma
887 4833 956 4888 ad
985 4833 1321 4904 propositum
1351 4835 1672 4892 revertimur
1698 4837 1767 4904 ",
1799 4838 1902 4894 hoc
1935 4846 2033 4903 est,
2065 4839 2133 4893 ad

2239 4839 2359 4893 dem
2399 4839 2652 4909 pertinet.
2695 4837 2838 4909 Ergo
2882 4837 3148 4893 mirantur
3190 4836 3350 4893 simul
3399 4835 3673 4893 essentiae
3709 4847 3822 4890 om-

1841 4947 2097 5004 vannus
2135 4947 2538 5025 LECTIQNES.

625 5100 640 5132 ¹
697 5101 738 5156 Β
793 5099 1046 5154 rationem
1107 5101 1473 5157 ordinationis.

545 5187 646 5244 pro
685 5182 796 5242 post
829 5181 949 5244 siml
977 5172 1064 5226 AB
1108 5183 1342 5244 possunt.

545 5241 847 5296 eminentes.
885 5241 946 5290 Β*
981 5241 1277 5296 νει(1,’ροι’ν-
1329 5241 1781 5296 suum-mninentpm
1905 5249 1926 5280 γ

1576 5104 1596 5134 ⁸
1647 5102 1738 5160 Sic
1795 5105 1834 5163 C
1893 5114 1949 5161 et
1998 5107 2112 5162 rad.
2168 5123 2308 5163 corr.
2365 5105 2464 5170 B‘,
2511 5106 2601 5161 AB
2655 5105 2819 5162 bonis.

1439 5173 1460 5203 ’⁵
1489 5175 1642 5228 (Sorr.
1694 5176 1778 5242 B‘,
1819 5178 2122 5276 AB'd‘ipino.

1439 5247 1781 5276 ηυηιιένηηηηι..
2077 5263 2111 5270 ιιι

2224 5181 2229 5208 ί
2254 5178 2358 5262 Pio
2388 5174 2631 5268 [ζειαί.Βᾲ
2655 5193 2823 5247 marg.
2867 5178 3044 5264 adscr.
3073 5176 3238 5250 Hae,
3344 5174 3524 5260 Corr.‘
3543 5175 3592 5250 ἓ
3642 5189 3821 5246 super-

2920 5106 2942 5138 ³
3002 5106 3095 5162 Sic
3145 5104 3187 5160 C
3245 5112 3300 5160 et
3346 5103 3463 5159 rad.
3515 5117 3664 5158 corr.
3725 5100 3818 5166 B';
