3984 5800
327 493 438 553 2M

864 492 1366 555 EXPOSITIONES
1406 498 1633 557 SUPER
1666 496 2094 558 IERARCHIAM
2132 494 2537 554 CAELESTEM
2577 499 2636 554 S.
2678 494 2991 557 DlONYSll.

3494 493 3607 564 2η

328 610 489 667 Ilium
546 608 875 679 reliquarum
928 611 1238 668 caelestium
1292 614 1649 670 essentiarum
1696 615 1923 686 diSposi-
1949 620 1998 679 Α
2027 620 2151 669 ειιηι
2199 612 2438 683 primae,
2491 611 2817 684 participant
2859 614 3073 683 quidem
3115 613 3339 673 inferius
3388 617 3602 691 igneam

330 701 514 755 tiones
529 701 569 754 ¹.
595 699 735 767 Quid
759 701 1046 758 mirantur?
1066 703 1586 762 Exccllentissimam
1603 708 1914 764 caelestium

324 792 641 847 animorum
693 791 1138 861 dispositionem,
1194 799 1490 854 secundum
1536 799 1699 870 quod,
1729 814 1918 856 conse-

324 897 506 954 quens
532 883 553 913 ²
581 892 685 950 est,
741 894 864 953 post
891 884 1078 940 Deum.
1111 886 1179 941 Et
1208 887 1335 958 quid
1367 887 1433 945 de
1473 905 1535 945 ea
1564 890 1830 946 mirantur
1870 889 1912 956 ³,

326 973 437 1030 hoc
481 982 569 1028 est
614 973 870 1029 laudant?
913 975 1067 1043 Quod
1108 978 1180 1032 sit
1219 979 1539 1051 principium
1581 990 1704 1052 post
1745 980 1915 1037 Deum

323 1067 511 1122 omnis
555 1082 748 1123 sacrae
788 1076 841 1124 et
868 1068 1082 1125 divinae
1119 1071 1375 1129 scientiae
1415 1083 1470 1130 et
1497 1075 1709 1132 divinae
1738 1076 1918 1131 imita-

325 1161 516 1226 tionis,
557 1170 812 1231 tanquam
839 1178 939 1234 per
974 1164 1113 1231 illas,
1143 1168 1627 1225 excellentissimae
1666 1170 1917 1225 videlicet

322 1250 701 1320 dispositionis
740 1253 1030 1319 essentias,
1060 1255 1114 1310 in
1137 1270 1328 1313 omnes
1378 1267 1585 1315 ceteras
1629 1258 1912 1328 caelestes,

321 1352 383 1396 et
409 1342 462 1397 in
480 1357 579 1398 nos
601 1343 866 1410 homines,
893 1346 985 1415 qui
1009 1346 1298 1403 humanam
1326 1350 1711 1422 participamus
1729 1358 1936 1407 essen-‘

321 1429 486 1496 tiam,
529 1434 713 1490 divina
737 1434 760 1468 ⁸
790 1436 1185 1495 illuminatione
1204 1440 1510 1507 distributa,
1537 1443 1792 1514 quoniam
1818 1459 1915 1515 per

320 1519 449 1578 illas
489 1524 672 1581 divina
720 1526 1042 1584 illuminatio
1081 1530 1438 1597 distribuitur,
1485 1548 1550 1587 ac
1587 1532 1752 1589 veluti
1792 1539 1914 1605 post

317 1626 494 1667 unum
531 1623 585 1670 et
618 1616 851 1687 primum
893 1619 1137 1674 omnium
1182 1620 1531 1691 principium,
1560 1622 1730 1677 Deum
1767 1622 1936 1691 dico;

316 1713 380 1760 et
428 1709 733 1777 proximum
782 1712 1109 1769 substitutae
1151 1714 1259 1770 sint
1300 1714 1342 1768 ⁸.
1402 1712 1628 1785 Propter
1682 1717 1822 1787 quod
1863 1726 1935 1771 et'

317 1813 530 1853 omnem
566 1816 773 1857 sacram
806 1813 855 1858 et
886 1803 996 1859 Deo
1022 1804 1245 1859 similem
1274 1807 1625 1877 operationem
1659 1807 1714 1861 in
1744 1806 1911 1862 Deum

314 1889 533 1958 quidem
560 1895 713 1962 quasi
733 1893 997 1949 causalem
1024 1895 1275 1966 referunt.
1302 1895 1654 1963 Subauditur,
1690 1897 1863 1969 angeli
1892 1896 1931 1952 τ’

316 1979 519 2036 deinde
554 1984 759 2052 primos
785 1984 824 2050 ⁸,
868 1986 971 2041 hoc
996 1996 1100 2054 est,
1130 1988 1182 2042 in
1210 1988 1414 2059 primos
1446 1988 1725 2058 deiformes
1759 1988 1910 2044 intel—
1935 1982 1983 2040 B

317 2068 486 2125 lectus
510 2080 760 2145 tanquam
778 2076 974 2146 primos
996 2086 1293 2147 operatores
1309 2079 1624 2148 divinorum,
1648 2080 1906 2135 luminum

315 2159 604 2228 videlicet,
655 2174 705 2218 et
753 2167 1052 2235 magistros.
1102 2169 1182 2225 Ac
1227 2170 1272 2225 si
1326 2170 1530 2226 diceret
1576 2187 1589 2224 :
1641 2170 1908 2239 Quoniam

315 2253 778 2311 excellentissima
826 2258 1075 2315 caelestis
1122 2261 1401 2331 dispositio
1452 2262 1761 2317 immediate
1788 2270 1911 2332 post

313 2340 493 2398 Deum
521 2354 624 2409 est,
650 2350 1249 2419 proptereajnl'eriores
1274 2352 1497 2409 virtutes
1519 2368 1733 2409 omnem
1756 2368 1909 2408 suam

311 2448 533 2490 sacram
585 2437 806 2509 Deoque
859 2442 1090 2498 similem
1141 2445 1508 2514 operationem
1560 2445 1613 2500 in
1659 2461 1718 2501 se
1766 2445 1909 2516 ipsas

311 2524 582 2583 referunt.
622 2528 729 2585 Sed
768 2533 944 2602 primo
991 2534 1046 2588 in
1092 2535 1281 2603 Deum,
1324 2548 1379 2593 et
1421 2545 1814 2608 consequenter
1852 2538 1906 2592 in

311 2619 525 2686 primos
580 2622 917 2693 intellectus,
965 2628 1057 2697 qui
1109 2630 1271 2700 primi
1314 2640 1626 2702 operatores
1677 2639 1801 2687 sunt
1852 2639 1907 2688 et

310 2713 561 2783 magistri
592 2715 921 2785 divinorum,
954 2736 1049 2776 seu
1072 2721 1334 2780 luminum
1360 2725 1441 2780 vis
1469 2725 1778 2791 subaudire,
1809 2740 1904 2781 seu

310 2806 726 2874 mysteriorum,
749 2824 843 2866 seu
860 2826 1182 2870 arcanorum
1198 2824 1609 2886 ceterarumque
1623 2816 1900 2873 similium.

310 2895 574 2968 Sequitur
597 2904 971 2974 recapitulatio
998 2907 1458 2980 interpretationis
1484 2910 1760 2966 nominum
1784 2909 1903 2980 pri-

308 3004 437 3044 me
457 2991 777 3051 ierarchiae.
818 2997 944 3054 Non
968 3000 989 3031 "
1019 3017 1138 3073 ergo
1164 3003 1334 3068 prima
1360 3012 1658 3058 sanctorum
1690 3001 1902 3072 angelo-

309 3096 431 3136 rum
484 3083 757 3157 dispositio
804 3094 971 3162 magis
1011 3092 1167 3147 simul
1192 3095 1431 3150 omnibus
1457 3096 1609 3149 habet
1652 3093 1899 3166 igneam'

304 3176 724 3245 proprietatem?
745 3180 825 3237 Ae
846 3182 890 3237 si
918 3183 1122 3240 diceret
1154 3202 1166 3240 :
1200 3184 1408 3253 Nonne,
1435 3187 1682 3257 quamvis
1709 3200 1897 3243 omnes

307 3266 576 3325 caelestes
610 3271 839 3329 virtutes
863 3275 885 3307 ⁹
919 3274 1154 3331 habeant
1177 3275 1390 3347 igneam
1420 3277 1463 3309 ³ο
1486 3278 1894 3348 proprietatem,

305 3357 415 3414 hoc
427 3369 533 3427 est,
547 3364 887 3433 purgativam
898 3366 1268 3435 operationem
1280 3408 1294 3433 ,
1313 3368 1484 3438 magis
1505 3376 1682 3424 tamen
1696 3368 1894 3425 ceteris
1921 3353 1967 3417 C

305 3452 485 3520 prima
502 3453 792 3524 ierarchia,
810 3458 963 3528 cujus
973 3458 1179 3529 primus
1191 3461 1324 3516 ordo
1345 3459 1628 3532 Seraphim
1657 3463 1899 3517 nomina-

309 3550 418 3608 tur,
446 3545 501 3599 id
530 3555 632 3613 est,
667 3549 1020 3607 incendentes
1045 3553 1129 3608 vel
1157 3553 1573 3611 calefacientes?
1592 3555 1661 3610 Et
1675 3556 1897 3626 e/fusam

315 3630 528 3690 divinae
549 3640 842 3709 sapientiae
862 3643 1215 3710 traditionem,
1239 3654 1288 3700 et
1309 3648 1585 3717 mysticum
1611 3647 1900 3704 excelsissi-

305 3742 428 3782 mae
452 3728 746 3786 diuinarum
776 3731 1220 3791 illuminationum
1242 3739 1487 3795 scientiae
1513 3757 1533 3807 ;
1558 3741 1896 3809 subauditur,

306 3820 488 3891 magis
543 3824 800 3880 omnibus
846 3827 1011 3883 habet
1054 3828 1229 3900 prima
1261 3830 1562 3902 dispositio,
1590 3832 1741 3903 cujus
1765 3834 1898 3890 ordo

306 3915 580 3972 secundus
601 3916 894 3976 Cherubim
922 3922 1143 3990 dicitur,
1171 3923 1226 3979 id
1254 3932 1358 3992 est,
1406 3924 1693 3980 multitudo
1718 3926 1897 3982 scien-

305 4005 439 4073 tiae,
466 4007 580 4064 sive
598 4008 790 4067 eﬁ‘usio
820 4014 1137 4083 sapientiae.
1166 4015 1236 4070 Et
1261 4017 1508 4072 sessivam
1531 4017 1897 4088 proprietatem

302 4107 592 4166 gestantem
621 4100 855 4157 divinam
880 4107 1263 4176 susceptionem
1297 4108 1712 4178 signiﬁcantem;
1739 4109 1896 4165 simi-

306 4187 436 4244 liter
457 4192 796 4263 subauditur,
820 4198 992 4269 magis
1020 4199 1271 4255 omnibus
1310 4199 1474 4256 habet
1520 4200 1734 4257 divinae
1752 4201 1898 4258 sedis

304 4284 715 4354 proprietatem,
752 4303 894 4359 quae
927 4289 1107 4361 Deum
1126 4300 1318 4363 gestat,
1337 4292 1681 4364 d’ivinamque
1709 4308 1897 4365 recep-

305 4374 510 4431 tionem
538 4377 828 4448 signiﬁcat,
852 4382 1025 4453 prima
1054 4382 1340 4459 ierarchia,
1370 4383 1522 4454 cujus
1548 4384 1738 4441 tertius
1760 4386 1895 4444 ordo

303 4466 618 4523 nominatur
643 4469 870 4539 Throni,
900 4473 953 4527 id
973 4481 1080 4541 est,
1111 4473 1505 4532 sedes.'0mnes
1531 4476 1695 4547 igitur
1717 4476 1894 4533 caele-

300 4570 416 4615 stes
440 4561 673 4618 virtutes
717 4563 920 4621 habent
938 4566 979 4597 “
1006 4566 1220 4639 igneam
1249 4569 1360 4625 vim
1380 4577 1436 4626 et
1455 4566 1890 4644 etl‘nsionemjsa-

298 4652 538 4723 pieatiae
581 4665 638 4713 et
668 4660 983 4731 mysterium
1003 4662 1264 4720 scientiae
1303 4671 1360 4721 et
1386 4664 1600 4721 divinae
1628 4666 1888 4724 sessionis

300 4748 709 4818 receptionem,-
732 4755 906 4824 magis
955 4763 1136 4812 tamen
1182 4757 1381 4813 ceteris
1423 4758 1673 4815 omnibus
1709 4760 1884 4831 prima

297 4836 589 4896 ierarcltia.
637 4841 794 4914 Ipsae
822 4862 944 4900 vero
981 4848 1369 4918 suppositarum
1407 4847 1770 4919 dispositiones
1808 4868 1915 4917 es-A

2017 705 2271 761 virtutem
2311 703 2618 774 Seraphim,
2666 706 2961 775 sapientem
2990 707 3358 781 scientemque
3395 708 3603 768 Cheru-

2016 797 2124 854 bim
2175 800 2452 864 virtutem,
2498 799 2592 853 Dei
2622 799 3008 870 susceptoriam
3054 802 3307 859 virtutem
3346 803 3598 864 Throno-

2016 910 2158 949 rum.
2194 893 2258 948 Et
2286 894 2354 948 ad
2382 893 2578 964 primas
2618 894 2921 963 aspicientes
2944 895 3012 963 “,
3043 906 3091 951 et
3118 913 3210 968 per
3233 916 3343 967 eas,
3373 902 3600 972 primas,

2016 995 2074 1040 ut
2104 985 2150 1018 ¹¹
2177 985 2463 1039 imitatione
2488 983 2661 1039 divina
2690 983 2736 1016 ¹⁶
2760 987 3142 1057 praeoperative
3167 988 3319 1060 digne
3352 990 3516 1060 [actas
3541 992 3601 1048 its

2014 1078 2381 1148 deiformitatis
2415 1076 2660 1149 possibile
2701 1077 2945 1133 reductae
2974 1095 2993 1133 :
3031 1080 3135 1136 hoc
3162 1088 3264 1147 est,
3296 1082 3363 1137 ad
3392 1083 3596 1154 primas

2015 1170 2279 1226 essentias
2310 1169 2518 1225 mediae
2539 1179 2946 1236 convertuntur,
2989 1180 3043 1226 et
3084 1187 3182 1243 per
3225 1188 3339 1240 eas,
3367 1174 3590 1246 primas,

2015 1261 2211 1315 merito
2237 1260 2395 1331 digne
2421 1258 2592 1315 factas
2620 1260 2674 1314 in
2697 1260 3050 1319 similitudine
3079 1261 3259 1319 divina
3281 1279 3597 1336 praeopera-

2014 1352 2179 1407 trices
2226 1351 2279 1406 in
2330 1349 2749 1408 deiformitatem
2795 1353 3107 1424 possibilem
3140 1355 3492 1423 reducuntur,
3543 1356 3599 1413 id

2013 1453 2115 1508 est,
2144 1458 2356 1499 sursum
2388 1443 2656 1499 ducuntur
2692 1444 2734 1475 ’τ
2777 1445 3062 1501 secundae.
3096 1444 3176 1502 Re
3214 1447 3357 1503 enim
3396 1449 3597 1519 saepis-

2013 1536 2147 1591 sime
2202 1551 2299 1607 pro
2342 1551 2554 1591 rursum
2582 1536 2819 1607 ponitur.
2852 1538 2928 1592 De
2974 1539 3163 1594 ultima
3204 1549 3384 1597 autem
3423 1542 3598 1598 caele-

2013 1630 2177 1684 stium
2201 1628 2486 1694 ierarcbia,
2518 1629 2693 1699 deque
2721 1629 2957 1684 humana
2987 1631 3491 1703 subintelligendum
3510 1648 3599 1691 re«-

2012 1721 2187 1791 liquit.
2222 1720 2293 1776 Ut
2331 1722 2474 1777 enim
2505 1722 2740 1777 secunda
2775 1722 3065 1794 participat
3091 1724 3320 1781 virtutes
3364 1725 3596 1795 primae,

2011 1815 2085 1870 ita
2115 1814 2269 1887 tertia
2319 1814 2549 1870 virtutes
2579 1815 2869 1881 secundae,
2898 1825 2953 1870 et
2983 1824 3178 1887 quarta
3215 1818 3429 1886 tertiae,
3462 1835 3525 1877 ac
3547 1819 3596 1877 si

2012 1907 2166 1979 ignea
2190 1916 2243 1963 et
2265 1906 2478 1978 sapiens
2498 1916 2549 1963 et
2575 1908 2753 1964 sciens
2775 1908 2976 1979 Deique
3002 1913 3332 1982 susceptoria
3358 1913 3401 1946 “'
3425 1913 3597 1971 virtus

2009 1998 2243 2068 primum
2273 2013 2304 2052 a
2347 1998 2457 2054 Deo
2496 1998 2549 2053 in
2588 2000 2842 2070 primam,
2874 2002 3112 2059 secundo
3146 1988 3243 2075 per
3279 2004 3508 2075 primam
3537 2004 3596 2062 in

2013 2091 2304 2147 secundam
2328 2130 2343 2157 ,
2388 2090 2547 2147 tertio
2575 2106 2671 2162 per
2713 2093 3003 2149 secundam
3049 2095 3104 2151 in
3132 2095 3368 2164 tertiam,
3397 2104 3596 2167 quarto

2010 2198 2109 2254 per
2139 2183 2353 2239 tertiam
2392 2184 2445 2238 in
2473 2192 2721 2254 quartam
2759 2184 3038 2241 descendit
3068 2186 3429 2253 ierarcltiam;
3468 2202 3596 2260 gra-

2011 2276 2180 2332 datim
2229 2277 2491 2347 siquidem
2530 2274 2594 2344 ¹⁹,
2621 2293 2727 2332 ιιοη
2752 2293 2930 2334 tamen
2953 2279 3266 2349 aequaliter.
3307 2279 3374 2336 Et
3397 2280 3593 2338 iterum

2010 2378 2201 2439 quarta
2213 2368 2261 2401 "
2287 2385 2382 2440 per
2397 2369 2629 2434 tertiam,
2654 2370 2810 2424 tertia
2834 2385 2929 2440 per
2958 2371 3274 2439 secundam,
3299 2372 3533 2427 secunda
3545 2369 3593 2406 “

2009 2474 2105 2530 per
2150 2461 2414 2530 primam,
2452 2461 2627 2533 prima
2671 2475 2770 2530 per
2800 2461 2974 2531 ipsum
3025 2462 3193 2516 Deum
3235 2461 3290 2516 in
3318 2460 3594 2533 praelatas

2008 2553 2283 2609 reducitur
2316 2553 2564 2608 virtutes.
2611 2553 2791 2607 Dictas
2830 2569 2950 2624 ergo
2990 2562 3199 2609 sanctas
3224 2556 3589 2626 proprietates.

2005 2660 2230 2716 quorum
2269 2644 2599 2715 participatio
2642 2659 2734 2715 per
2758 2645 2957 2716 primas
2992 2653 3106 2717 post
3135 2661 3223 2700 eas
3256 2640 3592 2703 subsistentes

2003 2738 2160 2808 ﬁunt,
2189 2738 2314 2809 ipsis
2350 2736 2455 2792 illis
2489 2738 2534 2769 "
2564 2746 2678 2809 post
2721 2735 2886 2791 Deum
2927 2745 3175 2809 tanquam
3215 2738 3487 2794 ierarcltiis
3514 2755 3593 2794 re-

2001 2839 2221 2901 ponunt.
2246 2830 2556 2886 Praedictas
2580 2844 2727 2902 ergo,
2755 2830 2948 2901 inquit,
2973 2839 3189 2888 sanctas
3203 2833 3590 2916 preprietates;

2002 2923 2278 2995 proprium
2328 2924 2471 2977 enim
2522 2923 2748 2995 angelici
2797 2923 3021 2990 ordinis,
3077 2924 3169 2995 qui
3219 2924 3442 2982 ultimus
3482 2935 3588 2993 est,

2001 3015 2345 3086 purgationes
2366 3014 2413 3047 "
2453 3015 2831 3085 prophetarum
2868 3022 3187 3084 ceteraeque
3224 3015 3588 3086 Operationes,

2000 3122 2140 3177 quae
2170 3106 2348 3161 divina
2370 3105 2610 3161 bonitate
2637 3105 2897 3176 largiente
2917 3104 2970 3159 in
2998 3104 3235 3160 humana
3256 3114 3591 3177 peraguntur

2001 3208 2195 3255 natura
2214 3198 2281 3254 ’ἣ
2307 3198 2544 3267 Quarum
2572 3198 2960 3270 proprietatum
2987 3212 3083 3269 per
3101 3198 3304 3269 primas
3323 3198 3590 3254 essentias

2000 3293 2355 3348 subsistentes
2379 3291 2427 3323 “
2457 3300 2577 3361 post
2602 3306 2697 3347 eas
2723 3290 2857 3346 fiunt
2881 3290 3240 3373 participatio.
3276 3289 3585 3362 Reponunt,

1999 3384 2052 3440 id
2080 3394 2183 3451 est,
2216 3382 2459 3440 referunt
2487 3382 2533 3415 "
2560 3383 2690 3454 ipsis
2732 3383 2837 3439 illis
2873 3382 3442 3454 ierarchiis,tanquam
3468 3389 3591 3453 post

2001 3477 2191 3544 Deum,
2240 3477 2345 3533 hoc
2397 3484 2499 3543 est,
2547 3474 2804 3548 quoniam
2851 3481 2971 3547 post
3012 3472 3181 3530 Deum
3229 3481 3374 3530 sunt.
3433 3471 3588 3541 Quod

1999 3568 2236 3625 breviter
2263 3583 2549 3640 possumus
2576 3567 2830 3640 colligere
2859 3584 2874 3622 :
2899 3564 3170 3638 angelicus
3202 3563 3337 3621 ordo
3371 3572 3588 3620 sanctas

1998 3662 2248 3733 proprias
2291 3662 2632 3734 Operationes
2661 3674 2766 3716 non
2813 3660 2869 3715 in
2909 3658 3169 3731 seipsum,
3200 3656 3295 3714 sed
3340 3656 3395 3712 in
3440 3654 3588 3726 ipsas

2000 3753 2313 3822 ierarchias,
2341 3768 2478 3824 quae
2517 3760 2642 3823 post
2673 3751 2842 3807 Deum
2880 3757 3027 3816 sunt,
3058 3748 3312 3821 quoniam
3356 3746 3588 3829 ab‘ipsis

1999 3845 2227 3915 accepit,
2258 3845 2442 3900 refert.
2473 3843 2705 3900 Pulchre
2737 3849 2917 3898 autem
2958 3840 3089 3896 dicit
3120 3856 3136 3895 :
3184 3854 3415 3911 quarum
3460 3852 3587 3909 par-

2002 3935 2242 4006 ticipatio
2268 3934 2622 3991 subsistentes
2644 3933 2803 4001 ﬁunt,
2832 3931 3089 4003 quoniam
3126 3930 3305 3987 omnis
3334 3928 3584 3986 caelestis

1998 4029 2231 4084 essentia
2256 4028 2646 4099 proprietatum
2686 4042 2910 4083 suarum
2937 4034 2993 4083 et
3025 4025 3087 4080 llt
3113 4033 3166 4081 et
3186 4024 3389 4080 dicitur
3415 4024 3586 4095 parti-

1998 4120 2215 4190 cipatio.
2249 4119 2435 4175 Potest
2475 4126 2654 4175 tamen
2693 4118 2906 4175 facilius
2958 4118 3306 4189 interpretari
3347 4136 3361 4174 :
3411 4116 3582 4174 dictas

1996 4225 2126 4282 ergo
2160 4217 2376 4266 sanctas
2408 4207 2786 4280 proprietates,
2810 4208 2865 4264 in
2895 4222 3124 4278 quantm
3168 4206 3583 4278 participatione

1995 4318 2091 4373 per
2119 4303 2319 4373 primas
2356 4310 2481 4373 post
2511 4316 2605 4357 eas
2650 4300 2694 4333 ”
2729 4300 3082 4356 subsistentes
3126 4298 3276 4354 ﬁunt.
3310 4296 3580 4365 Quoniam

1995 4392 2139 4450 enim
2161 4393 2215 4447 in
2242 4391 2451 4449 Graeco
2475 4399 2560 4449 est
2581 4388 2648 4448 ὧν
2671 4393 3185 4463 prrooeia,quarum
3208 4388 3577 4462 participatio,

1993 4495 2048 4543 et
2071 4486 2123 4543 in
2147 4503 2376 4560 quarum
2401 4487 2817 4559 participatione
2840 4493 3019 4557 potest
3047 4483 3301 4556 intelligi;
3328 4486 3580 4557 μετουσία

1992 4582 2189 4654 quippe
2226 4590 2281 4638 et
2327 4580 2693 4639 nominativus
2738 4595 2898 4638 casus
2946 4579 3229 4652 accipitur,
3273 4587 3330 4634 et
3363 4576 3577 4633 dativus

1991 4687 2089 4745 pro
2110 4672 2342 4729 ablativo
2364 4672 2583 4744 ponitur
2608 4670 2678 4727 ⁸⁸.
2763 4690 2766 4694 λ
3249 4676 3252 4680 “

2063 4767 2091 4841 ς
2117 4767 2172 4822 4.
2212 4767 2301 4823 Ait
2338 4783 2459 4838 ergo
2496 4767 2622 4822 haec
2649 4765 2848 4832 dicens,
2869 4780 2957 4822 vel
2993 4772 3136 4822 Sicut
3162 4760 3380 4834 proprie
3409 4758 3578 4814 inter-

1987 4874 2231 4938 pretatur
2267 4882 2281 4919 :
2313 4863 2451 4920 dixit
2476 4878 2606 4935 ergo
2629 4863 2721 4934 qui
2750 4864 2886 4919 haec
2911 4861 3009 4927 ait,
3039 4861 3146 4918 hoc
3177 4869 3280 4926 est,
3313 4860 3403 4929 qui
3435 4858 3579 4915 hunc

292 4933 586 4987 sentiarum
616 4935 769 5006 ignea
814 4939 1037 5010 sapienti
1079 4951 1127 4997 et
1153 4943 1336 4999 scienti
1359 4942 1402 4973 “
1441 4942 1541 4998 Dei
1563 4946 1885 5019 susceptoria

2006 4972 2207 5014 sensum
2228 4956 2454 5029 protulit
2470 4955 2537 5010 de
2548 4933 2867 5028 purgatione
2888 4954 3185 5024 prophetae
3208 4967 3239 5006 a
3266 4949 3574 5021 Seraphim,

288 5024 480 5080 virtute
508 5027 553 5097 '_'
581 5032 900 5102 participant
939 5034 1147 5105 quidem
1167 5038 1333 5108 infra;
1357 5037 1739 5112 lpsae,inquit,
1767 5041 1911 5103 dis-_
1989 5024 2247 5106 visionem.
2286 5050 2353 5105 ab
2399 5049 2513 5116 illa,
2543 5024 2724 5104 divina
2770 5046 2977 5105 scilicet
3009 5048 3240 5109 virtute,
3289 5052 3575 5114 susceptam

286 5118 502 5187 positae
528 5124 798 5182 essentiae
824 5126 1038 5183 mediae
1064 5128 1386 5199 ierarchiae,
1409 5145 1547 5203 quae
1575 5134 1886 5206 suppositae
1988 5141 2153 5213 fuisse
2177 5139 2413 5215 theologo
2440 5156 2533 5213 per
2555 5156 2720 5196 unum
2751 5139 3079 5211 operantium
3104 5136 3252 5194 nobis
3280 5144 3576 5191 sanctorum

1506 5330 1511 5335 η
1577 5266 1835 5327 VARIAE
1870 5270 2275 5333 LECTIONES.

356 5382 373 5409 ³
553 5375 687 5455 ΑΒ.⁸
736 5383 765 5456 Ἀ
899 5393 952 5433 a.
990 5393 1066 5435 m.
1094 5397 1367 5456 superscr.
1383 5399 1716 5454 consequens.
1821 5385 1842 5418 ³
1873 5385 1916 5439 Β
1961 5403 2105 5443 corr.
2150 5405 2202 5445 a.
2259 5402 2334 5446 in.
2380 5386 2472 5444 AB
2527 5388 2771 5443 miratur.
2877 5386 2901 5419 ⁵
2927 5382 2971 5440 Α
3010 5382 3258 5441 divinant.
3333 5372 3576 5456 fnCorr-

275 5448 370 5528 β’,
403 5445 687 5528 AB_sunt.'
746 5452 767 5485 ⁶
793 5452 859 5507 B'
893 5466 1054 5528 supra
1092 5444 1266 5528 adscr.
1296 5460 1353 5513 in
1389 5444 1627 5528 primos.”
1680 5459 1699 5490 "
1738 5459 1779 5513 Β
1804 5473 1946 5514 corr.
1981 5444 2199 5514 Nonne.
2262 5444 2322 5491 ἠδ
2345 5460 2389 5515 Β
2412 5460 2623 5528 igneam
2656 5455 2807 5512 habet
2836 5456 3224 5528 proprietatem-
3274 5516 3315 5528 η
3332 5444 3430 5528 ’“B
3458 5457 3581 5528 ςαξ-

274 5510 437 5574 testes
460 5518 687 5597 uirtutes
712 5538 917 5597 omnes.
960 5510 1038 5597 ﬁ“
1086 5510 1476 5597 igne—amour”
1514 5526 1688 5597 addidi
1727 5510 1792 5584 ex
1812 5510 1963 5597 Harii.
1984 5510 2018 5513 ἡ
2042 5510 2317 5587 "ivlt'abent
2345 5510 2460 5586 Boii
2489 5510 2685 5592 Iliad
2708 5510 2880 5595 marg.
2912 5510 3090 5597 adscr.
3113 5520 3194 5573 θ’·
3274 5516 3317 5547 ¹¹
3347 5510 3576 5597 Εηιθηάο

272 5590 679 5686 gracili-femi“
692 5604 740 5648 et
784 5593 1065 5686 sﬁiecntiﬂet
1105 5590 1202 5686 AB.
1243 5596 1752 5686 sapienclfjdettf‘ie
1798 5600 1859 5682 Βς
2083 5590 2873 5686 et_s'apientemgscientem'gu€.
2946 5593 2989 5625 ”
3014 5595 3075 5647 Β·
3127 5601 3252 5642 cc"
3312 5590 3580 5622 ’διενοηιηι

272 5663 419 5740 ff“?
441 5662 701 5740 ":"mﬂn-
739 5737 770 5740 η
804 5662 854 5695 ³⁸
881 5662 959 5715 EX
985 5678 1125 5740 νθιξε.
1155 5679 1208 5724 et
1249 5662 1718 5740 te'xt._graec.,AB
1742 5670 2019 5740 sapientes.
2118 5672 2164 5704 ¹⁵
2194 5662 2416 5726 B‘.corr.
2471 5668 2527 5704 «'n
2653 5666 2696 5696 ιο
2736 5664 2808 5684 ’δ’

271 5731 318 5765 ⁸⁷
350 5729 541 5786 Coni..
579 5727 665 5774 AR
714 5737 974 5774 Αεροηιιυυ
1068 5736 1261 5772 130..-:
1356 5727 1442 5770 Αιῖ
1485 5727 1876 5776 ...ιοξοορηοηξοὸι-
1978 5742 2019 5754 ⁸-
2056 5742 2069 5756 ·

1605 5742 1876 5776 ὅοορηοηνῖι-
