3984 5860
397 456 503 522 2L3

1770 461 2054 522 JOANNIS
2093 462 2288 520 SCOTl

3563 449 3667 510 ω

399 586 448 631 et
475 574 744 643 beatorum
775 573 1098 650 angelorum,
1132 588 1178 632 et
1205 586 1325 631 ante
1358 575 1760 634 niuminativam
1798 580 1981 651 ipsius,
2013 589 2058 644 Α
2088 578 2266 646 plane.
2303 588 2347 632 et
2376 593 2485 632 esse
2509 586 2555 631 et
2602 577 2725 631 bene
2751 593 2877 639 esse,
2903 577 3060 630 etiam
3111 572 3236 644 ipsis
3265 588 3466 628 summe
3504 576 3670 628 muni-

356 723 365 740 ς
403 669 601 743 angeli,
633 670 1114 736 manuductionem,
1153 687 1256 740 qua
1296 671 1447 725 duxit
1502 673 1514 702 ‘
1557 673 1885 743 theologum,
1933 675 1986 726 in

403 761 548 844 illam
574 772 837 828 sanctam,
891 765 1113 819 visionis
1158 764 1336 834 plane,
1385 765 1870 835 contemplationem
1917 783 1990 820 re-

402 853 656 924 posuisse,
687 855 787 909 hoc
821 865 903 911 est
949 857 1215 922 retulisse,
1253 858 1303 912 in
1334 860 1507 927 ipsum
1534 859 1781 914 videlicet
1824 860 1986 914 Scra—

404 945 570 1016 phim,
606 963 634 999 a
669 962 778 1017 quo
820 958 873 1002 et
914 965 1010 1018 per
1037 965 1195 1018 quem
1241 949 1264 981 '
1293 950 1440 1005 visus
1494 959 1578 1006 est
1608 967 1837 1024 purgare
1869 967 1992 1022 pro-

405 1035 642 1104 phetam.
695 1037 759 1092 Et
809 1039 986 1094 sedere
1026 1041 1156 1094 videt
1204 1041 1583 1098 excelsissimus
1619 1046 1889 1107 essentias,
1940 1044 1993 1098 id

405 1135 510 1190 est,
559 1130 1118 1197 superexcelsissimas
1161 1134 1445 1198 essentias,
1471 1145 1724 1202 quantum
1759 1136 1814 1188 in
1853 1153 1994 1208 synt-

407 1218 537 1272 bolis
571 1219 870 1288 dicendum,
908 1223 1010 1280 hoc
1044 1233 1149 1290 est,
1192 1236 1452 1297 quantum
1483 1242 1580 1296 per
1617 1229 1857 1298 symbola
1887 1228 1991 1283 dici

407 1317 618 1376 potest,
676 1313 819 1380 quod
878 1311 1145 1370 ineflitbile
1191 1325 1313 1380 est,
1361 1327 1476 1386 post
1529 1317 1693 1371 Deum
1752 1328 1798 1374 et
1854 1321 1993 1374 circa

408 1395 576 1452 Deum
644 1399 926 1460 collocatas
956 1445 970 1467 ,
1029 1408 1526 1478 superprincipalem
1592 1413 1944 1465 summitatem
1977 1451 1992 1477 ,

409 1493 914 1558 superessentialem
983 1495 1233 1551 videlicet
1296 1497 1627 1564 bonitatem,
1705 1502 1758 1554 in
1823 1503 1994 1555 medio

409 1579 934 1649 super/imitaturum
981 1585 1002 1616 ⁸
1036 1589 1287 1642 virtutum
1339 1591 1822 1661 supercollocatam.
1869 1594 1996 1648 Brev

412 1669 551 1724 viter
593 1683 980 1730 commemorat
1029 1677 1288 1732 visionem
1345 1681 1674 1750 prophetae,
1735 1698 1872 1752 quae
1917 1684 1997 1739 sic

412 1758 464 1814 in
537 1761 790 1819 bebraica
859 1767 1086 1822 veritate
1159 1768 1360 1840 scripta
1440 1779 1566 1837 est;
1644 1772 1996 1844 Septuaginta

412 1853 555 1907 enim
585 1871 716 1926 prae
742 1859 988 1914 manibus
1017 1877 1122 1916 non
1170 1861 1452 1930 habemus,
1499 1880 1634 1934 quos
1687 1865 1705 1895 ⁸
1754 1869 1999 1936 sequitur

2091 668 2155 721 tis
2191 667 2234 697 ⁸⁸
2255 678 2328 721 est
2358 668 2650 721 virtutibus.
2685 667 2837 734 Quod
2869 682 2997 737 ergo
3036 666 3291 736 propheta
3324 665 3467 720 videt
3497 665 3670 718 Domi-

2092 775 2218 814 num
2249 760 2436 815 sedere
2465 775 2626 829 super
2670 743 3066 815 excelsissimus
3099 759 3379 820 essentias,
3413 769 3674 813 reuwtam

2091 851 2159 906 ab
2198 853 2448 908 omnibus
2497 853 2665 924 ipsius
2701 852 2740 883 ³⁷
2789 850 3415 922 superessent-ialitatem,
3452 856 3506 902 et
3536 850 3674 918 quod

2092 945 2471 1000 universaliter
2517 947 2757 1000 omnium
2808 944 3302 1000 excelsissimorum
3329 951 3383 997 et
3428 943 3498 998 ab
3533 942 3674 998 Ortini

2094 1038 2362 1094 intellectu
2393 1040 2879 1094 remotissimorum
2912 1039 3308 1094 remotissimus
3343 1038 3434 1100 sit,
3465 1034 3680 1104 etquod

2095 1147 2267 1200 neque
2292 1133 2498 1202 primae
2527 1133 2793 1189 essentiae
2839 1133 3044 1188 similes
3075 1133 3123 1186 ei
3159 1132 3289 1195 sint,
3337 1130 3486 1185 omni
3518 1129 3682 1198 siqui-

2095 1225 2216 1279 dem
2239 1225 2591 1281 similitudine
2621 1225 2963 1296 relinquitur,
2993 1224 3262 1294 quamvis,
3309 1231 3370 1276 ut
3419 1224 3486 1276 de
3515 1235 3582 1275 eo
3607 1219 3685 1274 di-

2096 1327 2252 1372 catur
2277 1317 2499 1386 aliquid,
2529 1333 2596 1372 ex
2624 1325 2875 1373 creatura
2907 1315 3288 1369 similitudines
3314 1314 3362 1367 ei
3393 1313 3686 1366 adhibean-

2098 1418 2202 1472 tur,
2237 1409 2543 1480 signilicat;
2577 1409 2719 1477 quod
2757 1417 2939 1464 autem
2969 1407 3293 1476 principium
3324 1406 3395 1460 sit
3442 1402 3686 1458 omnium

2097 1513 2151 1560 et
2199 1520 2359 1559 causa
2414 1504 2784 1558 substantitica
2824 1509 3203 1570 secretumque
3255 1510 3312 1554 et
3354 1496 3690 1553 iintnutabile

2098 1606 2154 1652 et
2191 1595 2464 1664 singulare
2495 1594 2924 1657 fundamentum,
2975 1607 3071 1661 per
3123 1591 3165 1622 ⁸⁸
3197 1591 3450 1646 cardines
3483 1585 3688 1656 templi,

2100 1691 2243 1746 circa
2271 1704 2407 1758 quos
2433 1689 2634 1749 omnia,
2687 1700 2827 1756 quae
2871 1693 3177 1748 moventur,
3206 1681 3521 1742 volvuntur,
3566 1678 3690 1732 dum

2103 1783 2154 1836 in
2188 1782 2381 1852 seipsis
2418 1779 2783 1836 immutabiles
2811 1784 3187 1849 permaneant,
3237 1774 3466 1845 mystice
3496 1771 3692 1840 ﬁgura-

2105 1882 2209 1927 tur.
2241 1871 2442 1926 Deinde
2466 1869 2678 1924 eastlem
2704 1871 3154 1924 sanctissimorum
3177 1863 3452 1926 Seraphin»
3481 1863 3694 1914 edoctus

414 1945 703 2019 Dionysius
729 1969 741 2005 :
794 1970 812 2002 ε
847 1950 963 2008 Vidi
989 1955 1272 2011 Dominum
1318 1957 1593 2013 sedentem
1625 1975 1789 2029 super
1810 1961 2004 2016 solium
2032 1956 2080 2016 Β
2107 1975 2180 2020 est
2212 1964 2492 2034 deiformes
2525 1964 2776 2027 uirtutes;
2807 1979 2959 2017 sacra
2996 1960 3203 2028 quidem
3248 1958 3477 2026 ipsorum
3509 1969 3670 2023 cogas

413 2044 686 2101 excelsum
715 2057 771 2104 et
817 2049 1106 2114 elcvatnm,
1141 2062 1197 2106 et
1224 2068 1308 2116 ea,
1351 2068 1490 2124 quae
1521 2053 1622 2109 sub
1669 2055 1786 2124 ipso
1829 2065 2004 2122 erant,

416 2135 706 2207 implebant
737 2142 1016 2213 templum.
1072 2143 1354 2216 Seraphim
1409 2147 1628 2201 stabant
1670 2163 1832 2218 super
1857 2147 2006 2214 illud,

415 2242 508 2282 sex
533 2232 652 2287 alae
680 2235 770 2287 uni
802 2234 842 2299 ",
879 2251 972 2289 sex
1005 2235 1121 2290 alae
1156 2237 1330 2290 alteri.
1368 2239 1585 2295 Duabus
1635 2239 1888 2296 velabant
1935 2239 2010 2293 fa-

415 2319 552 2374 ciem
583 2322 721 2393 ejus,
754 2333 807 2378 et
843 2325 1052 2381 duabus
1084 2327 1334 2383 velabant
1366 2331 1528 2399 pedes
1550 2331 1686 2400 ejus,
1720 2341 1774 2386 et
1803 2332 2010 2386 duabus

414 2411 671 2467 volabant
695 2423 750 2468 et
779 2413 1088 2472 clamabant
1117 2419 1254 2474 alter
1281 2421 1346 2475 ad
1373 2421 1602 2477 alterum
1634 2434 1685 2479 et
1713 2423 1967 2479 dicebant
1993 2443 2005 2478 :

419 2501 669 2569 Sanctus,
703 2504 956 2572 Sanctus,
990 2506 1221 2564 Sanctus
1261 2509 1522 2568 Dominus
1564 2513 1707 2570 Deus
1751 2514 1771 2545 °
1803 2514 2012 2569 exerci-

421 2601 566 2647 tuum
592 2609 607 2660 ;
637 2593 793 2664 plena
821 2608 898 2652 est
931 2600 1109 2655 omnis
1141 2609 1280 2656 terra
1304 2602 1474 2674 gloria
1494 2604 1630 2674 ejus.
1657 2606 1721 2660 Et
1740 2614 2010 2661 commota

420 2693 548 2740 sunt
599 2690 1032 2759 superliminaria
1065 2695 1343 2750 cardinum
1399 2713 1430 2751 a
1459 2713 1591 2753 voce
1620 2698 1927 2764 clamantis,
1957 2706 2014 2756 et

421 2775 614 2833 domus
665 2779 880 2848 impleta
934 2791 1017 2836 est
1064 2782 1212 2839 fumo
1249 2786 1617 2858 thymiamatis
1651 2789 1692 2841 '.
1723 2788 1790 2842 Et
1840 2789 2008 2842 dixit:

423 2863 535 2922 Vae
584 2869 738 2936 mihi,
771 2872 894 2941 quia
948 2875 1112 2938 tacui,
1158 2875 1284 2945 quia
1324 2876 1408 2930 vir
1449 2877 1680 2946 pollutus
1708 2877 1866 2932 labiis
1912 2893 2013 2949 ego

422 2971 566 3024 sum,
605 2962 733 3016 etin
762 2964 939 3018 medio
964 2964 1145 3036 populi
1176 2966 1378 3036 polluta
1410 2967 1550 3024 labia
1593 2968 1614 3000 θ
1640 2971 1890 3024 habentis
1911 2985 2011 3042 ego

424 3051 627 3116 habito,
660 3064 715 3108 et
767 3071 948 3130 regem
996 3058 1284 3116 Dominum
1339 3064 1673 3118 exercituum
1707 3065 1814 3120 vidi
1845 3066 2015 3123 oculis

425 3146 582 3202 meis.
635 3148 701 3203 Et
742 3149 944 3207 volavit
992 3154 1059 3208 ad
1112 3171 1197 3210 me
1251 3171 1391 3212 unus
1437 3157 1504 3213 de
1531 3158 1838 3228 Seraphim,
1872 3167 1926 3215 et
1955 3159 2013 3214 in

426 3259 585 3299 manu
616 3244 730 3315 ejus
751 3248 1007 3315 calculus,
1058 3267 1219 3320 quem
1252 3250 1454 3323 forcipe
1487 3253 1684 3308 tulerat
1726 3252 1795 3308 de
1833 3253 2012 3318 altari,

427 3347 482 3394 et
510 3341 686 3414 tetigit
715 3358 776 3398 os
808 3359 989 3398 meum
1015 3353 1069 3410 e_t
1123 3345 1295 3400 dixit:
1354 3345 1492 3402 Ecce
1519 3346 1668 3416 tetigi
1724 3345 1828 3401 hoc
1872 3345 2017 3401 labia
2043 3327 2089 3389 (ἶ

429 3442 517 3488 tua
546 3445 601 3490 et
628 3435 907 3492 auferetur
935 3438 1195 3507 iniquitas
1228 3447 1374 3492 tua».
1409 3439 1602 3494 Didicit
1632 3441 1836 3510 igitur'
1865 3441 2018 3495 visio-

431 3526 582 3581 nibus
609 3527 719 3597 ipse
741 3527 1034 3599 theologus,
1078 3531 1202 3600 quia
1221 3530 1384 3600 juxta
1437 3547 1642 3586 omnem
1689 3549 2019 3601 superessen-

431 3615 609 3671 tialem
653 3620 1142 3689 supereminentiam
1173 3621 1653 3693 incomparabiliter
1700 3623 2020 3694 supercollo-

432 3720 608 3774 catum
629 3720 702 3764 est
747 3711 978 3768 divinum
1010 3713 1169 3768 simul
1212 3716 1352 3769 omni
1385 3716 1578 3770 visibili
1607 3717 1954 3789 invisibilique
1979 3717 2022 3749 ¹⁰

432 3801 639 3856 virtute.
678 3801 893 3868 Didicit,
925 3804 1118 3875 inquit,
1149 3806 1315 3862 Isaias
1345 3808 1386 3838 “
1418 3807 1713 3864 visionibus
1739 3811 1867 3874 suis,
1899 3810 2026 3880 quia
2061 3813 2068 3820 '

435 3892 581 3949 solus
619 3895 760 3952 Dens
807 3900 1274 3967 superessentialis
1325 3910 1410 3955 est
1437 3910 1490 3954 et
1537 3903 1945 3972 supereminens
1971 3914 2028 3961 et

436 3983 932 4058 incomparabiliter
960 3991 1416 4061 supercollocatns
1460 3996 1606 4049 omni
1657 3996 1852 4051 visibili
1885 3997 2025 4053 invi-

437 4080 688 4152 sibilique
740 4084 783 4114 "
816 4084 1032 4141 virtute.
1075 4085 1261 4142 Potest
1313 4087 1476 4143 etiam
1524 4089 1912 4159 interpretari:
1948 4092 2027 4148 in-

437 4175 874 4244 comparabiliter
921 4165 1403 4250 supercollocatum
1461 4190 1545 4237 est
1591 4181 1832 4236 divinum
1880 4184 2027 4240 onmi

439 4268 637 4326 visibili
687 4271 1050 4342 invisibilique
1079 4274 1299 4330 virtute.
1361 4275 1608 4329 Divinum
1659 4286 1840 4332 autem
1892 4279 2029 4334 dixit

441 4364 613 4434 ipsum
665 4365 857 4431 Deum,
911 4369 1268 4425 usitatissimo
1315 4369 1646 4426 Graecorum
1700 4387 1871 4426 more.
1924 4371 2028 4440 lpsi

438 4457 582 4513 enim
609 4458 795 4514 dicunt
815 4460 941 4520 Θεὸς
975 4470 1026 4514 et
1057 4464 1206 4527 θεῖον,
1236 4461 1338 4514 hoc
1369 4470 1482 4525 est,
1514 4462 1654 4516 Deus
1679 4473 1734 4517 et
1766 4463 2025 4518 divinum.

439 4548 596 4622 Atqui
627 4549 692 4614 ⁸³,
734 4550 818 4604 vel
844 4560 897 4605 et
940 4551 1179 4621 quidem,
1209 4568 1240 4607 a
1275 4553 1646 4622 superioribus
1672 4555 2027 4610 subauditur:

442 4639 628 4695 didicit
672 4638 741 4704 “,
799 4641 924 4709 quia
975 4642 1206 4695 omnium
1255 4652 1329 4696 est
1379 4646 1884 4709 remotissimorum,
1945 4644 2028 4700 vel

446 4730 489 4764 “
515 4731 1026 4795 excelsissimornm.
1058 4734 1468 4803 supereminens
1510 4737 1762 4800 subaudi,
1814 4745 1870 4790 ut
1903 4737 2024 4791 uni-

443 4825 663 4891 versale,
693 4825 950 4882 subaudis
979 4825 1243 4892 divinum,
1273 4845 1433 4899 neque
1460 4829 1644 4896 primis
1669 4845 1872 4892 eorum,
1897 4847 2027 4899 quae

443 4929 586 4985 sunt,
615 4921 852 4975 essentiis
893 4921 1084 4976 simile.
1130 4924 1278 4988 Quae
1310 4923 1455 4977 enim
1483 4924 1724 4979 essentia
1781 4938 2031 4990 superes-

444 4996 661 5066 sentiali
685 5011 879 5067 similis
906 5027 1025 5069 esse
1055 5015 1271 5084 potest?
1302 5015 1487 5070 Adhuc
1508 5027 1553 5069 et
1577 5017 1808 5071 omnium
1836 5017 2028 5086 ipsum,

445 5103 687 5159 divinum
727 5105 992 5169 videlicet,
1049 5108 1361 5179 principium
1395 5119 1441 5164 et
1479 5126 1694 5162 causam
1742 5108 2031 5163 substanti-

444 5195 600 5267 ﬁcam
622 5214 732 5253 esse
753 5198 963 5262 didicit,
995 5209 1042 5254 et
1068 5217 1269 5265 eorum,
1297 5216 1429 5270 quae
1469 5212 1611 5264 sunt,
1634 5209 1832 5254 secreta
1855 5200 2036 5269 singu-

446 5289 657 5348 laritate
702 5293 1026 5349 immutabile
1055 5294 1504 5365 fundamentum;
1551 5310 1616 5348 ex
1663 5309 1788 5364 quo,
1836 5291 2016 5344 divino

1752 5401 2007 5458 VARIAE
2045 5392 2431 5453 LEt’JTlONES

521 5521 538 5554 ¹
564 5523 625 5577 B'
651 5524 766 5579 rad.
807 5539 951 5579 corr.
978 5523 1131 5578 dixit.
1233 5521 1255 5552 ⁸
1283 5519 1438 5575 Corr.
1469 5519 1551 5578 B‘,
1583 5518 1670 5571 AB
1689 5534 1737 5586 q:
1761 5513 1848 5586 04.

451 5591 659 5649 'Bsex
715 5595 902 5657 alieni,
954 5596 1025 5648 Β·
1080 5611 1225 5650 corr.
1287 5608 1379 5646 sea:
1425 5592 1541 5643 alae
1589 5589 1700 5642 uni.

449 5665 472 5699 ⁸
519 5665 565 5735 Β
586 5683 726 5735 ergo.
804 5667 844 5697 ¹⁰
877 5667 916 5720 Β
953 5667 1196 5720 invisibili
1260 5661 1569 5735 visibiiique.

455 5726 728 5840 biiittue'A
777 5737 1016 5790 inuisibili
1050 5736 1427 5790 inuisibiliane.
1462 5726 1506 5778 ll
1561 5727 1806 5782 imngztn't;
1853 5726 1992 5756 ..:...-::

463 5807 491 5840 Δ
613 5805 640 5820 ,.
684 5806 693 5814 .

462 5805 543 5844 Διὶ
613 5805 640 5820 ”
684 5806 693 5814 ·

1954 5512 1973 5542 ³
2013 5509 2168 5561 Corr.
2215 5506 2309 5570 B‘,
2361 5505 2450 5560 AB
2486 5503 2931 5573 superﬁrmatum.

1809 5585 1830 5614 ⁶
1883 5584 2016 5636 Deus
2063 5596 2173 5632 om.
2225 5578 2289 5632 A.

1675 5660 1715 5688 “
1764 5659 1802 5709 Α
1861 5656 2028 5707 esaias
2063 5693 2076 5713 ,

1701 5729 1731 5745 Ἰ
1755 5727 1806 5745 913
1855 5726 1894 5745 .”
1929 5724 2064 5745 ΣΙΣΙΣι

2112 2056 2417 2118 minutione,
2442 2055 2581 2124 quod
2607 2063 2681 2106 est
2723 2053 2967 2123 ignitum,
3011 2050 3075 2104 de
3101 2066 3203 2118 quo
3228 2045 3388 2117 paulo
3413 2057 3528 2110 post
3560 2045 3692 2098 dice-

2109 2163 2247 2210 mus,
2277 2155 2534 2216 quantum
2582 2144 2828 2214 possibile
2868 2142 3299 2198 subintroducere
3344 2142 3401 2192 in
3446 2138 3695 2205 deifome

2110 2236 2304 2307 ignitae
2332 2236 2538 2289 virtutis
2582 2250 2868 2304 anagogas.
2911 2234 3177 2301 Ipsorum,
3207 2229 3380 2299 inquit
3409 2230 3468 2291 η,
3503 2242 3697 2296 cogno-

2113 2331 2412 2384 tninatione
2441 2359 2509 2369 —
2541 2327 2760 2398 utrique
2782 2327 2925 2382 enim
2947 2324 3234 2394 Scraphim
3263 2323 3614 2377 nominantur
3634 2346 3698 2362 --

2111 2436 2253 2492 quae
2278 2431 2362 2477 est
2391 2421 2642 2492 ignitum,
2673 2423 2739 2476 de
2765 2435 2873 2489 quo
2906 2417 3075 2489 iguito
3102 2415 3374 2488 paululum
3410 2413 3698 2484 posterius,

2112 2521 2374 2582 quantum
2427 2512 2583 2566 nobis
2633 2510 2892 2582 possibile
2942 2518 3027 2564 est
3078 2503 3550 2563 subintroducere.
3609 2515 3702 2555 nos

2114 2604 2376 2659 dicemus.
2428 2602 2669 2658 Edoctus
2719 2610 2805 2657 est
2855 2601 3117 2671 propheta
3149 2611 3442 2668 anagogas,
3473 2595 3578 2651 hoc
3605 2602 3704 2658 est.

2113 2695 2457 2751 ascensiones
2482 2708 2672 2749 eorum
2697 2691 2980 2762 Serapbim
3013 2692 3068 2744 in
3097 2688 3355 2744 deiforme
3377 2687 3585 2757 ignitae
3605 2686 3712 2738 vir-

2116 2790 2268 2844 tutis.
2292 2787 2570 2842 lntellecm
2595 2787 2794 2858 quippe
2844 2785 3230 2848 nominationis
3269 2783 3519 2840 eruditus
3544 2792 3629 2837 est
3657 2779 3712 2834 in

2115 2881 2522 2937 ascensionibus
2548 2895 2738 2935 eorum
2761 2878 2815 2933 in
2838 2876 3155 2934 deii'ortnem
3185 2877 3409 2949 ignitum
3433 2877 3716 2928 virtutem.

2113 2976 2275 3045 Ignea
2297 2973 2560 3044 siquidem
2591 2973 2763 3028 virtus
2805 2971 2915 3028 Deo
2942 2972 3136 3026 similis
3162 2979 3263 3035 est,
3293 2979 3556 3038 quantum
3586 2981 3713 3020 sea-

2117 3068 2364 3124 sibilibus
2389 3067 2654 3123 creaturis
2691 3064 2991 3121 similitudo
3017 3065 3134 3134 ejus
3177 3061 3527 3132 imprimitur.
3578 3057 3718 3112 Hinc

2117 3173 2172 3219 et
2207 3165 2320 3233 ipse
2354 3166 2469 3218 ait:
2496 3181 2515 3215 ι
2553 3161 2667 3232 Ego
2693 3177 2811 3217 sum
2840 3160 2980 3232 ignis
3031 3170 3356 3214 consumens
3398 3174 3445 3208 ι.
3492 3150 3719 3204 Aluum

2119 3273 2235 3311 vero
2261 3271 2492 3325 expansa
2517 3271 2672 3308 sacra
2702 3253 3017 3323 formatione
3043 3251 3100 3304 in
3151 3249 3383 3302 divinum
3430 3246 3486 3299 in
3509 3245 3720 3315 primis.

2121 3351 2175 3402 in
2204 3349 2248 3380 3°
2295 3349 2504 3412 medi-is,
2544 3348 2601 3400 in
2623 3346 2668 3379 ³¹
2706 3345 2903 3400 ultimis
2959 3342 3303 3398 intellectibus
3345 3339 3640 3396 absolutam
3669 3343 3723 3390 es

2121 3441 2433 3496 altissimam
2463 3440 2836 3503 extensionem,
2887 3437 2991 3491 hoc
3023 3443 3127 3500 est,
3155 3449 3254 3505 per
3280 3445 3578 3503 expansum
3626 3442 3718 3482 sa-

2121 3547 2270 3587 cram
2301 3531 2677 3587 formationem
2729 3529 2774 3561 ³³
2800 3527 3010 3582 alarum
3037 3543 3052 3593 ;
3084 3539 3351 3597 expansos
3382 3523 3584 3593 quippe
3625 3519 3724 3574 Se-

2124 3626 2335 3694 raphim
2389 3623 2502 3679 alas
2556 3620 2817 3693 propheta
2873 3619 3010 3674 vidit
3037 3618 3261 3674 edoctus
3287 3613 3616 3678 absolutam,
3669 3611 3722 3667 id

2123 3729 2227 3784 est,
2269 3717 2542 3773 citivolam
2574 3726 2630 3772 et
2678 3715 2998 3772 altissimam
3029 3712 3422 3776 estensionem,
3475 3716 3722 3764 contem-

2125 3812 2362 3884 platioue
2387 3809 2639 3866 videlicet
2666 3809 2719 3864 in
2750 3809 2942 3872 Deum,
2996 3807 3052 3860 in
3087 3805 3296 3876 primis,
3332 3804 3386 3857 in
3418 3801 3638 3866 mediis,
3668 3801 3724 3855 in

2126 3904 2332 3960 ultimis
2357 3901 2757 3965 intellectibus;
2791 3911 3145 3967 unaquaeque
3184 3897 3329 3950 enim
3359 3893 3613 3950 caelestis
3635 3906 3723 3948 ea-

2129 3998 2323 4063 sentia,
2363 4007 2420 4052 ut
2451 3997 2505 4051 in
2529 3995 2900 4067 superioribus
2925 4001 3212 4047 tractaturo
3240 3999 3341 4054 est,
3370 3991 3578 4060 primas
3607 3987 3653 4018 “
3671 3993 3729 4042 ei

2129 4093 2337 4151 medias
2364 4104 2419 4150 et
2470 4092 2692 4149 ultimas
2723 4091 2950 4144 virtutes
2976 4089 3159 4143 habet.
3221 4085 3354 4140 Alae
3399 4085 3586 4154 itaque
3627 4096 3725 4137 ex-

2127 4203 2334 4261 pansae
2365 4186 2705 4241 altitudinem
2731 4182 3119 4254 imelligeutiae
3145 4179 3524 4252 symbolizant.
3556 4176 3662 4233 Sed
3679 4184 3730 4230 et

2130 4296 2311 4334 eorum
2334 4276 2647 4345 multi/icturi
2675 4284 2723 4330 et
2758 4273 3083 4341 multiforme
3127 4271 3306 4325 videns
3357 4267 3730 4322 intellectualis

2132 4372 2426 4443 theologus,
2449 4379 2496 4424 et
2526 4369 2626 4423 alis
2653 4367 2927 4437 distingui,
2957 4381 3072 4420 eam
3103 4365 3287 4418 subtus
3333 4362 3487 4432 pedes
3527 4370 3576 4414 et
3613 4374 3730 4413 ea

2131 4465 2312 4518 subtus
2339 4464 2501 4532 [acies
2529 4461 2796 4523 uisionem,
2835 4468 3029 4512 etcum
3074 4459 3130 4510 in
3170 4455 3354 4509 mediis
3387 4453 3489 4507 alis
3528 4464 3734 4522 senape!

2134 4568 2352 4612 rnatum.
2407 4556 2521 4610 Hac
2562 4552 2792 4608 triformi
2830 4551 3036 4606 alarum
3086 4547 3436 4604 distinctione
3490 4546 3562 4600 ab
3613 4546 3730 4615 ipsa

2135 4653 2291 4723 plane
2325 4650 2529 4704 visione
2557 4649 2800 4702 reductus
2837 4655 2912 4700 est
2943 4645 3229 4716 propheta,
3275 4641 3328 4697 id
3377 4647 3481 4704 est,
3511 4652 3729 4693 sursum

2134 4746 2326 4801 ductus
2353 4743 2408 4798 in
2430 4759 2636 4803 eorum,
2665 4756 2800 4812 quae
2849 4740 2960 4794 visa
2986 4748 3130 4802 sunt,
3161 4734 3528 4806 agnitionem,
3561 4730 3732 4785 marsi-

2137 4841 2324 4911 festata
2353 4837 2401 4892 ei
2427 4836 2804 4891 altissimorum
2825 4830 3180 4888 intellectuum
3214 4827 3452 4882 multivia
3473 4833 3522 4881 et
3550 4823 3734 4879 multi-

2136 4935 2256 4990 uida
2305 4932 2538 4996 virtute;
2595 4929 2699 4984 hoc
2749 4937 2873 4993 est,
2926 4926 3052 4981 dum
3112 4920 3455 4977 manifestata
3518 4926 3603 4974 est
3655 4916 3728 4980 ei,

2137 5028 2452 5099 prophetae,
2484 5020 2876 5078 altissimorum
2925 5014 3294 5073 intellectum
3346 5010 3620 5082 multiplex
3676 5009 3729 5062 in

2139 5118 2244 5172 viis
2295 5117 2431 5179 suis,
2471 5123 2528 5169 et
2577 5114 2633 5168 in
2689 5109 2990 5166 visionibus
3049 5108 3163 5162 suis
3207 5105 3485 5174 multiplex
3535 5102 3730 5156 virtus.

2139 5207 2279 5276 Quid
2348 5216 2528 5262 autem
2608 5202 2882 5274 tripartita
2942 5198 3154 5254 alarum
3226 5195 3501 5253 distinctio
3551 5192 3728 5248 subsi-

2135 5310 2265 5354 nuat
2292 5300 2360 5365 ⁸⁸,
2390 5305 2790 5370 consequenter
2836 5294 3082 5365 adjungit
3106 5292 3330 5347 dicens:
3369 5287 3437 5342 Et
3465 5287 3514 5320 ⁸⁸
3551 5299 3727 5340 eorum

3061 5496 3086 5528 ⁸
3132 5496 3290 5551 Corr.
3341 5495 3434 5542 8⁸-
3501 5493 3586 5540 ΑΒ
3621 5491 3730 5532 ἐἰ

2383 5577 2403 5607 ⁷
2465 5567 2560 5630 ΑΒ
2594 5567 2898 5627 litttiumnto'.
3021 5569 3042 5590 ι·
3096 5567 3130 5584 ι-

2149 5649 2225 5701 B'
2299 5664 2433 5698 cm-r
2506 5664 2519 5672 ι
2608 5644 2617 5652 ’
