3984 5616
209 391 341 450 245

778 392 1283 454 EXPOSITIONES
1323 396 1546 456 SUPER
1584 402 2011 462 IERARCHJAM
2048 407 2451 465 CAELESTEM
2494 410 2552 466 S.
2595 411 2909 470 DIONYSII.

3400 416 3507 482 μϐ

212 548 388 588 sacra
443 531 744 601 formidine.
773 549 942 603 quam
1004 535 1022 564 ³
1070 534 1716 612 habentsupermundane
1769 543 1813 596 iri

1930 523 2047 580 alae
2079 536 2171 580 aut
2199 527 2442 582 caritatis
2495 529 2778 585 bifortnem
2830 533 3128 601 rationem,
3190 549 3294 604 qua
3335 534 3507 596 Deum

154 689 160 693 _
214 625 484 682 altiorem
515 635 563 678 et
609 626 907 694 graviorum
946 629 1223 696 superbam
1252 641 1298 685 et
1355 633 1608 687 audacem
1635 644 1680 688 et
1724 636 1822 689 im-

211 720 531 789 possibilent
559 722 930 776 scrutationem
955 738 972 784 ;
998 738 1028 776 a
1055 725 1429 794 superioribus
1464 729 1782 784 subauditur
1805 749 1818 783 ;

210 818 278 862 et
328 807 560 864 edocws
586 817 668 864 est
721 809 859 865 idem
907 812 928 842 '
967 815 1226 882 pri-pheta
1271 831 1477 877 eorum,
1514 816 1820 888 Seraphitn,

212 914 388 956 saera
416 900 730 968 formidine,
765 904 864 958 hoc
884 916 983 965 est,
1021 906 1109 975 pio
1138 919 1397 980 c..stoque
1422 912 1633 973 timore.
1659 930 1818 983 quam

211 993 574 1053 formidinem
605 997 625 1029 ³
664 998 863 1053 habent
914 1016 1074 1069 supra
1127 1004 1268 1057 hunc
1303 1006 1615 1061 sensibilem
1662 1026 1818 1063 mun-

210 1087 358 1144 dum
385 1089 440 1142 in
461 1089 695 1159 superba
723 1099 778 1144 et
817 1094 1006 1147 audaci
1044 1103 1098 1147 et
1142 1095 1456 1163 impossibili
1487 1101 1819 1158 scrutatione

210 1178 504 1245 altiorum,
549 1195 644 1235 seu
691 1181 998 1239 divinorum
1049 1187 1410 1242 archanorum
1443 1229 1457 1254 ,
1489 1194 1632 1259 quod
1667 1192 1687 1221 ‘
1724 1209 1827 1264 per,

209 1270 358 1325 duas
384 1270 500 1326 alas
533 1270 700 1328 facies
739 1274 978 1330 velantes
1007 1277 1272 1343 innuitur,
1304 1292 1357 1335 et
1376 1283 1606 1350 superba
1639 1296 1693 1339 et
1719 1302 1818 1339 au-

210 1362 344 1417 daci
381 1374 435 1418 et
463 1365 782 1435 itnpossibili
818 1370 1153 1423 scrutatione
1182 1374 1516 1441 graviorum,
1572 1392 1663 1430 seu
1698 1396 1818 1446 pro-

209 1455 557 1522 fundiornm,
603 1474 694 1513 seu
755 1461 1002 1516 videlicet
1060 1463 1365 1520 divinorum
1416 1474 1816 1540 mysteriorum,

207 1548 364 1615 quod
419 1563 515 1617 per
571 1551 702 1604 duas
743 1551 855 1606 alas
893 1556 1057 1620 pedes
1099 1565 1337 1626 tegentes
1394 1558 1414 1588 ⁸
1459 1561 1813 1630 significatur.

210 1637 323 1692 Ubi
365 1649 548 1694 autem
585 1644 863 1710 posuimus
906 1650 1194 1716 superbam
1243 1649 1284 1715 ⁸,
1320 1651 1390 1705 ibi
1421 1655 1470 1706 in
1498 1656 1707 1710 Graeco
1733 1667 1816 1712 est

209 1733 448 1794 αὐθάδει.
482 1749 584 1803 pro
629 1752 736 1805 quo
766 1755 1053 1807 possumus
1111 1743 1292 1797 dicere
1350 1749 1661 1814 superbam,
1732 1750 1813 1804 vel

209 1835 549 1893 prmnptam,
601 1828 685 1881 vel
743 1830 1126 1895 voluntariam,
1187 1834 1268 1887 vel
1319 1834 1549 1902 libitum,
1621 1841 1702 1892 vel
1756 1856 1815 1896 se

211 1914 396 1984 ipsam
419 1919 844 1986 promittentem.
903 1919 970 1974 Et
999 1924 1053 1976 in
1095 1927 1604 1984 c‘onmtensurntione
1646 1928 1812 1984 Deum
1847 1944 1889 2003 Β

212 2008 546 2063 imitantium
572 2014 837 2067 actionum
866 2015 1170 2071 incessabile
1195 2030 1244 2072 et
1299 2021 1568 2076 altivolum
1619 2043 1819 2096 semper

211 2099 488 2154 motionis.
527 2101 628 2156 Hic
681 2104 876 2160 iterum
913 2106 937 2140 '
967 2109 1305 2178 subauditur,
1335 2123 1559 2170 edoctus
1592 2126 1712 2180 est;
1764 2126 1822 2171 et

211 2202 302 2246 est
330 2207 559 2250 sensus:
592 2213 688 2266 per
711 2199 846 2254 duas
881 2201 1012 2265 alas,
1042 2205 1241 2271 quibus
1270 2221 1484 2277 semper
1510 2209 1815 2276 volabant“,

212 2287 492 2345 intellexit
514 2295 776 2362 propheta
809 2298 1182 2354 incessabilem
1207 2309 1261 2355 et
1289 2302 1569 2358 altivolum
1601 2322 1818 2373 semper

213 2394 424 2436 motum
481 2383 537 2436 in
565 2399 820 2440 mensura
847 2389 1142 2452 actionum,
1175 2408 1313 2462 quae
1341 2394 1364 2428 ⁸
1408 2395 1572 2450 Deum
1605 2412 1817 2466 semper

215 2474 519 2530 imitantur.
556 2476 749 2534 Facies
792 2481 974 2550 itaque
1009 2482 1222 2538 Domini
1250 2496 1335 2541 est
1387 2489 1624 2543 sedentis
1656 2505 1818 2558 super

213 2567 432 2634 solium,
471 2569 575 2624 hoc
599 2581 704 2633 est,
728 2587 888 2641 super
915 2575 1316 2634 excelsissimus
1344 2579 1611 2634 caelestes
1631 2597 1818 2636 essen—

215 2659 320 2713 tias
350 2665 822 2731 superessentialis
852 2667 1017 2735 ipsius
1040 2668 1286 2734 altitudo,
1313 2685 1418 2740 qua
1443 2687 1606 2741 super
1633 2673 1816 2726 omnia

214 2761 270 2806 et
299 2754 368 2807 ab
421 2754 674 2810 omnibus
715 2767 953 2812 remotus
1005 2761 1383 2828 cognoscitur,
1443 2779 1609 2830 quam
1656 2763 1817 2818 Scra-

217 2844 366 2912 phim
401 2857 725 2916 ceteraeque
769 2849 1030 2905 caelestes
1054 2852 1283 2906 virtutes
1315 2853 1356 2884 ¹⁰
1381 2855 1626 2924 aspicere
1651 2857 1816 2925 trepi—

217 2937 352 2991 dant
377 2938 440 3000 “,
470 2955 538 2993 ne
571 2939 710 2995 forte
739 2941 902 2996 veluti
933 2945 1166 3011 superbo
1196 2953 1252 2998 et
1277 2945 1462 3001 audaci
1512 2959 1567 3001 et
1617 2948 1815 3017 impos-

217 3030 361 3086 sibili
390 3034 635 3087 contuitu
667 3035 880 3091 incaute
929 3037 995 3091 de
1043 3053 1104 3092 ea
1137 3039 1338 3109 aliquid
1374 3041 1415 3074 ⁸⁸
1464 3052 1810 3107 scrutentur;

220 3144 240 3176 ‹
280 3127 652 3182 inscrutabilia
677 3129 821 3184 enim
852 3141 977 3184 sunt
1006 3130 1208 3199 judicia
1248 3133 1383 3200 ejus,
1417 3145 1470 3190 et
1527 3135 1815 3207 investiga-

217 3217 353 3272 biles
376 3219 494 3272 viae
518 3218 637 3288 ejus
665 3219 717 3274 in
741 3222 888 3275 omni
927 3230 1218 3288 tempore».
1250 3222 1352 3289 Qui
1399 3225 1646 3281 videlicet
1674 3226 1813 3280 divi-

217 3323 323 3364 nae
365 3309 664 3366 altitudinis
694 3310 884 3368 faciem
933 3316 1108 3368 territi
1139 3315 1421 3385 Seraphin]
1465 3317 1672 3371 duabus
1701 3318 1815 3373 suis
1843 3333 1885 3392 (ζ

217 3401 320 3456 alis
349 3401 631 3473 obtegunt,
667 3404 921 3460 timentes
971 3421 1090 3460 eam
1145 3408 1358 3462 intueri.
1410 3407 1581 3464 Pedes
1629 3417 1808 3464 autem

217 3493 461 3549 sedentis
490 3511 652 3566 super
684 3498 937 3552 thronum
993 3505 1120 3552 sunt
1168 3497 1589 3567 profundissima
1645 3499 1813 3568 ipsius

219 3585 343 3641 in“
395 3588 685 3644 universali
737 3598 1007 3652 creatura,
1039 3606 1200 3659 quam
1253 3592 1507 3652 condidit,
1564 3591 1809 3662 vestigia.

216 3679 364 3748 Quos
392 3680 599 3735 duabus
651 3681 750 3736 alis
801 3691 1095 3751 contegunt
1157 3683 1419 3738 caelestes
1460 3684 1708 3747 virtutes,
1750 3684 1815 3736 ti-

218 3783 432 3828 mentes
455 3775 713 3834 scrntari,
748 3776 1019 3842 quomodo
1045 3775 1326 3839 Dominus,
1352 3792 1516 3844 quum
1545 3778 1614 3830 sit
1651 3791 1812 3846 super

215 3867 421 3929 omnia,
451 3865 768 3921 diffunditur
793 3868 845 3920 in
872 3869 1074 3932 omnia,
1104 3878 1160 3924 et
1190 3869 1388 3939 ubique
1414 3879 1517 3934 est,
1554 3872 1672 3924 sine
1703 3885 1812 3940 quo

220 3958 352 4013 nihil
373 3973 495 4012 esse
518 3969 720 4029 potest,
751 3961 1002 4027 quoniam
1027 3975 1234 4022 corum,
1271 3976 1410 4029 quae
1452 3971 1600 4022 sunt,
1632 3975 1812 4014 essen-

219 4053 288 4107 tia
320 4063 374 4106 et
394 4055 698 4107 substantia
733 4054 843 4122 ipse
868 4064 970 4117 est,
997 4070 1118 4108 cum
1153 4055 1222 4108 sit
1247 4054 1723 4120 superessentialis
1757 4063 1813 4108 ct

219 4143 775 4213 supersubstantialis.
821 4145 1036 4200 Duabus
1080 4155 1258 4198 tamen
1299 4143 1399 4197 alis
1437 4159 1650 4214 semper
1682 4143 1812 4197 voli-

221 4244 334 4292 tant
357 4235 401 4268 ιδ
429 4247 686 4292 aeternae
716 4252 846 4292 suae
879 4238 1109 4293 actionis
1138 4237 1608 4293 commensurabili
1640 4245 1807 4300 motu,

219 4331 471 4402 quoniam
507 4332 558 4385 in
613 4347 736 4385 eum
770 4345 984 4400 semper
1021 4331 1290 4400 inspicere
1317 4332 1725 4400 concupiscunt,
1756 4338 1812 4384 et

220 4435 530 4481 reverenter
558 4425 604 4458 ³⁸
631 4441 755 4478 emn
795 4435 1082 4494 quaerunt,
1131 4439 1196 4478 ne
1241 4425 1291 4478 in
1332 4422 1450 4490 ejus
1480 4421 1810 4490 contempla-

221 4518 359 4573 tione
383 4518 522 4572 ullos
547 4519 831 4572 incurrant
873 4533 1108 4572 errores.
1133 4515 1330 4585 quibus
1355 4515 1420 4568 ab
1446 4511 1731 4568 inell‘ahilis
1755 4521 1811 4568 et

221 4610 782 4682 incomprehensibilis
811 4610 1076 4664 claritatis
1121 4608 1238 4677 ejus
1277 4607 1520 4662 contuitu
1552 4607 1699 4676 digni
1730 4606 1808 4660 vi-

1928 635 2104 684 snum,
2170 632 2223 675 et
2286 625 2465 677 omnia
2533 641 2673 694 quae
2735 625 2875 680 facta
2928 638 3072 694 sunt,
3138 629 3390 699 quoniam
3435 635 3504 689 ab

1926 728 1991 766 eo
2056 712 2194 767 facta
2253 729 2414 780 sunt,
2482 718 2728 789 diligunt,
2782 723 3039 791 insinuat,
3097 737 3188 784 aut
3235 731 3504 790 actionem

1923 813 1974 858 el
2028 806 2070 836 ’°
2121 809 2628 878 contemplationem
2683 829 2867 881 suam,
2899 827 2992 870 aut
3029 821 3296 889 geminam
3355 825 3506 878 theo-

1926 900 2093 971 logiae
2153 914 2399 971 partem,
2448 921 2675 975 quarunt
2726 925 2828 962 ttna
2878 922 2960 964 est
3009 912 3363 971 allirmativa.
3421 917 3503 973 al-

1924 1006 2036 1052 tera
2066 1000 2344 1070 negativa,
2393 1018 2495 1056 una
2557 1003 2717 1058 Deum
2767 1004 2976 1070 induit,
3032 1009 3388 1076 praedicando
3436 1011 3504 1068 de

1922 1106 1988 1146 eo
2040 1094 2218 1146 omnia
2260 1109 2400 1164 quae
2443 1106 2587 1159 sunt,
2639 1097 2804 1152 altera
2855 1099 3024 1164 exuit,
3084 1105 3329 1173 negando
3380 1121 3502 1160 eum

1924 1200 2043 1239 esse
2067 1188 2195 1256 quid
2242 1203 2449 1248 eorum,
2483 1205 2622 1258 quae
2673 1201 2795 1245 sunt
2825 1201 2878 1246 et
2917 1208 3056 1259 quae
3102 1195 3204 1250 dici
3259 1205 3500 1265 possunt.

1921 1279 2127 1334 Ambae
2175 1292 2354 1336 tamen
2388 1298 2548 1338 verae
2591 1295 2740 1349 sunt,
2783 1287 2940 1356 idque
2974 1287 3144 1355 ipsum
3186 1287 3503 1354 coniiciunt,

1922 1372 2170 1439 quamvis
2207 1371 2488 1426 videantur
2510 1377 2982 1431 contradictoriae.
3016 1375 3120 1431 Sed
3154 1388 3200 1432 et
3234 1377 3380 1432 illuni
3424 1381 3506 1432 di-

1923 1465 2095 1518 vinant
2115 1474 2162 1518 et
2209 1465 2426 1518 multum
2463 1468 2744 1535 pretiosam
2779 1468 3036 1539 ὑμνωδιαν
3065 1470 3106 1500 ’³
3139 1471 3376 1525 eruditus
3404 1479 3502 1534 est,

1923 1555 2182 1621 fortunate
2209 1559 2450 1610 visionem
2487 1557 2671 1628 angelo
2694 1565 2977 1614 secundum
3003 1559 3052 1592 “
3079 1561 3315 1616 virtutem
3339 1562 3385 1594 "
3406 1563 3506 1634 ipsi

1921 1647 2230 1716 tlteologo,et
2245 1654 2480 1702 tradente
2499 1652 2762 1720 propriam
2776 1668 2980 1706 sacrant
3002 1653 3295 1707 scientiam.
3311 1665 3502 1725 ’Υμνω-

1921 1736 2031 1792 δίαν
2055 1739 2185 1793 dicit
2217 1759 2234 1790 ι
2261 1739 2514 1806 Sanctus,
2546 1743 2799 1808 Sanctus,
2825 1743 3056 1802 Sanctus
3073 1745 3334 1802 Dominus
3362 1746 3502 1801 Deus

1920 1832 2314 1885 exercitatum.
2347 1834 2399 1886 ln
2422 1849 2529 1901 quo
2557 1833 2756 1904 hymno
2785 1851 2992 1890 summa
3015 1836 3227 1891 bonitas
3253 1835 3304 1890 in
3331 1836 3504 1890 tribus

1921 1925 2239 1978 substantiis
2276 1924 2542 1978 laudatur.
2586 1925 2678 1980 Est
2702 1927 2845 1982 enim
2876 1927 3226 1983 unaessentia
3251 1927 3303 1982 in
3332 1926 3503 1982 tribus

1923 2018 2259 2070 substantiis.
2304 2016 2554 2086 ’Υμνωδία
2601 2029 2776 2073 autem
2807 2020 2852 2051 “
2896 2020 3251 2089 compositum
3305 2033 3502 2074 nomen

1921 2122 2004 2164 est
2033 2113 2100 2165 ab
2141 2113 2282 2179 ὑμνῶ
2324 2125 2378 2166 et
2409 2113 2531 2174 ὠδό,
2587 2113 2689 2167 hoc
2726 2123 2831 2180 est,
2864 2129 2892 2168 a
2924 2113 3082 2168 laude
3135 2123 3191 2169 et
3215 2122 3380 2168 cantu
3428 2110 3502 2168 ⁸⁸.

1921 2202 2164 2273 Ὓμνωδὶα
2212 2203 2355 2257 enim
2402 2214 2484 2258 est
2526 2203 2644 2258 laus
2688 2221 2809 2258 cum
2863 2214 3046 2259 cantu.
3096 2204 3172 2259 De
3203 2220 3307 2274 qua
3341 2201 3502 2262 laude

1919 2296 2162 2350 eruditus
2185 2307 2265 2352 est
2289 2297 2588 2367 theologus,
2608 2299 2732 2351 dum
2758 2297 2952 2351 format
2973 2297 3194 2369 angelus
3216 2298 3501 2364 visionem,

1920 2397 1974 2440 et
2005 2388 2302 2442 secundum
2357 2389 2611 2444 virtutem
2667 2390 2834 2458 ipsius
2892 2390 3123 2460 theologi
3165 2390 3338 2446 laudis
3390 2404 3504 2463 my.

1919 2480 2146 2534 steriutu
2174 2481 2357 2535 tradit.
2390 2481 2580 2534 Docuit
2606 2498 2726 2552 ergo
2753 2499 2869 2536 eum
2902 2493 2948 2536 et
2973 2482 3090 2546 hoc,
3139 2481 3193 2537 id
3221 2490 3306 2538 est
3334 2481 3402 2546 ",
3433 2481 3504 2536 de

1918 2587 1984 2629 eo
2019 2573 2162 2642 quod
2189 2573 2437 2642 sequitur
2457 2615 2472 2639 ,
2503 2576 2626 2644 quia
2653 2574 2895 2644 purgatio
2923 2585 2996 2629 est
3025 2584 3500 2645 quantumcumque

1916 2668 2172 2736 purgatis,
2204 2668 2315 2736 ipsa
2347 2668 2554 2722 divinae
2596 2667 2855 2722 claritatis
2906 2668 3222 2735 incognitae,
3242 2677 3498 2738 quantum

1915 2761 2178 2829 possibile,
2211 2762 2564 2830 participatio.
2619 2761 2713 2817 Est
2755 2761 2919 2831 igitur
2962 2763 3209 2833 purgatio
3235 2761 3498 2828 omnium,

1915 2856 2007 2925 qui
2047 2855 2402 2924 Spiritnaliter
2424 2865 2748 2926 purgantur,
2770 2856 3152 2926 quoquomodo
3175 2862 3498 2926 purgantur,

1917 2947 2260 3018 participatio
2287 2948 2507 3003 divinae
2544 2947 2810 3004 claritatis
2859 2947 3186 3016 incognitae,
3243 2946 3344 3000 hoc
3386 2951 3496 3010 est,

1918 3039 2130 3093 divinae
2163 3039 2566 3109 intelligentiae,
2617 3055 2755 3108 quae
2785 3047 3004 3108 superat
3039 3051 3253 3093 omnem
3294 3034 3500 3092 intelle-

1917 3138 2084 3192 ctum,
2117 3139 2376 3200 quantum
2409 3128 2664 3199 possibile
2691 3138 2776 3184 est
2825 3125 3130 3184 rationabili
3179 3136 3234 3180 et
3289 3124 3500 3181 intelle-

1917 3223 2082 3278 ctuali
2131 3235 2414 3279 creaturae
2459 3237 2579 3278 eam
2629 3222 2978 3292 participare.
3033 3218 3177 3276 Haec
3219 3233 3391 3273 autem
3435 3231 3500 3278 α

1919 3317 2082 3385 ipsius
2117 3315 2415 3370 Divinitatis
2452 3315 2661 3368 remotis
2716 3313 2912 3378 causis,
2961 3313 3013 3365 in
3063 3328 3166 3380 qua
3217 3326 3392 3366 omnes
3413 3327 3500 3367 sa-

1917 3424 2032 3462 cros
2053 3407 2099 3440 ³⁷
2143 3406 2436 3461 intellectus
2489 3403 2987 3475 superessentiuliter
3015 3402 3358 3457 occultatione
3377 3417 3501 3471 per-

1917 3500 2111 3568 ﬁcicns,
2137 3499 2406 3554 altissimis
2426 3498 2564 3552 circa
2584 3515 2638 3552 se
2667 3497 2936 3552 virtutibus
2963 3495 3288 3566 manifestior
3306 3493 3354 3527 ⁸⁸
3375 3509 3500 3565 quo-

1918 3597 2071 3646 modo
2099 3603 2192 3655 est,
2245 3605 2292 3647 et
2324 3593 2489 3662 magis
2518 3593 2844 3660 semetipsum
2878 3589 3178 3659 manifestat
3225 3598 3274 3642 et
3317 3587 3502 3642 distri-

1916 3682 2044 3736 buit.
2095 3682 2202 3737 Sed
2261 3683 2400 3736 unde
2448 3680 2844 3736 setnanifestat
2877 3688 2930 3735 et
2961 3677 3384 3735 manifestiorem
3439 3689 3499 3732 se

1916 3773 2148 3828 facit”?
2178 3775 2308 3827 Dum
2366 3773 2478 3841 ipsa
2511 3773 2578 3826 ab
2631 3770 2859 3827 occultis
2888 3770 2998 3824 suis
3046 3770 3280 3839 erumpit
3328 3765 3397 3831 ",
3428 3781 3498 3823 ex

1917 3867 2084 3935 ipsius
2110 3866 2270 3934 plane
2297 3864 2601 3918 Divinitatis
2627 3864 2845 3917 remotis
2875 3861 3050 3918 causis
3071 3860 3323 3916 omnibus
3354 3859 3498 3914 inco-

1915 3962 2099 4032 gnitis.
2131 3960 2189 4014 ln
2216 3975 2320 4030 qua
2347 3957 2705 4014 occultatione
2733 3955 3042 4016 Divinitatis
3070 3969 3257 4009 omnes
3274 3959 3493 4009 sanctos

1916 4052 2216 4107 intellectus
2243 4050 2586 4105 invisibiliter
2617 4050 2728 4118 ipsa
2781 4048 3002 4104 claritas
3032 4047 3258 4117 perlicit.
3304 4045 3361 4100 In
3393 4044 3496 4099 hac

1913 4142 2181 4199 sententia
2203 4141 2422 4212 pulchre
2443 4141 2600 4196 datur
2622 4140 2866 4210 intelligi,
2885 4154 2989 4194 non
3013 4139 3172 4196 aliam
3190 4138 3494 4193 claritatem

1913 4236 2133 4297 dixisse,
2163 4233 2264 4287 nisi
2296 4233 2529 4288 Verbum
2564 4233 2746 4290 Deum.
2788 4231 3035 4288 videlicet
3082 4229 3269 4292 lilium,
3301 4229 3393 4300 qui
3439 4229 3495 4285 in

1912 4327 2292 4384 secretissitnis
2313 4327 2396 4381 sui
2419 4323 2491 4379 Pa
2502 4325 2600 4379 tris
2614 4325 2821 4378 sinibus
2835 4338 2940 4378 om.
2966 4337 3024 4378 es
3048 4331 3266 4378 sanctos
3280 4317 3493 4404 perlicit

1915 4421 2218 4478 intellectus
2247 4419 2290 4451 ⁸¹
2315 4420 2369 4473 in
2391 4417 2829 4489 primordialibus
2872 4416 2984 4472 suis
3019 4417 3217 4480 causis,
3243 4430 3310 4472 ac
3326 4413 3492 4470 veluti

1911 4530 1975 4567 ex
2000 4513 2117 4567 luce
2140 4511 2444 4568 Divinitatis
2471 4509 2832 4566 inaccessibili
2860 4510 3028 4563 instar
3046 4506 3330 4563 clarissimi
3354 4506 3495 4564 radii
3553 4572 3556 4575 _

1913 4610 2173 4675 procedit,
2214 4605 2527 4676 priusquam
2566 4605 2800 4675 Scipsum
2849 4601 3109 4671 proximis
3147 4599 3250 4655 sibi
3282 4599 3496 4654 virtuti-

219 4703 439 4759 deantur
468 4703 708 4758 excludi.
737 4700 1004 4757 Senarutn
1035 4710 1213 4756 autem
1253 4700 1458 4754 alarum
1509 4715 1695 4754 eorum
1723 4702 1800 4756 t-li-
1829 4709 1879 4768 ι)
1906 4703 2004 4760 bus
2023 4699 2617 4774 t‘ttanilestioretn[se|"
2635 4696 3194 4768 l‘acit”,etqnotnodo
3208 4703 3304 4751 est.
3324 4693 3375 4750 id
3391 4703 3495 4759 est,

219 4796 516 4852 stinctiouis
547 4794 591 4827 “
641 4795 696 4849 in
728 4796 825 4850 has
853 4793 1012 4850 binas
1052 4778 1232 4847 fres"
1279 4793 1572 4849 divisiones
1615 4792 1800 4848 multi—

217 4887 330 4957 plex
355 4887 738 4957 interpretatio
785 4896 888 4942 est.
938 4886 1068 4941 Nam
1099 4889 1239 4956 quod
1281 4900 1452 4942 senae
1506 4886 1615 4940 sint
1659 4885 1722 4950 ‘3,
1752 4891 1808 4939 et

1915 4799 2184 4868 quomodo
2215 4795 2579 4852 manifesmtio
2609 4794 2773 4864 ipsius
2802 4800 2976 4862 potest
3005 4789 3141 4852 lieri,
3169 4798 3224 4843 et
3248 4786 3293 4819 “
3326 4787 3498 4858 magis

1916 4908 1972 4946 se
2003 4892 2181 4962 ipsum
2221 4890 2417 4947 ceteris
2442 4887 2488 4919 ³⁸
2514 4889 2822 4942 manifestat
2857 4893 2903 4938 et
2942 4881 3232 4937 distribuit.
3267 4879 3332 4934 Et
3363 4879 3498 4933 haec

1915 4991 1996 5037 est
2027 4982 2141 5051 ipsa
2185 4981 2430 5054 purgatio
2473 4989 2526 5034 et
2567 4977 2886 5037 illuminatio
2921 4987 2974 5028 et
3011 4971 3290 5044 perfectio,
3335 4969 3502 5040 ipsius

1917 5073 2165 5130 videlicet
2183 5071 2543 5148 participatio.
2571 5071 2758 5129 Potest
2775 5076 2829 5123 et
2848 5067 2926 5122 sic
2947 5063 3285 5135 interpretari
3315 5080 3328 5116 :
3361 5062 3502 5115 llaec

221 4987 437 5034 naturae
466 4979 749 5051 angelicae
781 4978 1308 5048 intelligibiliumque
1357 4977 1523 5046 ipsius
1559 4989 1802 5032 motuum

220 5069 601 5140 perfectionem
653 5071 1033 5126 incunctanter
1062 5069 1348 5140 significat.
1397 5067 1562 5123 Binac
1601 5068 1643 5100 ¹⁹
1675 5083 1803 5124 vero

1515 5204 1768 5260 VARIAE
1805 5203 2213 5268 LECTIONES.

287 5321 305 5353 ί
333 5320 484 5400 Carr.
509 5321 552 5375 Β
572 5321 617 5385 ⁸,
647 5320 732 5400 ᾼΒ
761 5317 901 5400 qui.”
955 5313 1154 5398 {Certi
1184 5317 1280 5400 β’,
1320 5313 1408 5367 ΑΒ
1431 5316 1590 5370 idest.
1670 5318 1689 5349 ³
1709 5317 1865 5387 Corr.
1887 5317 1924 5368 B
1946 5322 1984 5377 ',
2017 5319 2060 5372 Α
2095 5322 2408 5398 [immittam
2535 5316 2702 5400 Corr.
2723 5315 2764 5369 Β
2783 5316 2827 5400 ς,
2857 5309 3151 5400 ,ΑΒ-φνας·

221 5404 306 5448 les.
380 5393 403 5424 .
425 5393 468 5445 Α
492 5377 706 5436 lilﬂ’Z‘L‘
773 5377 784 5388 '
811 5389 831 5400 ”
869 5386 901 5398 Λ
981 5384 992 5394 ⁸
1087 5389 1098 5398 Δ
1123 5389 1154 5398 “
1186 5391 1195 5400 ’
1271 5377 1275 5378 7
1855 5386 1858 5387 ν
2144 5377 2152 5392 ’
2231 5391 2241 5398 ³
2328 5393 2335 5396 ”
2365 5391 2396 5396 ”’
2496 5387 2505 5392 ”
2620 5393 2662 5424 ιο
2687 5384 2922 5424 μηοΙροΙοε
2944 5377 3047 5430 tit-1.
3073 5377 3132 5430 Β,

3227 5307 3246 5381 '_
3336 5302 3512 5381 velati.-

3210 5377 3250 5409 ⁸⁸
3280 5377 3320 5428 Α
3351 5377 3514 5438 (rapi-

3281 5444 3490 5480 tunlitnn!
