4028 6274
480 339 584 402 24⁸1

1835 343 2118 406 JOANNIS
2154 346 2352 407 SCOTI

3103 327 3277 360 .-:.i
3421 331 3485 350 ιν---
3653 341 3764 407 us

479 467 659 518 autem
684 475 752 517 ex
784 460 952 532 ipsius
988 457 1294 518 Divinitalis
1336 459 1558 517 remotis
1594 460 1774 518 causis
1806 462 1848 527 ‘,
1873 463 2066 532 cujus'
2096 473 2144 530 Α
2173 471 2265 516 aut
2293 461 2589 518 sacerdotes
2620 477 2851 533 purgans
2895 469 2988 517 aut
3040 458 3368 529 illuminans,
3407 459 3522 532 ipse
3568 459 3770 515 dicitur

478 567 668 608 omnes
706 566 891 608 sacros
929 553 1234 608 intellectus
1276 554 1801 624 superessentialiter
1829 555 2057 624 perlicit.

476 641 531 696 ln
563 642 706 697 nullo
727 642 748 673 ³
782 652 956 698 tamen
987 645 1150 699 distat
1169 661 1379 701 sensus.
1402 646 1597 701 Deinde
1611 663 1675 701 ea:
1702 647 1941 701 secundis
1972 654 2064 700 aut

475 733 767 787 novissimis
787 744 878 788 aut
904 737 1091 789 nostris
1117 735 1552 791 intellectualibus
1579 738 1876 803 virtutibus,
1899 753 2063 807 quan—

473 836 581 878 tum
611 825 678 878 ab
711 825 822 895 ipsa
868 843 1210 898 unaquaeque
1251 828 1536 883 secundum
1576 829 1830 898 deiforme
1871 828 2060 894 extitit,

472 915 547 969 sic
574 917 910 1004 manifestqm
945 936 1095 973 suam
1118 919 1558 975 illuminationem
1586 919 1827 975 conducit
1851 919 1921 974 ad
1941 936 2063 990 pro-

471 1025 617 1077 priae
641 1010 1006 1066 occultationis
1036 1013 1058 1044 ⁸
1105 1011 1432 1067 laudandum
1461 1015 1716 1084 ignotum.
1745 1012 2061 1082 Postquam,

472 1096 666 1167 inquit,
704 1099 882 1154 divina
904 1100 1123 1157 claritas
1151 1119 1215 1158 ex
1256 1104 1482 1158 secretis
1515 1104 1626 1158 suis
1647 1103 1880 1172 erumpit
1906 1102 1950 1168 ',
1998 1118 2062 1158 ac

473 1188 648 1256 primo
676 1189 915 1245 oumium
942 1192 1326 1248 excelsissimis
1348 1193 1557 1264 sibique
1579 1194 1838 1265 proximis
1854 1195 2063 1264 primae

473 1279 772 1338 ierarcltiae
793 1284 1075 1341 ordinibus
1098 1286 1520 1342 manifestiorem
1546 1303 1605 1343 se
1640 1290 1830 1357 aperit,
1873 1303 2066 1342 conse-

471 1384 701 1443 quenter
739 1375 819 1430 sic
863 1376 1203 1434 manifestam
1253 1395 1404 1433 suam
1448 1379 1916 1445 illuminationem,
1959 1379 2063 1434 hoc

469 1473 554 1517 est
582 1463 623 1529 ⁸,
657 1465 710 1519 in
745 1466 1084 1522 manifestam
1133 1485 1285 1524 suam
1318 1469 1761 1526 illuminationem
1787 1472 2059 1538 conducit,

471 1553 573 1618 vel,
607 1564 663 1608 ut
696 1559 932 1627 apertius
957 1559 1302 1627 transfertur,
1327 1564 1818 1634 congregatsUnde
1839 1579 2063 1634 congre-

469 1648 595 1718 gat?
618 1649 695 1704 Ex
719 1653 970 1708 set-undis
991 1663 1085 1709 aut
1107 1656 1438 1722 novissimis,
1460 1659 1560 1714 hoc
1580 1667 1682 1724 est,
1711 1674 1776 1714 ex
1793 1660 2062 1717 secundae

469 1751 563 1796 aut
591 1744 781 1799 tertiae
803 1745 1056 1801 caeleStis
1083 1748 1392 1803 ierarchiac
1416 1749 1436 1780 ⁷
1457 1750 1758 1817 ordinibus,
1776 1759 1946 1806 autex
1965 1767 2061 1806 no-

2164 570 2390 625 purgare
2427 563 2475 610 et
2513 554 2829 621 illuminare,
2863 571 2956 626 per
2986 555 3155 626 ipsum
3197 553 3432 624 purgatis
3465 551 3768 616 ordinibus,

2164 662 2256 714 per
2283 662 2336 700 se
2361 647 2416 700 iu
2451 647 2679 718 seipsum
2713 646 3072 717 reponentibus
3099 646 3339 716 proprias
3369 661 3552 700 sacras
3579 627 3795 714 opera-l

2165 742 2362 809 tiones;
2421 743 2522 798 hoc
2569 753 2676 810 est,
2732 745 2856 799 dum
2909 744 3121 816 purgati
3171 744 3389 800 ordines
3436 759 3535 816 per
3586 743 3769 814 ipsum

2165 849 2437 891 summum
2465 838 2801 892 sacerdotem
2829 854 2927 908 per
2951 854 3008 893 se
3031 839 3081 892 in
3104 837 3277 907 ipsum
3305 837 3552 908 proprias
3580 847 3772 892 sacras

2163 929 2504 998 operationes
2553 929 2817 995 referunt,
2857 931 3010 1002 quasi
3041 931 3155 1001 ipse
3185 929 3375 986 fecerit
3409 931 3455 964 "
3485 933 3629 1002 quod
3665 931 3769 1001 ipsi

2165 1016 2406 1073 faciunt:
2438 1020 2512 1073 sic
2536 1030 2583 1074 et
2617 1023 2884 1092 propriam
2920 1021 3250 1092 purgativam
3280 1023 3552 1076 scientiam
3583 1032 3633 1077 et
3665 1024 3772 1077 eir-

2165 1118 2348 1175 tutem,
2377 1111 2485 1179 ipse
2505 1113 2866 1182 purgationem
2898 1113 3124 1184 theologi
3145 1114 3418 1183 perﬁciens
3439 1114 3690 1184 angelus,
3715 1116 3772 1170 in

2164 1200 2333 1255 Deum
2358 1203 2569 1272 quidem
2601 1203 2760 1258 ueluti
2785 1203 3048 1258 causalem
3067 1245 3082 1270 ,
3115 1205 3302 1259 deinde
3329 1206 3381 1259 in
3410 1205 3580 1276 ipsum
3609 1205 3772 1261 Sera-

2163 1295 2323 1364 phim,
2359 1305 2609 1367 tanquam
2653 1297 2823 1366 primo
2865 1308 3101 1368 agentem
3135 1316 3396 1353 summum
3437 1301 3768 1355 sacerdotem

2166 1387 2387 1456 reponit.
2440 1387 2750 1442 Similitudo
2803 1389 3053 1458 sequitur
3096 1409 3108 1443 :
3151 1389 3308 1444 ueluti
3355 1391 3598 1460 fortassis
3650 1392 3771 1462 quis

2163 1475 2377 1544 dixerit,
2425 1496 2542 1532 cum
2584 1479 2818 1548 angelica
2865 1482 3149 1536 reverentia
3177 1490 3457 1552 purgatum
3503 1483 3770 1549 edocens;

2164 1569 2270 1625 hoc
2290 1569 2484 1636 est,ita
2513 1571 2753 1641 loquitur
2776 1572 2998 1643 angelus
3029 1573 3095 1627 ad
3125 1574 3466 1644 prophetam,
3497 1583 3765 1645 tanquam

2164 1665 2209 1719 si
2238 1665 2362 1734 quis
2390 1666 2630 1736 angelica
2663 1667 2964 1722 reverentia
2989 1667 3182 1738 dignus
3211 1677 3494 1738 purgatum
3527 1667 3771 1739 aliquem

2166 1757 2403 1823 doceret,
2432 1759 2722 1828 quomodo,
2749 1773 2857 1829 quo
2889 1759 3078 1814 ordine
3119 1768 3380 1831 purgatus
3409 1760 3498 1814 sit.
3535 1758 3679 1826 Quia
3715 1759 3771 1814 in

467 1835 595 1890 atris
626 1837 1072 1894 inti-lleetualibus
1106 1841 1412 1906 virtutibus,
1446 1858 1511 1898 ex
1555 1843 1786 1899 humana
1811 1844 2062 1900 videlicet
2089 1866 2137 1926 Β
2164 1859 2232 1916 te,
2270 1868 2300 1904 ο
2351 1861 2569 1921 purgate
2604 1868 2635 1904 a
2687 1867 2766 1905 me
2790 1892 2803 1916 ,
2876 1852 2966 1921 qui
3012 1859 3066 1906 te
3117 1851 3365 1920 purgavi,
3414 1838 3774 1921 perficiendae

469 1927 756 1993 ierarchia,
781 1942 1039 2000 quantum
1069 1933 1270 1999 extitit,
1308 1935 1410 1990 hoc
1431 1944 1533 2001 est,
1565 1948 1826 2006 quantum
1858 1938 2057 1993 substi-

467 2027 578 2076 tula
615 2029 698 2075 est
740 2019 808 2075 ab
837 2022 951 2092 ipsa
992 2022 1173 2078 divina
1213 2025 1461 2080 claritate
1503 2043 1854 2099 unaquaeque
1884 2029 2058 2086 virtus

464 2110 547 2165 vel
571 2111 860 2178 icrarchia,
895 2115 1190 2170 secundum
1231 2115 1496 2173 deifortne
1517 2119 1558 2183 ⁸,
1586 2119 1636 2172 id
1662 2129 1766 2184 est,
1789 2120 1942 2190 juxta
1970 2121 2056 2175 di-

461 2201 643 2257 vinam
683 2203 1112 2260 similitudinem.
1146 2206 1227 2262 Ad
1271 2208 1399 2278 quid
1438 2212 1766 2281 congregat?
1804 2212 1885 2266 Ad
1933 2227 2058 2284 pro-

461 2292 614 2362 priae
660 2293 817 2364 plane
865 2295 1240 2353 occultationis
1289 2299 1611 2356 laudandum
1655 2303 1913 2372 ignotum,
1955 2305 2057 2360 hoc

463 2393 566 2451 est,
595 2393 656 2440 ut
672 2388 1034 2442 secretissima
1057 2390 1415 2462 omnibusque
1435 2392 1616 2463 ignota
1643 2394 1812 2462 ipsius
1837 2394 2058 2450 laudent

463 2479 742 2549 mysteria.
777 2478 937 2535 Lucet
967 2492 1162 2549 autem,
1191 2485 1305 2555 ipsa
1345 2485 1525 2540 divina
1557 2486 1798 2554 claritas,
1833 2505 1926 2558 per
1954 2490 2057 2543 sin-

463 2570 589 2642 gula
618 2573 961 2643 generaliter,
977 2577 1070 2631 sed
1090 2593 1198 2647 quo
1222 2580 1403 2645 modo,
1418 2595 1525 2650 quo
1549 2566 1768 2636 ordine?
1791 2583 2052 2648 secundis,

465 2663 664 2734 inquit,
686 2683 778 2736 per
803 2667 996 2737 prima,
1019 2679 1066 2723 et
1097 2670 1144 2724 si
1163 2681 1361 2742 oportet
1384 2673 1604 2729 breviter
1638 2675 1827 2742 dicere,
1853 2677 2057 2746 printo’

464 2773 530 2812 ex
557 2758 782 2826 occulto,
807 2770 1018 2818 secreto
1048 2763 1300 2820 videlicet
1328 2781 1459 2832 suo,
1489 2767 1558 2820 ad
1589 2769 1922 2838 manifestum
1951 2771 2055 2824 du-

463 2852 601 2903 citur
645 2867 739 2922 per
777 2853 975 2924 primas
1004 2855 1045 2886 ¹⁰
1073 2857 1302 2924 virtutes,
1335 2859 1758 2918 subaudiendum
1793 2863 2010 2936 reliquit
2039 2883 2051 2919 :

463 2942 737 3010 secundis,
786 2959 885 3015 per
923 2948 1188 3003 secundas
1225 2949 1266 2981 “
1297 2965 1426 3006 vero
1477 2954 1679 3019 tertiis,
1721 2971 1821 3026 per
1869 2957 2056 3014 tertias

463 3033 671 3100 quartis
699 3032 754 3088 in
781 3033 825 3069 “
852 3034 1198 3093 manifestum
1226 3039 1460 3097 ducitur.
1497 3041 1612 3099 Hoc
1637 3062 1759 3116 ergo
1786 3046 2056 3120 theologus

463 3125 646 3180 didicit
694 3143 759 3182 ex
786 3127 1123 3187 luceducente
1155 3131 1198 3164 ⁸⁸
1227 3150 1345 3187 eum
1376 3135 1580 3206 angelo.
1615 3137 1694 3192 Ac
1722 3139 1767 3194 si
1796 3140 2000 3196 diceret
2036 3158 2050 3197 :

2159 1942 2486 2012 purgationis
2512 1943 2824 2012 principium
2851 1943 3058 2014 quidem
3091 1951 3164 1996 est
3200 1941 3481 2006 excelsum,
3513 1942 3596 1996 vel
3625 1943 3774 1997 sicut

2160 2034 2373 2104 pr0prie
2418 2033 2744 2088 transfertur
2793 2034 3240 2098 remotissimum,
3279 2043 3327 2086 et
3375 2034 3600 2088 essentia
3629 2032 3684 2066 ³⁸
3718 2041 3770 2087 et

2159 2137 2381 2192 creator,
2406 2136 2454 2180 et
2479 2125 2730 2192 causalis,
2757 2126 3054 2197 primasque
3082 2127 3333 2181 essentias
3358 2126 3426 2179 ad
3451 2142 3562 2180 esse
3591 2126 3772 2179 addu-

2160 2235 2300 2284 cens,
2335 2227 2382 2273 et
2417 2218 2556 2272 circa
2587 2234 2641 2271 se
2678 2217 2727 2252 ⁸⁸
2760 2209 3176 2272 collocatione“
3202 2212 3471 2272 continens
3505 2226 3554 2272 et
3582 2217 3768 2271 obser-

2164 2326 2289 2365 vans
2317 2309 2752 2365 inconversabiles
2783 2320 2831 2364 et
2884 2326 3008 2364 casu
3037 2320 3288 2374 carentes,
3320 2319 3366 2364 et
3396 2309 3622 2378 seipsum
3651 2324 3770 2363 rno-

2159 2421 2279 2459 vens
2300 2406 2355 2458 in
2386 2405 2584 2475 primas
2611 2405 2658 2436 ”
2682 2405 3017 2476 propriarum
3041 2403 3379 2474 providarum
3404 2404 3771 2473 operationum

2157 2498 2606 2568 participationes.
2651 2496 2768 2553 Hoc
2805 2499 2941 2552 enim
2976 2497 3102 2552 haec
3137 2513 3217 2551 nte
3265 2497 3458 2551 docens
3498 2496 3572 2549 ait
3597 2497 3769 2566 ipsius

2161 2587 2436 2658 Seraphim
2474 2587 2817 2657 manifestare
2845 2588 3167 2642 missionem.
3204 2586 3338 2652 Hoc,
3371 2585 3548 2655 inquit
3576 2599 3771 2640 exem-

2157 2679 2303 2749 plum
2336 2680 2497 2736 veluti
2533 2679 2804 2751 loquentis
2830 2679 2878 2712 "
2901 2681 2970 2735 ad
2999 2688 3285 2751 purgatum
3327 2679 3649 2750 prophetam
3703 2678 3771 2733 de

2158 2785 2320 2826 causa
2346 2780 2399 2825 et
2419 2770 2611 2827 ordine
2642 2771 2978 2842 purgationis
3005 2785 3155 2836 suae,
3187 2769 3279 2840 qui
3303 2785 3390 2825 me
3415 2768 3607 2825 docuit
3627 2768 3770 2824 haec

2159 2862 2224 2916 de
2247 2861 2567 2932 purgatione
2589 2862 2902 2931 prophetae,
2930 2860 3243 2916 missionem
3271 2859 3439 2929 ipsius
3473 2857 3768 2929 Seraphim

2158 2954 2506 3012 manifestare
2543 2954 2637 3009 ait.
2681 2955 2761 3009 Ac
2795 2954 2847 3009 si
2882 2954 3088 3010 diceret
3125 2970 3138 3007 :
3176 2951 3293 3008 Non
3337 2967 3438 3024 ego
3470 2951 3769 3024 Dionysius

2161 3049 2300 3103 hanc
2322 3045 2727 3102 similitudinem
2753 3044 3051 3110 introduxi,
3075 3045 3170 3101 sed
3193 3043 3302 3110 ille,
3325 3045 3417 3115 qui
3441 3059 3526 3099 me
3546 3043 3758 3110 docuit,

2159 3139 2287 3210 quid
2309 3140 2492 3195 missio
2507 3139 2850 3211 Seraphim"
2868 3139 3279 3212 signiﬁcaret".
3300 3139 3368 3195 Et
3386 3154 3513 3195 mox
3536 3141 3583 3174 ”
3604 3139 3766 3210 quasi

461 3231 530 3275 ex
560 3219 774 3290 angelo,
803 3222 895 3290 qui
924 3237 1049 3278 eum
1084 3223 1138 3278 in
1170 3224 1342 3280 lucem
1379 3226 1783 3299 intelligentiae,
1826 3232 2053 3287 visionis
2079 3237 2125 3300 (ς
2157 3233 2221 3288 ad
2249 3232 2413 3287 verba
2437 3233 2480 3264 ³⁰
2512 3232 2778 3303 loquentis
2803 3233 2977 3304 angeli
3013 3232 3058 3264 “
3090 3233 3157 3287 ad
3183 3232 3501 3304 prophetam
3531 3231 3769 3286 reverti-

465 3309 784 3368 introduxit.
818 3312 932 3370 Hoc
973 3325 1057 3370 est
1095 3318 1497 3387 :purgationem
1531 3331 1580 3374 et
1622 3338 1798 3377 omnes
1848 3323 2054 3382 divinas

464 3403 809 3472 operationes,
834 3422 926 3474 per
951 3407 1150 3476 primas
1180 3409 1432 3464 essentias
1457 3409 1762 3478 relucentes,
1794 3415 1849 3468 in
1877 3431 2055 3472 omnes

461 3493 710 3566 reliquias
745 3497 987 3552 distribui
1008 3501 1294 3555 secundum
1317 3503 1732 3575 uniuscujusque
1751 3507 1820 3560 ad
1839 3507 2055 3575 dei/icas

459 3590 884 3662 participationes
911 3591 956 3624 “
979 3592 1302 3664 analogiam.
1335 3595 1739 3665 Explanationis
1769 3614 1875 3654 non
1913 3600 2053 3656 indi—

459 3688 567 3753 get.
609 3679 833 3754 Propter
867 3687 1006 3756 quod
1036 3696 1086 3741 et
1125 3687 1284 3759 ignite
1323 3691 1651 3760 purgativam
1684 3693 2054 3762 proprietatem

457 3777 588 3847 ipsis
624 3775 900 3850 Seraphim
929 3791 1301 3853 consequenter
1356 3792 1469 3852 post
1517 3781 1687 3837 Deum
1725 3783 1771 3816 ¹⁵
1801 3785 2050 3854 reposuit.

457 3869 749 3939 Quoniam,
781 3871 977 3943 inquit,
1020 3889 1119 3944 per
1160 3876 1365 3945 primas
1397 3875 1625 3933 virtutes
1657 3878 1834 3934 onmis
1871 3877 2052 3933 divina

455 3966 701 4036 operatio
726 3965 948 4038 reliquis
977 3967 1339 4035 distribuitur,
1371 3979 1655 4040 propterea
1687 3970 1801 4040 ipse
1827 3969 2052 4040 angelus

452 4061 830 4132 purgationem
866 4062 1184 4133 prophetae,
1213 4077 1376 4133 quam
1405 4063 1578 4118 instar
1609 4063 1748 4133 ignis
1781 4062 1897 4134 ipse
1923 4077 2049 4133 pro-

451 4151 570 4222 prie
611 4154 852 4226 peregit,
888 4153 1020 4225 ipsis
1054 4154 1098 4186 ⁸⁸
1131 4154 1413 4226 Seraphim
1461 4162 1584 4224 post
1627 4154 1796 4211 Deum
1844 4152 2048 4220 retulit,

451 4247 708 4316 quoniam
744 4263 775 4301 a
802 4247 912 4303 Deo
942 4263 1039 4318 per
1067 4247 1355 4318 Seraphim
1384 4249 1532 4304 visus
1554 4255 1640 4302 est
1675 4245 1898 4318 angelus
1925 4261 2051 4314 pur-

451 4355 580 4410 gare
595 4340 938 4411 prophetam.
972 4340 1123 4394 Nihil
1148 4357 1271 4411 ergo
1293 4341 1674 4404 inordinatum,
1705 4339 1750 4394 si
1769 4339 2052 4408 "purgare

450 4437 745 4507 theologum
771 4437 968 4492 dicitur
998 4436 1293 4508 Seraphim.
1326 4436 1418 4492 Sic
1447 4437 1584 4492 enim
1606 4435 1748 4491 Deus
1787 4433 1834 4469 ³⁸
1860 4442 2051 4502 purgat

448 4544 649 4593 omnes,
673 4529 922 4598 quoniam
945 4529 987 4562 "
1018 4530 1178 4582 totius
1193 4529 1520 4598 purgationis
1540 4537 1820 4582 estcausa.
1846 4524 2049 4580 Deinde

2162 3333 2266 3380 tur.
2302 3323 2548 3380 Summus
2594 3336 2767 3379 autem
2810 3325 3054 3380 sacerdos
3089 3333 3137 3379 et
3166 3333 3281 3395 post
3311 3323 3480 3379 Deum
3509 3323 3622 3377 dua:
3655 3323 3766 3394 ipse

2156 3415 2535 3487 praestantium
2573 3417 2914 3472 essentiarum
2946 3426 3183 3483 ornatus,
3216 3435 3248 3471 a
3282 3433 3384 3487 quo
3409 3432 3502 3486 ego
3534 3431 3765 3487 purgare

2155 3509 2482 3577 deiformiter
2518 3509 2755 3563 eruditus
2793 3525 2929 3564 sum.
2981 3507 3238 3564 Ordinem
3268 3506 3558 3577 Seraphim
3596 3515 3764 3577 atque

2155 3615 2405 3662 ornatum
2440 3605 2599 3660 veluti
2631 3621 2794 3660 unum
2820 3621 3088 3660 summum
3113 3604 3452 3661 sacerdotem
3484 3611 3538 3659 et
3563 3611 3691 3675 post
3713 3586 3763 3634 ³⁸

2155 3697 2330 3754 Deum
2379 3699 2570 3754 ducem
2625 3698 2899 3766 nominat;
2943 3714 3048 3754 non
3095 3697 3256 3753 aliam
3300 3698 3370 3753 ob
3410 3711 3655 3762 causam,
3701 3704 3761 3750 ut

2153 3791 2365 3861 opinor,
2400 3789 2503 3844 nisi
2537 3790 2662 3860 quia
2698 3797 2845 3844 tanta
2881 3790 3062 3845 unitas
3095 3797 3180 3846 est
3211 3787 3258 3821 ⁸³
3285 3787 3609 3844 caelestium
3645 3787 3763 3842 ani-

2155 3897 2366 3938 morum
2405 3881 2474 3948 ⁸⁸,
2519 3891 2598 3947 ιιι,
2641 3882 2782 3951 quod
2819 3896 2960 3937 unus
2999 3883 3129 3950 agit,
3181 3895 3373 3937 omnes
3421 3880 3763 3936 unanimiter

2160 3991 2322 4047 agere
2350 3975 2724 4044 intelligantur
2748 3975 2813 4028 ³³.
2845 3974 2964 4045 Ipse
2992 3976 3153 4046 igitur
3177 3983 3272 4041 est,
3311 3988 3556 4029 summus
3579 3987 3764 4028 sacer.

2155 4067 2250 4121 dos
2275 4065 2528 4121 videlicet
2552 4065 2838 4136 Seraphim
2866 4074 3114 4132 ornatus,
3139 4083 3231 4137 per
3256 4081 3357 4130 me,
3379 4079 3413 4121 ο
3440 4063 3576 4120 Isaia
3613 4062 3682 4130 ³⁸,
3711 4071 3759 4118 te

2151 4175 2404 4230 purgans,
2450 4175 2542 4229 per
2580 4175 2733 4229 quem
2773 4158 3012 4228 proprias
3059 4158 3303 4228 providus
3336 4157 3381 4190 ³⁷
3413 4158 3647 4212 actiones
3695 4173 3760 4212 ea:

2153 4249 2355 4304 occulto
2383 4260 2430 4304 et
2449 4250 2566 4320 jam
2593 4250 2647 4304 in
2673 4267 2788 4311 nos,
2817 4249 2908 4319 qui
2935 4249 3109 4321 angeli
3135 4265 3344 4316 sumus,
3368 4249 3619 4319 produxit
3641 4248 3759 4318 ipsa

2154 4341 2312 4396 totius
2346 4359 2506 4396 causa
2550 4351 2599 4396 et
2649 4343 2824 4413 opifex
2869 4343 3220 4414 purgationis,
3265 4342 3318 4398 id
3358 4351 3462 4408 est,
3512 4341 3759 4398 omnium

2155 4434 2574 4506 intelligibilium
2602 4443 2654 4490 et
2683 4434 3086 4490 rationabilium
3118 4434 3400 4489 virtutum.
3431 4433 3587 4489 Finis
3610 4432 3762 4489 solu-

2157 4536 2242 4582 tae
2271 4527 2606 4598 quaestionis
2635 4543 2648 4582 :
2677 4525 2824 4582 Haec
2839 4526 2927 4581 ille
2941 4527 3149 4599 quidem
3167 4526 3212 4558 ³⁸
3232 4526 3408 4580 docuit
3435 4542 3540 4593 me,
3564 4526 3619 4581 id
3645 4535 3755 4592 est,

447 4619 754 4690 exemplum
772 4619 1095 4676 introducit:
1120 4621 1286 4692 magis
1303 4631 1497 4686 autem,
1522 4619 1845 4675 subauditur
1867 4617 2052 4674 dicen-
2078 4607 2130 4668 D
2155 4618 2298 4688 quod
2329 4618 2373 4652 ³⁹
2405 4618 2471 4673 de
2499 4618 2602 4673 hac
2634 4618 2956 4688 quaestione
2995 4617 3144 4684 dixi,
3185 4617 3274 4673 ille
3309 4616 3527 4687 quidem
3568 4616 3760 4671 docuit

448 4717 604 4780 dum;
634 4716 869 4786 proxime
893 4715 1031 4770 enim
1057 4728 1262 4770 utemur
1285 4715 1537 4785 exemplo,
1566 4716 1670 4770 hoc
1709 4725 1814 4778 est,
1842 4712 2033 4783 proxi-

449 4822 538 4861 mo
571 4822 790 4873 causae,
830 4807 896 4862 de
941 4823 1047 4878 qua
1091 4809 1290 4879 agitur,
1328 4817 1544 4863 utemur
1580 4805 1846 4877 exemplo.
1886 4804 2035 4860 Sicut

445 4898 732 4953 secundum
764 4915 856 4954 nos
885 4899 931 4934 “
965 4916 1200 4955 summus
1225 4900 1470 4955 sacerdos
1498 4915 1591 4970 per
1625 4915 1748 4956 suos
1772 4898 2037 4954 ministros

2143 4727 2251 4767 me.
2305 4710 2438 4780 Quis
2482 4722 2662 4766 autem
2685 4710 2807 4778 ille,
2833 4712 3185 4782 ignoramus;
3215 4717 3666 4782 argumentamur
3709 4709 3760 4742 ‘°

2147 4815 2329 4861 tamen
2409 4814 2502 4860 aut
2573 4803 2837 4875 “ipsum
2914 4803 3141 4858 Paulum
3209 4803 3544 4874 apostolum,
3599 4800 3760 4872 cujus

2148 4909 2267 4955 erat
2296 4899 2612 4970 discipulus,
2639 4908 2734 4955 aut
2759 4897 3097 4968 Jerotheum,
3127 4913 3286 4971 quem
3316 4899 3369 4955 in
3405 4899 3544 4956 libro
3573 4899 3640 4954 de
3667 4898 3757 4954 di-

1721 5016 1808 5073 VA
1817 5016 1978 5072 RIAE
2018 5015 2424 5072 LECTIONES.

521 5137 536 5170 ¹
567 5138 608 5192 Β
643 5137 816 5193 causis
865 5136 1095 5191 remotis.

444 5281 552 5333 sedi
604 5280 786 5349 forme.
861 5281 885 5314 ⁸
922 5278 985 5332 Β¹
1036 5295 1179 5335 corr.
1226 5278 1474 5347 primunt.

443 5351 530 5404 AB
560 5351 674 5404 luce
696 5351 916 5405 dicente.
1024 5349 1067 5382 ⁸⁸
1091 5352 1128 5405 A
1157 5349 1593 5422 participationis.

441 5424 621 5477 adscr.
652 5423 733 5476 B‘.
833 5423 876 5455 ³⁸
906 5422 968 5475 Β·
1000 5439 1161 5492 supra
1193 5423 1370 5475 adscr.
1393 5431 1442 5476 et
1477 5421 1638 5476 Deus.

441 5508 604 5561 supra
637 5495 812 5549 adscr.
843 5507 986 5548 corr.
1022 5494 1220 5563 fecerit.
1298 5493 1342 5524 “
1377 5493 1417 5545 A
1442 5503 1488 5545 et
1505 5493 1728 5546 essentia
1757 5492 1948 5563 om.A.

441 5565 720 5618 cntionem.
797 5565 844 5598 "
881 5563 1037 5620 Corr.
1088 5565 1174 5627 B‘,
1210 5565 1250 5618 A
1291 5563 1538 5632 prima,B
1567 5563 1721 5631 print.

441 5634 488 5666 ³⁸
515 5634 560 5689 Α
589 5635 924 5706 signiﬁcarit.
1001 5638 1044 5671 "
1068 5635 1174 5691 Pro
1202 5652 1324 5689 mox
1347 5635 1389 5687 A
1420 5651 1542 5706 non.

439 5720 550 5759 om.
613 5703 736 5769 AB,
765 5708 832 5761 ad
855 5723 1025 5776 marg.
1061 5708 1239 5762 adscr.
1274 5706 1354 5759 B‘.
1439 5705 1484 5735 ³³
1513 5715 1588 5759 est
1619 5721 1727 5758 mn.
1779 5703 1839 5757 Β.

1197 5137 1216 5168 ¹
1245 5134 1350 5190 Pro
1420 5136 1571 5202 cujus
1623 5131 1682 5188 B‘
1721 5149 1862 5189 corr.
1928 5143 2002 5188 est
2057 5149 2211 5202 quae.

445 5225 588 5263 corr.
633 5207 1019 5263 occultationis.
1095 5205 1116 5239 ⁸
1148 5206 1238 5262 Sic
1280 5205 1391 5260 AB.
1467 5207 1488 5237 ‘
1535 5215 1608 5261 est
1641 5222 1748 5262 om.
1784 5206 1893 5269 AB,
1927 5221 2086 5275 supra
2133 5205 2311 5260 adscr.
2342 5205 2426 5260 B‘.

1572 5279 1614 5310 ⁸ο
1669 5277 1711 5330 Β
1753 5279 1948 5345 primas
1993 5294 2100 5346 per.
2181 5276 2220 5307 “
2257 5276 2412 5331 Corr.
2451 5277 2536 5342 B',
2582 5277 2690 5330 AB.
2720 5277 2981 5332 secundis.

1702 5349 1745 5380 ³⁸
1769 5347 1858 5400 ΑΒ
1882 5364 2021 5410 eum,
2058 5347 2101 5400 B
2147 5363 2290 5402 corr.
2329 5349 2503 5402 deum.

1736 5421 1778 5452 ¹⁹
1809 5419 1962 5473 Corr.
2003 5418 2090 5473 B‘.
2126 5418 2215 5472 AB
2244 5436 2486 5473 auorum.

1851 5435 1962 5473 orr.
2003 5435 2090 5484 ιγ,
2126 5435 2215 5472 ,ιω
2244 5436 2486 5490 quorum.
2584 5435 2629 5451 -ν
2656 5435 2812 5474 uorr.
2851 5435 2932 5478 ις.
2970 5435 3058 5474 tus
3089 5436 3212 5474 non.
3297 5435 3340 5452 ··
3376 5435 3414 5472 η
3444 5435 3658 5478 aurern,
3688 5435 3730 5467 ι)

1854 5492 1948 5544 .Α.
2026 5490 2140 5545 “se
2167 5507 2276 5545 om.
2309 5490 2372 5553 Β,
2414 5506 2573 5560 supra
2604 5491 2784 5546 adscr.
2813 5490 2896 5544 B‘.
2927 5490 2973 5522 ’⁸
3006 5490 3141 5544 Bad.
3173 5506 3318 5546 corr.
3352 5489 3414 5553 Β,
3449 5488 3539 5560 AB
3590 5485 3755 5560 collo-

1801 5561 1849 5592 “
1892 5561 1931 5613 B
1959 5562 2215 5631 loquentis
2237 5562 2411 5617 ueluti.

1621 5633 1666 5665 ³ο
1692 5633 1826 5688 Rad.
1853 5648 1994 5688 corr.
2019 5635 2104 5698 B‘,
2137 5649 2234 5702 pro
2256 5634 2326 5687 ad
2354 5652 2410 5688 ve

1621 5721 1727 5758 orn.
1779 5703 1839 5757 Β.
1919 5704 1962 5736 ³⁸
1996 5705 2056 5758 Β·
2094 5706 2272 5760 adscr.
2317 5716 2412 5760 est.

2137 5649 2234 5702 pro
2256 5634 2326 5687 ad
2354 5634 2526 5690 verba.
2547 5633 2636 5687 AB
2657 5633 2923 5686 adverbia.

2316 5133 2514 5190 'Corr.
2565 5133 2665 5200 B‘,
2719 5134 2807 5189 AB
2867 5133 3035 5190 nulla.
3127 5133 3152 5168 ⁸
3193 5133 3236 5189 Β
3285 5131 3633 5197 occultionis,
3691 5129 3758 5184 B‘

2532 5207 2552 5238 ⁷
2600 5205 2892 5261 ierarchiae
2961 5205 3218 5261 caelestis.
3293 5206 3316 5239 ⁸
3363 5204 3518 5261 Corr.
3563 5203 3650 5263 B',
3710 5203 3758 5255 A

3062 5278 3104 5308 “
3132 5279 3186 5332 in
3231 5292 3341 5332 om.
3377 5275 3440 5332 Β.
3519 5275 3564 5306 ⁸³
3595 5272 3752 5340 Conj.

3323 5349 3364 5379 ⁸⁷
3393 5346 3440 5401 si
3491 5361 3604 5402 om.
3637 5344 3752 5407 AB,

2601 5346 2648 5380 “
2668 5347 2823 5402 Corr.
2857 5348 2940 5414 B',
2969 5347 3058 5402 AB
3093 5349 3220 5419 ipse.
3323 5349 3364 5379 ⁸⁷
3393 5346 3440 5401 si
3491 5361 3604 5402 om.
3637 5346 3752 5407 AB,

2601 5419 2629 5450 πο
2656 5420 2812 5472 Corr.
2850 5420 2932 5472 B'.
2970 5419 3058 5472 AB
3089 5436 3212 5472 non.
3297 5420 3340 5452 ἰ
3372 5417 3414 5472 Β
3444 5417 3658 5472 dixerit.
3687 5413 3752 5467 B‘

2583 5419 2629 5451 ²⁰
2656 5420 2812 5474 Corr.
2850 5420 2932 5478 B'.
2970 5419 3058 5474 AB
3089 5436 3212 5474 non.

2490 5562 2533 5593 "’
2575 5562 2635 5616 Β·
2669 5562 2734 5615 ad
2767 5578 2938 5632 marg.
2988 5561 3164 5616 adscr.
3233 5562 3398 5630 ipsius
3432 5557 3745 5627 Seraphim.

2490 5652 2507 5663 ν.
2555 5633 2634 5663 Διὶ
2660 5633 2902 5663 πιθηιηιιιᾶη
3003 5631 3046 5663 ³1
3089 5632 3256 5663 ,ειυς-ΑΗ
3285 5648 3368 5663 nm
3427 5631 3454 5663 Δ
3558 5629 3602 5660 υ
3634 5635 3745 5663 "ne!

2490 5652 2526 5690 ἰ,
2547 5633 2636 5687 AB
2657 5631 2923 5686 adverbia.
3003 5631 3046 5663 “
3085 5632 3256 5703 angeli
3283 5648 3392 5688 om.
3419 5631 3466 5685 A
3558 5631 3602 5660 "
3631 5635 3748 5696 post

2490 5704 2536 5735 ³⁸
2570 5703 2611 5758 Β
2643 5702 3024 5772 intelliguntur.
3104 5702 3267 5758 “Pro
3295 5719 3396 5767 me,
3425 5719 3455 5772 ρ
3487 5699 3667 5772 Ysttia,
3702 5696 3748 5751 Α

441 5793 556 5848 meq
585 5766 779 5848 esaitis,
812 5777 852 5831 B
879 5795 958 5832 me
976 5766 1219 5847 'oysaias,
1243 5777 1283 5831 B
1312 5792 1456 5848 corr.
1487 5794 1566 5831 me
1592 5779 1795 5848 oysaia.
1873 5776 1918 5810 ³⁷
1955 5775 1996 5830 Β
2030 5778 2274 5847 prouidus
2303 5776 2564 5846 proprias.
2643 5774 2688 5807 ³⁸
2715 5766 2869 5831 Cor}.
2894 5772 2980 5843 B‘,
3006 5789 3103 5847 pro
3129 5774 3338 5847 quidem
3372 5766 3461 5830 AB
3490 5770 3620 5843 quid
3644 5777 3741 5824 est.

442 5845 487 5882 ⁸⁹
515 5845 674 5906 Corr.
703 5846 794 5917 B',
822 5847 869 5906 Α
895 5845 1073 5920 ᾳαὶίθ
1091 5849 1237 5919 quid.
1318 5848 1365 5880 ⁸⁸
1395 5846 1456 5900 B‘
1487 5845 2096 5920 corriargumentamus.
2175 5849 2220 5881 “
2249 5849 2517 5923 Agautem.
