4028 6274
224 373 340 432 2M

818 355 1318 442 EXPOSITIONES
1358 341 1590 410 SUPER.
1627 342 2055 407 lERAllCHlAM
2093 335 2505 398 CAELESTEM
2545 327 2618 392 S.‘
2648 326 2977 393 DIONYSII.‘

2505 249 2596 259 .‘_.~

3409 329 3519 388 250

228 485 376 542 vinis
413 477 728 538 nominibus
773 473 985 544 magnis
1016 471 1266 526 laudibus
1303 467 1524 524 exaltat.
1571 462 1827 534 Quisquis
1856 461 1906 521 Α
1931 454 2025 510 Ι)ύὶ
2050 451 2316 516 Videlicet,
2339 447 2803 544 magis‘amabitem
2824 445 3309 518 contemplationem
3330 443 3394 512 ⁸⁸,
3420 445 3523 502 hoc

231 587 419 636 autem
448 572 646 637 fuerit,
690 569 782 641 qui
812 577 1019 623 tantum
1059 564 1233 618 virum
1270 560 1509 626 edocuit,
1540 560 1836 630 sapientem

231 674 404 730 fuisse
425 684 533 725 non
555 665 920 724 dubitabimus
943 661 982 715 ¹.
1009 657 1269 728 Sequitur
1293 672 1306 710 :
1331 654 1442 708 Tibi
1470 663 1666 718 autem,
1689 669 1716 707 ο
1745 651 1837 707 Ti—

233 764 461 826 mothec,
505 775 598 830 ego
648 756 824 821 trado,
856 766 994 824 quae
1035 750 1104 806 ab
1131 748 1222 803 illo
1254 745 1436 802 didici.
1471 744 1584 799 Tua
1609 746 1628 777 ¹
1664 752 1841 798 autem

236 856 588 915 concesserim
613 847 951 907 intellectuali
971 855 1016 901 et
1039 844 1313 900 discretiva
1339 841 1578 904 scientia,
1602 847 1693 893 aut
1717 837 1840 892 alte-

237 966 357 1004 ram
393 956 595 1020 partem
633 944 894 998 dictarunt
933 950 1213 992 causarum
1253 930 1449 986 absolvi
1493 929 1836 995 dubitatione,
1925 930 1933 940 '

233 1053 284 1096 et
315 1039 538 1096 eandem
571 1037 830 1091 honorare
844 1041 964 1086 ante
986 1027 1226 1091 alteram,
1250 1033 1502 1096 tanquam
1523 1037 1838 1093 consequens

233 1143 286 1189 et
321 1127 635 1185 rationabile
681 1136 729 1181 et
783 1138 943 1194 aeque
991 1134 1168 1175 verum
1213 1116 1507 1172 habentem.
1551 1113 1837 1182 Quoniam,

236 1222 442 1293 inquit,
470 1225 819 1290 praesentem
849 1211 1220 1284 quaestionem
1248 1207 1458 1264 duobus
1487 1205 1662 1261 modis
1689 1219 1838 1259 rese-

236 1313 355 1368 rari
409 1325 568 1383 posse
599 1307 854 1365 diximus.
885 1303 996 1358 Aut
1033 1301 1177 1358 enim
1223 1315 1464 1372 purgans
1519 1297 1841 1369 prophetam

237 1406 470 1480 angelus
506 1402 793 1472 Seraphim
847 1398 1066 1456 nomine
1113 1404 1404 1467 propterea
1456 1400 1679 1446 vocatus
1733 1399 1839 1456 est,

239 1499 503 1571 quoniam
532 1495 662 1550 illud
691 1506 889 1548 nomen
917 1489 1170 1546 omnibus
1196 1485 1516 1542 caelestibus
1547 1480 1842 1536 virtutibus

195 1655 202 1660 ,
239 1603 536 1650 commune
559 1589 616 1655 ⁸;
646 1587 787 1642 inest
807 1584 952 1640 enim
974 1581 1228 1640 omnibus
1250 1577 1630 1642 communiter,
1653 1589 1844 1646 quam-

197 1749 200 1753 _
239 1684 327 1738 vis
352 1682 372 1712 "
396 1697 504 1737 non
547 1677 844 1748 aequaliter
875 1715 890 1740 ,
943 1675 1097 1746 ignea
1149 1670 1432 1744 purgativa
1477 1667 1582 1732 vis,
1645 1679 1784 1736 quae
1819 1662 1844 1697 ⁸

241 1772 533 1844 Serapbim
564 1769 873 1842 signiﬁcare
903 1765 1019 1836 ipsa
1053 1763 1288 1819 nominis
1317 1758 1691 1832 interpretatio
1723 1771 1842 1812 ma-

239 1831 488 1920 nifestat.
511 1859 592 1916 Ita
613 1831 814 1930 quippe
837 1831 1058 1927 quidam
1087 1860 1427 1923 praesentem
1462 1831 1842 1920 quaestionem
1869 1831 1918 1893 Β

240 1958 459 2016 solvere
496 1962 783 2010 conantur.
815 1949 891 2006 Ac
929 1949 950 1979 ⁸
981 1947 1110 2018 quid
1151 1945 1286 2001 mihi
1327 1941 1662 2014 probabilius
1689 1939 1840 1994 vide-

249 2057 364 2114 tur,
395 2047 488 2118 qui
517 2042 1014 2101 excelsissimorum
1046 2037 1418 2094 intellectuum
1453 2032 1724 2105 propriam
1758 2045 1848 2100 ap-

240 2139 599 2212 pellationem
633 2135 988 2207 propriasque
1016 2131 1246 2186 virtutes
1285 2128 1488 2184 ultimis
1517 2124 1722 2196 angelis
1750 2139 1847 2178 no-

242 2234 442 2303 bisque
469 2227 907 2302 praesidentibus
934 2226 954 2256 "
982 2223 1128 2280 nullo
1166 2223 1324 2277 modo
1359 2218 1653 2276 convenire
1678 2215 1848 2271 disse-

247 2323 358 2379 rui.
414 2321 709 2392 Propterea
761 2317 1013 2391 angelus,
1063 2315 1154 2386 qui
1201 2313 1455 2387 purgavit
1505 2310 1847 2383 prophetam,

247 2414 537 2484 Seraphim
562 2410 827 2467 vocabulo
852 2408 1164 2464 nominatus
1191 2415 1274 2462 est
1299 2423 1330 2460 a
1371 2403 1659 2474 theologia,
1710 2416 1849 2473 quo-

245 2507 402 2564 uiam
440 2506 554 2576 ipse
593 2519 747 2560 suam
777 2502 1050 2574 prOpriam
1082 2500 1473 2570 operationem,
1515 2512 1620 2567 qua
1651 2510 1849 2567 purga-

254 2599 338 2652 vit
366 2596 750 2669 prophetam",
797 2592 954 2664 cujus
983 2592 1123 2648 labia
1154 2591 1383 2663 mystico
1413 2589 1588 2660 tetigit
1622 2585 1847 2652 calculo,

205 2704 357 2744 non
406 2688 460 2742 in
507 2689 746 2759 seipsum
799 2683 1010 2751 retulit,
1060 2683 1155 2739 sed
1202 2683 1254 2737 in
1298 2683 1472 2752 ipsum
1515 2680 1708 2744 Deum,
1759 2679 1851 2748 qui

248 2782 420 2837 totius
443 2780 782 2852 purgationis
809 2793 971 2834 causa
992 2788 1076 2833 est
1100 2785 1152 2830 et
1176 2767 1526 2847 principium,
1555 2782 1610 2828 et
1639 2772 1852 2843 ipsum’

246 2875 409 2946 quasi
443 2889 716 2931 summum
745 2872 1080 2930 sacerdotem
1100 2867 1386 2939 Serapbim
1408 2907 1423 2933 ,
1454 2880 1551 2937 per
1583 2879 1744 2935 quem
1774 2863 1854 2917 vi-

250 2984 352 3024 sus
381 2980 465 3024 est
487 2967 805 3040 prophetica
833 2964 974 3020 labia
1013 2962 1300 3018 mundare.
1333 2958 1705 3015 Concesserim
1733 2971 1852 3029 ego,

195 3045 202 3050 ’
250 3069 344 3114 tua
394 3057 749 3114 intellectuali
795 3063 850 3111 et
900 3051 1190 3110 discretiva
1236 3049 1460 3107 scientia
1503 3057 1594 3103 aut
1628 3047 1855 3102 alteram

250 3162 467 3223 partem
504 3152 769 3208 dictarum
805 3163 1091 3206 causarum
1123 3144 1187 3212 ⁸⁸,
1231 3143 1290 3202 id
1320 3151 1434 3209 est,
1467 3141 1690 3198 alteram
1719 3141 1856 3194 dua-

254 3259 376 3299 rum
423 3243 822 3314 praedictarum
865 3238 1195 3295 solutionum
1231 3236 1300 3292 ab
1331 3235 1481 3292 omni
1520 3231 1858 3289 dubitatione

254 3335 490 3400 absolvi,
526 3346 744 3405 tamque
782 3333 1163 3387 incunctanter
1196 3327 1467 3392 roborari,
1516 3332 1573 3380 et
1611 3321 1859 3386 eandem,

253 3425 653 3481 absolutionem
682 3423 953 3489 videlicet,
971 3436 1111 3493 quae
1126 3416 1610 3474 tuaintellectualis
1634 3413 1864 3472 scientia

255 3530 316 3574 et
342 3517 638 3574 absolverit
664 3524 718 3573 et
746 3515 1105 3578 rohoraverit,
1137 3513 1408 3581 honorare
1441 3519 1569 3564 ante
1608 3507 1861 3574 alteram,

254 3619 313 3665 et
339 3610 381 3641 “
419 3624 583 3663 unam
629 3616 720 3662 aut
746 3606 961 3678 penitus
992 3619 1215 3676 respuas
1247 3610 1339 3658 aut
1371 3602 1424 3657 in
1456 3599 1866 3672 comparatione

258 3703 484 3760 alterius
530 3703 907 3774 parvipendas,
930 3709 1183 3769 tanquam
1209 3695 1352 3768 quod
1381 3709 1719 3766 consequens
1745 3693 1787 3725 "
1810 3700 1867 3748 et

262 3794 588 3851 rationabile
613 3801 666 3848 et
688 3807 880 3863 aeque,
903 3792 1006 3846 hoc
1023 3800 1125 3857 est,
1144 3789 1187 3822 "
1211 3795 1358 3845 recte
1381 3802 1570 3844 verum
1591 3785 1863 3842 habuerit.

266 3889 397 3953 Aut,
426 3887 471 3943 si
513 3895 708 3942 neutra
732 3884 776 3918 “
801 3885 1014 3939 illarum
1033 3883 1128 3937 tibi
1154 3879 1354 3937 sufﬁcit
1375 3881 1443 3946 ι’,
1467 3897 1501 3934 a
1530 3890 1578 3935 te
1599 3881 1710 3950 ipso
1740 3877 1866 3950 quid

259 3998 378 4036 rere
408 3995 528 4034 vero
559 3979 604 4011 ¹⁶
631 3977 847 4033 vicinius
865 3977 907 4010 "
934 3976 1165 4031 invenire
1191 3973 1576 4038 concesserim,
1599 3981 1688 4026 aut
1706 3970 1770 4025 ab
1793 3970 1870 4024 al-

262 4085 399 4139 tero,
427 4069 583 4140 cujus
606 4069 961 4142 intelligentia
990 4075 1045 4122 et
1078 4081 1254 4121 meam
1280 4073 1337 4120 et
1361 4073 1510 4119 tuam
1540 4072 1761 4133 superat
1787 4061 1870 4117 in-

195 4159 198 4162 ’
263 4166 588 4229 tentionem,
606 4163 798 4228 dicere,
817 4160 924 4216 Deo
947 4159 1183 4217 videlicet
1206 4158 1387 4221 dante,
1404 4157 1517 4211 sive
1545 4155 1638 4210 tibi
1666 4153 1779 4209 sive
1794 4152 1872 4208 al-

191 4333 204 4338 _
264 4259 364 4314 teri
374 4301 385 4319 ,
395 4274 425 4312 a
440 4272 550 4327 quo
565 4257 775 4312 discere
788 4252 1100 4319 volueris,“
1113 4253 1259 4322 prius
1269 4249 1632 4320 recipientibus
1645 4247 1870 4319 angelis,

266 4353 338 4406 ab
369 4352 489 4421 ipso
517 4346 770 4404 videlicet
798 4346 930 4413 Deo,
959 4346 1050 4416 qui
1085 4343 1326 4400 omnium
1357 4340 1872 4413 contemplationum

192 4426 202 4520 γ’
261 4443 360 4498 lux
397 4450 485 4497 est
528 4449 585 4497 et
624 4455 788 4496 causa
828 4447 884 4494 et
925 4436 1172 4503 elfectus,
1217 4444 1266 4491 et
1314 4434 1622 4505 angelorum
1665 4432 1872 4498 amicis,

1941 553 2070 612 est,
2120 556 2216 614 per
2261 540 2770 612 contemplationem
2827 537 3130 610 praesentis
3159 536 3518 610 quaestionis,

1939 655 2082 711 quae
2106 639 2186 695 eis
2213 636 2386 710 magis
2409 635 2611 692 ceteris
2637 633 2887 690 amabilis
2914 641 3019 689 est.

2386 726 2876 786 CAPITULUM
2914 725 3080 783 XIV.

2467 819 2633 891 Cujus
2661 817 2847 874 titulus
2882 825 3003 874 est:

2186 911 2327 980 Quid
2373 911 2634 983 signiﬁcat
2666 909 2931 982 angelicas
2974 926 3221 967 numerus
3242 922 3291 967 ⁸.

2017 1007 2046 1082 ς
2082 1007 2152 1063 Et
2179 1009 2277 1062 hoc
2305 1016 2478 1062 autem
2517 1007 2754 1077 dignum,
2801 1014 2858 1057 ut
2891 1004 3141 1070 aestimo,
3186 1002 3527 1058 intellectuali

1942 1103 2254 1173 cognitione,
2284 1101 2406 1173 quia
2430 1099 2472 1132 ¹⁹
2501 1098 2824 1171 eloquiorum
2857 1097 2920 1152 de
2945 1096 3144 1168 angelis
3173 1094 3386 1152 traditio
3405 1096 3528 1150 mil-

1942 1198 2036 1254 lies
2063 1198 2108 1230 '°
2134 1197 2303 1252 millia
2331 1213 2442 1251 esse
2470 1195 2562 1259 ait,
2613 1204 2661 1249 et
2692 1193 2868 1248 decem
2906 1191 3076 1247 millia
3110 1191 3280 1247 decies
3320 1190 3532 1258 millies,

1941 1290 2228 1346 secundum
2254 1304 2349 1343 nos
2395 1285 2797 1341 sublimissimos
2841 1299 3176 1338 numerorum
3210 1282 3265 1338 in
3293 1299 3348 1337 se
3366 1283 3536 1353 ipsam

1945 1382 2204 1438 revolvens
2219 1391 2268 1436 et
2294 1378 2669 1451 multiplicans.
2695 1378 2926 1450 Dignum
2951 1387 3063 1444 est,
3089 1377 3287 1450 inquit,
3329 1375 3538 1432 intelle-

1943 1475 2108 1532 ctuali
2132 1473 2460 1545 cognitione,
2493 1471 2548 1526 id
2573 1479 2657 1526 est
2679 1469 3119 1526 intellectualium
3144 1484 3326 1526 rerum
3360 1469 3538 1524 scieno

1943 1568 2018 1622 tia
2049 1565 2116 1633 ³⁸,
2144 1565 2275 1636 quid
2303 1566 2370 1620 de
2405 1563 2665 1635 angelicis
2695 1563 2935 1618 numeris
2970 1562 3149 1618 divina
3194 1561 3357 1617 tradit
3393 1559 3542 1616 Scri-

1942 1669 2121 1731 ptura.
2161 1659 2282 1729 Ipsa
2331 1656 2597 1726 siquidem
2643 1655 2859 1710 traditio
2889 1653 3156 1710 maximos
3187 1667 3541 1708 numerorum

1947 1755 2209 1810 terminos
2257 1751 2555 1808 secundum
2599 1766 2699 1806 nos
2749 1750 2804 1806 in
2838 1751 3071 1821 seipsam
3101 1747 3349 1813 revolvit,
3383 1755 3438 1804 et
3486 1747 3542 1803 in

1945 1847 2179 1916 seipsam
2233 1829 2576 1916 multiplicat.
2608 1843 2727 1899 Non
2767 1843 2912 1899 enim
2949 1844 3062 1915 ipsa
3097 1842 3317 1898 traditio
3366 1839 3546 1897 inﬁni-

1946 1949 2033 1996 tae
2055 1937 2461 1994 numerositatis
2485 1937 2802 2009 angelorum
2826 1936 3086 1992 terminos
3109 1935 3164 1990 in
3192 1934 3278 1991 his
3303 1933 3545 1990 numeris

1946 2028 2401 2102 comprehendit,
2471 2041 2646 2096 neque
2711 2025 2936 2093 deﬁnit;
3010 2024 3346 2097 perspiciens
3413 2036 3547 2078 vero

1947 2130 2166 2177 nostrae
2193 2119 2421 2174 rationis
2451 2118 2628 2173 adhuc
2659 2115 2876 2172 mortali
2916 2115 3225 2171 habitaculo
3265 2121 3542 2170 coartatae

1948 2213 2317 2270 inﬁrmitatem
2340 2252 2356 2277 ,
2407 2211 2484 2265 ita
2515 2218 2575 2265 ut
2602 2209 2744 2266 ultra
2771 2207 2977 2264 denarii
3005 2205 3219 2262 numeri
3267 2204 3438 2262 cubos
3464 2205 3546 2271 ⁸³,

1949 2321 2150 2377 eosque
2193 2320 2292 2376 per
2336 2304 2544 2375 seipsos
2592 2301 2996 2372 multiplicatos,
3043 2300 3147 2355 hoc
3196 2307 3313 2363 est,
3350 2297 3549 2354 millies

1949 2396 2141 2462 millia,
2163 2395 2514 2466 ejusdemque
2555 2393 2751 2449 iterum
2777 2391 2983 2448 denarii
3005 2391 3060 2446 in
3083 2390 3322 2446 millibus
3337 2389 3547 2456 decem,

1951 2487 2079 2559 quia
2118 2486 2187 2541 ab
2225 2501 2290 2542 eo
2337 2493 2636 2542 nascuntur
2680 2485 2748 2550 ”,
2797 2499 2894 2555 per
2934 2484 3171 2554 seipsum
3205 2481 3550 2553 multiplicati

1953 2579 2348 2652 quantitatem,
2399 2578 2503 2632 hoc
2545 2583 2628 2632 est
2679 2575 2865 2631 decem
2910 2574 3079 2630 millia
3128 2573 3308 2630 decies
3354 2572 3552 2630 millies

1953 2687 2060 2728 non
2087 2672 2258 2744 possit
2284 2671 2611 2735 ascendere,
2647 2669 2904 2740 quoniam
2937 2667 3260 2723 inﬁnitatem
3293 2667 3550 2723 altiorum

1953 2780 2304 2822 numerorum
2344 2779 2519 2834 neque
2557 2763 2700 2818 valet
2737 2761 3061 2832 perspicere,
3093 2775 3194 2816 nec
3243 2761 3546 2817 nominare.

1957 2858 2131 2914 Tanta
2163 2858 2308 2914 enim
2339 2857 2418 2913 vis
2453 2870 2804 2913 numerorum
2833 2863 2948 2919 est,
2983 2861 3042 2908 ut
3071 2853 3265 2909 ductus
3307 2852 3553 2909 inﬁnitus

1956 2952 2314 3008 existimetur.
2360 2949 2467 3006 Per
2504 2950 2602 3005 hos
2644 2947 2789 3004 enim
2812 2945 2862 2988 ³⁸
2889 2947 3158 3002 humanae
3187 2944 3557 2999 ratiocinatio-

1958 3046 2014 3102 ni
2045 3041 2561 3114 comprehensibiles
2609 3049 2667 3097 et
2695 3038 3053 3096 nominabiles
3084 3051 3340 3092 numeros
3367 3035 3553 3091 inﬁni-

1963 3147 2072 3194 tam
2105 3138 2418 3194 caelestium
2445 3135 2843 3192 multitudinem
2866 3133 3034 3188 voluit
3053 3130 3380 3202 signiﬁcare.
3414 3127 3556 3186 Usus

1962 3231 2233 3302 siquidem
2289 3228 2763 3301 frequentissimus
2814 3225 2980 3281 divini
3026 3223 3225 3295 eloquii
3279 3231 3400 3289 est,
3458 3235 3558 3294 per

1964 3324 2116 3380 ﬁnita
2151 3323 2364 3378 inﬁnita
2407 3323 2656 3378 innuere.
2695 3319 2808 3376 Hoc
2851 3326 3030 3373 autem
3067 3316 3330 3386 scriptum
3373 3322 3459 3369 est
3499 3313 3554 3369 in

1965 3417 2186 3473 Daniele
2230 3417 2491 3489 propheta
2521 3455 2538 3483 ,
2590 3415 2683 3470 ubi
2723 3415 2800 3469 ait
2840 3427 2854 3467 :
2905 3431 2922 3465 ι
2959 3411 3332 3482 Aspiciebam,
3387 3409 3558 3464 donec

1966 3509 2144 3564 throni
2161 3507 2320 3579 positi
2338 3516 2464 3563 sunt
2485 3526 2531 3560 ι.
2551 3505 2648 3562 Et:
2670 3524 2688 3557 ι
2708 3505 2975 3574 Antiquus
2993 3503 3201 3557 dierum
3218 3500 3374 3563 sedit,
3391 3498 3558 3555 vesti-

1966 3613 2210 3658 mentum
2239 3601 2356 3672 ejus
2385 3599 2542 3671 quasi
2571 3600 2666 3654 nix
2695 3598 3008 3661 candidum,
3065 3604 3122 3650 et
3160 3593 3338 3665 capilli
3366 3592 3560 3663 capitis

1967 3697 2084 3768 ejus
2131 3695 2288 3767 quasi
2339 3694 2460 3749 lana
2514 3694 2709 3749 munda
2736 3733 2751 3758 ,
2801 3693 3028 3747 thronus
3063 3689 3111 3728 ’⁸
3146 3688 3264 3759 ejus
3308 3687 3559 3742 ﬂammae

1969 3790 2130 3862 ignis,
2177 3797 2330 3844 rotae
2383 3786 2430 3818 ¹¹⁶
2476 3785 2594 3856 ejus
2626 3784 2763 3858 ignis
2806 3798 3096 3848 accensus;
3129 3779 3324 3836 ﬁuvius
3371 3778 3560 3850 igneus

1968 3883 2296 3954 rapidusque
2322 3880 2702 3954 egrediebatur
2727 3893 2758 3932 a
2794 3877 2931 3932 facie
2965 3875 3102 3945 ejus,
3135 3873 3301 3930 millia
3333 3871 3558 3927 millium

1971 3977 2354 4033 ministrabant
2401 3973 2492 4040 ei,
2540 3981 2596 4027 et
2643 3971 2824 4024 decies
2869 3969 3064 4023 millies
3111 3974 3336 4021 centena
3392 3962 3560 4018 millia

1971 4069 2302 4128 assistebant
2342 4068 2391 4123 ei
2428 4086 2472 4122 ι.
2514 4065 2592 4120 Ita
2624 4063 2817 4125 beatus
2862 4061 3222 4131 Hieronymus
3266 4053 3560 4116 transtulit.

1974 4163 2208 4220 Sanctus
2239 4161 2416 4218 autem
2464 4160 2748 4230 Dionysms
2774 4154 3046 4224 antiquam
3097 4166 3315 4207 secutus
3353 4157 3438 4202 est
3479 4145 3564 4202 itt-

1973 4255 2438 4327 terpretationem.
2476 4251 2539 4306 Et
2571 4267 2663 4322 per
2691 4250 2807 4313 hos,
2837 4259 3114 4309 numeros,
3139 4251 3312 4314 «aperte
3353 4239 3562 4312 signiﬁ-

1973 4335 2121 4415 cans,
2145 4348 2262 4420 ipsa
2283 4344 2525 4410 traditio,
2551 4339 2954 4397 innumerabiles
2984 4335 3283 4391 caelestium
3305 4336 3563 4390 essentia-

1977 4460 2095 4498 rum
2142 4441 2517 4496 ordinationes.
2575 4435 2747 4491 Multa
2783 4434 2921 4489 enim
2952 4441 3073 4486 sunt
3117 4430 3296 4486 beatae
3343 4429 3562 4485 militiae

266 4533 506 4591 summis
568 4532 821 4590 videlicet
865 4531 1210 4596 hominibus,
1260 4543 1357 4598 per
1401 4543 1536 4599 quos
1591 4528 1847 4600 mysteria

1957 4532 2464 4608 .supermundalium
2491 4527 2868 4591 intellectuum,
2894 4524 3160 4595 inﬁrmam
3186 4531 3234 4578 et
3269 4531 3561 4578 coartatam

260 4641 410 4698 quae
437 4640 470 4680 a
497 4624 610 4680 Deo
633 4623 924 4695 recipiunt,
955 4620 1134 4692 angeli
1163 4619 1516 4676 inferioribus
1539 4635 1598 4676 se
1625 4619 1876 4690 aperiun-

263 4731 373 4783 tur,
393 4719 542 4775 nobis
567 4719 799 4777 revelare
834 4717 1160 4776 subauditur
1192 4715 1580 4782 concesserim,
1610 4731 1705 4785 per
1732 4714 1868 4785 ejus,

1979 4638 2283 4701 superantes
2336 4623 2690 4681 materialium
2737 4619 3023 4676 secundum
3069 4636 3162 4673 nos
3228 4633 3566 4672 numerorum

1981 4718 2543 4778 commensuritionem.
2593 4714 2708 4770 Hoc
2733 4721 2911 4768 autem
2939 4711 3072 4767 dicit
3136 4725 3244 4767 non
3281 4709 3422 4781 quod
3465 4709 3569 4782 ipsi

1497 4859 1499 4862 ⁴
1574 4831 1832 4890 VABIAE
1869 4833 2274 4894 LECTIONES.

344 4931 362 4959 ¹
393 4927 549 4998 Conj.
607 4927 654 4982 Α
715 4927 1064 4982 dubitarimus
1129 4925 1173 4980 B
1221 4923 1590 5014 dubitarimus.
1652 4923 1874 4996 (punct.
1941 4926 2049 4996 adj.
2118 4925 2227 4997 B‘).

271 5047 293 5077 ⁵
353 5044 512 5102 Corr.
577 5041 836 5114 B'LAB
901 5042 1038 5114 quis.

271 5117 532 5172 dentibus.

1167 5040 1188 5072 '
1242 5040 1469 5096 Emend.
1496 5079 1511 5105 ,

279 5188 320 5224 “
370 5187 463 5243 Sic
503 5186 616 5253 ΑΒ,
651 5184 789 5240 forte
831 5194 907 5238 ut.
1002 5181 1056 5215 ’¹²
1101 5181 1257 5239 corr.
1292 5181 1378 5246 B‘,
1413 5182 1500 5236 AB
1538 5198 1776 5252 sequens.

620 5041 842 5169 :Veﬁﬁ
901 5042 1090 5166 quis)“
1167 5040 1188 5072 ⁵
1242 5040 1511 5166 Ειηῖηέιη
1591 5038 1942 5164 ΑΒΒιιίδιζιιε.
2063 5039 2171 5164 ‘lB
2412 5038 2432 5068 ⁷
2484 5038 2523 5088 Β
2573 5038 2967 5157 ηςιίξδρηιὶῡιιδ,

651 5184 789 5238 forte
813 5131 935 5238 ⁸αεῗ⁸
968 5128 1517 5238 αξ-Ἕᾶἵῗίίξκθὲἕ
1538 5126 1776 5238 εὲἑῖὶεηέ.
1877 5114 2061 5238 Pii?
2089 5125 2199 5236 οῗξξζ
2233 5124 2686 5238 ’Ἅιέῗ³¹ἕιὶ⁷ἶίηπκ.
2722 5119 2967 5229 ἓῗιῗέἒῗτιῖε

1965 5195 2039 5240 est
2089 5198 2199 5236 Olll.
2255 5191 2362 5242 AB,
2411 5191 2686 5247 atlmarg.
2722 5191 2870 5247 ause.
2907 5191 2947 5226 υ
2979 5212 2993 5226 .

3061 4917 3085 4952 ³
3141 4919 3204 4974 B‘
3255 4920 3429 4976 adscr.
3467 4927 3564 4975 est.

2573 5031 2932 5103 praesentibus
2958 5071 2972 5094 ,
3060 5029 3122 5103 B‘
3174 5044 3316 5086 corr.
3368 5029 3566 5099 praesi-

2586 5105 2627 5135 ¹⁰
2651 5105 2693 5157 Β
2722 5119 3004 5157 causarum
3055 5101 3315 5154 dictarunt
3342 5109 3562 5170 partem.

3091 5170 3135 5203 “
3165 5171 3319 5228 Corr.
3344 5169 3443 5235 'B',
3475 5169 3564 5224 ΑΒ

2334 4923 2539 4980 ἀοι-ι’.
2592 4920 2681 4987 B‘,
2740 4919 2831 4975 AB
2871 4927 2948 4974 tu.

2063 5037 2303 5091 σΒΑε.
2412 5035 2523 5088 ⁷Β

276 5241 395 5314 sine
414 5241 556 5313 utra.
603 5241 678 5289 ’¹⁸
702 5256 809 5312 Pro
829 5255 1030 5327 sufﬁcit,
1056 5254 1100 5308 A
1133 5271 1238 5310 non
1271 5241 1480 5324 su/ﬁcit,
1515 5253 1555 5307 Β
1600 5241 1703 5342 non
1738 5257 1924 5326 sufﬁcit
1973 5257 2178 5328 (punct.
2212 5250 2320 5322 adj.
2351 5241 2458 5319 B‘).
2537 5247 2580 5278 ¹⁶
2604 5241 2757 5302 Corr.
2789 5245 2874 5311 B‘,
2909 5259 3007 5316 pro
3031 5243 3156 5315 quid
3183 5257 3296 5296 vere
3316 5257 3434 5296 vero
3475 5241 3565 5294 AB

279 5392 525 5446 quaerere
550 5390 684 5430 vere.
762 5371 808 5407 "
845 5372 915 5446 B'_
937 5372 1003 5427 ad
1025 5386 1198 5446 marg.
1228 5369 1534 5446 adscr._sit._
1594 5369 1637 5403 ι⁸
1661 5368 1840 5438 Conj.,
1865 5367 2578 5446 AB_in_ccntemt_tlationet_n.

279 5441 392 5512 lies,
419 5448 501 5504 sic
524 5446 743 5516 ubique.
818 5450 861 5485 ἰ
892 5444 938 5498 Α
967 5441 1262 5507 scientiam,
1291 5441 1333 5494 Β
1353 5441 1644 5496 scientiam.
1672 5451 1876 5512 (punct.
1911 5442 2016 5509 adj.
2045 5443 2152 5513 B‘).

279 5529 515 5569 scuntur.
589 5516 639 5551 ’⁸
665 5517 803 5569 enim
841 5530 950 5569 om.
1003 5515 1072 5569 A.
1146 5513 1194 5546 ⁸⁸
1239 5513 1328 5568 AB
1356 5523 1554 5567 tronus.
1589 5518 1601 5532 '
1637 5512 1681 5544 ⁸⁸
1705 5512 1860 5569 Corr.
1891 5512 2000 5568 AB.
2033 5524 2166 5568 recte

277 5529 515 5574 scuntur.
589 5515 803 5573 “enim
841 5530 950 5571 om.
1003 5515 1072 5570 A.

2659 5364 2702 5396 ⁸⁵
2737 5363 2774 5417 Β
2799 5379 2940 5419 corr.
2987 5376 3166 5431 quare.
3252 5357 3314 5431 _!°
3345 5355 3434 5431 AB
3468 5357 3568 5411 mi-

2253 5426 2299 5474 “
2321 5439 2476 5497 (λοι-ι’,
2513 5438 2594 5505 B‘,
2623 5435 2713 5492 AB
2739 5435 2897 5490 cibos.
2985 5426 3030 5470 5'
3061 5429 3287 5487 Emend.
3341 5426 3430 5482 AB
3465 5443 3563 5482 no-

1791 5607 2042 5667 NOTAE.

351 5722 376 5751 ι
398 5709 443 5764 Α
466 5709 663 5765 litteris
681 5707 920 5764 miniatis
958 5703 1255 5776 Capitulunt
1296 5711 1563 5776 quart_t_tm__
1587 5702 1868 5776 decimum,

285 5778 648 5854 cujusititulus
687 5789 764 5835 est
815 5787 940 5854 cet.,
963 5777 1006 5832 B
1036 5773 1260 5854 titulum
1288 5773 1506 5854 σφι-β’
1535 5773 1727 5854 litteris
1742 5789 1875 5854 Arna:

287 5843 511 5921 just-uiis
547 5859 854 5908 atramento
877 5850 1056 5906 adscr.
1083 5845 1289 5903 Titulus
1313 5843 1449 5900 XIV
1465 5845 1712 5901 canituli:
1734 5844 1874 5907 Ouid

1980 5703 2242 5772 signi/ient
2270 5701 2533 5774 angelicas
2563 5712 2808 5774 numerus
2833 5694 3082 5774 traditus,
3124 5691 3427 5774 litletjsqtte
3464 5689 3568 5772 mi-

1983 5763 2147 5832 nimis
2172 5763 2413 5832 addidit:
2453 5774 2490 5829 i.
2515 5787 2565 5829 e.
2597 5770 2753 5825 datus
2795 5767 2872 5825 vel
2911 5768 3160 5838 diﬂinitus
3185 5785 3216 5830 ει
3251 5763 3563 5836 scripturis.
