3984 5458
493 331 590 388 231

1881 321 2165 381 JOANNIS
2204 320 2402 378 SCOTI

3663 327 3768 392 3.52

497 447 730 511 numeri,
763 443 888 498 dum
915 441 1025 496 sint
1051 440 1226 496 cubici
1256 448 1299 504 ι,
1347 448 1400 495 et
1433 439 1484 494 in
1507 439 1616 494 sola
1647 438 1854 494 ratione
1883 438 2077 493 srbsti-
2107 450 2149 506 Α
2182 447 2360 490 autem
2397 433 2473 487 vel
2527 435 2573 470 ιτ
2625 435 2964 505 requiescere
3011 436 3248 492 volentes
3295 440 3362 494 ad
3385 439 3664 496 dividuam
3715 452 3768 498 et

499 541 616 599 tuti.
651 536 956 592 materiales
979 535 1175 588 fuerint
1202 535 1242 598 ³,
1277 536 1367 587 sed
1398 534 1537 601 quod
1571 547 1666 587 nos
1705 533 1755 594 ³,
1789 535 1876 599 qui
1903 531 2074 584 adhuc

497 627 806 684 materiales
852 635 907 680 et
958 627 1214 681 mortales
1257 641 1463 690 sumus,
1504 639 1600 679 eos
1653 626 1792 678 intra
1837 634 2074 677 nosmet-

497 720 642 790 ipsos
665 728 719 772 et
752 718 1052 789 cogitamus
1077 725 1134 770 et
1176 716 1515 770 nominamus
1543 715 1587 768 ⁸.
1643 713 1929 783 Propterea
1966 730 2076 767 ma-

497 811 714 866 teriales
737 809 1025 873 dicuntur,
1058 808 1139 862 vel
1171 816 1316 864 certe
1363 807 1486 864 ideo
1540 807 1845 860 materiales
1888 822 2074 860 nume-

494 902 542 957 ri
594 903 846 957 dicuntur
876 941 892 962 ,
942 900 1066 969 quia
1121 910 1213 954 aut
1265 901 1350 954 vix
1378 909 1469 953 aut
1507 916 1782 969 nunquam
1829 900 2078 954 sinema-

495 994 769 1050 terialium
785 1009 964 1048 rerum
985 994 1456 1064 imaginationibus
1481 997 1531 1047 in
1554 994 1734 1048 animo
1755 1004 2073 1050 tractantur.

496 1087 567 1144 Et
596 1104 631 1142 ο
677 1087 794 1143 sola
834 1087 1066 1158 gnostica
1095 1086 1119 1120 ³
1153 1088 1429 1156 deﬁnitae,
1481 1088 1582 1142 hoc
1643 1097 1767 1153 est,
1825 1089 2078 1144 deﬁnitae

497 1189 624 1235 sunt
651 1179 842 1235 beatae
872 1180 1095 1234 militiae
1141 1178 1450 1234 caelestium
1507 1178 1870 1233 intellectunm
1901 1195 1930 1232 a
1963 1179 2074 1234 sola

497 1269 765 1341 gnostica,
819 1270 933 1338 ipsa
966 1268 1216 1326 videlicet
1250 1270 1532 1339 sapientia,
1567 1287 1704 1338 quae
1733 1287 1827 1325 eas
1872 1280 1925 1325 et
1955 1270 2079 1326 fecit

496 1369 554 1416 et
580 1361 851 1416 ordinavit
877 1361 919 1413 ⁸.
975 1360 1162 1415 Divina
1202 1369 1378 1414 autem
1426 1360 1685 1431 sapientia
1715 1360 1837 1416 ideo
1879 1361 2078 1415 dicitur

496 1452 762 1523 gnostica,
796 1447 847 1506 id
879 1461 987 1516 est,
1037 1449 1330 1521 cognitiva,
1361 1451 1484 1519 quia
1527 1451 1706 1504 omnia
1737 1490 1752 1514 ,
1807 1466 1942 1520 quae
1983 1467 2078 1521 per

496 1549 668 1618 ipsam
699 1555 798 1614 aut
816 1548 869 1601 in
892 1547 1003 1617 ipsa
1021 1545 1158 1601 facta
1175 1555 1319 1610 sunt,
1350 1546 1460 1600 sola
1491 1546 1736 1616 intelligit
1761 1554 1816 1600 et
1843 1546 2075 1600 circum-

497 1640 706 1696 scribit.
738 1638 1036 1696 Secundum
1065 1641 1232 1710 ipsum
1269 1641 1719 1708 supermandunae
1759 1650 1806 1693 et
1845 1640 2077 1694 caelestis

496 1731 869 1803 intelligentiae
889 1742 936 1786 et
963 1733 1234 1796 scientiae,
1257 1748 1390 1800 quae
1416 1732 1766 1800 copiosissime
1786 1733 1859 1786 eis
1881 1732 2076 1785 donata

2181 528 2568 597 untltipartitaa
2638 529 2681 559 ¹¹¹
2717 530 3088 594 latitudinem,
3127 530 3226 584 line
3259 542 3340 586 est
3370 572 3384 599 ,
3415 533 3765 602 multiplicem

2181 636 2359 674 rerum
2387 622 2674 675 visibilium
2737 621 3075 691 superﬁciem
3129 617 3172 654 ¹⁵
3229 623 3578 678 multiformis
3608 625 3654 657 '°
3684 637 3768 680 va-

2184 712 2387 766 rietatis
2414 712 2775 780 angelicarum
2810 713 3210 769 formationnm.
3249 714 3322 768 Ea
3364 716 3667 785 siquidem,
3706 716 3769 772 de

2181 805 2373 874 quibus
2397 807 2507 874 jam
2561 806 2951 865 tractavimus.
3003 804 3117 860 solo
3157 807 3352 860 mentis
3400 807 3562 860 oculo
3611 822 3770 878 super

2180 912 2339 951 omne
2392 897 2467 960 ἰ,
2504 898 2644 966 quod
2691 899 2734 930 "
2773 897 2936 952 dividi
2974 909 3026 951 et
3062 897 3402 969 multipchari
3435 909 3640 969 potest,
3687 915 3768 953 su-

2181 989 2338 1059 per"
2363 1005 2575 1044 omnem
2615 1006 2790 1043 rerum
2817 991 3102 1044 visibilium
3130 993 3534 1048 similitudinem
3562 1003 3616 1046 et
3639 993 3768 1046 ima-

2181 1080 2506 1150 ginationem
2547 1080 2896 1149 contemplari
2927 1083 3197 1150 sapientes
3233 1095 3480 1153 possunt.
3510 1084 3589 1137 Ea
3618 1099 3764 1146 vero.

2181 1173 2247 1225 ad
2273 1188 2412 1241 quae
2444 1172 2492 1209 ιδ
2522 1171 3166 1227 intellectualemoculum
3196 1175 3469 1230 reflecterc
3496 1175 3764 1239 volumus,

2181 1263 2543 1325 latitudinem.
2571 1265 2620 1319 id
2651 1278 2756 1330 est,
2784 1267 3122 1334 superficiem
3150 1277 3202 1321 et
3228 1269 3627 1338 apparitionem
3672 1283 3762 1322 an-

2181 1356 2474 1426 gelicarum
2503 1355 2797 1410 formarum
2830 1360 3143 1421 ostendunt,
3176 1374 3313 1429 quae
3339 1359 3657 1430 superﬁcies
3689 1359 3767 1413 di-

2180 1448 2340 1501 vidua
2389 1457 2470 1502 est
2527 1459 2581 1502 et
2635 1449 3002 1518 multipliciter
3063 1452 3282 1519 partita.
3341 1451 3392 1504 in
3441 1451 3645 1520 quibus
3695 1461 3768 1503 la-

2182 1556 2304 1594 men
2363 1542 2506 1595 acies
2565 1541 2761 1594 mentis
2826 1541 2989 1594 veluti
3037 1542 3137 1595 sibi
3186 1543 3420 1613 cognitis
3488 1550 3544 1596 et
3610 1539 3769 1596 fami-

2183 1631 2404 1686 liaribus
2474 1634 2814 1702 requiescere
2892 1633 3140 1700 videtur,
3213 1649 3277 1688 ac
3347 1633 3520 1688 veluti
3582 1635 3770 1688 remis-

2183 1724 2314 1788 sius,
2388 1741 2548 1795 qnam
2587 1724 2632 1756 "
2673 1727 2726 1780 in
2800 1725 3123 1781 caelestibus
3185 1727 3460 1790 essentiis,
3539 1727 3595 1781 in
3653 1742 3769 1782 cor-

497 1833 592 1876 est.
628 1822 704 1878 Ita
757 1823 901 1878 enim
943 1824 1298 1886 definiuntur,
1330 1824 1778 1892 quemadmodum
1828 1821 2079 1878 caelestis
2111 1817 2152 1874 Β
2182 1819 2453 1891 poralibus
2500 1819 2731 1876 laborat.
2793 1819 2908 1876 Hoc
2971 1833 3151 1876 autem
3217 1821 3488 1884 facimus,
3547 1821 3768 1876 descen-

496 1913 846 1981 intelligentia
894 1924 949 1970 et
1000 1915 1224 1970 scientia
1281 1917 1360 1970 eis
1405 1915 1564 1968 insita
1617 1924 1718 1968 est.
1766 1912 2078 1970 Substantia

495 2007 757 2075 siquidem
792 2022 980 2061 eorum
1033 2015 1089 2062 et
1135 2022 1392 2062 numerus
1463 2006 1814 2078 intelligentia
1888 2018 1970 2062 est
2027 2016 2081 2062 et

496 2095 743 2151 scicntia.
797 2096 932 2153 Hinc
965 2113 1062 2168 per
1088 2097 1433 2152 Psalmistain
1484 2098 1724 2152 dicitur:
1765 2117 1784 2148 ‹
1823 2097 1922 2164 Qui
1955 2098 2080 2152 fcci—

495 2185 567 2239 sti
605 2186 624 2218 ⁷
681 2186 858 2244 caelos
906 2187 963 2242 in
1009 2187 1282 2242 intellectu
1320 2208 1365 2254 ι,
1419 2188 1522 2244 hoc
1566 2197 1669 2253 est,
1712 2187 1884 2243 fecisti
1935 2187 1955 2218 ³
1990 2203 2082 2242 eos

499 2277 825 2336 intellectus.
887 2278 1126 2336 Sanitate
1179 2280 1377 2343 divina,
1420 2281 1474 2334 id
1525 2291 1624 2344 est,
1661 2280 1728 2333 ab
1777 2280 2082 2350 integritate

502 2370 682 2424 divina
708 2411 725 2434 ,
753 2370 948 2426 multae
987 2373 1233 2426 scientiae
1264 2372 1652 2442 sapienti/ioue,
1694 2387 1830 2441 quae
1873 2387 1964 2426 eas
1999 2387 2084 2425 sa-

501 2463 710 2535 pientes
728 2466 749 2497 ⁸
775 2465 916 2519 tacit.
955 2463 1022 2519 Et
1051 2464 1202 2533 cujus
1223 2473 1306 2520 est
1327 2464 1418 2518 illa
1438 2463 1602 2518 multa
1627 2464 1850 2520 scicntia
1866 2464 2080 2534 sapien-

505 2556 687 2612 tiﬁca?
734 2555 962 2623 Nullius,
997 2558 1099 2612 nisi
1157 2557 1421 2612 existentis
1479 2558 1721 2628 principii
1786 2565 1830 2610 et
1895 2572 2085 2610 ctntsae

501 2649 892 2719 substantiﬁcae
931 2662 980 2705 et
1011 2652 1320 2706 continentis
1353 2653 1553 2706 virtutis
1586 2651 2082 2717 consummationis,

501 2758 569 2801 ex
597 2761 704 2816 qua
736 2747 984 2802 caeleStis
1011 2746 1362 2818 intelligentia
1390 2753 1444 2801 et
1466 2746 1690 2802 scientia
1715 2744 2085 2815 copiosissime

500 2840 1010 2912 supermundalibus
1043 2840 1408 2895 intellectibus
1435 2839 1634 2894 donata
1662 2846 1764 2894 est.

957 3004 1442 3065 CAPITULUM
1479 3000 1606 3063 XV.

1022 3119 1190 3190 Cujus
1225 3121 1411 3177 titulus
1433 3129 1519 3177 est
1545 3138 1560 3176 :

505 3281 652 3350 Quae
680 3282 781 3336 sint
813 3279 1123 3349 formatione
1145 3281 1500 3351 angelicorum
1532 3281 1779 3334 uirtutum
1808 3280 2084 3351 imagines,

740 3361 788 3404 et
827 3367 960 3422 quae
997 3352 1202 3415 deinde,
1238 3353 1331 3406 hoc
1369 3361 1442 3404 est
1485 3363 1532 3406 et
1562 3354 1761 3422 reliqua
1788 3363 1836 3405 ι.

560 3418 589 3437 η

558 3482 651 3554 ει.
672 3481 833 3537 Fer“
847 3485 984 3554 quod
1008 3494 1182 3550 restat,
1208 3486 1520 3540 remittentes
1535 3496 1792 3550 nostrum,
1807 3486 1854 3541 si
1867 3485 2088 3552 videtur,

505 3574 908 3630 intellectualem
934 3575 1140 3630 oculum
1169 3579 1310 3630 circa
1345 3578 1590 3631 sublimes
1631 3577 2089 3647 contemplationes

505 3665 740 3736 angelico
761 3675 804 3707 ⁸⁸
832 3668 1006 3736 vigore
1032 3668 1099 3722 ad
1127 3668 1395 3721 dividuum
1418 3679 1464 3722 et
1490 3667 1886 3738 multipartitam
1905 3677 1948 3709 η
1968 3667 2092 3722 lati-

504 3760 738 3814 tudinem
765 3759 1101 3832 multiformis
1138 3762 1494 3832 angelicarum
1536 3761 1980 3830 speciﬁcationum
2004 3780 2091 3816 va-

506 3849 732 3915 rietatis,
752 3852 1114 3906 descendentes
1133 3852 1319 3905 iterum
1341 3853 1392 3904 in
1417 3853 1538 3920 ipsis
1564 3863 1811 3918 tanquam
1832 3852 1884 3906 in
1907 3870 2087 3908 conse-

503 3940 780 4011 quentibus
795 3943 847 3996 in
863 3942 1246 4012 simplicitatem
1267 3941 1564 3996 caelestium
1585 3945 1880 3998 animorum
1905 3943 2090 4014 analy-

503 4031 602 4084 tice
626 4031 668 4062 “
686 4031 907 4102 reﬂexis.
935 4031 1044 4087 Sibi
1063 4033 1158 4106 ipsi
1177 4033 1499 4104 imperatvel
1518 4031 1818 4098 Timotheo,
1845 4036 1928 4088 cui
1960 4034 2092 4088 haec

505 4124 752 4195 scripsit:
785 4123 891 4180 Fer
925 4125 1067 4194 quod
1097 4135 1284 4189 restat,
1336 4126 1437 4180 hoc
1462 4133 1566 4191 est,
1618 4123 1730 4178 fare
1768 4125 1908 4193 quod
1935 4140 2090 4194 prae-

505 4221 673 4274 sentis
719 4223 899 4290 operis
935 4230 1016 4274 est
1060 4222 1353 4274 residuum.
1393 4221 1748 4274 ltentittcnlcs
1798 4220 1864 4284 ⁸⁸,
1894 4220 2000 4283 vel,
2034 4227 2092 4272 ut

505 4315 720 4385 proprie
751 4314 1094 4378 transfertur,
1127 4314 1471 4384 requiescere
1514 4315 1773 4370 facientes
1803 4325 2042 4368 nostrum
2073 4354 2089 4378 ,

507 4406 551 4458 si
591 4407 682 4459 tibi
741 4405 976 4468 videtur,
1001 4421 1035 4460 ο
1066 4405 1111 4437 ³⁵
1147 4405 1459 4469 Timotheo,
1507 4406 1919 4460 intellectualem
1959 4421 2086 4459 ocu-

506 4497 619 4551 lum
643 4497 710 4552 ab
739 4497 982 4568 angelico
1009 4497 1190 4568 vigore
1221 4497 1287 4561 “,
1320 4499 1386 4552 ab
1415 4498 1652 4566 angelica
1679 4495 1832 4566 plane
1863 4497 2090 4560 tlteoria,

2114 3185 2452 3279 ccorporea
2533 3210 2886 3264 similitudine
2973 3207 3509 3278 conformationeque

2184 1913 2372 1967 dentes
2404 1913 2622 1978 iterum,
2665 1915 2768 1969 hoc
2791 1925 2898 1980 est,
2947 1916 3070 1970 dum
3098 1925 3217 1987 post
3245 1915 3556 1971 sublimium
3591 1930 3767 1971 rerum

2184 2006 2698 2074 contemplationem
2771 2007 2965 2061 iterum
3044 2007 3423 2062 descendimus
3487 2009 3542 2063 in
3618 2008 3765 2078 ipsis,

2183 2102 2440 2171 angelicis
2483 2101 2732 2156 videlicet
2780 2101 3022 2173 mysticis
3050 2098 3484 2165 formationibus,
3519 2109 3768 2170 tanquam

2184 2190 2237 2246 in
2267 2193 2743 2262 consequentibus,
2778 2195 2878 2248 llOC
2914 2204 3016 2257 est,
3050 2210 3155 2249 non
3184 2194 3632 2250 convenientibus
3663 2196 3770 2248 lon-

2182 2303 2355 2359 geqne
2385 2287 2738 2343 dissimilibus
2765 2287 3068 2342 divinorum
3103 2288 3470 2344 inteilectuum
3500 2289 3766 2344 altitudini

2183 2386 2237 2434 et
2268 2376 2620 2432 nniformitati
2647 2419 2662 2441 ,
2712 2378 2925 2434 reﬂexis
2947 2380 2991 2418 ³⁸
3032 2391 3209 2435 tamen
3248 2381 3548 2437 tlieoretica
3575 2383 3769 2438 virtute

2184 2469 2478 2539 analytice,
2519 2467 2622 2524 hoc
2649 2477 2764 2533 est,
2808 2485 2906 2538 per
2934 2470 3254 2541 analyticam
3286 2471 3338 2525 in
3370 2472 3768 2543 simplicitatem

2183 2559 2496 2614 caelestium
2528 2560 2851 2615 animorum.
2875 2562 3167 2624 Ἀναλυτική
3183 2563 3326 2617 enim
3355 2573 3440 2618 est
3466 2563 3764 2632 disciplina,

2183 2665 2323 2720 quae
2372 2649 2662 2706 visibilium
2712 2651 3004 2723 imaginum
3060 2652 3568 2723 interpretationem
3621 2651 3667 2687 "
3716 2655 3765 2708 in

2186 2743 2538 2798 invisibilium
2607 2745 2978 2800 intellectuum
3052 2745 3477 2802 uniformilatem
3536 2747 3762 2810 resolvit,

2186 2838 2331 2891 omni
2363 2835 2534 2890 forma
2566 2838 2882 2892 carentium.
2924 2837 2990 2892 Ut
3024 2837 3168 2892 enim
3228 2838 3526 2910 symbolice
3586 2838 3764 2894 visibi-

2185 2933 2318 2988 limn
2383 2948 2560 2987 rerum
2625 2933 2949 3002 imaginibus
3001 2934 3115 2988 sive
3164 2932 3411 2989 discretis
3465 2942 3522 2988 et
3577 2947 3770 2988 conten

2187 3025 2481 3089 aientibus,
2533 3026 2649 3079 sive
2713 3022 2951 3078 confusis
3000 3034 3054 3078 et
3101 3023 3611 3080 inconvenientibus
3641 3024 3767 3078 diri-

2189 3131 2288 3170 uos
2337 3117 2511 3171 induit
2541 3115 2868 3180 intellectus,
2919 3116 2992 3170 ita
3051 3119 3266 3170 eosdem
3315 3116 3588 3186 analytice
3633 3117 3771 3171 omni

3607 3211 3769 3263 emit.

2191 3297 2365 3354 Unum
2413 3313 2587 3359 autem
2637 3302 2703 3354 sit
2745 3300 2837 3355 tibi
2887 3301 3301 3370 praecognitum,
3339 3300 3608 3372 quomodo
3636 3317 3772 3355 sacre

2190 3393 2540 3464 formularum
2570 3392 2858 3462 imaginum
2886 3391 3226 3445 resolutiones
3251 3392 3460 3445 easdem
3491 3392 3772 3463 aliquando

2190 3485 2489 3540 caelestium
2519 3483 2859 3539 essentiarum
2893 3485 3259 3554 dispositiones
3287 3485 3688 3552 sanctiﬁcantes
3710 3489 3774 3539 si-

2190 3579 2461 3649 gniﬁcant,
2493 3589 2539 3632 et
2580 3578 2770 3631 iterum
2801 3577 3180 3646 sanctiﬁcatas,
3225 3587 3272 3633 et
3313 3577 3629 3633 novissimus
3655 3597 3772 3634 san-

2191 3671 2505 3740 ctiﬁcnnles,
2555 3671 3012 3739 sanctiﬁcatasque
3060 3671 3287 3740 primas,
3336 3680 3384 3724 et
3429 3672 3676 3735 easdem,
3725 3679 3773 3724 ut

2191 3765 2387 3816 dictum
2417 3774 2514 3826 est,
2558 3763 2754 3831 primas
2795 3772 2845 3816 et
2885 3763 3082 3817 medias
3128 3772 3176 3815 et
3226 3760 3437 3817 ultimas
3456 3761 3505 3800 "‘
3536 3763 3773 3817 habentes

2191 3854 2427 3914 virtutes,
2469 3853 2616 3906 nulla
2646 3852 2949 3906 inordinata
2988 3853 3188 3905 ratione
3219 3851 3548 3919 introducta,
3590 3869 3770 3906 secun-

2191 3948 2316 4001 dum
2342 3947 2644 4017 hujusmodi
2679 3948 3053 4000 reserationum
3088 3946 3131 3979 "
3162 3944 3395 3999 modum.
3445 3945 3587 4000 Prae
3638 3955 3774 4001 cete-

2193 4039 2300 4103 ris,
2333 4040 2538 4109 inquit.
2577 4038 2647 4092 sit
2678 4037 2771 4091 tibi
2801 4037 2900 4092 hoc
2960 4053 3122 4091 unum
3153 4036 3582 4106 antecognitum,
3616 4045 3672 4089 ut
3698 4035 3771 4090 in-

2193 4133 2422 4203 telligas,
2483 4132 2750 4202 quomodo
2823 4139 3132 4185 sanctarum
3185 4129 3483 4197 imaginum
3517 4169 3532 4194 ,
3586 4127 3773 4198 quibus

2191 4223 2454 4280 caelestes
2478 4223 2776 4278 intellectus
2801 4221 3120 4293 ﬁgurantur,
3145 4221 3526 4284 resolutiones,
3552 4221 3654 4276 hoc
3673 4226 3771 4284 est,

2194 4319 2684 4389 interpretationes,
2721 4316 2826 4380 vel,
2857 4316 2990 4370 siem
3023 4315 3238 4385 proprie
3269 4315 3330 4367 de
3361 4311 3576 4368 Graeco
3605 4321 3774 4365 trans-

2193 4413 2385 4474 fertur,
2422 4410 2829 4481 repurgationes
2867 4408 2946 4463 \el
2983 4408 3336 4462 disert-tiones
3363 4421 3459 4462 seu
3498 4404 3773 4460 iudicatio-

2195 4520 2291 4559 nes
2322 4503 2628 4574 signiﬁcant
2653 4501 2696 4533 ³³
2728 4504 2942 4556 eosdem
2980 4502 3213 4560 ordines,
3247 4513 3382 4569 quos
3407 4507 3572 4552 vocat
3603 4496 3772 4567 dispo-

509 4605 648 4660 quae
689 4590 948 4648 hactenus
977 4591 1124 4646 circa
1170 4590 1428 4645 sublimes
1478 4590 1789 4645 caelestium
1824 4589 2089 4643 essentia-
2122 4567 2166 4625 D
2197 4597 2423 4651 sitiones
2451 4593 2767 4648 caelestium
2807 4592 3161 4647 essentiarum
3202 4591 3628 4650 sanctilicantes.
3679 4586 3774 4641 hoc

511 4699 629 4739 rum
687 4683 1168 4757 contemplationes
1220 4686 1390 4741 aciem
1441 4700 1593 4739 suam
1645 4685 1917 4750 exercuit;
1953 4699 2094 4738 nunc

2199 4694 2281 4740 cst
2308 4684 2375 4746 “.
2407 4699 2464 4740 se
2495 4683 2777 4741 inferiores
2800 4687 3136 4748 ordinantes,
3167 4690 3220 4736 ct
3246 4683 3443 4737 iterum
3467 4679 3514 4713 "
3541 4677 3772 4736 sanctiﬁ-

1789 4822 2044 4879 VARIAE
2075 4822 2478 4879 LECTIONES.

582 4935 604 4970 ⁸
633 4934 788 4992 Corr.
819 4934 904 4998 B‘,
930 4936 1020 4991 AB
1045 4937 1214 4992 cibici.
1310 4941 1332 4974 ⁸
1353 4935 1392 4989 Α

511 5024 684 5080 marg.
721 5010 897 5063 adscr.
921 5009 1210 5080 sapientia.
1289 5007 1308 5038 '
1337 5008 1378 5061 Β
1400 5010 1625 5062 ornavit.

1424 4937 1652 5005 fuerunt.

1750 4938 1772 4970 ³
1803 4937 1980 5006 Conj.,
1999 4954 2097 5009 pro
2119 4954 2210 4993 nos
2235 4938 2322 4991 AB
2355 4955 2386 4989 (ι
2413 4937 2580 4992 nobis.

1701 5008 1722 5041 ⁷
1750 5009 1806 5062 B‘
1844 5026 1988 5064 corr.
2005 5008 2014 5009 ί
2033 5009 2173 5078 fecit.

3673 4935 3773 4993 'B'

3239 5008 3282 5041 ι’
3313 5007 3371 5066 B'
3402 5022 3569 5079 supra
3599 5009 3771 5065 adscr.

2657 4935 2683 4970 δ
2710 4935 2750 4990 Β
2771 4945 2820 4992 et
2835 4937 3190 5002 nominamus,
3215 4935 3258 4992 Δ
3285 4937 3596 5006 agitamus.

2249 5010 2271 5040 ⁸
2294 5009 2350 5062 B'
2385 5025 2528 5062 corr.
2554 5009 2695 5078 fecit.
2772 5008 2793 5038 ⁸
2820 5011 2856 5059 Β
2884 5009 3161 5077 sapienter.

511 5079 618 5136 Fer
636 5075 756 5150 'age.
836 5085 878 5119 ιι
903 5075 1154 5151 Βένειψιιει
1179 5081 1355 5135 adscr.
1387 5080 1450 5151 ab
1494 5079 1756 5147 angelico.
1834 5081 1878 5151 ff
1907 5079 1967 5132 B'
1995 5075 2410 5151 multipertitnm.
2469 5075 2956 5151 j’ABnnalitice;
2997 5079 3072 5133 sic
3103 5078 3321 5151 ubique.
3396 5075 3649 5151 “lion.
3695 5079 3770 5144 B‘,

519 5151 600 5184 ΑΩ
624 5145 873 5201 "initia.
954 5150 998 5183 "
1024 5145 1074 5204 0‘
1097 5167 1203 5234 oni.
1379 5149 1423 5180 ³⁸
1453 5145 1641 5234 uigore
1680 5145 1902 5234 osi-.hli,
1930 5151 2004 5228 ad
2052 5145 2220 5232 ttnluf‘g.
2257 5150 2432 5232 adscr:
2607 5151 2648 5185 "
2677 5149 2734 5202 Β·
2775 5145 3248 5234 ευρ-,Πνεῑᾳιιηξθ
3276 5150 3315 5203 Β
3359 5147 3766 5234 multaret-(itam.

2840 5220 2884 5246 "
2918 5218 2988 5244 "'~
3024 5221 3046 5256 ηί
3131 5219 3212 5270 ΔΒ
3243 5235 3417 5274 uuam.
3496 5219 3772 5310 "Bsgper
