4028 6274
232 323 343 382 255

757 313 1258 376 EXPOSITIONES
1297 311 1523 370 SUPER
1559 307 1988 366 IERARCHIAM
2027 304 2438 363 CAELESTEM
2477 303 2537 362 S.
2581 305 2900 365 DIONYSII.

3395 303 3502 365 254

233 452 390 502 catos
423 440 466 504 ί,
493 453 522 492 a
547 436 918 508 superioribus
943 433 1189 490 videlicet
1210 433 1588 494 ordinatos,ut
1611 438 1664 482 ct
1688 444 1825 482 unus
1855 435 1899 489 Α
1931 434 1979 478 et
2026 420 2349 490 sunctiﬂca‘ri
2395 421 2617 473 dicimus
2641 418 2709 487 ",
2743 435 3006 492 nunquam
3031 419 3076 454 ⁸⁸⁷
3106 430 3502 491 ualentem»-

233 536 488 606 idemque
516 533 650 587 ordo
677 531 1026 587 sanctiﬁcans
1062 528 1133 583 sit
1179 542 1237 582 se
1295 524 1576 579 inferiores
1621 522 1675 587 ',
1702 531 1757 577 et
1794 538 1826 575 a

235 625 508 697 superiori
540 639 599 678 se
625 621 1028 684 sanctiﬁcatus;
1072 627 1125 672 et
1155 618 1420 687 quomodo
1448 614 1755 683 signiﬁcant
1805 612 1827 643 ⁸

231 717 460 774 eaedem
487 713 846 770 resolutiones
880 711 902 741 ⁸
925 710 1250 766 novissimos
1274 709 1489 764 ordines
1511 706 1830 764 caelestium

232 807 598 864 essentiarum
626 803 1051 866 sanctiﬁcantes,
1082 802 1287 870 primos
1316 815 1466 863 vero,
1498 800 1586 868 qui
1618 809 1743 855 sunt
1773 799 1827 853 in

230 901 411 972 prima
451 897 752 961 ierarchia,
779 894 1165 951 sanctiﬁcatos.
1202 893 1362 949 Verbi
1393 893 1566 963 gratia
1597 909 1734 948 unus
1761 907 1828 947 ex

231 991 538 1048 notissimo
582 990 776 1044 ordine
824 986 1182 1043 sanctificavit
1230 985 1423 1040 lsaiam
1472 986 1826 1054 prephetam,

237 1081 526 1151 Seraphim
558 1093 705 1145 vero,
751 1078 839 1132 cui
883 1077 1135 1148 purgatio
1181 1076 1478 1146 prophetae
1516 1077 1823 1143 deputatur,

236 1173 309 1227 ab
337 1174 452 1243 ipso
481 1171 972 1228 sanctiﬁcationum
995 1169 1236 1223 omnium
1267 1167 1531 1238 principio
1557 1176 1614 1222 et
1638 1181 1827 1231 causa,

238 1263 357 1320 Deo
385 1263 630 1328 scilicet,
657 1259 988 1318 sanctiﬁcari
1013 1259 1237 1313 dubium
1268 1273 1373 1312 non
1405 1266 1507 1311 est.
1558 1257 1762 1312 Medios
1803 1255 1827 1288 '

237 1367 422 1411 autem
451 1355 674 1412 ordines
715 1361 771 1406 et
814 1368 844 1406 a
880 1349 1330 1422 praecedentibus
1359 1346 1724 1413 sanctiﬁcari,
1773 1355 1828 1402 et

237 1452 529 1516 sequentes
557 1441 920 1508 sanctiﬁcare,
955 1440 1252 1510 theologica
1283 1437 1525 1494 declarat
1555 1438 1711 1493 ratio.
1763 1437 1829 1492 Et

237 1538 488 1600 easdem,
521 1544 578 1589 ut
609 1535 809 1591 dictum
837 1543 953 1598 est,
984 1531 1367 1602 dispositiones
1393 1529 1704 1600 signiﬁcant
1734 1529 1829 1583 ba-

236 1630 452 1692 beutes,
487 1629 588 1683 boc
615 1637 720 1694 est,
754 1627 954 1682 habere
983 1625 1187 1696 primas
1213 1635 1268 1679 et
1301 1623 1517 1680 ultimas
1544 1632 1598 1678 et
1624 1624 1828 1680 medias

239 1722 497 1777 virtutes.
537 1720 696 1788 Quod
721 1718 1006 1789 dupliciter
1037 1716 1260 1786 intelligi
1290 1727 1501 1786 potest;
1535 1723 1627 1770 aut
1655 1715 1824 1781 enim,

1927 517 2043 569 dem
2069 514 2112 546 ⁸⁸
2135 556 2150 579 ,
2192 525 2282 566 aut
2319 513 2381 566 ab
2409 515 2603 566 eisdem
2622 553 2636 577 ,
2677 515 2767 568 sed
2797 531 2886 568 eas
2921 515 3155 586 singulas
3184 519 3506 582 sanetiﬁcari

1925 608 2132 678 quidem
2178 623 2210 659 a
2254 606 2536 674 prioribus,
2584 607 2914 676 sanctificare
2953 619 3126 663 autem
3175 610 3500 678 novissimos,

1927 713 2028 752 non
2059 699 2484 768 inconsequenter
2512 698 2751 766 fortassis
2787 699 2903 769 quis
2940 701 3152 765 dixerit,
3192 703 3248 756 in
3285 703 3503 774 eloquiis

1925 805 2074 843 sacre
2102 788 2271 857 factas
2302 787 2500 854 ferinas
2529 803 2616 840 eos
2642 786 2688 828 ι’
2727 788 3010 859 aliquando
3046 807 3196 860 posse
3233 803 3282 845 et
3319 795 3504 863 primis

1926 891 1972 936 et
2001 881 2197 935 ultimis
2231 892 2277 934 et
2309 880 2493 934 mediis
2522 881 2800 936 virtutibus
2829 883 3044 952 pulchre
3069 895 3116 938 et
3146 901 3258 940 vere
3282 887 3506 942 circum-

1927 975 2075 1030 dare.
2115 975 2195 1039 Si,
2226 977 2420 1044 inquit,
2454 976 2712 1040 diximus,
2742 979 2958 1032 easdem
2990 979 3252 1036 caelestes
3280 982 3506 1052 disposi-

1930 1067 2103 1122 tiones
2153 1075 2211 1122 et
2256 1067 2597 1122 sanctiﬁcare
2640 1078 2691 1122 et
2740 1070 3102 1137 sanctiﬁcari,
3153 1087 3426 1143 nunquam
3460 1073 3505 1108 ³⁸

1928 1168 2128 1222 autem,
2157 1158 2259 1222 vel,
2289 1159 2429 1213 sicut
2451 1160 2666 1228 proprie
2693 1159 3036 1226 transfertur,
3061 1161 3298 1217 nondum
3326 1171 3505 1218 autem

1928 1254 2221 1308 earundem
2272 1254 2722 1309 sanctiﬁcatrices
2742 1254 2991 1330 dicimus,
3045 1265 3140 1310 aut
3189 1257 3257 1311 ab
3303 1257 3504 1312 eisdem

1929 1345 2314 1410 sanctiﬁcatas,
2365 1346 2620 1416 quoniam
2668 1347 2836 1417 gignit
2885 1349 3265 1420 amphiboliam
3293 1349 3362 1416 ⁸³,
3411 1351 3505 1406 sed

1929 1450 2025 1490 eas
2047 1436 2289 1503 singulas
2311 1436 2540 1491 dicimus
2561 1437 2888 1492 sanctiﬁcari
2911 1440 3125 1508 quidem
3155 1455 3183 1493 a
3205 1441 3501 1510 prioribus;

1931 1543 2092 1582 nemo
2122 1529 2265 1583 enim
2295 1528 2396 1583 nisi
2428 1545 2456 1582 a
2488 1529 2828 1597 praecedenti
2858 1544 2914 1584 se
2941 1531 3268 1586 sanctiﬁcari
3299 1541 3504 1602 potest;

1929 1621 2267 1678 sanctiﬁcare
2324 1631 2504 1677 autem
2535 1677 2538 1680 ,
2572 1623 2932 1689 novissimus;
2999 1641 3431 1697 unamquamque
3464 1633 3508 1666 ﬂ

1929 1716 2124 1786 quippe
2155 1715 2612 1770 sanctiﬁcatarum
2645 1731 2674 1770 a
2706 1716 2974 1786 prioribus
3020 1718 3363 1774 sanctiﬁcare
3408 1735 3504 1774 n0-

238 1820 300 1867 ut
348 1813 372 1845 ⁶
415 1811 794 1867 universaliter
839 1811 904 1866 de
951 1809 1128 1864 tribus
1171 1808 1498 1864 caelestibus
1543 1808 1829 1863 ierarchiis
1860 1795 1904 1854 Β
1932 1807 2182 1861 vissimas
2227 1809 2361 1860 ordo
2409 1823 2590 1863 rerum
2638 1807 2806 1878 exigit
2843 1826 2854 1861 :
2894 1808 2938 1863 si
2974 1823 3104 1880 ergo
3142 1811 3219 1865 sic
3254 1811 3505 1878 dicimus,

239 1901 448 1958 dictum
477 1902 582 1966 sit,
621 1910 683 1956 ut
716 1901 890 1971 prima
915 1900 1142 1971 primas,
1171 1899 1348 1954 media
1380 1896 1608 1963 medias,
1639 1898 1827 1953 ultima

240 1993 461 2073 ultimas
491 1994 807 2064 possideant
848 1994 870 2026 ⁷
900 1994 1149 2057 virtutes,
1191 2001 1284 2046 aut
1317 2000 1466 2047 certe
1501 1991 1568 2048 de
1604 1991 1829 2062 singulis

239 2084 578 2156 singularum
612 2085 998 2140 ierarcliiarum
1027 2082 1334 2148 ordinibus,
1374 2083 1548 2152 deque
1586 2083 1827 2153 ipsorum

237 2179 496 2234 ordinum
524 2180 752 2252 singulis
778 2178 1155 2241 intellectibus,
1184 2179 1236 2233 in
1264 2177 1461 2249 quibus
1489 2179 1757 2248 tripartita
1805 2178 1827 2210 ⁸

239 2272 419 2328 virtus
439 2252 778 2344 intelligitur,
801 2286 941 2342 quae
967 2271 1160 2327 iterum
1186 2269 1451 2324 trifariam
1477 2270 1825 2324 discernitur.

243 2364 530 2436 Siquidem
555 2365 928 2435 unusquisque
952 2365 1168 2419 divinus
1195 2364 1328 2418 ordo
1351 2373 1406 2419 et
1428 2363 1641 2418 animus
1666 2362 1831 2417 habet

237 2458 556 2521 essentiam,
587 2466 641 2513 et
669 2458 943 2520 virtutem,
968 2464 1022 2511 et
1041 2455 1434 2525 operationem.
1469 2453 1640 2507 Habet
1663 2452 1826 2506 etiam

239 2551 503 2605 virtutem
549 2547 960 2612 sanetiﬁcari’,
1010 2549 1105 2604 sed
1152 2563 1181 2601 a
1234 2545 1602 2616 superioribus
1666 2544 1826 2598 veluti

239 2639 476 2707 primam
501 2680 518 2703 ,
569 2637 732 2694 habet
759 2637 1014 2691 virtutem
1057 2635 1503 2692 sanctiﬁcationis
1545 2649 1699 2696 suae,
1723 2649 1828 2704 qua

239 2739 466 2786 sanctus
489 2727 531 2760 “
560 2736 673 2793 est,
712 2727 877 2784 veluti
899 2736 946 2770 ιι
976 2727 1265 2783 secundam
1297 2767 1311 2791 ,
1355 2726 1517 2780 habet
1575 2727 1828 2780 virtutem

246 2821 596 2880 sanctiﬁcare
648 2828 936 2890 sequentes
987 2834 1089 2884 se,
1143 2819 1308 2873 veluti
1363 2818 1596 2873 tertiam.
1670 2817 1828 2872 Aliud

240 2913 446 2984 quippe
483 2921 569 2968 est
611 2910 977 2975 sanctiﬁcari,
1010 2909 1154 2965 aliud
1204 2908 1685 2966 sanctiﬁcationem
1729 2909 1827 2965 ba-

242 3001 417 3067 bere,
482 3001 628 3058 aliud
709 3000 1073 3059 sanctiﬁcare.
1156 2999 1311 3054 Nulla
1371 2999 1676 3054 inordinata
1736 3015 1828 3054 ra-

246 3093 398 3149 tione
430 3094 762 3160 introducta,
816 3093 870 3150 id
924 3101 1037 3157 est,
1102 3091 1243 3147 nulla
1307 3092 1445 3148 ratio
1497 3091 1830 3148 confusionis

1929 1915 2036 1955 non
2095 1900 2386 1968 incongrue
2426 1897 2670 1954 fortassis
2708 1899 3016 1971 quicunque
3055 1902 3272 1968 dixerit,
3326 1917 3506 1959 sacre-

1932 1991 2103 2047 factas
2135 1990 2338 2046 formas
2371 1993 2423 2046 in
2457 1990 2750 2063 Scripturis
2782 2007 2842 2048 se
2871 2009 3026 2062 posse
3051 1994 3273 2064 pulchre
3301 2006 3355 2052 et
3383 2011 3509 2053 vere

1931 2084 2270 2139 circumdare
2298 2099 2391 2140 eas
2420 2093 2472 2139 et
2499 2084 2686 2154 primis
2715 2093 2771 2140 et
2799 2084 3002 2142 ultimis
3032 2097 3087 2143 et
3120 2089 3311 2144 mediis
3340 2091 3511 2144 virtu-

1933 2175 2106 2239 tibus,
2157 2175 2262 2230 boc
2291 2185 2405 2240 est,
2455 2176 2670 2230 easdem
2712 2174 2914 2234 formas
2960 2178 3248 2250 aliquando
3286 2182 3507 2251 primis,

1933 2265 2220 2334 aliquando
2237 2265 2462 2332 ultimis,
2478 2266 2765 2336 aliquando
2784 2267 2974 2324 mediis
2986 2269 3033 2308 ³³
3063 2271 3352 2326 virtutibus
3381 2288 3509 2328 con-

1933 2357 2140 2420 venire,
2184 2365 2363 2426 potest
2394 2367 2655 2412 astruere.
2710 2355 2885 2428 Saepe
2911 2361 3053 2414 enim
3084 2377 3187 2415 una
3214 2361 3512 2433 eademque

1932 2445 2104 2502 forma
2132 2445 2285 2514 juxta
2311 2447 2719 2502 convenientem
2737 2447 3050 2519 Scripturae
3078 2449 3254 2505 locum
3281 2452 3509 2522 primam

1932 2548 1989 2592 et
2017 2538 2260 2592 ultimam
2289 2547 2346 2594 et
2375 2539 2606 2593 mediam
2635 2539 3054 2611 uniuscujusque
3085 2542 3248 2598 divini
3277 2544 3442 2599 animi
3464 2544 3510 2579 "

1932 2641 2110 2701 potest
2137 2631 2373 2703 ﬁgurare
2399 2631 2674 2685 virtutem.
2732 2632 2948 2687 lllarum
2987 2645 3167 2690 autem
3207 2637 3368 2692 trium
3399 2639 3509 2694 vir-

1939 2733 2112 2778 tutum
2146 2723 2424 2793 multiplex
2475 2723 2848 2794 interpretatio
2895 2733 3001 2789 est,
3035 2743 3262 2796 quarum
3309 2745 3414 2783 una
3460 2739 3516 2786 et

1933 2817 2317 2887 probatissima
2346 2816 2594 2886 sequitur
2618 2834 2631 2870 :
2668 2816 2736 2870 Et
2766 2835 2974 2872 sursum
2998 2815 3047 2854 ⁸³
3071 2819 3231 2890 igitur
3256 2825 3515 2878 conversi-

1935 2907 2106 2961 biliter
2130 2907 2175 2938 “
2205 2906 2433 2971 extendi,
2465 2916 2514 2961 et
2539 2923 2664 2975 erga
2690 2909 2988 2979 semetipsos
3015 2909 3236 2977 ﬁrmiter
3262 2912 3512 2980 convalui,

1933 3000 2270 3070 propriarum
2307 3001 2583 3057 existentes
2622 3001 2958 3056 custoditiuas
2997 3003 3270 3070 uirtutum,
3304 3017 3352 3058 et
3390 3023 3514 3076 ergo

1934 3093 2188 3148 venientia
2220 3093 2456 3148 soeiabili
2491 3097 2838 3166 processione,
2875 3100 3121 3168 providae
3148 3116 3238 3154 eos
3265 3102 3321 3156 in
3346 3103 3514 3171 parti-

246 3195 344 3239 aut
410 3185 778 3256 ambiguitatis
850 3183 1212 3240 introducitur
1267 3185 1558 3239 secundum
1613 3185 1829 3240 modum
1859 3169 1904 3234 C
1937 3186 2198 3255 cipatione
2224 3186 2428 3242 virtutis
2459 3203 2589 3252 esse,
2632 3188 2871 3244 omnibus
2899 3207 3000 3244 non
3031 3189 3168 3259 falso
3197 3169 3514 3248 caedunabit

245 3276 555 3347 huiusmodi
599 3278 1025 3341 reseratiouum,
1080 3277 1406 3334 solutiouum
1453 3276 1610 3347 plane
1648 3286 1704 3333 et
1743 3279 1828 3332 iu-

247 3369 696 3436 terpretatiouum
783 3367 1085 3422 divinarum
1175 3367 1489 3438 itnaginum.
1560 3368 1828 3436 Siquidem

245 3461 390 3522 enim
424 3461 748 3530 sanctiﬁcari
792 3465 1047 3532 quasdam
1091 3477 1124 3514 a
1190 3461 1453 3527 prioribus
1503 3460 1829 3528 diceremus,

250 3553 442 3608 deinde
508 3555 794 3612 earundem
840 3553 1229 3623 sanctiﬁcantes
1281 3555 1511 3622 priores,
1561 3556 1750 3608 iterum
1784 3554 1830 3588 "

253 3643 643 3712 sanctiﬁcantes
696 3644 1001 3698 ultimarum
1067 3643 1391 3713 sanctiﬁcari
1447 3646 1511 3698 ab
1555 3645 1681 3714 ipsis
1727 3645 1832 3700 illis

252 3736 638 3804 sanctiﬁcatis,
701 3753 816 3791 vere
858 3734 903 3769 ¹³
953 3736 1341 3790 iuordinatione
1397 3752 1478 3790 res
1539 3746 1589 3790 et
1647 3737 1833 3808 confu-

251 3829 402 3884 sione
421 3828 586 3883 multa
605 3830 944 3898 interposita;
965 3829 1190 3884 subaudi
1215 3828 1387 3884 ﬁeret.
1416 3828 1494 3884 Ac
1519 3829 1564 3883 si
1592 3829 1830 3886 diceret:

253 3921 312 3976 Si
341 3921 534 3978 talibus
560 3922 739 3978 verbis
765 3934 1043 3977 uteremur
1072 3924 1124 3976 in
1151 3920 1618 3992 explauationibus
1638 3920 1687 3955 ⁸⁸
1711 3938 1834 3979 san—

251 4023 462 4068 ctarum
494 4013 809 4086 ﬁgurarum,
843 4029 971 4086 prae
1005 4015 1167 4070 nimia
1203 4029 1390 4070 eorum
1426 4012 1741 4069 confusione
1779 4023 1835 4069 et

253 4105 557 4160 inordinata
589 4108 993 4163 constructione
1022 4124 1140 4171 res,
1175 4109 1240 4162 de
1268 4123 1370 4178 qua
1401 4109 1596 4178 agitur,
1628 4109 1833 4164 inordi-

251 4208 382 4254 nate
413 4209 469 4253 et
502 4199 731 4257 confuse
764 4201 1146 4272 explicaretur,
1193 4201 1276 4256 vel
1323 4203 1501 4272 potius
1543 4203 1833 4272 perturba—

253 4299 426 4346 retur.
457 4289 598 4360 Quid
620 4294 764 4348 enim
787 4297 1027 4364 prodest,
1051 4297 1094 4348 si
1118 4295 1241 4365 quis
1260 4295 1478 4357 dixerit,
1504 4296 1834 4352 sanctiﬁcari

250 4383 518 4453 quasdam
563 4400 594 4440 a
635 4387 907 4456 prioribus
951 4399 1188 4458 et,quae
1209 4396 1334 4444 sunt
1381 4388 1501 4444 illae
1537 4389 1585 4424 "
1607 4390 1834 4460 priores,

251 4489 596 4544 nequaquam
622 4477 992 4534 discernit?Et
1015 4479 1060 4532 si
1088 4479 1285 4532 dixerit
1325 4480 1618 4534 earundem
1642 4480 1836 4535 sancti-

252 4568 485 4624 ﬁcantcs
513 4571 747 4639 priores,
795 4581 852 4626 et
897 4574 964 4627 de
1008 4572 1203 4642 quibus
1249 4563 1352 4628 iioc
1382 4572 1564 4636 dicat,
1611 4573 1834 4628 omnino

250 4662 418 4720 silet?
449 4661 514 4718 Et
546 4666 738 4720 iterum
770 4666 815 4719 si
846 4665 1064 4730 dixerit,
1092 4664 1497 4720 sanctiﬁcantes
1522 4663 1830 4720 ultimarum

252 4752 618 4818 sanctiﬁcari,
670 4770 776 4808 non
826 4756 1237 4820 demonstrans,
1278 4771 1418 4824 quae
1457 4755 1836 4825 dispositiones

1935 3281 2244 3336 caelestibus
2284 3284 2551 3345 essentiis,
2581 3284 2677 3338 etsi
2722 3285 2842 3338 aliis
2869 3286 3080 3355 quidem
3125 3287 3434 3357 superpositi
3464 3297 3513 3343 et

1936 3375 2322 3440 unit'ersaliter,
2357 3387 2413 3430 ut
2441 3393 2593 3446 saepe
2623 3377 2818 3432 dictum
2847 3389 2944 3441 est,
2982 3379 3102 3434 aliis
3133 3396 3252 3436 vero
3281 3380 3514 3450 particu-

1935 3467 2122 3523 lariter
2147 3477 2195 3523 et
2223 3469 2471 3540 subjecto.
2499 3469 2645 3526 Ordo
2681 3479 2736 3527 et
2771 3471 3076 3527 intellectus
3110 3475 3400 3530 verborum
3420 3475 3464 3508 "'
3494 3491 3512 3532 ι

1937 3559 2004 3614 Et
2035 3561 2358 3614 coaduuabit
2378 3559 2446 3623 ⁸⁸,
2475 3562 2564 3630 qui
2597 3577 2655 3618 se
2683 3561 2814 3616 dicit
2841 3577 2998 3632 posse
3025 3564 3364 3621 circumdare
3393 3581 3515 3620 eas-

1937 3655 2059 3710 dem
2092 3653 2293 3709 formas
2321 3663 2375 3709 et
2401 3655 2588 3724 primis
2618 3665 2673 3710 et
2700 3655 2901 3712 ultimis
2926 3665 2981 3711 et
3013 3657 3206 3714 mediis
3225 3656 3272 3691 ⁸⁸
3300 3658 3514 3714 virtuti-

1936 3747 2060 3810 bus,
2106 3755 2162 3802 et
2207 3761 2311 3803 non
2362 3746 2498 3801 falso
2535 3747 2858 3802 coadunaliit
2899 3749 3152 3804 omnibus
3189 3750 3515 3810 caelestibus

1935 3839 2206 3894 essentiis.
2258 3838 2395 3905 Quid
2425 3838 2506 3892 eis
2541 3837 2909 3893 coadunabiti
2957 3837 3186 3895 Sursum
3225 3842 3384 3911 plane
3420 3859 3514 3899 ex-

1938 3931 2086 3984 tendi
2108 3929 2536 3984 couversibiliter
2550 3928 2615 3982 ³⁶.
2647 3929 2728 3985 Ad
2748 3929 2916 3985 Deum
2937 3933 3134 4003 quippe
3155 3935 3516 3991 communiter

1937 4035 2126 4075 omnes
2152 4020 2411 4075 caelestes
2439 4020 2707 4075 essentiae
2744 4028 2800 4075 et
2830 4034 3220 4078 convertuntur
3267 4033 3320 4080 et
3345 4025 3388 4058 ⁸³
3418 4041 3514 4082 ex-

1940 4113 2251 4165 tenduntur.
2307 4110 2583 4180 Siquidem
2636 4125 2668 4166 a
2715 4111 2823 4168 Deo
2861 4115 3145 4170 conversio
3177 4115 3390 4172 illarum
3427 4128 3515 4174 est

1937 4206 2162 4274 pulchra
2193 4214 2250 4259 et
2274 4220 2402 4260 vera
2438 4205 2707 4262 ii‘rmatio.
2759 4204 2828 4260 Et
2854 4206 2990 4261 haec
3013 4215 3097 4261 est
3118 4222 3306 4264 earum
3336 4211 3512 4281 prima

1938 4297 2132 4351 virtus.
2187 4296 2254 4352 Et
2280 4295 2604 4352 coadunabit
2632 4297 2881 4354 omnibus
2910 4298 3235 4356 caelestibus
3264 4303 3516 4360 essentiis

1937 4401 2066 4460 erga
2093 4389 2412 4458 semet’psas
2440 4387 2668 4443 ﬁrmiter
2690 4389 2932 4446 convolvi
2960 4393 3254 4450 existentes
3279 4396 3514 4451 custodi-

1941 4481 2078 4535 tis-as
2117 4480 2459 4548 propriarum
2488 4480 2779 4546 virtutum;
2824 4481 2923 4537 hoc
2957 4491 3078 4548 est,
3122 4483 3246 4538 dum
3278 4484 3516 4542 existunt

1940 4586 2160 4626 suarum
2186 4572 2444 4626 virtutum
2472 4571 2845 4626 custoditivae.
2875 4572 3076 4629 Omnes
3096 4573 3360 4643 siquidem
3387 4591 3514 4636 suas

1937 4665 2166 4719 virtutes
2194 4663 2525 4728 custodiunt,
2555 4679 2622 4718 ne
2650 4673 2744 4719 aut
2769 4665 2988 4734 penitus
3009 4677 3256 4737 pereant,
3283 4677 3376 4724 aut
3405 4671 3516 4727 ullo

1941 4754 2100 4810 modo
2131 4754 2460 4817 minuantur,
2493 4768 2586 4807 seu
2615 4751 2931 4820 ﬂectantur;
2980 4764 3036 4811 et
3077 4757 3222 4814 circa
3251 4772 3348 4814 eas
3383 4775 3514 4816 con-

253 4848 477 4902 ultimas
513 4847 887 4913 sanctificant,
927 4856 983 4902 et
1016 4863 1045 4902 a
1075 4848 1272 4919 quibus
1303 4848 1657 4904 sanctiﬁcatio
1691 4849 1842 4918 ipsae
1937 4847 2246 4907 volvuntur.
2277 4861 2343 4901 ne
2372 4845 2544 4900 locum
2599 4844 2844 4901 ﬂectendi
2889 4845 3115 4902 inferius
3141 4848 3436 4914 inveniant,
3459 4862 3516 4906 et

256 4937 480 4996 ultimae
505 4940 947 4996 sanctiﬁcantur?
976 4939 1040 4998 Si
1062 4956 1180 4996 vero
1205 4940 1410 4996 easdem
1434 4951 1482 4996 et
1503 4941 1840 5011 sancti/icere
1938 4949 2002 4994 ut
2029 4953 2244 5009 semper
2280 4939 2333 4994 in
2373 4937 2564 4994 eodem
2594 4937 3021 4996 incommutabili
3061 4955 3160 4998 suo
3206 4951 3349 4997 statu
3392 4957 3515 5013 per-

1532 5073 1789 5132 YARIAE
1830 5069 2234 5130 LECTIONES.

905 5188 1122 5253 icantes;
1166 5186 1230 5243 B‘
1261 5205 1402 5245 corr.
1437 5187 1811 5256 sanetiﬁcatas.
1910 5184 1934 5218 ³
1954 5182 2108 5240 Corr.
2139 5181 2226 5246 B‘,
2275 5179 2364 5236 AB
2389 5179 2672 5249 inferioris.
2767 5180 2788 5212 ³
2812 5177 2855 5234 Β
2901 5181 3251 5252 sanctiﬁcata,
3279 5184 3341 5240 Β·
3372 5184 3510 5242 infra

905 5259 922 5290 ⁸
949 5259 1126 5307 Cani”
1157 5261 1244 5307 AR
1289 5261 1592 5307 solutiones.
1698 5257 1720 5290 ⁸
1765 5255 2007 5307 Emend.
2039 5253 2126 5307 ΑΒ
2179 5253 2354 5307 medii.
2457 5249 2556 5304 ‘ut
2588 5268 2696 5306 om.
2750 5251 2861 5307 AB.
2893 5253 2962 5307 ad
3011 5269 3180 5307 mare.
3238 5256 3414 5307 adscr.
3447 5257 3507 5307 Β.

949 5259 1127 5330 Conj.,
1155 5261 1244 5315 AB
1289 5255 1614 5314 solutiones.
1698 5257 1720 5290 ⁸
1765 5255 2007 5313 Emend.
2039 5255 2126 5307 ΑΒ
2179 5255 2354 5307 medii.
2457 5255 2556 5304 “ut
2588 5268 2696 5306 om.
2750 5255 2861 5314 AB,
2893 5255 2962 5307 ad
3011 5269 3180 5322 marg.
3238 5256 3414 5310 adscr.
3447 5257 3507 5312 Β.

949 5343 1120 5386 antur.
1220 5329 1308 5401 ‘_B
1335 5331 1614 5401 tripertitu.
1688 5327 1724 5401 ’_
1758 5327 1912 5384 Corr.
1970 5325 2062 5401 A_B
2103 5322 2484 5401 sanctiﬁcantli.
2535 5320 2606 5401 ,⁸⁸
2636 5321 2712 5401 ᾼλ
2732 5324 2956 5401 sanctis._
3021 5328 3063 5401 ξι
3090 5323 3242 5401 ueluti
3273 5341 3398 5401 3n].
3448 5328 3506 5381 Β.

325 5204 340 5233 ι
375 5190 532 5246 Coni.
563 5188 654 5243 AB
703 5187 940 5258 sancti/ie

259 5262 432 5320 adscr.
484 5260 802 5327 signiﬁcant.

259 5277 432 5320 aoscr.
484 5277 528 5314 ει
567 5277 802 5327 ηυιταιιι.
905 5277 922 5290 ’
949 5277 1127 5330 Uini”
1155 5277 1244 5315 Ab
1289 5277 1592 5314 solutiones.
1698 5277 1720 5290 '
1765 5277 2007 5313 niueum.
2039 5277 2126 5307 AD
2179 5277 2354 5307 meust.
2460 5277 2478 5283 ν
2505 5277 2555 5304 ιιι
2588 5277 2696 5306 υιιι.
2750 5277 2861 5314 ιιι),
2893 5277 2962 5307 ιω
3011 5277 3120 5306 sum

258 5339 279 5370 '
311 5332 466 5405 (ξων.
521 5277 584 5393 ἕ,
613 5330 704 5405 ΑΒ
738 5329 1120 5405 possideantur.
1268 5332 1308 5385 Β
1335 5331 1614 5405 τήρει-ηις.
1688 5327 1725 5405 ⁸.
1758 5327 1912 5384 Corr.
1970 5325 2062 5405 A_B
2103 5322 2484 5405 sanctiﬁcqndi
2535 5320 2606 5401 ,⁸⁸
2636 5321 2713 5405 Α.
2732 5324 2956 5405 sanctis:
3001 5328 3120 5405 fu:

259 5410 301 5444 ιε
331 5403 390 5456 B‘
421 5389 606 5480 supra
627 5389 807 5480 adscr.
839 5401 1124 5480 et-itﬁrum.
1145 5399 1245 5480 Νη
1271 5389 1538 5480 uere-"om.
1568 5398 1629 5480 ii,
1648 5399 1727 5480 ad
1756 5414 1936 5480 marg.
1958 5397 2135 5478 adscr.
2166 5389 2371 5480 B'L'h“
2418 5389 2595 5458 C001»
2625 5391 3238 5480 ABﬂtzf‘empquion‘ili‘us,
3271 5393 3329 5448 Β·
3361 5411 3506 5480 εριτ.

259 5459 813 5542 επενηριὸκσιίοηὶὁκε.
888 5469 935 5503 ¹⁸
959 5470 1114 5527 Corr.
1142 5472 1227 5534 B',
1277 5472 1367 5526 AB
1392 5471 1506 5526 ilia.
1574 5459 1626 5506 ιί
1645 5468 1686 5522 Β
1709 5485 1854 5524 corr.
1875 5459 2133 5525 diximus.
2226 5463 2270 5498 ⁸⁷
2297 5463 2338 5518 Β
2365 5478 2505 5518 corr.
2535 5479 2658 5517 non.
2717 5461 2764 5498 ⁸⁸
2787 5459 2940 5518 eam.
2968 5459 3052 5541 Bt.
3080 5462 3167 5516 AB
3203 5467 3508 5523 eorundem.

263 5543 304 5584 ι’
331 5544 371 5589 Β
422 5559 511 5589 ea:
556 5541 773 5589 fortnas-
846 5540 893 5580 ⁸⁸
919 5542 977 5589 B‘
1009 5558 1150 5589 (ηπ-ι’.
1193 5557 1314 5589 non-
1412 5545 1456 5580 Ιι
1503 5541 1681 5589 Εοιιί..
1742 5555 1840 5589 nm
1889 5538 2050 5589 aianit
2113 5533 2501 5589 amphiboliam.
2533 5534 2571 5586 Α
2606 5533 2852 5589 aianitam
2885 5530 3151 5589 ﬁbolsam.
3181 5532 3223 5587 Β
3277 5533 3508 5589 Ιὶὁοιὶαηι

263 5543 304 5584 ι’
330 5531 511 5623 BI'eas
554 5541 773 5610 formas.
846 5540 977 5596 "B‘
1009 5558 1150 5623 corr.
1193 5531 1314 5623 non.
1412 5545 1456 5580 ιι
1503 5541 1681 5609 Conj.,
1742 5555 1840 5608 pro
1888 5538 2050 5610 gignit
2113 5533 2501 5605 amphiboliam,
2533 5534 2571 5586 Α
2606 5533 2852 5615 gignitam
2883 5531 3151 5614 ﬁliolum,
3181 5532 3223 5587 Β
3257 5533 3509 5658 [inetiam

262 5616 532 5684 gignimus,
590 5611 681 5684 B‘_
703 5627 844 5667 corr.
872 5613 1167 5684 _amﬁbolta
1210 5614 1458 5684 gignitur.
1476 5683 1489 5684 η
1557 5619 1602 5654 η
1627 5611 1779 5684 tlorr.
1823 5609 1907 5674 B‘,
1937 5607 2431 5684 ΑΒῗριριιᾳιιιιιξςιμεἱ
2454 5604 2545 5684 ﬁ”
2570 5604 2611 5658 Β
2637 5602 2917 5684 aliquando
2970 5603 3174 5684 medus,
3225 5609 3507 5684 a_iquando

265 5671 478 5758 "adimis.
519 5671 529 5678 ⁷
579 5681 692 5758 ¹Α⁸ΔΒ
720 5682 894 5758 animi
919 5671 1104 5738 diuini.
1155 5671 1433 5758 ___""Corr._
1466 5683 1549 5758 Δ[3⁸2
1584 5671 1942 5758 Allurursum.
1973 5677 2080 5758 ﬁ"
2106 5671 2258 5758 (ξρέ-ικ
2290 5671 2377 5740 B',
2404 5674 2501 5758 AB.
2522 5671 2972 5758 .eonversabilit‘er:
3046 5671 3090 5705 ⁸⁷
3113 5673 3174 5728 B'
3203 5671 3506 5758 miserunt.

265 5753 308 5787 κ
336 5754 379 5807 Α
407 5753 685 5808 adunabit.
784 5751 830 5785 ³⁹
856 5751 898 5806 Β
947 5763 996 5807 et
1049 5754 1231 5808 mediis
1284 5762 1332 5807 et
1379 5753 1597 5806 ultimis.
1675 5751 1720 5782 ³⁸
1764 5752 1919 5807 Corr.
1973 5749 2058 5814 B',
2112 5745 2202 5803 AB
2237 5744 2672 5801 conuersabiliter.
2777 5743 2818 5776 “
2855 5742 2990 5800 Rad.
3027 5760 3170 5802 corr.
3213 5746 3300 5815 B',
3329 5746 3420 5801 AB
3444 5765 3509 5802 ac
