3984 5540
529 273 639 334 255

1913 271 2195 330 JOANNIS
2231 274 2426 334 SCOTI

3299 265 3346 273 ρ-

3669 286 3776 341 256

531 415 743 472 “sunt.
783 411 851 468 Et
879 423 1013 467 meo
1037 415 1120 466 est
1150 408 1327 465 media
1357 390 1764 466 earum'vimm',
1804 409 1872 465 Et
1901 411 2098 468 eaad“-
2124 397 2175 458 Α
2199 401 2254 448 et
2278 392 2618 450 inferioribus
2643 392 2966 452 caelestibus
2995 395 3262 463 essentiis,
3295 396 3512 470 ignitum
3555 399 3778 458 honorat

531 506 682 562 nabit
730 502 979 560 omnibus
1029 501 1349 557 caelestibus
1393 500 1643 557 essentiis
1687 502 1937 571 providas
1983 519 2102 559 esse

529 612 657 670 erga
692 593 993 658 venientia,
1037 593 1121 648 vel
1167 592 1420 647 secunda.
1479 591 1779 660 Utrumque
1806 592 1952 646 enim
1997 608 2028 647 a
2081 602 2098 634 ι

527 685 766 751 Graeco,
797 683 955 759 quod
1003 685 1023 716 ¹
1071 690 1154 739 est
1196 682 1413 760 διΰτιρα
1463 682 1506 749 ³,
1554 690 1733 754 potest
1795 684 2096 740 transferri.

527 776 786 835 Sociabili
815 762 1181 846 processione,
1211 789 1308 845 per
1338 773 1646 830 sociabilem
1677 775 2097 844 processionem,

530 885 636 942 qua
669 876 961 940 sequentes
989 883 1046 924 se
1090 867 1134 933 ⁸,
1161 868 1264 922 hoc
1290 874 1372 922 cst
1395 907 1410 932 ,
1458 866 1741 923 inferiores
1777 883 1866 934 se,
1897 875 2100 940 etpost

521 977 579 1019 se
613 970 874 1017 exeuntes
902 959 1166 1016 essentias
1195 959 1465 1014 communi
1493 959 1779 1016 dilectione
1809 961 2099 1017 intuendae

519 1055 768 1111 veritatis
791 1053 893 1108 sibi
919 1052 1248 1108 consociant.
1278 1052 1345 1108 Et
1368 1052 1505 1107 haec
1531 1052 1776 1107 fortassis
1801 1061 1883 1107 est
1909 1052 2098 1108 ultima

519 1145 732 1202 illarum
761 1147 952 1200 virtus.
1002 1144 1108 1200 Eas
1136 1160 1256 1201 esse
1291 1145 1345 1199 in
1375 1144 1790 1215 participatione
1818 1131 2054 1200 divinae.
2075 1145 2097 1178 ⁵

516 1235 736 1292 virtutis
781 1234 1107 1290 coadunabit
1153 1234 1403 1290 omnibus
1444 1233 1796 1298 caelestibus;
1848 1235 2098 1306 generale

519 1327 665 1381 enim
696 1325 798 1381 sibi
829 1333 911 1380 est
941 1324 996 1379 in
1019 1325 1439 1396 participatione
1465 1324 1679 1380 divinae
1706 1325 1925 1380 virtutis
1953 1339 2095 1392 esse,

517 1414 618 1471 etsi
647 1414 766 1469 aliis
793 1414 1259 1486 supereminenter
1284 1425 1338 1469 et
1364 1414 1764 1480 universaliter,
1785 1415 1903 1469 aliis
1929 1416 2097 1486 parti-

516 1504 796 1560 culiariter
820 1513 876 1560 et
902 1505 1131 1560 subdite.
1164 1503 1276 1560 llac
1327 1505 1510 1576 itaque
1565 1507 1941 1560 communione
1979 1522 2097 1562 om-

516 1596 667 1653 nium
693 1597 713 1627 ‘
735 1594 1047 1652 caelestium
1081 1595 1439 1651 essentiarum
1471 1592 1540 1650 in'
1566 1598 1976 1667 participatione
2011 1599 2094 1654 di-

515 1690 675 1746 vinae
696 1691 910 1747 virtutis
930 1730 943 1755 ,
975 1705 1135 1761 quam
1162 1705 1350 1745 omnes
1393 1689 1638 1760 quamvis
1669 1705 1773 1745 non
1798 1690 2096 1761 aequaliter

2203 485 2425 538 selectim
2461 486 2505 524 ι⁶
2534 487 2823 555 fonnarum
2852 486 3111 556 facturam
3141 489 3204 543 ι’.

2271 577 2413 648 Ergo
2441 578 2649 648 igneum
2696 579 2992 649 signiﬁcare
3019 595 3197 635 censeo
3223 583 3524 638 caelestium
3580 603 3778 641 annuo—

2202 683 2318 722 rum
2341 668 2798 737 deiformissimum
2823 669 2887 723 ⁸⁸.
2919 669 3201 737 Existimo,
3233 673 3426 742 inquit,
3470 676 3614 744 quod
3657 693 3778 732 cae-

2201 757 2417 814 lestium
2466 761 2825 816 essentiarum
2882 761 3041 832 ignea
3099 762 3457 820 conformatio
3509 766 3584 821 nil
3636 767 3777 824 aliud

2199 849 2524 922 significat"
2549 860 2767 922 praeter
2786 851 3042 919 divinam,
3068 869 3208 924 quae
3233 855 3312 910 eis
3335 856 3496 923 inest,
3525 857 3773 926 fortnam,

2198 957 2337 1012 quae
2363 943 2596 998 maxime
2634 943 2686 998 in
2719 942 3013 1015 Scripturis
3044 946 3215 1001 sacris
3243 962 3340 1016 per
3367 948 3543 1019 ignem
3572 951 3778 1022 signifi-

2198 1031 2310 1087 cari
2359 1032 2512 1088 solet.
2558 1032 2708 1100 Quod
2753 1025 3142 1105 subsequenter
3167 1035 3410 1106 adjungit
3441 1055 3455 1091 :
3484 1037 3597 1109 Ipsi
3641 1041 3778 1094 enim

2196 1122 2364 1176 sancti
2395 1121 2615 1193 theologi
2638 1123 3117 1192 superessentialem
3147 1135 3194 1180 et
3229 1125 3506 1195 informem
3537 1127 3583 1159 ’°
3604 1144 3777 1183 essen-

2197 1213 2324 1266 tiam
2371 1213 2428 1266 in
2467 1213 2585 1283 igne
2627 1231 2779 1284 saepe
2823 1215 3120 1269 describunt
3143 1256 3156 1280 ,
3208 1225 3460 1287 tanquam
3483 1218 3704 1274 habente
3731 1221 3773 1252 ἰ

2197 1304 2388 1360 multas
2409 1306 2629 1372 divinae,
2655 1307 2701 1360 si
2723 1305 2804 1374 fas
2825 1307 3073 1372 "dicere,
3088 1309 3438 1377 proprietatis,
3453 1321 3707 1379 quantum
3732 1313 3775 1344 ”

2196 1399 2577 1466 inuisibilibus,
2631 1401 2902 1472 imagines.
2963 1400 3118 1456 Nulla
3171 1402 3366 1473 quippe
3414 1402 3645 1458 visibilis
3697 1414 3777 1460 est

2196 1499 2467 1557 creatura,
2498 1493 2550 1547 in
2576 1508 2681 1562 qua
2713 1499 2923 1547 tantum
2946 1492 3158 1548 divinae
3179 1492 3442 1564 imagines
3468 1493 3775 1564 expriman-

2199 1593 2286 1638 tur
2311 1583 2380 1651 “,
2416 1592 2678 1654 quantum
2715 1584 2768 1639 in
2803 1585 2946 1656 igne.

2220 1711 2227 1722 ι
2265 1674 2406 1730 Laus
2458 1674 2721 1729 virtutum
2775 1674 3046 1730 sensibilis
3094 1690 3232 1746 tgnls
3274 1676 3521 1747 sequitur
3569 1696 3582 1730 :
3628 1677 3774 1748 Ignis

517 1790 798 1854 appetunt,
845 1759 1091 1846 (δωρίζων,
1124 1788 1184 1835 ιη
1216 1759 1423 1835 οωηθέ
1449 1779 1653 1835 [οι-πιθα
1694 1780 1774 1834 τρι
1809 1759 2092 1852 ξηιξιείηρε,
2125 1759 2170 1820 Β
2197 1770 2334 1824 enim
2364 1768 2620 1822 sensibilis
2660 1777 2734 1822 est
2761 1768 2987 1840 quidem,
3020 1768 3096 1822 sic
3120 1769 3417 1823 dicendum.
3462 1769 3612 1825 Ordo
3651 1785 3774 1825 ver-

517 1875 602 1930 vel
630 1875 855 1946 figurae,
911 1873 996 1928 vel
1026 1888 1346 1943 quocunque
1372 1871 1478 1927 alio
1510 1873 1726 1927 nomine
1760 1874 1940 1928 vocari
1971 1888 2096 1943 pos-

512 1977 659 2033 sunt,
683 1967 932 2024 omnibus
957 1967 1325 2037 significandis
1372 1981 1686 2023 communes
1712 1967 1837 2022 sint.
1873 1967 2090 2038 Signifi-

512 2065 638 2112 cant
665 2058 806 2113 enim
837 2057 1050 2112 illarum
1081 2056 1378 2112 triformem
1402 2057 2091 2122 virtutem,conversionem

514 2147 731 2218 quidem
777 2148 844 2202 ad
893 2148 1103 2212 Deum,
1149 2156 1203 2202 et
1246 2147 1586 2218 propriarum
1649 2148 1911 2203 virtutum
1965 2163 2090 2204 cus-

527 2237 754 2303 todiam,
805 2247 860 2292 et
901 2252 1025 2308 erga
1064 2238 1454 2310 subscquentes
1484 2254 1543 2294 se
1571 2240 1881 2295 sociabilem
1911 2241 2092 2313 provi-

513 2328 770 2384 dentiam.

723 2483 1088 2541 Incltoandum
1126 2498 1300 2545 autem
1323 2491 1547 2558 ratione,
1570 2500 1618 2547 et
1646 2493 2001 2562 quaerendum
2031 2494 2086 2548 in

513 2574 684 2644 prima
714 2574 1006 2644 formarum
1061 2577 1373 2635 resolutione
1395 2622 1410 2647 ,
1447 2583 1551 2637 hoc
1589 2591 1673 2637 est
1707 2585 2040 2638 reseratione
2063 2584 2083 2616 ⁷

510 2667 947 2737 propheticarum
973 2670 1374 2742 figurationum,
1405 2675 1466 2729 ob
1494 2691 1650 2746 quam
1681 2693 1895 2731 causam
1936 2678 2083 2732 theo—

507 2759 648 2828 logia
698 2759 805 2828 fere
836 2761 978 2816 ultra
1019 2781 1192 2820 omnes
1235 2766 1516 2835 invenitur,
1558 2769 1821 2824 honoraris
1865 2771 2083 2841 ignttam

505 2865 710 2903 sacram
739 2851 1154 2924 descriptionem,
1175 2858 1277 2914 hoc
1288 2870 1392 2928 est,
1411 2876 1517 2931 qua
1540 2863 1606 2918 de
1629 2877 1790 2918 causa
1819 2863 2083 2937 theologia

503 2954 634 3010 prae
684 2943 884 2999 ceteris
930 2945 1400 3017 imaginationibus
1442 2950 1651 3023 igneam
1682 2964 1924 3009 sanctam
1950 2971 2081 3010 con-

503 3030 882 3091 formationem
909 3037 1158 3094 honorat.
1181 3039 1420 3097 Invenies
1442 3060 1583 3114 ergo,
1607 3062 1723 3100 eam
1745 3045 1766 3077 ⁸
1789 3063 1892 3101 non
1913 3046 2081 3102 solum

2198 1862 2389 1917 borum
2417 1860 2500 1916 ":
2535 1859 2828 1915 Dicendum
2853 1859 3069 1928 quidem
3093 1859 3172 1914 sic
3193 1877 3206 1913 :
3231 1859 3327 1914 Est
3349 1860 3487 1931 ignis
3503 1861 3774 1916 sensibilis

2195 1953 2250 2007 in
2277 1953 2536 2017 omnibus,
2569 1961 2614 2005 et
2661 1968 2753 2022 per
2795 1952 2970 2004 omnia
3011 1950 3151 2005 clare
3194 1953 3350 2017 venit,
3395 1961 3443 2006 et
3487 1964 3775 2007 removetur

2195 2045 2430 2100 omnibus
2459 2044 2524 2108 ³⁸,
2552 2053 2599 2098 et
2625 2042 2829 2097 lucidus
2865 2053 2938 2097 est
2975 2041 3132 2096 simul
3158 2052 3204 2096 et
3229 2043 3378 2115 quasi
3401 2044 3653 2109 occultus,
3696 2045 3774 2098 in-

2193 2140 2430 2210 cognitus
2456 2139 2499 2171 ²⁷
2529 2139 2634 2209 ipse
2661 2155 2752 2209 per
2769 2139 3016 2208 seipsum,
3046 2153 3147 2192 non
3168 2138 3501 2194 accumbente
3527 2140 3771 2205 materia,

2192 2230 2297 2286 hoc
2317 2239 2421 2296 est,
2460 2229 2586 2284 dum
2624 2243 2730 2283 non
2761 2227 2926 2283 habet
2955 2228 3236 2283 materiem
3266 2229 3335 2296 ’⁸,
3367 2230 3423 2283 in
3449 2246 3606 2300 quam
3648 2247 3772 2302 pro-

2189 2323 2359 2393 priam
2387 2322 2690 2391 manifestat
2726 2319 2772 2358 "
2804 2323 3080 2375 actionem.
3113 2322 3422 2394 lncognitus
3444 2323 3523 2390 ⁸ος
3555 2325 3768 2395 propria

2189 2414 2386 2484 quippe
2416 2413 2556 2484 ignis
2584 2413 2727 2468 actio
2755 2421 2838 2468 est
2863 2421 2918 2468 et
2942 2413 3136 2468 ardere
3171 2421 3228 2468 et
3271 2413 3453 2470 lucere
3495 2414 3551 2468 in
3596 2415 3768 2484 aliqua

2188 2509 2446 2575 materia;
2467 2507 2729 2578 siquidem
2760 2507 2877 2562 sine
2898 2506 3075 2577 aliqua
3093 2507 3317 2562 materia
3343 2507 3509 2562 est".
3542 2506 3768 2562 Immen-

2187 2599 2432 2655 surabilis
2459 2641 2472 2665 ,
2524 2598 3125 2670 incomprehensibilis,
3173 2608 3221 2653 et
3265 2598 3542 2653 invisibilis
3588 2616 3684 2670 per
3719 2617 3769 2655 se

2186 2695 2378 2766 ipsum,
2406 2703 2584 2764 potens
2610 2691 2769 2746 simul
2793 2692 3046 2756 omnium,
3079 2678 3182 2747 hoc
3211 2700 3294 2747 est
3316 2699 3509 2762 potens
3533 2692 3697 2746 simul
3718 2693 3765 2747 in

2185 2786 2457 2850 omnibus,
2473 2794 2518 2838 et
2533 2801 2867 2855 quaecunque
2887 2785 2942 2838 in
2957 2785 3022 2838 iis
3037 2783 3082 2816 "
3094 2793 3235 2850 sunt,
3253 2785 3406 2849 fiunt,
3427 2785 3500 2840 ad
3513 2787 3765 2840 actionem

2183 2878 2477 2948 propriam,
2508 2876 2613 2930 hoc
2643 2884 2745 2940 est,
2766 2876 2831 2931 ad
2863 2877 3135 2946 propriam
3163 2877 3430 2932 actionem
3454 2877 3604 2933 illius
3645 2894 3763 2950 pero

2185 2970 2466 3041 agendam,
2492 2977 2551 3023 ut
2571 2967 2918 3023 caleficentur
2935 2968 3184 3025 videlicet
3203 2978 3257 3025 et
3280 2970 3677 3026 illuminentur.
3705 2972 3767 3028 Ut

2183 3061 2324 3118 enim
2347 3060 2525 3117 omnia
2541 3059 2763 3116 omnino
2789 3061 2967 3117 calore
3013 3061 3253 3117 carentia
3281 3060 3328 3093 ³³
3359 3062 3524 3118 veluti
3554 3073 3765 3118 mortua

504 3126 1293 3228 1'0"“igneas‘cf’ﬂqmlamem.
1308 3133 1416 3228 1)ος
1426 3144 1528 3204 εει»
1553 3137 1795 3193 iul/00303
1815 3153 1943 3210 €780
1955 3154 2080 3194 ‘30"-
2107 3138 2154 3203 C
2184 3161 2330 3219 sunt,
2346 3155 2419 3208 ita
2443 3153 2662 3208 absente
2685 3153 2802 3208 luce
2819 3153 3099 3209 deformia.
3120 3153 3328 3210 Mobilis
3344 3179 3362 3221 ;
3380 3154 3456 3210 nil
3477 3157 3629 3211 enim
3652 3158 3767 3228 igne

501 3215 860 3275 formantem’
876 3221 1195 3294 theologiam
1219 3239 1326 3280 non
1344 3226 1512 3281 solum
1537 3243 1628 3284 eas
1650 3230 1992 3300 rotasigneas
2009 3229 2074 3296 ⁸ο,

503 3310 593 3363 sed
618 3320 666 3364 et
693 3311 947 3366 animalia
968 3313 1154 3384 ignita,
1171 3325 1219 3369 et
1253 3317 1387 3372 uiros
1407 3320 1560 3390 quasi
1586 3321 1719 3390 ignis
1748 3321 2080 3391 “fulguran-

501 3411 600 3466 tes,
651 3411 698 3456 et
743 3403 880 3458 circa
928 3421 1016 3460 eas
1059 3407 1102 3439 “
1133 3407 1374 3463 caelestes
1396 3412 1644 3466 essentias
1678 3411 1725 3453 ιδ
1769 3414 2003 3468 cumulos
2033 3413 2080 3446 “

501 3492 786 3548 carbonum
834 3496 968 3566 ignis
1014 3498 1504 3570 circumponentem,
1545 3502 1810 3558 subaudi:
1839 3506 2077 3561 invenies

503 3584 852 3657 theologiam,
868 3597 916 3642 et
926 3589 1147 3660 ﬂumina
1167 3591 1577 3650 immensurabili
1591 3599 1786 3662 sonitu,
1809 3598 1911 3662 vel,
1939 3599 2080 3656 sicut

501 3679 721 3748 proprie
769 3679 1123 3748 transfertur,
1173 3682 1320 3740 fluxu
1365 3687 1481 3757 igne
1523 3689 1846 3759 ﬂagrantia,
1892 3691 1982 3744 sed
2029 3700 2078 3745 et

503 3764 740 3823 Thronos
757 3771 832 3824 ait
857 3771 1122 3845 theologia
1143 3775 1317 3845 igneos
1339 3793 1467 3842 esse,
1483 3787 1530 3832 et
1544 3780 1683 3849 ipsos
1698 3778 2076 3838 excelsissimos

502 3858 782 3930 Seraphim
806 3861 1024 3919 caelitus
1045 3866 1304 3933 ardentes,
1340 3885 1405 3923 ea;
1442 3873 1889 3941 cognominatione
1916 3873 2076 3944 signi-

496 3947 658 4018 ﬁcare
675 3950 738 4005 ³³.
755 3952 867 4008 Hoc
879 3963 962 4010 est
977 3973 990 4010 :
1005 3965 1059 4012 et
1071 3957 1148 4012 ait
1163 3958 1424 4030 theologia
1441 3961 1584 4032 ipsos
1593 3961 2075 4020 excellentissimos

500 4040 782 4115 Seraphin)
813 4048 1021 4119 seipsos
1059 4051 1364 4122 significare
1410 4054 1662 4113 ardentes
1703 4073 1823 4114 esse
1871 4076 2071 4132 cogno-

496 4132 643 4189 mine
671 4151 787 4191 suo.
817 4138 1098 4210 Seraphim
1121 4145 1317 4215 quippe
1339 4146 1686 4205 incendentes
1708 4151 1793 4206 vel
1822 4153 2074 4210 ardentes

495 4233 637 4280 sunt.
664 4226 845 4285 Potest
887 4239 942 4286 et
987 4233 1065 4289 sic
1091 4233 1315 4307 intelligi
1345 4254 1358 4290 :
1388 4245 1442 4292 et
1467 4239 1794 4309 significare,
1826 4243 1928 4298 hoc
1963 4253 2070 4311 est,

494 4323 549 4369 et
573 4317 944 4388 signiﬁcabat;
973 4323 1297 4380 infinitivum
1321 4341 1418 4396 pro
1441 4331 1735 4398 praeterito
1757 4332 2073 4402 imperfecto

491 4408 702 4475 posuit,
735 4412 879 4480 quod
924 4421 976 4468 et
1014 4413 1238 4470 Graecis
1286 4425 1342 4470 et
1387 4417 1596 4475 Latinis
1623 4435 1783 4489 agere
1813 4423 2069 4478 usitatum

494 4507 595 4554 est.
630 4499 697 4554 Et
727 4502 1066 4573 significabat
1107 4506 1290 4577 itaque
1323 4510 1592 4581 theologia
1620 4527 1685 4566 cx
1714 4515 2064 4582 cognomina-

495 4591 641 4646 tione
679 4592 959 4664 Serapbim
1000 4599 1250 4654 ardentes
1284 4616 1423 4656 esse.
1451 4601 1516 4656 Et
1540 4605 1672 4674 ignis
1699 4608 2064 4676 proprietatem

491 4691 540 4735 et
560 4680 913 4752 operationem
959 4687 1103 4758 ipsis,
1154 4688 1435 4763 Seraphim
1469 4693 1627 4763 plane
1647 4735 1662 4762 ,
1691 4695 1986 4764 distribuit,
2016 4705 2064 4753 et

491 4777 702 4832 omnino
730 4796 937 4836 sursum
973 4783 1335 4858 deorsumque,
1374 4788 1478 4844 hoc
1503 4797 1588 4845 est
1613 4789 1668 4844 in
1694 4793 2065 4863 superioribus

2183 3245 2454 3307 mobilius,
2476 3259 2597 3299 cum
2620 3258 2718 3314 per
2737 3257 2859 3299 eum
2874 3245 3053 3299 omnia
3073 3254 3356 3301 moventur
3374 3244 3423 3278 “
3444 3261 3699 3316 corpora,
3715 3255 3767 3301 et

2181 3338 2298 3394 sine
2323 3353 2429 3407 quo
2453 3336 2657 3391 nullum
2698 3346 2964 3393 movetur.
2997 3335 3230 3392 Tradens
3264 3339 3490 3409 seipsum
3522 3339 3763 3393 omnibus

2179 3427 2542 3499 quoquomodo
2589 3426 3113 3498 approximantibus,
3150 3427 3254 3482 hoc
3275 3438 3380 3492 est,
3432 3427 3671 3484 infundit
3711 3443 3766 3484 se

2182 3518 2354 3588 ipsum
2385 3517 2638 3573 omnibus
2663 3516 2766 3572 sibi
2795 3516 3256 3572 connaturalibus.
3288 3516 3647 3573 Renovatiuus
3674 3536 3764 3574 na-

2180 3619 2328 3664 turae
2349 3609 2618 3676 custodia;
2646 3625 2741 3680 per
2758 3609 2929 3680 ipsum
2955 3607 3217 3678 siquidem
3235 3617 3571 3665 renovantur
3583 3610 3762 3666 omnia

2180 3702 2478 3768 sensibilia,
2511 3709 2567 3757 et
2608 3702 2772 3757 totius
2821 3709 3044 3756 naturae
3072 3700 3340 3756 sensibilis
3368 3701 3614 3758 custodia
3658 3711 3759 3768 est,

2179 3796 2408 3851 moritur
2427 3797 2572 3850 enim
2590 3796 2814 3851 absente
2839 3810 2923 3850 eo.
2968 3793 3356 3849 Illuminativus
3382 3796 3758 3850 circumvelatis

2177 3886 2566 3958 splendoribus,
2597 3887 2701 3942 hoc
2728 3896 2828 3954 est,
2864 3887 3129 3941 illuminat
3164 3887 3548 3942 circumvelata
3575 3888 3623 3920 ⁸⁸
3649 3889 3756 3943 suis

2178 3978 2576 4050 splendoribus.
2629 3977 3175 4050 Incomprehensibilis
3241 3977 3451 4044 clarus,
3527 3981 3633 4036 hoc
3676 3989 3755 4035 est

2177 4071 2304 4126 dum
2352 4071 2554 4138 claret,
2598 4087 2705 4126 non
2751 4071 3239 4142 comprehenditur.
3272 4071 3581 4138 Discretus;
3611 4072 3752 4129 nullo

2175 4164 2373 4235 quippe
2413 4163 2459 4196 ⁸⁸
2501 4165 2606 4218 alio
2639 4163 2903 4220 elemento
2931 4165 3286 4231 incrassalur,
3313 4167 3406 4222 sed
3433 4167 3488 4222 in
3518 4183 3612 4222 sua
3644 4168 3751 4223 sin-

2175 4257 2402 4310 ceritate
2435 4255 2699 4311 discretus
2735 4264 3036 4326 permanet.
3082 4255 3377 4323 Resiliens;
3407 4259 3581 4313 resilit
3610 4260 3746 4315 enim

2175 4347 2243 4402 ab
2265 4347 2408 4402 omni
2424 4363 2650 4418 corpore
2665 4346 2832 4414 alliso,
2852 4348 3107 4404 resilitde
3123 4349 3353 4405 nubibus
3379 4349 3446 4416 ",
3474 4352 3541 4406 de
3564 4352 3741 4422 petris,

2175 4438 2240 4494 de
2256 4438 2419 4504 ferro,
2434 4439 2737 4510 ceterisque
2750 4441 3067 4510 corporibus
3085 4459 3099 4509 ;
3119 4444 3296 4498 omnis
3321 4443 3521 4515 quippe
3543 4445 3743 4500 collisio

2172 4533 2350 4604 ignem
2373 4545 2539 4590 creat.
2567 4533 2790 4591 Sursum
2816 4536 3020 4606 ferens;
3041 4537 3180 4609 ignis
3200 4539 3465 4608 siquidem
3489 4554 3742 4596 accensus

2170 4621 2443 4680 flammam
2471 4641 2686 4680 sursum
2709 4627 2890 4698 erigit,
2919 4629 3091 4699 spatia
3120 4630 3279 4685 terris
3305 4639 3511 4686 remota
3536 4642 3735 4703 petens.

2171 4716 2332 4768 Acute
2356 4731 2566 4782 means;
2591 4726 2833 4787 penetrat
2855 4717 3000 4772 enim
3021 4719 3200 4774 omnia
3221 4729 3376 4776 acute
3396 4721 3461 4787 ⁸⁸,
3488 4721 3736 4778 ἰηθῶδίιί

2171 4803 2466 4862 celeritate.
2498 4806 2782 4873 Excelsus;
2805 4808 2955 4862 aiunt
2976 4809 3277 4883 philosophi
3303 4814 3607 4888 empyrium
3628 4830 3735 4871 cae-

1776 4885 2031 4944 VARIAE
2067 4891 2467 4966 LECTIONES.

569 4969 587 5067 ξ
611 4966 674 5067 Ῑξ
701 4971 1028 5067 contain-Ad
1047 4973 1378 5067 'Ef’ff-LAB
1403 4981 1641 5067 θησθνῇΒ·
1658 4996 1800 5067 0911‘.
1815 4984 1988 5067 quale.
2066 4989 2088 5021 ³
2099 4989 2202 5067 ΑΒ
2227 4991 2406 5067 δευρα.
2480 4997 2503 5029 ⁸
2529 5013 2583 5052 se
2610 5014 2719 5054 om.
2747 5001 2805 5055 Β.
2883 5000 2905 5033 ⁸
2928 5003 3133 5056 divinae
3158 5017 3265 5058 om.
3301 5003 3366 5056 Α.
3442 5004 3465 5036 ⁸
3506 5007 3728 5062 omnium

487 5051 596 5092 om.
631 5038 689 5092 Β.
763 5040 783 5072 ⁷
814 5040 910 5094 Ιιοε
955 5053 1028 5097 est
1077 5038 1389 5104 reseratione
1412 5038 1521 5106 om.
1544 5038 1610 5106 Β.

487 5129 689 5202 (punct.
730 5130 834 5201 adj.
860 5132 964 5202 B‘).

484 5201 822 5257 substantias.

483 5274 735 5342 gniﬁcare
764 5289 895 5342 om.,
929 5280 1106 5335 addidi
1132 5296 1198 5336 ex
1221 5274 1452 5339 versfet
1489 5294 1621 5340 text.

487 5343 623 5390 fm-Ia
650 5345 937 5401 formarum
952 5352 1184 5402 resnicit.

1689 5054 1710 5086 ⁸
1739 5053 1874 5110 Rad.
1908 5071 2051 5113 corr.
2098 5061 2182 5128 B',
2212 5053 2447 5120 AB'eas.

1045 5137 1712 5234 ξξμιΙρξςιςρξαιηΑ-Εξροηεαε
1743 5161 1851 5201 om.
1881 5147 1940 5234 B.
1970 5229 1981 5234 Δ
2017 5150 2149 5234 “‘B‘
2176 5142 2322 5234 radi;
2341 5170 2484 5234 corr.
2531 5143 3111 5234 ᾗρηεῖηίυῬὶοᾎᾶέΒξ
3126 5144 3390 5234 Ξιᾶῐῐῖθὲεί
3415 5148 3726 5234 (Ξοιίι-ίίῥεὶιε

2125 5240 2206 5300 gr.
2283 5223 2328 5256 “
2349 5225 2502 5300 corr.
2537 5223 2614 5292 B',
2647 5246 2744 5300 pro
2763 5232 3125 5297 cumulos,AB
3151 5249 3266 5286 cum
3289 5223 3498 5289 multos.

1664 5303 1842 5356 graec.
1918 5289 1963 5323 "
1992 5291 2032 5344 Β
2060 5289 2324 5349 selectam.

1295 5355 1338 5388 ⁸⁸
1361 5355 1497 5400 Cm"
1549 5355 1627 5406 [Γ.
1647 5355 1730 5402 KR
1756 5359 2272 5414 deifnrmosissimum

901 5205 946 5238 ¹³
978 5209 1226 5264 essentias
1255 5205 1388 5279 om.,
1422 5205 1598 5270 addidi
1625 5231 1692 5271 ex
1720 5232 1862 5272 vers.
1891 5227 1946 5274 et
1969 5229 2098 5275 text.

2525 5067 2546 5099 ⁹
2571 5068 2614 5122 Β
2653 5070 2749 5124 hoc
2781 5080 2855 5144 est
2891 5073 3113 5126 invenies
3161 5089 3280 5144 ergo
3321 5072 3728 5142 conformantem

3580 5237 3625 5270 ί.
3661 5240 3728 5279 εἰ.

2395 5255 2502 5281 urr.
2538 5255 2576 5282 D
2603 5271 2614 5292 ,
2648 5255 2744 5300 pro
2763 5255 3125 5297 cumutos,nn
3151 5255 3266 5286 cum
3289 5255 3498 5289 multos.
3580 5255 3625 5270 "
3660 5255 3722 5292 st-

2395 5297 2537 5390 :7nB‘
2570 5301 2636 5354 :td
2670 5317 2838 5370 marg,
2878 5306 3054 5358 adscr,
3094 5302 3388 5356 caelestium
3456 5322 3597 5356 nitap
3626 5324 3722 5356 un!
