3984 5444
541 348 651 405 259

1899 345 2184 404 JOANNIS
2225 345 2420 402 SCOTI

3690 350 3791 404 ξ’Ξο

534 463 696 520 canis
719 462 913 519 odores
955 458 1228 516 discernit.
1265 457 1339 514 Et
1381 455 1662 528 sequitur:
1690 457 1933 512 omnium
1978 471 2108 514 vero
2135 460 2183 520 Λ
2210 455 2424 510 divinae
2450 453 2813 526 inspirationis
2841 459 3222 530 susceptivum.
3256 457 3667 530 lnSpirationem
3695 475 3787 530 po-

534 552 973 626 potentissimum
1024 550 1234 604 -virtute
1271 547 1652 619 magnitudinis
1693 547 2014 603 intellectus.
2043 547 2136 620 Ut,

545 649 690 704 enim
723 645 870 702 solus
898 644 1084 700 minus
1118 643 1303 699 multis
1333 641 1652 698 animalibus
1677 655 1906 696 acumen
1951 639 2113 694 habet

542 737 830 803 sentiendi,
876 736 950 790 ita
995 735 1142 792 solus
1169 734 1376 790 cunctis
1405 733 1423 765 ⁸
1461 732 1824 788 animantibus
1857 731 2113 785 virtutem

538 827 777 899 possidet
811 823 1162 896 intelligendi.
1203 821 1282 876 'Et
1330 821 1611 876 secundum
1641 818 2001 874 rationabilem
2033 818 2113 872 in-

539 918 876 990 telligentiam
915 914 1250 970 continuitate
1263 931 1281 978 ;
1309 913 1482 968 virtus
1502 911 1762 981 siquidem
1782 908 2112 963 rationabilis

529 1007 802 1066 scientiae
853 1006 1108 1062 continua
1143 1013 1268 1069 .cst;
1311 1003 1460 1073 prius
1503 1001 1645 1056 enim
1683 1000 1890 1055 desinet
1939 998 2131 1078 subsi-g

537 1107 714 1162 stare,
741 1110 904 1166 quam
927 1095 1117 1149 saltem
1135 1091 1162 1125 '
1191 1091 1272 1148 vel
1297 1091 1516 1146 minimo
1538 1089 1558 1120 ³
1581 1096 1850 1166 momento
1868 1089 2107 1142 rationa-

531 1190 635 1247 blli
679 1188 702 1222 ⁵
756 1187 982 1244 scientia
1035 1199 1243 1241 carere.
1298 1183 1362 1237 Et
1405 1181 1685 1237 secundum
1724 1190 1912 1234 natura
1941 1181 1963 1212 ⁵
1992 1179 2108 1233 ani-

536 1297 657 1338 mae
683 1280 902 1335 liberum
931 1286 979 1332 et
1023 1275 1470 1347 potentissimum;
1514 1271 1643 1326 nulli
1673 1271 1868 1340 quippe
1895 1269 2105 1324 anima-

534 1371 668 1426 lium
694 1379 911 1442 praeter
933 1367 1201 1423 hominem
1232 1365 1455 1420 liberum
1485 1363 1766 1418 arbitrium
1790 1371 1843 1416 et
1870 1360 2106 1432 potentia

539 1460 821 1518 electionis
860 1460 1043 1514 datum
1073 1467 1155 1511 est
1183 1454 1519 1509 naturaliter.
1555 1453 1655 1508 Ubi
1677 1453 1834 1507 datur
1860 1451 2104 1523 intelligi,

535 1553 763 1608 liberum
783 1549 1072 1606 voluntatis
1096 1545 1374 1601 arbitrium
1402 1545 1542 1598 inter
1563 1542 1686 1596 data
1718 1549 1940 1597 naturae
1957 1581 1972 1608 ,
2001 1557 2108 1596 non

535 1643 680 1698 inter
701 1641 841 1697 dona
868 1637 889 1671 ⁶
919 1638 1123 1710 gratiae
1146 1633 1584 1705 computandum.

606 1733 702 1789 Est
730 1741 901 1787 autem
929 1729 1021 1784 et"
1062 1743 1153 1798 per
1176 1724 1404 1795 singula,
1448 1733 1502 1778 ut
1533 1723 1774 1787 aestimo,
1818 1721 2106 1792 corporalis

2217 547 2324 617 suit
2343 564 2439 619 pro
2459 547 2859 615 vociferatione,
2882 566 2947 606 eo
2970 551 3270 620 modo,quo
3293 565 3451 606 causa
3474 565 3574 622 pro
3598 549 3786 606 elfectu

2213 639 2454 708 ponitur.
2477 639 2649 694 Causa
2681 650 2857 696 autem
2892 643 3034 697 vocis
3063 652 3143 698 est
3170 641 3388 714 spiritus
3415 642 3720 697 aethereus.

2245 780 2251 785 .
2284 725 2582 784 Gustatipas
2603 741 2774 783 autem
2797 731 3129 786 invisibilium
3153 748 3389 785 escarum
3415 731 3789 801 plenitudinem

2211 827 2259 874 et
2311 819 2606 873 divinarum
2652 829 2699 874 et
2744 820 2993 875 alentium
3036 831 3367 891 promotuum
3401 822 3790 890 susceptivum,

2213 905 2316 961 hoc
2345 914 2449 970 est,
2478 908 2776 978 gustativas
2798 909 3023 964 virtutes
3051 910 3236 965 dicunt
3276 911 3585 982 signiﬁcare
3614 911 3786 981 pleni-

2213 997 2450 1052 tudinem
2477 998 2519 1030 ¹⁸
2539 997 2884 1052 invisibilium
2907 1007 2960 1053 et
2983 1001 3279 1055 divinarum
3301 1015 3574 1064 escarum,
3598 1001 3790 1070 quibus

2212 1090 2472 1146 caelestes
2487 1091 2753 1145 essentiae
2772 1091 3112 1158 reﬁciuntur;
3135 1093 3440 1164 signiﬁcare
3451 1094 3618 1148 etiam
3641 1093 3786 1156 illud,

2209 1179 2351 1248 quod
2401 1179 2455 1234 in
2501 1179 2581 1234 eis
2628 1181 2871 1250 suscipit.
2919 1181 3136 1238 Alentes
3185 1190 3491 1252 promotus,
3528 1183 3633 1238 hoc
3671 1194 3786 1248 est,

2209 1268 2499 1323 nutrientia
2530 1268 2882 1323 incrementa.

2281 1359 2528 1415 Factivas
2571 1377 2688 1415 vero
2729 1361 3073 1416 convenientis
3103 1373 3192 1416 aut
3219 1363 3448 1417 nocentis
3479 1363 3535 1416 in
3572 1362 3785 1417 scientia

2207 1454 2608 1524 diagnosticum.
2640 1453 2918 1518 Virtutes,
2956 1455 3149 1524 inquit,
3187 1471 3325 1525 quae
3371 1457 3424 1510 in
3461 1472 3625 1510 sensu
3670 1466 3785 1510 tan-

2208 1544 2366 1614 gendi
2396 1553 2549 1608 sunt,
2582 1543 2768 1597 dicunt
2793 1543 3095 1613 signiﬁcare
3136 1543 3526 1613 diagnosticum
3569 1546 3645 1611 ",
3685 1545 3782 1599 hoc

2205 1643 2289 1689 est
2315 1634 2660 1688 discretivum
2693 1633 2748 1687 in
2777 1634 3002 1688 scientia
3024 1674 3038 1699 ,
3069 1650 3174 1703 quo
3199 1635 3457 1690 caelestes
3489 1637 3782 1702 essentiae,

2207 1725 2348 1794 quod
2382 1724 2484 1778 sibi
2527 1724 2814 1789 convenit,
2841 1726 2908 1779 ab
2943 1741 3008 1780 eo
3031 1765 3046 1788 ,
3077 1727 3216 1795 quod
3247 1727 3346 1781 sibi
3379 1737 3565 1792 nocet,
3595 1730 3783 1782 distin-

533 1836 739 1882 nostrae
761 1797 1070 1892 multiplicis
1091 1819 1386 1889 partitionis
1429 1817 1652 1872 invenire
1673 1815 1916 1870 caelestes
1942 1816 2105 1868 virtu-
2137 1797 2180 1858 Β
2207 1828 2376 1888 guunt
2399 1815 2464 1871 ⁸⁸.
2493 1816 2609 1884 Quo
2637 1832 2797 1872 sensu
2827 1817 3145 1888 intelligibili
3175 1819 3276 1873 l'rui
3306 1819 3551 1874 noluerat
3578 1822 3781 1890 primus

525 1929 624 1972 tes.
671 1918 783 1983 Est,
831 1913 1028 1984 inquit,
1056 1911 1520 1980 TlteosOpliorum,
1566 1909 1828 1964 caelestes
1857 1909 2100 1971 virtutes,

525 2011 632 2062 hoc
675 2013 758 2060 est
802 2002 1115 2059 caelestium
1149 2001 1406 2054 virtutum
1434 2000 1693 2067 imagines
1725 1999 1963 2053 invenire
2005 2013 2104 2067 per

524 2095 756 2168 singula,
781 2095 1050 2159 membra,
1078 2101 1138 2146 ut
1161 2092 1364 2162 judico,
1413 2091 1607 2160 quibus
1633 2090 1910 2160 multiplex
1935 2089 2102 2160 parti-

527 2189 650 2244 nilis
670 2186 839 2243 nostri
869 2185 1113 2253 corporis
1142 2183 1423 2237 harmonia
1453 2183 1747 2236 constituta
1783 2193 1884 2236 est.
1915 2181 2101 2236 Dicen-

527 2289 619 2342 tes,
664 2276 1007 2346 conspeclieas
1041 2275 1249 2344 quidem
1271 2273 1566 2343 signiﬁcare
1593 2275 1803 2328 virtutes
1837 2274 2004 2343 ipsum
2031 2273 2100 2327 ad

527 2369 699 2422 Jivina
721 2365 1004 2419 luminaria
1019 2364 1367 2418 clarissimum
1397 2375 1700 2433 respectum,
1726 2365 1826 2418 hoc
1847 2372 1947 2427 est,
1970 2363 2097 2418 dum

527 2456 711 2511 dicunt
736 2453 1063 2524 Theosopbi,
1096 2454 1454 2509 clarissimum
1481 2456 1756 2508 oculorum
1795 2464 2096 2509 nostrorum

523 2547 821 2602 contuitum
880 2548 934 2602 in
987 2547 1167 2602 divina
1220 2547 1522 2611 luminaria,
1553 2562 1583 2600 a
1616 2547 1724 2601 Deo
1753 2545 1997 2600 videlicet
2041 2545 2094 2601 in

526 2637 675 2691 caelo
691 2638 932 2703 condita,
960 2639 1265 2706 signiﬁcare
1279 2637 1726 2708 contemplativas
1748 2636 2057 2691 caelestium
2074 2635 2096 2668 ⁸

522 2729 880 2784 essentiarum
934 2730 1182 2786 virtutes.
1229 2729 1298 2784 Et
1345 2732 1530 2784 iterum
1571 2739 1799 2782 teneram
1849 2737 1897 2782 et
1941 2723 2116 2798 liqui?

521 2819 645 2872 dam
669 2829 718 2874 et
754 2836 855 2874 non
881 2836 1259 2890 repercussam,
1281 2821 1370 2874 sed
1395 2829 1545 2873 acute
1575 2819 1808 2872 mobilem
1831 2829 1876 2870 et
1905 2833 2092 2886 puram

519 2919 572 2964 et
602 2909 814 2980 planam
843 2911 1254 2981 impossibiliter,
1281 2911 1562 2975 subaudis,
1587 2909 1859 2966 oculorum
1885 2919 2092 2965 nostro-

516 3014 638 3054 rum
661 3000 1012 3056 inlentioncm
1048 3001 1375 3070 significare,
1400 3001 1694 3054 divinarum
1716 3002 2088 3070 susceptionem

515 3091 983 3158 illuminationum,
1015 3109 1119 3163 qua
1144 3093 1407 3150 caelestes
1434 3095 1659 3148 virtutes
1693 3093 1899 3148 divinas
1921 3094 2088 3147 susci-

513 3183 670 3252 piunt
724 3183 1140 3240 illuminationes
1183 3184 1225 3238 ⁹.
1264 3184 1468 3252 Pupilla
1507 3185 1768 3252 siquidem
1809 3184 2087 3238 oculorum

515 3282 726 3338 tenera,
753 3274 954 3344 liquida
987 3275 1052 3342 ¹⁰,
1076 3283 1148 3341 et,
1181 3275 1306 3330 dum
1335 3277 1406 3329 sit
1431 3290 1582 3343 sana,
1613 3274 1838 3346 caligine
1871 3290 1976 3329 non
2003 3289 2087 3328 re-

513 3367 818 3436 percutitur
854 3369 917 3421 ¹¹.

579 3453 719 3509 Post
737 3455 922 3510 oculos
948 3455 1100 3524 ponit
1137 3456 1412 3512 olfactum.
1459 3456 1759 3526 Olfactuum
1791 3458 1832 3490 "
1859 3475 1973 3512 vero
2001 3450 2101 3512 di?

504 3545 758 3600 scretivas
791 3546 1020 3612 rirtutes,
1049 3549 1274 3609 subaudi
1301 3563 1316 3602 :
1347 3550 1585 3606 dicentes
1613 3549 1915 3620 signiﬁcare
1937 3551 2085 3617 illud,

515 3653 673 3707 super
694 3637 1010 3692 intellectum
1040 3623 1381 3695 suaveolentis
1410 3640 1810 3708 distributionis,
1835 3651 2087 3711 quantum

512 3729 757 3800 possibile
787 3729 851 3796 ¹⁸,
897 3731 1226 3800 receptieum,
1259 3741 1306 3785 et
1331 3748 1434 3785 non
1455 3731 1752 3800 hujusmodi
1774 3733 1987 3786 scientia
2014 3733 2090 3786 di-

511 3821 814 3885 scretivum,
829 3830 876 3874 et
889 3822 1098 3875 omnino
1113 3821 1462 3892 refugitivum.
1481 3821 1688 3885 Dicunt,
1710 3822 1900 3890 inquit,
1919 3821 2090 3878 Theo.

513 3911 686 3980 saplii,
719 3909 978 3976 olfactus,
1008 3910 1202 3979 quibus
1237 3911 1596 3966 discernimus
1617 3912 1988 3967 exlialationes
2020 3912 2084 3978 “,

511 4000 820 4070 signiﬁcare
851 4001 904 4055 in
936 4000 1260 4059 caelestibus
1283 4002 1538 4057 essentiis
1575 4003 1725 4069 illud,
1783 4003 1924 4074 quod
1954 4002 2088 4058 reci-

501 4095 588 4162 pit
611 4105 773 4164 super
803 4109 962 4150 suum
987 4095 1320 4152 intellectum
1346 4095 1740 4152 suaveolentem
1759 4097 2086 4152 distributio-

510 4202 656 4252 nem,
687 4186 991 4242 divinarum
1022 4187 1277 4244 videlicet
1313 4189 1610 4260 gratiarum
1642 4190 1979 4256 donationes,
2030 4198 2086 4245 et.

508 4276 652 4345 quod
678 4277 936 4332 discernit
954 4292 1053 4348 per
1069 4279 1348 4333 scientiam
1366 4295 1469 4334 non
1488 4280 1532 4350 ’ἔ
1553 4279 1878 4350 huiusmodi,
1905 4280 1954 4335 id
1976 4290 2082 4349 est,

507 4380 646 4435 quae
678 4366 810 4422 tales
838 4383 946 4423 non
969 4376 1129 4436 sunt;
1171 4378 1226 4424 et
1251 4369 1294 4400 “
1326 4349 1546 4424 omninb
1569 4349 1791 4440 refugit;
1824 4356 2084 4428 discernit

2207 1912 2389 1975 homo,
2419 1910 2510 1980 qui
2538 1909 2708 1964 noluit
2736 1911 3143 1966 convenientem
3175 1911 3272 1966 sibi
3305 1913 3669 1966 obedientiam
3695 1929 3780 1967 se-

2202 2001 2316 2071 qui,
2347 2010 2402 2056 et
2427 2010 2708 2056 nocentem
2737 2001 2840 2056 sibi
2866 2001 3173 2072 superbiam
3203 2002 3387 2074 fugere
3405 2045 3420 2069 ,
3449 2004 3590 2058 sicut
3614 2004 3781 2059 noluit

2202 2107 2456 2154 aeternae
2488 2099 2835 2154 beatitudinis
2864 2114 3047 2154 escam
3075 2106 3322 2169 gustare,
3353 2097 3508 2168 cujus
3551 2095 3778 2165 plenitu-

2200 2191 2377 2246 dinem
2421 2191 2466 2246 si
2515 2192 2845 2261 susciperet,
2889 2192 3125 2246 aeternis
3169 2189 3517 2246 incrementis
3566 2189 3778 2242 divinae

2199 2282 2670 2352 concupiscentiae
2715 2293 2769 2337 et
2814 2282 3050 2337 aleretur
3076 2291 3132 2336 et
3166 2280 3572 2350 proveheretur.
3598 2277 3778 2333 Noluit

2197 2369 2448 2424 similiter
2474 2369 2823 2426 intellectuali
2867 2385 3000 2425 aure
3049 2370 3320 2440 suscipere
3354 2384 3540 2424 vocem
3573 2368 3774 2438 praeci-

2196 2461 2396 2531 pientis
2447 2463 2549 2516 sibi
2601 2462 2821 2517 obedire
2870 2461 3184 2527 mandatis,
3231 2461 3402 2515 noluit
3453 2459 3772 2530 intelligibili

2195 2551 2392 2608 olfactu
2436 2553 2807 2608 suaveolentes
2836 2561 3089 2608 aeternae
3124 2552 3266 2607 vitae
3299 2549 3671 2606 exhalationes
3708 2550 3770 2603 ab

2195 2652 2446 2698 aeternae
2469 2643 2656 2698 mortis
2679 2643 2893 2699 faetidis
2909 2645 2952 2675 “
2979 2641 3410 2699 exhalationibus
3435 2640 3768 2703 discernere,

2194 2735 2363 2789 noluit
2394 2735 2789 2805 pulcherrimae
2831 2735 3074 2790 veritatis
3104 2733 3336 2804 speciem
3380 2729 3766 2800 contemplari,

2193 2824 2366 2880 noluit
2407 2842 2621 2880 sursum
2667 2841 2726 2880 se
2769 2825 2978 2896 erigere
3004 2825 3056 2880 in
3085 2841 3204 2880 eum
3228 2865 3243 2890 ,
3276 2823 3451 2894 quise
3487 2821 3769 2892 diligentes

2191 2921 2403 2990 sibique
2434 2920 2789 2975 adhaerentes
2828 2920 3076 2984 deiﬁcat,
3107 2919 3199 2973 sed
3238 2932 3442 2988 pronus
3488 2917 3543 2970 in
3593 2931 3767 2970 rerum

2190 3013 2486 3070 carnalium
2511 3013 2924 3068 delectationem
2949 3023 3003 3068 et
3031 3011 3520 3082 concupiscentiam
3545 3009 3766 3072 corruit,

2139 3147 2156 3168 η
2191 3105 2335 3159 onmi
2361 3103 2626 3174 spirituali
2655 3118 2814 3159 sensu
2840 3104 3100 3173 privatus.

2262 3192 2548 3263 Palpebras
2578 3192 2764 3247 deinde
2789 3202 2838 3246 et
2862 3192 3138 3262 supercilia
3177 3192 3468 3246 divinarum
3514 3191 3770 3244 uisionum

2187 3283 2558 3356 intelligentiae
2591 3284 2980 3352 custoditivum,
3019 3283 3313 3340 subaudis:
3347 3273 3658 3354 signiﬁcare
3698 3282 3770 3336 di-

2188 3385 2336 3431 cunt.

2259 3467 2550 3523 Juvenilem
2574 3485 2693 3524 vero
2716 3478 2764 3524 et
2791 3468 3027 3524 adultam
3058 3477 3279 3522 aetatem
3305 3465 3438 3522 illud
3472 3467 3770 3522 innovantis

2188 3576 2389 3630 semper
2426 3561 2594 3616 vitalis
2635 3563 2862 3627 virtutis,
2913 3563 3016 3618 hoc
3042 3569 3144 3625 est,
3195 3559 3337 3618 illud.
3365 3559 3509 3629 quod
3546 3569 3770 3614 renovat

2188 3666 2402 3720 seraper
2426 3653 2636 3706 vitalem
2679 3653 2932 3708 virtutem
2956 3692 2971 3716 ,
3002 3652 3300 3722 imaginare
3341 3651 3550 3704 dicunt.
3585 3649 3694 3704 Sed
3727 3649 3770 3702 si

2188 3745 2423 3813 quaeris,
2459 3746 2587 3815 quid
2616 3755 2700 3800 est
2730 3746 2859 3800 illud
2886 3755 2940 3801 et
2977 3745 3104 3800 illud
3131 3755 3232 3810 ,.et
3270 3743 3699 3813 quotiescunque
3726 3743 3767 3773 "

2188 3837 2242 3891 in
2271 3837 2372 3892 hac
2409 3837 2770 3908 disputatione
2802 3839 2997 3894 dicitur
3027 3837 3154 3892 illud
3174 3877 3190 3902 ,
3221 3851 3326 3890 uno
3353 3837 3512 3890 modo
3547 3850 3765 3906 possum

2188 3931 2512 4000 respondere
2539 3949 2551 3985 :
2583 3929 2714 3986 illud
2740 3940 2822 3987 est
2850 3929 3116 3985 inell'ablle
3148 3938 3204 3984 et
3246 3927 3520 3998 multiplex
3555 3927 3765 3981 divinae

2185 4019 2581 4075 distributionis
2611 4035 2805 4074 munus
2833 4020 2888 4075 in
2914 4035 3102 4075 omnes
3126 4019 3335 4074 divinas
3359 4016 3646 4072 eSSentias.

2253 4108 2444 4164 Dentes
2487 4119 2662 4164 autem
2694 4109 2968 4164 divisivum
2992 4110 3190 4164 inditae
3217 4109 3492 4162 nutrientis
3523 4107 3570 4140 ³³
3597 4106 3762 4177 perfe-

2183 4201 2389 4255 ctionis.
2415 4200 2614 4256 Dentes
2639 4201 2924 4267 humanos,
2958 4201 3132 4271 inquit
3154 4201 3224 4267 “,
3250 4201 3433 4255 dicunt
3464 4199 3762 4270 imaginare

2182 4291 2501 4357 divisivum,
2550 4292 2653 4347 hoc
2689 4301 2774 4348 est
2808 4292 3180 4357 discretivum,
3207 4291 3350 4360 quod
3378 4291 3601 4344 inditam
3639 4305 3762 4345 cae-

2183 4378 2405 4436 lestibus
2454 4381 2704 4436 essentiis
2759 4382 3070 4437 nutritivam
3121 4383 3294 4452 pascit
3350 4381 3756 4452 perfectionem.

507 4457 708 4526 quippe
752 4457 934 4552 divina
965 4458 1137 4552 virtus
1189 4459 1664 4552 superessentiales
1702 4476 1744 4552 _a
1789 4462 2078 4517 contrariis
2109 4493 2156 4552 υ
2185 4467 2534 4541 Unaquaeque
2552 4473 2692 4526 enim
2711 4474 2933 4526 essentia
2947 4472 3371 4527 “intellectualis
3397 4472 3648 4526 donatam
3663 4470 3758 4526 sibi

499 4561 718 4613 earum,
772 4547 912 4603 sicut
937 4547 1224 4604 olfaciendi
1280 4562 1468 4604 sensus
1497 4550 1868 4607 suaveolentes
1894 4567 1926 4606 a
1967 4568 2073 4608 non

507 4638 938 4694 suaveolentibus
971 4638 1254 4706 distinguit
1293 4638 1676 4695 exhalationes.

575 4729 802 4784 Aurium
821 4745 942 4785 vero
970 4731 1180 4785 virtutes
1207 4731 1391 4785 dicunt
1417 4731 1720 4800 signiﬁcare
1749 4732 1875 4788 illud
1910 4735 2077 4803 parti-

505 4835 622 4890 ceps
661 4829 709 4873 et
741 4821 1030 4889 gnosticum
1067 4820 1272 4875 divinae
1310 4821 1666 4890 inspirationis
1697 4825 2076 4892 susceptivum;

504 4909 684 4980 plane,
711 4910 963 4980 quicquid
987 4909 1058 4965 sit
1078 4911 1226 4975 illud,
1250 4912 1390 4980 quod
1417 4910 1459 4942 "
1482 4913 1749 4983 particeps
1766 4924 1850 4970 est
1877 4916 1930 4969 in
1955 4931 2077 4971 cae-

501 4999 731 5060 lestibus
762 5003 1014 5059 essentiis
1036 5043 1050 5069 ,
1091 5011 1147 5058 et
1168 5004 1468 5074 gnosticum
1487 5044 1502 5071 ,
1531 5005 1586 5060 id
1618 5015 1702 5061 est
1723 5010 2073 5078 cognitivum,

2180 4578 2213 4615 a
2242 4560 2499 4615 diviniore
2538 4561 2850 4630 uniformem
2887 4563 3280 4632 intelligentiam
3319 4562 3538 4633 prorida
3577 4566 3759 4617 virtute

2181 4649 2362 4704 diuidit
2400 4658 2447 4704 et
2482 4650 2796 4717 multiplicat
2843 4654 2912 4705 ad
2953 4652 3215 4721 inferioris
3251 4652 3537 4706 ductricem
3574 4651 3754 4705 analo-

2179 4745 2337 4815 giam.
2371 4744 2660 4816 Pr0pterea
2689 4747 2872 4801 dicunt
2899 4762 2998 4816 per
3017 4747 3206 4801 dentes
3229 4746 3444 4817 ﬁgurari
3465 4743 3751 4802 discretio-

2181 4850 2304 4890 nem
2344 4835 2423 4902 ",
2471 4851 2609 4905 quae
2649 4836 3061 4891 intellectualem
3105 4835 3489 4905 perfectionem
3533 4835 3751 4890 inditam

2182 4925 2508 4986 caelestibus
2550 4926 2801 4980 essentiis
2852 4927 3020 4980 nutrit
3045 4965 3063 4991 ,
3105 4927 3359 4995 quoniam
3406 4928 3792 4995 unaquaeque'

2182 5015 2416 5069 essentia
2461 5015 2839 5070 intellectualis
2882 5016 3129 5072 donatam
3162 5017 3264 5072 sibi
3308 5031 3340 5072 a
3376 5017 3674 5080 diviniora,
3702 5014 3750 5068 id

1788 5141 2042 5198 VARIAE
2077 5145 2478 5203 LECTIONES.

570 5249 592 5284 ⁸
629 5249 694 5305 Β·
736 5265 901 5322 supra
938 5251 1112 5306 adscr.
1155 5267 1282 5318 prae
1313 5250 1540 5306 cunctis.
1616 5251 1637 5282 '
1660 5251 1702 5305 A
1727 5253 1970 5317 salutem,
1995 5256 2036 5309 B
2061 5257 2283 5328 salutem
2305 5266 2512 5331 (punct.
2543 5259 2650 5328 adj.
2676 5261 2782 5332 B‘).

1958 5344 1980 5373 ⁸
2032 5361 2128 5394 nm
2187 5348 2322 5399 dona
2383 5350 2414 5393 Δ
2449 5351 2596 5401 data.

1478 5339 1558 5379 AR
1602 5352 1840 5384 "lituram

501 5339 590 5393 ΑΒ
639 5339 986 5392 rationabilis.
1090 5339 1112 5370 ⁸
1157 5339 1414 5392 Emend.

2859 5260 2880 5292 ⁸
2917 5261 2976 5316 B‘
3001 5277 3142 5318 corr.
3179 5263 3234 5318 in
3257 5279 3379 5318 uno.
3458 5264 3480 5295 ⁸
3502 5263 3743 5329 Emend,

2691 5350 3279 5405 'Corr.B.ABI-or
3398 5355 3478 5386 ⁸-
3555 5353 3567 5362 ‘
3649 5355 3660 5367 '
