4028 6274
215 357 326 414 ’261

793 354 1293 413 EXPOSITIONES
1330 352 1556 411 SUPER
1590 347 2012 408 IERARCHIAM
2047 344 2455 404 CAELESTEM
2493 343 2551 400 S.
2593 343 2907 401 DlONYSll.

3363 347 3508 404 262‘

221 481 312 526 est
338 471 633 540 superiore,
661 472 894 524 essentia
919 448 1244 525 uniformem
1271 467 1674 539 intelligentiam
1705 480 1800 521 ve-
1827 469 2123 532 A-pectora
2144 461 2370 516 innuere
2407 459 2719 514 indomitam
2757 457 3062 514 custodiam
3088 459 3329 517 viviﬁcae
3365 462 3474 518 dis.

223 563 326 619 luti
366 561 620 616 dentibus
661 561 1002 616 discretionis
1044 560 1362 616 comminuit
1398 568 1454 614 et
1487 557 1804 628 multiplicat

223 669 326 722 per
370 651 650 721 providam
680 651 931 706 virtutem
969 651 1123 720 juxta
1164 649 1458 705 ductrieem
1499 647 1800 718 analogiam

226 743 503 798 inferioris
523 743 810 798 essentiae.
836 742 1140 797 Ductricem
1156 757 1253 811 pro
1265 740 1624 795 educatricem
1647 738 1799 796 dixit.

223 835 418 890 Divina
443 833 712 903 siquidem
744 833 1028 904 mysteria,
1059 833 1162 888 nisi
1189 831 1641 888 intellectualibus
1671 831 1802 886 den-

226 925 370 980 tibus
406 925 556 994 prius
589 925 1054 979 communicantur
1080 939 1111 978 a
1133 924 1420 991 magistris,
1448 938 1553 977 non
1572 930 1803 992 possunt

222 1017 482 1087 prodesse
507 1016 783 1085 discipulis
808 1017 850 1082 ¹,
899 1032 1000 1072 nec
1029 1017 1189 1072 vitale
1215 1017 1604 1072 incrementum
1641 1028 1801 1084 prae-

222 1115 391 1159 stare.
416 1104 654 1160 Granum
681 1121 909 1176 namque
932 1107 1156 1176 sinapis,
1183 1107 1285 1162 nisi
1309 1115 1594 1161 contusum
1619 1104 1800 1170 fuerit,

221 1196 334 1249 vim
374 1209 528 1250 suam
553 1209 808 1250 exercere
833 1195 1024 1250 nescit.

294 1282 350 1336 II
357 1300 560 1337 umeros
592 1294 766 1337 autem
789 1293 835 1337 et
867 1283 1101 1348 brae/tia,
1128 1293 1175 1336 et
1201 1283 1389 1336 iterum
1421 1299 1633 1347 manus,
1655 1281 1804 1353 [acti-

221 1390 370 1438 oum,
387 1375 408 1404 ⁹
423 1383 471 1428 et
492 1374 833 1443 operativum,
856 1381 904 1426 et
925 1375 1174 1438 activum,
1197 1372 1502 1442 signiﬁcare
1523 1373 1728 1427 dicunt.
1744 1372 1804 1426 ln

221 1465 311 1521 his
339 1466 487 1520 enim
519 1465 690 1519 tribus
719 1465 972 1520 membris
999 1465 1218 1519 humani
1260 1464 1501 1533 corporis
1543 1463 1803 1519 fortitudo

221 1555 495 1610 consistit.
529 1555 804 1610 Factivum
835 1554 901 1608 ad
940 1570 1134 1609 manus
1171 1554 1440 1620 refertur;
1481 1555 1630 1624 ipsae
1658 1553 1804 1608 enim

222 1641 460 1709 faciunt;
503 1645 836 1714 operativum
880 1646 950 1700 ad
995 1646 1248 1709 brachia,
1280 1647 1330 1700 in
1361 1645 1555 1716 quibus
1582 1653 1693 1700 tota
1722 1644 1803 1700 vis

219 1735 560 1804 Operatiouis
587 1736 804 1801 existit;
839 1736 1071 1790 activum
1100 1738 1166 1791 ad
1191 1737 1447 1792 humeros
1473 1776 1489 1804 ,
1528 1737 1581 1791 in
1608 1736 1803 1806 quibus

1904 553 2235 618 tributionis,
2265 566 2406 623 quae
2439 567 2470 606 a
2504 552 2780 622 supposito
2805 553 2967 608 corde
2993 553 3254 623 originem
3291 556 3469 612 ducit.

1902 642 2010 699 Cor
2036 643 2300 713 siquidem
2327 641 2592 712 corporali
2621 643 2727 697 situ
2754 642 2854 698 sub
2884 653 3120 712 pectore,
3152 643 3236 700 sic
3261 644 3283 678 ’
3308 646 3472 703 veluti

1902 735 2004 790 sub
2031 734 2329 789 munimine
2370 742 2487 789 tuto
2534 733 2796 804 ﬁrmaque
2827 735 3070 790 custodia
3110 735 3286 792 vitalis
3315 738 3358 770 ¹⁰
3387 740 3473 795 sui
3507 787 3516 798 ..

1903 835 2102 891 motus,
2131 841 2239 896 quo
2267 832 2439 880 totum
2469 834 2615 880 metu
2639 839 2834 896 corpus
2861 825 3126 893 viviﬁcat,
3159 829 3478 886 naturaliter

1903 919 2252 974 constitutum
2273 925 2377 972 est.
2403 915 2506 970 Ubi
2529 916 2724 972 durum
2749 917 3054 986 posuimus,
3087 918 3159 973 ibi
3185 918 3240 974 in
3265 918 3477 976 Graeco

1903 1009 2203 1083 ἀδάμαστον
2231 1009 2297 1074 “,
2341 1007 2484 1076 quod
2520 1014 2575 1062 et
2616 1008 2809 1064 durum
2850 1007 3120 1079 signiﬁcat
3151 1016 3210 1064 et
3241 1008 3476 1066 indomi-

1903 1112 2037 1157 tum.

1935 1236 1938 1240 .
1973 1191 2143 1246 Dorsa
2165 1205 2282 1244 vero
2305 1189 2608 1245 continuum
2644 1189 2801 1244 simul
2839 1199 3146 1247 cunctorum
3166 1191 3209 1224 “
3227 1191 3481 1263 fertilia»:

1903 1283 2170 1336 virtutum.
2209 1281 2381 1335 Darsa
2425 1279 2657 1335 hominis
2681 1280 2989 1350 signiﬁcant
3017 1281 3504 1340 continuationem

1904 1370 2159 1426 fertilium
2192 1370 2474 1426 virtutum.
2505 1369 2574 1424 Ut
2610 1370 2753 1424 enim
2804 1385 2929 1426 ossa
2976 1371 3165 1442 spinae
3210 1373 3312 1430 sibi
3343 1375 3485 1430 invi-

1904 1477 2020 1518 cem
2062 1463 2442 1526 coadnaerent,
2487 1471 2542 1518 et
2584 1478 2682 1533 per
2726 1463 2936 1519 illarum
2988 1466 3252 1523 medullas
3300 1467 3484 1525 vitalis

1905 1562 2082 1610 motus
2110 1554 2164 1609 in
2195 1563 2364 1610 totum
2404 1570 2608 1627 corpus
2651 1555 2982 1622 diﬁunditur,
3021 1565 3077 1614 et
3119 1559 3353 1616 maxime
3390 1560 3485 1631 qui

1903 1652 1990 1698 est
2030 1643 2083 1699 in
2114 1651 2356 1699 tactum:
2389 1645 2463 1699 ita
2501 1644 2810 1714 spirituales
2849 1645 3078 1702 virtutes
3110 1647 3213 1702 sibi
3253 1648 3484 1705 invicem

1907 1735 2681 1806 adunanturinseparabiliter,
2711 1745 2787 1803 ut,
2821 1737 2912 1794 ubi
2941 1737 2987 1771 “
3019 1753 3147 1804 una,
3174 1739 3248 1795 ibi
3267 1755 3480 1798 omnes.

222 1824 390 1878 veluti
437 1824 668 1893 quodam
716 1825 930 1880 cardine
961 1825 1186 1879 actionis
1215 1835 1392 1880 motus
1438 1825 1609 1894 primo
1637 1823 1800 1880 volvi-
1831 1819 1877 1878 Β
1903 1824 1986 1881 Ab
2007 1840 2110 1880 una
2140 1825 2359 1895 quippe,
2389 1827 2619 1882 caritate
2643 1827 2910 1892 videlicet,
2942 1843 3129 1884 omnes
3158 1831 3504 1898 procedunt,

225 1925 341 1978 tur,
387 1914 580 1968 deinde
620 1929 718 1984 per
762 1913 982 1970 brachia
1036 1914 1090 1969 in
1137 1931 1329 1970 manus
1363 1915 1690 1970 extenditur.
1731 1911 1820 1969 Ut.

218 2013 407 2058 autem
454 2003 506 2057 in
556 2003 736 2058 anima
784 2004 1087 2059 rationabili
1128 2005 1336 2073 primus
1377 2011 1557 2059 motus
1603 2003 1805 2074 ejusin

221 2097 410 2152 animo
429 2102 530 2159 est,
552 2095 716 2151 veluti
739 2095 1056 2166 quibusdam
1085 2097 1196 2153 suis
1217 2097 1481 2162 humeris,
1509 2097 1600 2165 qui
1629 2103 1805 2151 motus

221 2189 373 2244 actio
413 2188 632 2253 dicitur,
663 2187 857 2243 deinde
899 2189 1231 2244 descendens
1272 2204 1371 2258 per
1412 2188 1823 2259 progressiores-

221 2295 483 2336 numeros
521 2279 542 2311 ⁸
576 2278 740 2334 veluti
776 2294 872 2349 per
911 2280 1172 2350 quaedam
1218 2279 1436 2335 brachia
1485 2280 1539 2334 in
1584 2272 1826 2335 artificis

221 2370 660 2426 aestimationem
689 2410 704 2435 ,
733 2369 1062 2440 operationis
1110 2384 1302 2424 nomen
1342 2368 1558 2439 accipit,
1588 2369 1714 2424 dum
1752 2370 1805 2424 in

217 2461 478 2518 effectum
541 2462 673 2517 moti
718 2461 962 2530 corporis
1008 2461 1280 2515 exseritur
1329 2460 1391 2525 ⁸,
1449 2459 1676 2516 factivus
1722 2459 1809 2515 vel

217 2551 508 2608 eﬂ‘ectivus
535 2565 639 2608 non
671 2552 964 2622 incongrue
992 2550 1259 2606 vocitatur
1281 2551 1303 2583 '
1335 2570 1347 2604 :
1378 2552 1472 2615 ita,
1498 2559 1557 2606 ut
1591 2551 1804 2621 opinor,

221 2643 284 2698 in
332 2641 654 2698 caelestibus
692 2643 918 2708 animis,
951 2642 1076 2695 dum
1107 2641 1268 2696 veluti
1311 2642 1484 2711 primo
1523 2651 1668 2698 motu
1699 2642 1809 2711 pri-

224 2734 520 2790 mordiales
549 2749 738 2789 causas
782 2734 832 2787 in
864 2733 1126 2802 principio
1172 2733 1444 2797 omnium,
1487 2733 1626 2801 quod
1669 2731 1823 2788 Deus

217 2836 332 2893 est,
357 2841 516 2896 supra
539 2841 598 2881 se
623 2826 918 2892 intuentur,
941 2825 1082 2879 actio
1104 2840 1287 2880 eorum
1305 2823 1349 2888 ⁸,
1370 2824 1494 2877 dum
1519 2823 1572 2878 in
1595 2822 1806 2891 seipsis,

217 2918 374 2990 quod
419 2935 580 2988 supra
613 2934 671 2973 se
699 2918 876 2972 vident
905 2957 921 2981 ,
965 2915 1304 2971 conformant
1328 2956 1343 2980 ,
1377 2915 1645 2984 operatio,
1682 2915 1809 2968 dum

223 3023 383 3072 vero,
412 3022 550 3077 quae
575 3005 816 3061 facienda
842 3014 967 3059 sunt
993 3005 1044 3059 in
1071 3014 1263 3058 natura
1291 3019 1469 3058 rerum
1486 3003 1639 3070 juxta
1669 3018 1803 3058 ana-

220 3097 426 3169 logiam
455 3112 664 3161 eorum,
690 3111 827 3166 quae
851 3111 1012 3166 supra
1040 3111 1098 3150 se
1125 3094 1559 3164 contemplantur
1583 3103 1639 3148 et
1667 3094 1719 3148 in
1751 3109 1811 3148 se

1905 1923 1962 1971 et
2005 1915 2399 1971 concatenatim
2433 1917 2676 1988 singulae
2721 1916 2944 1988 singulis
2979 1918 3284 1988 dependent
3321 1919 3387 1985 “,
3427 1930 3486 1976 et

1906 2007 2246 2065 fertilitatem
2269 2007 2529 2079 angelicis
2549 2018 2604 2064 et
2631 2009 2880 2066 humanis
2901 2008 3152 2064 inferunt.
3179 2008 3282 2066 Ubi
3303 2011 3488 2080 posui-

1907 2113 2028 2154 mus
2063 2097 2341 2162 fertilium,
2373 2097 2446 2152 ibi
2472 2097 2526 2152 in
2556 2097 2766 2154 Graeco
2791 2098 3068 2171 ζωογὸνων,
3096 2099 3238 2169 quod
3264 2099 3488 2171 proprie

1907 2186 2244 2249 fertilitatem
2265 2188 2553 2258 signiﬁcat.

1979 2277 2146 2332 Pedes
2168 2287 2342 2332 autem
2365 2317 2379 2344 ,
2411 2277 2636 2332 subaudi
2677 2276 3003 2346 signiﬁcant,
3040 2278 3310 2348 mobileget
3340 2275 3488 2334 velox

1908 2377 1954 2422 et
1980 2367 2168 2422 cursile
2189 2368 2244 2420 in
2269 2368 2311 2398 ”
2337 2367 2511 2422 divina
2538 2383 2738 2437 semper
2757 2369 2927 2422 euntis
2955 2367 3221 2432 motionis,
3252 2367 3356 2423 hoc
3378 2373 3486 2432 est,

1910 2455 2164 2516 mobilem
2213 2455 2560 2525 velocemque
2609 2464 2664 2509 et
2710 2464 3016 2511 currentem
3057 2465 3261 2511 motum
3311 2455 3490 2513 caele-

1909 2548 2073 2604 stium
2101 2549 2457 2604 essentiarum
2481 2548 2534 2602 in
2563 2548 2743 2602 divina
2772 2541 3053 2620 mysteria.
3085 2548 3310 2619 Propter
3346 2548 3488 2619 quod

1910 2650 1957 2695 et
1988 2651 2241 2712 pennatos
2269 2641 2529 2712 theologia
2563 2651 2865 2696 sanctorum
2903 2640 3255 2696 intellectuum
3285 2641 3490 2712 ﬁgura-

1910 2732 1978 2786 vit
2031 2732 2204 2801 pedes.
2247 2731 2516 2787 Pennatus
2561 2749 2783 2803 namque
2824 2733 3086 2803 signiﬁcat
3126 2734 3490 2804 anagogicam,

1911 2822 2014 2879 hoc
2041 2831 2145 2887 est,
2177 2838 2391 2878 sursum
2419 2825 2702 2884 ducentem
2727 2823 2771 2855 ‘°
2800 2823 3140 2890 velocitatem,
3172 2834 3219 2880 et
3247 2825 3503 2880 caelestes

1910 2928 2119 2965 sursum
2160 2929 2332 2966 versus
2367 2913 2407 2944 "
2437 2914 2638 2968 itineris
2679 2914 2932 2977 activam,
2973 2915 3161 2981 idest,
3203 2914 3490 2970 caelestem

1913 3002 2180 3063 actionem
2216 3003 2426 3059 itineris
2465 3004 2762 3070 virtutum,
2805 3004 2944 3074 quod
2989 3019 3202 3059 sursum
3247 3006 3397 3062 ducit
3435 3006 3490 3059 in

1914 3094 2158 3149 veritatis
2209 3095 2744 3166 contemplationem,
2779 3105 2826 3151 et
2872 3096 2937 3150 ab
2977 3097 3118 3151 omni
3167 3097 3354 3150 humili
3400 3113 3492 3167 per

215 3189 618 3253 conformant,
665 3187 870 3243 faciunt
921 3196 1086 3256 atque
1137 3184 1403 3250 eﬁiciunt,
1451 3185 1678 3239 factivus
1725 3183 1809 3238 vel
1837 3191 1880 3253 C
1910 3203 2117 3242 sursum
2141 3186 2307 3255 ferens
2333 3199 2624 3253 remotum,
2657 3189 2761 3244 hoc
2781 3196 2901 3253 est,
2932 3189 3149 3259 pennati
3179 3190 3344 3260 pedes
3370 3203 3494 3244 san-

214 3279 510 3336 eﬁ‘cctivus
544 3293 730 3335 eorum
763 3287 939 3334 motus
976 3293 1082 3333 non
1120 3277 1559 3332 inconvenienter
1591 3275 1804 3330 dicitur.

289 3371 408 3426 Cor
436 3389 552 3426 cera
587 3369 875 3441 symbolum
904 3387 1014 3425 esse
1049 3369 1320 3439 deiformis
1367 3371 1501 3424 vitae
1546 3369 1810 3438 propriam

223 3458 440 3514 vitalem
473 3461 715 3514 virtutem
737 3443 1061 3529 deiformiter
1083 3459 1137 3512 in
1162 3475 1248 3525 ea,
1274 3476 1406 3530 quae
1428 3457 1811 3529 praeintellecta

226 3560 376 3615 sunt,
400 3551 727 3605 seminantis.
757 3551 950 3606 Dicunt
973 3564 1096 3606 esse
1121 3565 1217 3612 cor
1240 3549 1541 3620 symbolum
1561 3589 1576 3613 ,
1599 3549 1813 3618 signum

222 3641 418 3712 plane,
448 3641 723 3696 deiformis
752 3642 912 3706 vitae,
941 3656 1080 3711 quae
1119 3650 1203 3697 est
1233 3641 1286 3696 in
1313 3643 1333 3672 "
1366 3640 1812 3696 intellectualibus

223 3740 286 3786 et
309 3732 720 3787 rationabilibus
735 3734 1018 3797 creaturis,
1033 3747 1171 3802 quae
1186 3732 1456 3802 pr0priam
1476 3731 1689 3788 vitalem
1707 3731 1814 3784 vir-

231 3829 404 3874 tutem
433 3819 765 3875 deiformiter
801 3823 1032 3876 seminat
1054 3822 1106 3875 in
1140 3837 1235 3886 ea,
1261 3836 1400 3890 quae
1425 3822 1601 3876 divina
1629 3820 1812 3890 provi-

231 3913 436 3976 dentia,
463 3914 773 3983 priusquam
805 3913 1016 3976 ﬁerent,
1037 3913 1454 3983 praeintellexit.
1477 3913 1593 3978 Quo
1620 3912 1672 3966 in
1696 3911 1813 3967 loco

224 4003 527 4059 notandum
548 4044 563 4068 ,
603 4003 746 4072 quod
779 4018 974 4057 omnes
1005 4004 1256 4067 virtutes,
1304 4017 1444 4072 quae
1481 4017 1578 4073 per
1605 4003 1816 4071 singula

228 4095 481 4150 membra
510 4095 729 4150 humani
759 4095 999 4165 corporis
1025 4095 1528 4165 imaginantur,non
1555 4094 1724 4149 solum
1747 4095 1816 4148 ad

232 4184 501 4240 caelestes
523 4187 805 4252 essentias,
822 4203 1007 4242 verum
1037 4188 1201 4241 etiam
1223 4187 1288 4241 ad
1312 4201 1528 4242 causam
1550 4186 1811 4251 omnium,

234 4291 302 4330 ex
335 4291 442 4346 qua
473 4292 660 4332 omnes
701 4277 1002 4348 procedunt
1036 4279 1262 4332 virtutes
1283 4318 1296 4342 ,
1341 4285 1564 4347 possunt
1604 4275 1812 4331 referri.

237 4366 316 4422 Ex
358 4367 670 4442 qua‘etiam
696 4369 859 4423 veluti
912 4369 1100 4423 intimo
1131 4370 1296 4423 certe
1340 4368 1515 4422 vitalis
1557 4375 1731 4424 motus
1762 4369 1814 4422 in

238 4459 646 4514 universitatem
689 4460 913 4515 visibilis
958 4469 1012 4515 et
1053 4458 1336 4515 invisibilis
1372 4467 1651 4514 creaturae
1694 4467 1814 4512 tan-

235 4567 404 4620 quam
445 4551 497 4605 in
526 4567 689 4607 unum
719 4553 986 4622 quoddam
1034 4567 1229 4622 corpus
1275 4551 1615 4608 distribuitur
1656 4560 1816 4622 atque

234 4641 557 4698 seminatur.
594 4641 806 4697 Intuere
826 4643 987 4698 etiam
1016 4645 1158 4714 quod
1185 4643 1296 4697 ait:
1319 4642 1426 4698 Cor
1449 4659 1568 4698 esse
1590 4643 1809 4713 symbo-

234 4730 352 4786 lum
377 4731 655 4787 deiformis
675 4734 819 4788 vitae
846 4734 1064 4789 vitalem
1097 4733 1347 4788 virtutem
1383 4733 1700 4789 seminantis
1719 4773 1734 4798 ,
1758 4740 1814 4787 et

234 4822 513 4893 intellige,
536 4824 681 4878 hunc
706 4824 1038 4894 praeclarum
1071 4826 1386 4894 magistrum
1422 4826 1602 4880 sedem
1634 4825 1814 4880 vitalis

237 4923 426 4971 motus
471 4916 632 4971 totius
672 4918 839 4972 nostri
869 4916 1113 4986 corporis
1138 4932 1244 4971 non
1276 4917 1328 4971 in
1356 4917 1605 4981 cerebro,
1636 4915 1727 4970 sed
1755 4915 1813 4969 in

227 5006 410 5062 corde
443 5010 791 5064 constitutam
819 5008 1033 5062 docere.

317 5092 540 5152 Pectora
566 5099 754 5152 iterum
791 5098 1086 5168 signiﬁcare
1121 5097 1312 5149 durum
1341 5106 1388 5150 et
1431 5083 1814 5162 custoditivum,

239 5197 304 5242 ιιι
335 5203 368 5242 a
393 5190 658 5260 supposito
674 5189 837 5244 corde
863 5189 1100 5258 uiuiﬁcae
1130 5189 1506 5243 distributionis
1531 5189 1570 5241 ⁸.
1599 5189 1814 5253 Dicunt,

1909 3287 2118 3334 ctorum
2159 3279 2532 3336 intellectuum
2567 3282 2905 3353 signiﬁcant,
2945 3283 3088 3352 quod
3117 3282 3215 3354 ipsi
3241 3282 3310 3337 ab
3341 3281 3492 3337 omni

1909 3370 2212 3426 humilitate
2236 3371 2534 3440 corporalis
2556 3381 2844 3428 creaturae
2869 3373 3064 3430 remoti
3087 3382 3232 3438 sunt,
3249 3386 3353 3442 per
3371 3387 3494 3427 sur-

1911 3474 2028 3514 sum
2053 3458 2254 3526 ferens,
2283 3461 2336 3516 id
2363 3470 2471 3526 est,
2501 3477 2598 3533 per
2625 3463 3040 3519 intellectualem
3069 3463 3355 3528 theoriam,
3383 3477 3490 3532 qua

1911 3563 2126 3604 sursum
2171 3549 2415 3605 feruntur
2463 3552 2517 3606 in
2559 3566 2776 3607 causam
2811 3567 2990 3608 rerum
3022 3552 3328 3608 volitantes.
3361 3551 3488 3621 Ipsa

1911 3654 2027 3693 vero
2071 3655 2360 3707 pennarum
2410 3638 2590 3694 levitas
2637 3641 2794 3694 nichil
2849 3650 3144 3704 terrenum,
3186 3643 3275 3694 sed
3323 3650 3489 3696 totum

1911 3731 2103 3795 munde
2131 3740 2180 3783 et
2208 3731 2319 3785 sine
2359 3732 2613 3800 gravitate
2655 3733 2708 3786 in
2753 3731 3011 3786 excelsum
3044 3731 3350 3787 ascendens.
3392 3731 3497 3788 Su-

1911 3820 2092 3890 perius
2117 3820 2418 3890 expositum
2454 3829 2538 3876 est
2562 3822 2632 3886 "9,
2665 3822 2807 3890 quod
2845 3821 3037 3877 levitas
3078 3837 3376 3892 pennarum
3423 3823 3498 3878 si-

1914 3911 2150 3980 gniﬁcat,
2181 3912 2316 3965 nihil
2345 3912 2398 3965 in
2418 3912 2745 3968 caelestibus
2789 3914 3040 3968 essentiis
3055 3922 3330 3969 terrenum
3351 3929 3492 3978 esse,

1914 4003 2007 4057 sed
2039 4010 2178 4056 totas
2202 4017 2296 4058 eas
2320 4003 2549 4058 mundas
2569 4002 2823 4071 omnique
2845 4004 3109 4073 gravitate
3135 4002 3413 4058 absolutas
3436 4003 3494 4058 in

1915 4092 2208 4156 excelsum,
2240 4093 2407 4148 Deum
2437 4092 2619 4163 plane,
2656 4095 2967 4148 ascendere.
3013 4091 3315 4147 Notandum
3349 4093 3500 4162 quod

1914 4185 2102 4239 beatus
2144 4183 2247 4240 iste
2293 4185 2567 4254 magister,
2606 4184 2763 4238 sicuti
2795 4184 2960 4240 ceteri
2989 4183 3233 4252 ejusdem
3277 4183 3498 4256 linguae

1915 4274 2182 4339 doctores,
2221 4274 2400 4329 omnia
2446 4289 2676 4343 genera,
2717 4289 2913 4330 omnes
2950 4289 3209 4330 numeros
3251 4275 3494 4331 omnium

1915 4365 2202 4419 verborum
2258 4374 2669 4436 ceterarumque
2729 4366 2961 4436 partium
3015 4367 3504 4438 signiﬁcativarum

1919 4457 2218 4514 intellectus
2259 4473 2358 4529 per
2399 4458 2689 4531 singularia
2738 4461 3000 4516 neutralia
3044 4461 3282 4527 nomina,
3334 4477 3507 4534 saepe.

1843 4533 1894 4594 Β
1915 4551 2080 4606 etiam
2126 4565 2221 4620 per
2256 4551 2546 4607 verborum
2576 4551 2784 4606 inﬁnita
2809 4553 3161 4609 usitatissime
3197 4533 3492 4610 insinuant.

1918 4637 2137 4694 Nudum
2165 4656 2368 4711 quoque
2401 4649 2448 4694 et
2475 4640 2860 4705 discalciatum,
2884 4640 3185 4706 dimissum,
3213 4650 3260 4695 et
3287 4641 3498 4697 absolu-

1912 4741 2042 4797 tum,
2061 4741 2109 4786 et
2133 4731 2577 4796 immensurabile,
2598 4741 2644 4785 et
2667 4748 2856 4802 purum
2880 4749 3060 4788 eorum
3083 4733 3149 4798 ",
3178 4748 3314 4804 quae
3345 4741 3497 4788 extra

1913 4833 2031 4878 sunt
2057 4863 2072 4888 ,
2135 4824 2455 4893 oppositione
2480 4862 2495 4889 ,
2559 4832 2606 4876 et
2657 4825 2727 4878 ad
2775 4824 3158 4894 simplicitatem
3219 4826 3492 4886 divinans.

1911 4922 2169 4984 quantum
2208 4913 2483 4983 possibile,
2539 4912 2982 4970 adsimulativum.
3026 4913 3106 4970 Ac
3149 4915 3195 4972 si
3245 4916 3493 4972 diceret:

1919 5008 2071 5080 Quod
2105 5008 2421 5074 caelestium
2447 5008 2807 5063 essentiarum
2849 5009 3106 5079 mysticae
3146 5010 3408 5080 imagines
3434 5010 3506 5066 in.

1921 5100 2268 5154 similitudine
2309 5102 2439 5156 nudi
2484 5102 2718 5157 hominis
2769 5110 2824 5157 et
2867 5101 3070 5172 absque
3112 5101 3492 5157 calceamentis

1922 5192 2114 5245 stantis
2139 5205 2233 5245 seu
2260 5190 2608 5262 ingredientis
2636 5191 2782 5246 visae
2809 5199 2955 5257 sunt,
2989 5192 3118 5261 quid
3157 5190 3299 5245 aliud
3325 5189 3493 5259 signi-

1513 5318 1768 5373 ‘VARIAE
1807 5319 2205 5376 LECTIONES.

321 5460 341 5493 ⁸
368 5460 409 5513 Α
434 5456 738 5522 disciplinis.

245 5540 422 5586 catur.
499 5529 519 5558 ⁵
541 5525 612 5578 Β·
645 5527 820 5579 adscr.
857 5532 952 5578 est.

241 5603 340 5664 sit,
371 5600 428 5652 B'
453 5613 612 5667 supra
650 5595 824 5667 adscr.
865 5610 983 5667 cum
1027 5593 1116 5667 sit_.

240 5679 573 5726 αηειοηιηι.

246 5741 603 5796 swnduceute.
698 5735 736 5766 "
770 5735 810 5788 Β
839 5749 1010 5788 versus
1035 5749 1261 5786 sursum.

812 5454 834 5483 ‘
859 5451 1011 5508 Corr.
1040 5453 1133 5516 B‘,
1157 5451 1244 5506 AB
1265 5451 1528 5521 (activam.
1606 5452 1626 5481 ³
1657 5450 1730 5503 Β⁴
1757 5466 1898 5506 corr.
1923 5451 2303 5522 progressiones
2330 5469 2682 5508 numerorum.

1045 5524 1065 5555 "
1093 5525 1148 5577 in
1174 5538 1284 5577 om.
1316 5523 1427 5586 AB,
1455 5537 1613 5590 supra
1647 5523 1822 5575 adscr.
1866 5522 1956 5574 B‘.

1045 5593 1116 5646 ιίι.
1222 5593 1261 5624 ¹⁰
1289 5592 1441 5648 Corr.
1488 5591 1570 5648 B‘.
1603 5591 1691 5644 AB
1739 5590 1902 5644 vitali.

671 5631 1010 5724 π’ἆὲνὲῗίὲῖ,
1027 5631 1127 5715 ἏῙΞ
1156 5664 1245 5716 ibi.
1290 5631 2138 5730 1"i'iio;;.’é=:'mittendus:

698 5735 736 5766 ¹⁶²
770 5735 810 5786 Β
839 5749 1010 5786 versus
1035 5749 1261 5786 sursum.
1349 5733 1392 5762 ³⁸
1424 5744 1496 5785 est
1531 5749 1637 5786 Olli.
1672 5729 1780 5786 AB.
1813 5732 1994 5786 adscr.
2032 5731 2116 5785 B'.

1349 5747 1392 5762 *τ’
1424 5747 1496 5785 est
1531 5749 1637 5786 om.
1672 5747 1780 5796 nu,
1813 5747 1994 5788 adscr.
2035 5747 2116 5785 If.

3289 5453 3434 5488 ΙΙΔ..

2904 5457 2915 5506 ι
2947 5454 3193 5507 exeritur.
3289 5454 3310 5486 "
3333 5454 3375 5507 Α
3408 5472 3494 5509 ro-

2904 5521 3268 5614 ’σιρῑιῖλερξο
3284 5525 3368 5614 ,εἰσ
3406 5525 3495 5614 ea

2002 5592 2043 5622 ¹¹
2074 5593 2161 5646 ΑΒ
2194 5591 2472 5665 αδιμαστον
2504 5593 2585 5646 vel
2624 5613 2909 5665 αμμαστον.
3007 5593 3048 5624 ⁸⁸
3088 5591 3239 5648 Corr.
3284 5595 3374 5657 B',
3407 5595 3496 5649 ΑΒ

2002 5662 2138 5732 lunt.
2236 5662 2279 5732 “f
2307 5664 2359 5715 in
2385 5677 2493 5732 om.
2523 5663 2632 5724 AB,
2680 5678 2840 5732 supra
2877 5663 3053 5717 adscr.
3081 5663 3163 5717 B'.
3241 5665 3285 5696 ⁸⁸
3314 5669 3355 5720 Δ
3387 5681 3497 5718 sur-

2193 5731 2234 5762 ¹⁹
2265 5731 2324 5784 Β·
2366 5731 2502 5786 infra
2536 5732 2710 5788 adscr.
2744 5731 2806 5785 ab
2834 5748 3038 5787 eorum.

2780 5454 2799 5485 ⁵
2827 5453 2915 5508 AB
2947 5454 3193 5507 exeritur.

2032 5524 2054 5552 ⁸
2081 5523 2121 5575 Β
2150 5522 2527 5576 distributionis
2559 5523 2808 5590 uiuiﬁcae.
