4028 6274
519 321 626 380 263

1894 316 2176 382 JOANNIS
2215 318 2411 380 SCOTI

3684 326 3801 384 εει

524 441 673 505 ﬁeat,
711 434 813 492 nisi
841 435 984 506 quod
1005 435 1171 491 divini
1202 437 1368 492 animi
1395 435 1623 503 dimissi,
1658 436 1711 494 id
1731 446 1834 503 est,
1869 437 2025 494 liberi
2049 447 2106 494 et
2131 441 2179 502 Α
2207 436 2431 493 scientia
2463 433 2778 500 fecundant;
2810 450 2971 507 quam
2993 437 3294 493 custodiam
3323 438 3558 494 maxime
3581 455 3798 512 tempe-

523 529 753 586 absoluti
801 529 910 583 sint
939 530 993 594 ⁸,
1047 544 1144 583 sua
1184 530 1400 600 propria
1441 530 1720 586 voluntate
1746 531 2101 586 rationabili-

525 629 610 676 ter
636 619 875 675 fruentes
904 620 1051 675 Deo?
1076 629 1132 675 et
1159 621 1301 690 quod
1330 621 1802 678 immensurabiles
1836 623 1985 676 sint?
2012 621 2100 676 in-

525 711 677 765 finita
702 717 786 768 est
821 710 966 764 enim
1015 709 1228 766 illorum
1269 719 1464 766 natura
1511 721 1566 766 et
1613 713 2100 783 incircumscripta,

524 800 628 856 nisi
647 800 764 854 solo
785 799 1115 855 conditore.I
1129 817 1246 866 suo,
1266 803 1356 870 qui
1380 803 1560 856 omnia
1587 801 1773 857 deﬁnit
1797 811 1851 856 et
1873 803 2107 857 circum-

525 890 748 956 scribit;
784 899 839 945 et
881 892 1022 960 quod
1057 891 1176 962 puri
1216 892 1367 946 sint?
1413 891 1822 947 incontaminati
1850 893 1871 925 ³
1915 893 2104 948 videli-

453 1005 456 1008 ~
526 988 614 1036 cet
643 978 945 1049 adiectione
985 996 1194 1047 eorum,
1224 996 1363 1052 quae
1397 991 1552 1038 extra
1581 991 1741 1048 sunt,
1771 983 2106 1039 sensibilium

526 1070 779 1125 videlicet
804 1080 857 1126 et
885 1072 1247 1141 corporalium
1278 1088 1456 1128 rerum
1484 1113 1498 1140 ,
1527 1083 1583 1129 et
1622 1075 1818 1144 quibus
1846 1074 2107 1133 caelestes

523 1158 755 1215 virtutes
797 1161 1019 1216 omnino
1051 1171 1318 1228 rem0tae;
1351 1171 1406 1216 et
1430 1163 1573 1234 quod
1612 1164 1815 1219 similes
1851 1165 1960 1220 sint
1981 1167 2112 1221 sim-

530 1248 755 1318 plicitati
789 1248 812 1280 δ
840 1250 1053 1306 divinae
1077 1292 1093 1318 ,
1141 1264 1402 1322 quantum
1444 1252 1644 1308 imitari
1676 1269 1799 1310 eam
1825 1264 2112 1312 creaturae

528 1340 786 1411 possibile
812 1342 874 1396 ’ἲ
1522 1379 1524 1382 μ
1617 1391 1624 1397 .

592 1430 712 1486 οδεά
731 1432 979 1502 quoniam
1002 1434 1186 1488 iterum
1209 1434 1398 1502 simpla
1429 1446 1480 1490 et
1519 1437 1740 1493 multum
1762 1439 1910 1493 saria
1928 1441 2114 1509 sapltia

533 1530 582 1574 et
605 1523 786 1578 .nudos
815 1527 982 1590 eestit,
996 1536 1043 1579 et
1066 1543 1187 1581 vasa
1211 1528 1469 1596 quaedam
1486 1529 1576 1583 dat
1601 1531 1727 1602 ipsis
1754 1531 2110 1602 circumferre,

533 1619 644 1697 φέρι
675 1619 695 1650 ⁶
724 1627 773 1671 et
793 1619 1086 1672 animorum
1113 1618 1412 1673 caelestium
1441 1637 1617 1675 sacros
1648 1623 1869 1677 amictus
1890 1633 1938 1677 et
1963 1639 2116 1693 orga-

538 1726 628 1775 na,
669 1707 951 1763 secundant
979 1707 1117 1778 quod
1145 1709 1291 1762 nobis
1318 1710 1560 1778 possibile
1584 1712 1626 1777 ⁷,
1651 1712 1970 1781 aperiamus.
2005 1713 2114 1769 Sed

2202 526 2411 580 rantiae
2456 533 2510 580 et
2536 525 2874 580 constantiae
2910 524 3108 579 ethnici
3145 527 3466 582 attribuunt.
3513 527 3606 583 Est
3642 530 3800 583 enim

2203 615 2506 671 constantia
2541 616 2798 670 virtutum
2830 625 3014 671 custos
3037 632 3100 672 ac
3147 618 3306 672 veluti
3349 633 3503 684 zona,
3544 621 3800 676 habitum

2203 705 2416 760 illarum
2449 707 2827 777 praecingens,
2874 709 3018 776 quod
3063 719 3462 779 consequenter
3502 710 3752 783 adjungit
3780 730 3798 766 :

2203 807 2251 850 et
2273 799 2680 867 .congregantem
2709 815 2798 852 eas
2841 799 3076 854 habitum
3123 801 3180 856 in
3223 803 3447 871 seipsam
3492 805 3639 858 unite
3672 819 3806 859 008-

2205 889 2335 941 verti
2376 897 2425 940 et
2455 887 2808 954 circulariter,
2841 907 2960 944 cum
2989 889 3243 959 facilitate
3279 909 3406 946 casu
3445 904 3659 949 carente
3692 911 3804 949 na-

2207 986 2357 1030 turae
2396 976 2737 1031 similitudine
2759 979 2900 1033 circa
2922 979 3149 1049 seipsam
3171 981 3514 1050 circumferri.
3540 982 3658 1038 Hoc
3679 993 3799 1039 est:

2207 1067 2355 1122 Zona
2385 1068 2652 1138 signiﬁcat
2681 1071 2926 1126 habitum
2951 1112 2966 1137 ,
2998 1073 3087 1142 qui
3125 1089 3219 1128 eas
3247 1085 3539 1145 congregat
3565 1069 3806 1133 virtutes

2209 1158 2263 1212 in
2289 1175 2475 1226 unum,
2503 1171 2558 1216 et
2599 1163 2773 1232 ipsum
2801 1163 3042 1218 habitum
3085 1165 3137 1219 in
3170 1179 3228 1219 se
3258 1166 3430 1234 ipsum
3468 1182 3564 1236 per
3591 1168 3808 1221 aduna-

2210 1250 2414 1305 tionem
2440 1253 2702 1307 virtutum
2733 1254 2786 1308 in
2816 1254 2975 1309 simul
3001 1252 3296 1320 converti,
3341 1256 3804 1326 quemadmodum

2211 1356 2347 1396 zona
2394 1341 2448 1395 in
2485 1343 2718 1411 seipsam
2764 1343 3056 1399 revolvitur
3084 1345 3146 1410 “,
3191 1355 3245 1401 et
3283 1347 3622 1404 circulariler
3654 1350 3806 1404 circa

2213 1446 2271 1487 se
2293 1432 2464 1501 ipsum
2490 1432 2829 1488 circumferri
2855 1449 2979 1489 cum
3009 1433 3153 1490 facili
3183 1444 3238 1490 et
3263 1437 3381 1491 sine
3403 1452 3533 1492 casu
3558 1441 3804 1494 naturali

2214 1521 2582 1578 similitudine.
2611 1523 2755 1580 Talis
2779 1525 3043 1595 siquidem
3085 1525 3385 1582 diﬁ‘erentia
3413 1537 3498 1583 est
3525 1530 3673 1585 inter
3697 1532 3809 1586 vir-

2214 1623 2358 1671 tutes
2385 1625 2440 1670 et
2469 1617 2620 1683 vitia,
2647 1618 2792 1687 quod
2820 1619 2948 1673 vitia
2976 1619 3257 1675 dissimilia
3299 1621 3400 1676 sibi
3443 1632 3568 1676 sunt
3597 1633 3657 1676 et
3685 1639 3717 1676 a
3747 1639 3812 1680 re

2215 1705 2347 1774 ipsis
2377 1707 2761 1776 discrepantia,
2789 1709 3020 1764 virtutes
3065 1724 3194 1764 vero
3237 1710 3455 1765 sibimet
3491 1711 3810 1769 simillimae

533 1801 647 1875 εέρι
694 1799 740 1863 ⁸,
784 1797 994 1866 inquit,
1045 1798 1096 1854 id
1155 1807 1240 1854 est
1304 1798 1326 1830 ο
1383 1816 1482 1871 age
1535 1801 1617 1868 ιο,
1675 1804 1928 1872 quoniam
1979 1805 2118 1876 apud
2147 1787 2194 1846 B
2220 1811 2284 1852 ac
2307 1797 2470 1852 veluti
2499 1805 2642 1853 teres
2681 1808 2799 1853 rota
2830 1798 2884 1853 in
2911 1799 3146 1869 seipsam
3177 1801 3434 1864 revoluta,
3485 1803 3557 1856 ita
3591 1812 3652 1856 ut
3693 1802 3811 1857 fere

533 1887 1070 1943 Graecos~bortativa
1100 1889 1355 1944 adverbia
1371 1901 1509 1945 sunt
1534 1896 1673 1970 φέρε,
1700 1891 1791 1968 ἄγα
1817 1895 1882 1960 ⁸³,
1904 1897 2132 1965 aperia-~

537 1993 676 2043 mus,
699 1979 801 2033 hoc
839 1986 923 2034 est
951 1994 1281 2051 exponamus
1305 2021 1320 2048 ,
1365 1994 1622 2053 quantum
1672 1987 1827 2041 nobis
1867 1986 2118 2056 possibile

535 2077 639 2135 est,
662 2068 793 2138 quid
821 2071 995 2124 sancti
1017 2071 1246 2128 amictus
1271 2082 1564 2144 sanctaque
1584 2090 1786 2146 organa
1813 2077 2117 2131 animorum

531 2160 847 2216 caelestium
877 2161 1262 2231 symbolizant;
1288 2165 1543 2234 quoniam
1572 2181 1677 2221 non
1703 2167 1875 2222 solum
1904 2169 2114 2237 sophia,

532 2251 588 2308 id
625 2261 713 2308 est
741 2252 1024 2322 sapientia,
1051 2270 1192 2324 quae
1236 2257 1427 2328 simpla
1449 2267 1505 2311 et
1549 2259 1775 2314 multum
1819 2261 1966 2315 varia
2009 2270 2115 2328 est,

535 2344 748 2400 animos
775 2345 1229 2402 caelestes‘veluti
1259 2348 1433 2405 nudos
1461 2351 1705 2406 homines
1735 2353 1960 2423 mystice
1987 2368 2118 2408 cou-

533 2434 753 2500 format,
778 2437 1159 2492 verum-etiam
1188 2453 1303 2504 eos,
1321 2454 1464 2509 quos
1488 2441 1662 2495 nudos
1691 2441 1965 2507 describit,
2011 2443 2126 2498 ite-'

537 2541 657 2581 rum
683 2527 867 2594 vestit,
892 2535 946 2581 et
967 2526 1058 2582 dat
1080 2527 1209 2597 ipsis
1233 2537 1444 2599 gestare
1474 2531 1732 2599 quaedam
1763 2546 1888 2586 vasa
1919 2547 2130 2602 opera--

534 2617 772 2673 tionibus
791 2617 906 2673 suis
936 2633 1171 2689 congrua
1191 2661 1205 2685 ,
1227 2634 1368 2689 quae
1393 2635 1596 2692 organa
1625 2633 1902 2678 vocantur.
1946 2624 2117 2696 Orga-

538 2723 666 2763 num
696 2717 779 2764 est
817 2709 958 2763 enim
987 2709 1311 2780 generaliter
1337 2726 1497 2767 omne
1540 2714 1958 2771 instrumentum
2008 2735 2116 2774 non

537 2797 711 2854 solum
755 2799 1012 2868 musicis,
1050 2801 1144 2856 sed
1180 2809 1237 2857 et
1278 2801 1323 2833 ¹²
1349 2804 1554 2860 ceteris
1591 2805 1991 2875 operationibus
2017 2823 2115 2879 ap-

535 2901 672 2946 tum.
1035 2938 1041 2943 .

559 3015 563 3027 ι
600 2983 825 3039 Claram
853 2985 1075 3057 quidem
1121 2988 1259 3043 enim
1292 2997 1477 3043 vestem
1515 2987 1561 3020 "
1604 2989 1910 3061 igneamque
1955 2991 2117 3062 signi-

535 3073 696 3143 ﬁcare
719 3077 1395 3149 aestimo-deiforme'juxta
1423 3080 1556 3151 ignis
1585 3081 1861 3151 imaginem
1892 3092 1940 3136 et
1966 3083 2116 3136 lucu-

537 3163 734 3218 lentum
763 3176 972 3236 propter
1015 3167 1070 3220 in
1112 3169 1259 3220 caelo
1287 3170 1483 3237 quietes
1515 3168 1579 3222 ⁸⁸.
1606 3170 1873 3234 Arbitror,
1919 3171 2113 3238 inquit,

539 3253 742 3310 claram
768 3255 1409 3327 igneamque-sanctarum
1427 3259 1720 3328 imaginum
1735 3272 1934 3315 vestem
1950 3260 2117 3330 signi-

537 3344 704 3399 ﬁcare
729 3345 1032 3400 divinorum
1074 3347 1375 3401 animorum
1411 3347 1860 3415 deiformltatem,
1896 3363 2034 3420 quae
2060 3350 2116 3404 in

541 3435 777 3507 imagine
803 3437 939 3507 ignis
959 3437 1100 3493 solet
1124 3453 1407 3508 apparere,
1431 3453 1723 3510 eorumque
1747 3439 2114 3507 luculentiam,

541 3543 680 3598 quae
711 3529 883 3584 instar
901 3531 1143 3586 aetheris
1183 3529 1599 3600 splendidissimi
1636 3531 1888 3603 nulloque
1924 3534 2114 3603 Spiritu

540 3616 841 3686 perturbati
871 3617 1109 3686 quietam
1139 3618 1305 3673 vitam
1337 3619 1390 3672 in
1427 3619 1576 3674 caelo
1609 3619 1774 3675 ducit.
1811 3620 1911 3674 Ubi
1942 3622 2114 3676 lumen

539 3716 590 3759 et
620 3707 830 3775 omnino
861 3707 1116 3760 invisibile
1135 3707 1411 3762 dicendum
1444 3720 1534 3763 aut
1557 3710 1975 3765 intellectualiter
1995 3710 2117 3764 illu-

540 3799 783 3863 minans,
835 3808 924 3851 aut
969 3798 1387 3854 intellectualiter
1439 3800 1810 3856 illuminatum.
1863 3802 1920 3856 In
1969 3803 2117 3859 caelo

543 3886 739 3957 quippe
770 3887 865 3940 lux
894 3887 1177 3943 invisibilis
1199 3897 1254 3942 et
1279 3889 1668 3946 inaecessibitis
1694 3901 1794 3956 est,
1818 3901 1872 3947 et
1898 3893 2118 3948 omnino

540 3983 850 4049 dicendum,
894 3989 986 4036 aut
1036 3981 1463 4038 intellectualiter
1499 3983 1809 4040 illuminans
1856 3985 2034 4040 lumen
2062 3986 2117 4040 in

539 4073 692 4129 caelo
717 4081 815 4137 est,
849 4081 910 4127 ut
943 4071 1103 4137 Deus,
1131 4081 1226 4128 aut
1263 4073 1698 4129 intellectualiter
1735 4075 2114 4142 illuminatum,

542 4172 602 4217 nt
630 4162 796 4218 divini
826 4161 1128 4217 intellectus
1153 4177 1186 4216 a
1213 4161 1323 4217 Deo
1361 4161 1666 4230 illuminati,
1707 4165 1798 4232 qui
1825 4165 1972 4220 solus
1998 4166 2117 4220 illu-

540 4253 754 4309 minans
780 4253 869 4308 lux
895 4262 997 4318 est,
1024 4263 1078 4308 et
1111 4267 1143 4306 a
1171 4251 1317 4306 nullo
1346 4251 1694 4308 illuminatur.
1725 4254 2116 4310 Sacerdotalem

538 4361 676 4413 vero,
696 4348 921 4404 subaudi
948 4357 1151 4402 vestem
1173 4346 1480 4416 signiﬁcare
1501 4351 1728 4404 aestimo
1751 4351 1818 4413 ¹⁵,
1848 4353 1914 4405 ad
1940 4352 2116 4406 divina

2217 1901 2407 1941 omnes
2435 1902 2536 1940 una
2567 1887 2856 1942 videantur
2876 1888 2921 1919 ὀ
2952 1898 3005 1943 ει
3043 1905 3146 1943 una
3177 1905 3384 1956 omnes,
3415 1891 3591 1946 insitis
3621 1900 3811 1947 uitreis

2214 1974 2550 2030 naturalibus
2578 1975 2896 2042 diﬁ‘erentiis
2919 1975 3130 2030 illarum
3163 1977 3501 2032 harmoniae.

2293 2063 2480 2137 Virgae
2502 2067 2680 2132 etiam,
2704 2067 2930 2122 subaudi
2958 2069 3266 2138 signiﬁcare
3285 2070 3536 2136 aestimo,
3558 2071 3737 2143 regale
3757 2083 3809 2127 ιι

2214 2155 2404 2210 ducale
2433 2166 2674 2223 rectaque
2716 2158 2891 2211 omnia
2921 2157 3192 2229 deﬁniens.
3221 2159 3485 2226 Quoniam
3529 2161 3684 2230 virga
3722 2177 3801 2217 re-

2216 2262 2340 2317 gum
2378 2255 2470 2300 aut
2509 2248 2705 2303 ducum
2751 2248 2961 2319 signum
3005 2257 3124 2315 est,
3163 2253 3342 2306 omnia
3384 2267 3634 2323 quoque,
3665 2270 3812 2324 quae

2216 2348 2363 2395 recte
2391 2339 2734 2396 deﬁniuntur
2757 2351 2811 2397 et
2851 2353 3253 2409 mensurantur,
3284 2346 3500 2400 modum
3532 2348 3810 2416 quendam

2215 2431 2398 2502 virgae
2427 2429 2625 2486 imitari
2645 2432 2864 2487 dubium
2881 2449 2985 2488 non
3003 2445 3106 2489 est.
3125 2434 3422 2506 Propterea
3455 2437 3506 2490 in
3534 2436 3808 2492 Graeco"

2216 2521 2475 2593 scriptum
2503 2532 2708 2578 estnon
2723 2523 3294 2596 panaces-simpliciter,
3322 2531 3414 2582 sed
3441 2527 3726 2606 ὠράϐδονς
3738 2531 3806 2594 “z

2216 2613 2322 2668 hoc
2351 2620 2465 2678 est,
2507 2629 2612 2668 non
2653 2614 2867 2686 virgas,
2912 2617 3009 2672 sed
3053 2625 3232 2674 rectas
3261 2619 3471 2690 virgas;
3513 2635 3620 2676 non
3663 2625 3810 2676 enim

2217 2706 2394 2761 omnis
2421 2707 2572 2777 virga
2603 2715 2749 2761 recta
2777 2716 2879 2768 est.
3489 2733 3491 2735 ί

2291 2795 2418 2850 Tela
2464 2813 2583 2850 vero
2609 2807 2656 2851 et
2685 2813 2890 2852 secures
2927 2799 3421 2856 dissimilitudinum
3449 2803 3811 2873 separatier

2216 2895 2263 2940 et
2291 2887 2691 2942 discernentium
2719 2889 2966 2942 virtutum
2993 2906 3211 2944 acumen
3246 2901 3294 2944 et
3321 2875 3515 2960 efficax
3537 2903 3587 2946 et
3624 2905 3785 2947 actuo

2217 2995 2355 3031 sunt.
2387 2977 2517 3032 Tela
2563 2988 2618 3033 et
2648 2993 2888 3043 secures,
2920 2995 3058 3050 quae
3089 2984 3237 3052 prius
3265 2999 3463 3053 organa
3491 2985 3810 3040 caelestium

2218 3068 2520 3123 animorum
2550 3069 2781 3134 vocavit,
2812 3070 3116 3140 signiﬁcare
3145 3072 3373 3126 aestimo
3399 3073 3812 3129 dividicativam

2145 3138 2188 3200 Ο
2219 3171 2408 3211 eorum
2436 3158 2711 3224 virtutem,
2735 3173 2840 3228 qua
2867 3138 3030 3214 veluti
3059 3163 3289 3229 quadam
3321 3164 3495 3218 securi
3523 3164 3812 3218 dissimilia

2221 3265 2250 3303 a
2289 3249 2551 3305 similibus
2593 3259 2878 3320 separant,
2938 3252 3283 3308 rationabiles
3321 3264 3501 3308 motus
3547 3255 3616 3307 ab
3667 3256 3808 3309 irra-

2221 3341 2584 3408 tionabilibus,
2641 3343 2870 3398 humiles
2897 3358 2928 3397 a
2970 3345 3236 3415 superbis,
3295 3345 3540 3401 volentes
3559 3347 3609 3379 ³³
3637 3362 3669 3401 a
3704 3364 3809 3402 non

2218 3427 2522 3488 volentibus
2547 3448 2605 3488 se
2632 3435 2946 3500 emendare,
2971 3437 3210 3506 signatos
3228 3429 3270 3490 Τ
3287 3439 3333 3470 ⁸⁸
3360 3454 3390 3491 a
3416 3455 3521 3493 non
3555 3439 3792 3509 signatis

2220 3523 2409 3579 ﬁdeles
2453 3524 2614 3594 plane
2650 3527 2718 3580 ab
2765 3526 3105 3594 inﬁdelibus,
3165 3531 3450 3584 credentes
3496 3531 3547 3583 in
3591 3546 3809 3585 crucem

2216 3615 2416 3670 Christi
2445 3631 2474 3670 a
2506 3631 2612 3672 non
2643 3617 3025 3686 credentibus;
3075 3630 3130 3675 et
3174 3621 3591 3677 discernentium
3635 3625 3807 3677 virtu-

2220 3716 2330 3761 tum
2359 3723 2584 3763 acumen
2616 3709 2944 3780 signiﬁcare,
2985 3721 3045 3766 ut
3075 3715 3280 3768 securis
3310 3723 3484 3778 acuta,
3517 3723 3571 3768 et
3597 3714 3806 3770 eﬁicax.

2217 3805 2279 3850 ut
2303 3796 2465 3852 telum
2496 3797 2671 3864 velox,
2697 3807 2752 3853 et
2780 3809 3079 3866 actuosum,
3127 3803 3357 3856 actionis
3382 3803 3623 3871 plenum.
3659 3803 3777 3858 Divi

2217 3903 2286 3942 na
2316 3889 2579 3958 siquidem
2602 3891 2796 3956 virtus,
2820 3893 3132 3949 discernens
3156 3895 3361 3958 omnia,
3395 3905 3647 3964 penetrat
3671 3912 3811 3966 quae

2218 3977 2494 4044 discernit,
2525 3994 2586 4033 ac
2629 3979 2746 4034 sine
2777 3981 2929 4036 mora
2975 3985 3235 4053 temporis
3266 3985 3394 4053 agit.
3438 3984 3582 4039 Velle
3607 3987 3812 4056 quippe

2216 4066 2332 4135 ejus
2354 4069 2496 4123 actio
2525 4067 2642 4137 ejus
2666 4079 2767 4135 est,
2800 4071 2913 4126 sive
2939 4087 3037 4143 per
3058 4074 3291 4144 seipsam
3318 4075 3430 4128 sive
3457 4090 3554 4144 per
3581 4078 3808 4147 angelos

2216 4173 2363 4215 βιιοε.

2287 4271 2610 4330 Geometrica
2654 4287 2702 4330 et
2729 4279 3004 4342 tectonica,
3039 4278 3141 4334 hoc
3168 4290 3252 4336 est
3301 4280 3647 4348 fabricativa,
3684 4300 3812 4338 rasa

2217 4360 2521 4431 signiﬁcare
2567 4366 2793 4421 aestimo
2824 4367 3154 4437 fundatiuum
3219 4379 3266 4424 et
3321 4372 3711 4440 aedificativum
3762 4383 3811 4428 et

539 4451 588 4495 et
617 4442 834 4511 mystica
859 4439 1212 4510 speculamina
1239 4440 1501 4495 ductiumn
1528 4483 1542 4506 ,
1580 4451 1627 4495 et
1665 4444 1820 4496 totius
1861 4444 1998 4497 vitae
2029 4461 2114 4498 vo-
2144 4480 2192 4540 D
2215 4453 2564 4522 perfectirum,
2611 4457 2714 4510 hoc
2761 4467 2845 4512 est
2873 4476 2886 4511 :
2919 4474 3026 4528 quo
3073 4462 3366 4516 mensurati
3410 4439 3463 4516 et
3495 4461 3705 4517 fundati
3752 4472 3808 4519 et

539 4541 670 4582 tum.
709 4528 803 4582 Est
822 4529 965 4584 enim
1007 4530 1367 4592 sacerdotum,
1393 4544 1516 4598 eos,
1545 4534 1737 4600 quibus
1763 4544 2018 4603 praesunt
2048 4536 2111 4603 ⁸⁸,

541 4619 831 4675 indivinas
869 4628 922 4674 et
952 4621 1203 4692 mystieas
1232 4623 1626 4692 speculatioues
1653 4626 1850 4707 ducere
1887 4629 2114 4685 actionis

539 4711 786 4782 exemplo
810 4711 1195 4782 doctrinaeque
1223 4715 1404 4769 studio
1421 4755 1435 4781 ,
1466 4723 1740 4788 totamque
1768 4718 1933 4774 vitam
1961 4713 2127 4776 suam

539 4802 988 4872 sequentiumque
1011 4819 1069 4858 se
1095 4803 1205 4858 Deo
1230 4820 1442 4859 vovere.
1559 4836 1565 4842 -
2126 4814 2128 4817 ’

567 4932 569 4936 .
610 4887 785 4944 lanas
822 4908 1040 4962 quoque,
1073 4893 1380 4964 signiﬁcare
1421 4897 1668 4965 aestimo,
1699 4899 2040 4969 fecundarum
2071 4903 2110 4937 ιτ

539 4980 773 5046 ipsarum
800 4983 1164 5038 custoditivum
1186 4985 1228 5017 ⁸⁸
1249 4987 1518 5054 virtutum,
1543 5005 1680 5059 quae
1703 4992 1936 5048 animam
1963 5005 2109 5059 actu,

2220 4541 2465 4598 collocati
2498 4554 2621 4599 sunt
2649 4546 2815 4601 divini
2847 4549 3012 4603 animi
3064 4549 3578 4606 incommutabiliter
3601 4554 3813 4624 absque

2220 4630 2325 4686 ulla
2358 4635 2507 4688 ruina
2541 4637 2862 4704 apostasiae.
2895 4638 2960 4691 Et
2989 4642 3258 4709 quomodo
3283 4643 3548 4697 aedificati
3579 4651 3705 4698 sunt
3726 4643 3820 4698 "‘l‘

2222 4721 2394 4792 Super
2444 4724 2574 4780 illud
2604 4725 3032 4793 fundamentum,
3074 4731 3239 4786 Deum
3268 4734 3515 4788 videlicet
3544 4735 3808 4804 Verbum,

2219 4813 2504 4868 Dominum
2556 4826 2798 4872 nostrum
2847 4817 3029 4873 Jesum
3076 4821 3386 4888 Christum,
3436 4840 3599 4894 super
3643 4841 3805 4896 quem

2220 4904 2384 4959 veluti
2433 4906 2807 4964 inconcussam
2849 4920 3053 4980 petram
3089 4914 3408 4968 universalis
3440 4915 3682 4970 Ecclesia
3721 4933 3808 4970 ra-

2221 4998 2554 5055 tionabilium
2577 5010 2631 5058 et
2656 5002 3066 5074 intelligibilium
3098 5005 3414 5062 fabricatur.
3446 5009 3511 5062 Et
3537 5010 3808 5080 quomodo

1807 5146 2056 5202 vanum
2095 5101 2506 5208 moriones.-

599 5251 629 5284 ”¹
657 5251 811 5307 Carr.
842 5249 926 5316 B',
963 5248 1050 5304 AB
1077 5251 1348 5307 absolutis.

535 5321 624 5387 B',
661 5322 748 5376 AB
777 5320 1123 5390 simplicitate.

536 5393 559 5424 ⁸
587 5393 676 5446 AB
707 5393 834 5462 fere.

1223 5321 1246 5354 ³
1283 5323 1324 5376 Β
1351 5325 1527 5380 adscr.
1571 5339 1676 5389 est,

927 5389 949 5421 ⁹
984 5389 1088 5445 Pro
1115 5392 1170 5445 id
1191 5402 1267 5446 est
1295 5393 1335 5446 Β
1361 5405 1428 5448 et.
1509 5397 1550 5426 ¹⁰

1448 5256 1468 5285 ²
1500 5255 1560 5308 Β”
1597 5272 1738 5312 corr.
1768 5260 1866 5312 soli
1895 5260 2177 5315 conditori.

1775 5329 2079 5405 “AB‘ferer
2105 5331 2165 5384 B'
2207 5329 2596 5402 margfadscr.
2635 5347 2681 5390 et
2718 5353 2813 5405 age
2859 5329 3015 5391 enim.

1597 5415 1691 5471 age
1729 5413 1838 5452 om.
1894 5398 1966 5461 Β,
2015 5401 2082 5471 ad
2113 5418 2283 5471 marg.
2328 5398 2506 5459 adscr.
2546 5405 2628 5459 B'.

2278 5262 2300 5294 ³
2323 5279 2482 5334 supra
2513 5264 2691 5322 adscr.
2718 5283 2860 5322 corr.
2892 5266 2974 5330 B',
3014 5267 3104 5322 AB
3131 5271 3495 5325 contaminati.
3589 5271 3611 5302 ‘
3647 5271 3806 5328 Corr.

3111 5340 3129 5370 ⁷
3171 5337 3231 5390 Β·
3281 5355 3439 5410 supra
3486 5341 3665 5396 adscr.
3706 5351 3804 5395 est.

2739 5407 2900 5480 “__AB
2933 5409 3040 5476 fere
3083 5419 3131 5480 et
3168 5424 3284 5480 age.
3351 5407 3426 5440 7"
3477 5411 3630 5480 Conj.
3657 5450 3672 5476 ,
3706 5427 3807 5480 pro

535 5472 585 5516 et
623 5463 669 5516 Α
708 5460 797 5529 ὀρ,
832 5460 874 5514 Β
918 5461 982 5550 de
1023 5464 1368 5541 (puuct._adj.
1400 5465 1506 5534 B').
1589 5460 1651 5536 ξδ’
1667 5477 1853 5522 vestem
1895 5460 2004 5524 om.
2038 5469 2098 5534 Β,

2226 5460 2299 5530 ἧι.
2334 5475 2512 5528 adscr.
2546 5475 2626 5529 B‘.
2708 5477 2750 5507 “
2789 5476 2829 5529 B
2861 5460 3066 5546 quietes
3171 5460 3338 5533 circio.
3417 5481 3460 5511 “‘

539 5551 584 5624 ff
615 5551 658 5624 Β
686 5562 923 5624 possunt.
1031 5553 1071 5584 "’
1103 5553 1258 5610 Corr.
1298 5555 1382 5618 B‘.
1425 5555 1513 5609 AB
1554 5557 1857 5624 fecundare.

1955 5560 2002 5644 τ’
2029 5562 2268 5644 ipsarum
2318 5566 2681 5644 {interluit-um
2731 5581 2875 5644 ραι,
2907 5566 3087 5644 addidi
3123 5583 3189 5644 ex
3235 5583 3378 5644 vers.
3419 5579 3485 5644 et
3535 5578 3669 5644 text.
3720 5560 3802 5644 gr.

539 5619 583 5652 "
611 5621 658 5675 Δ
687 5619 911 5711 res'glvit.
991 5623 1034 5655 ‘°
1073 5624 1115 5678 A
1146 5625 1411 5711 Kid‘eatur.
1469 5619 1611 5711 "id
1636 5645 1893 5711 graecas,“
1943 5633 1985 5663 η
2027 5619 2114 5711 ιξμ

2219 5635 2254 5711 ει
2283 5635 2562 5711 capessas;
2589 5635 2626 5685 Β
2657 5636 2774 5688 sede
2817 5619 3085 5708 νραϐδίυςῖ
3132 5619 3192 5671 ἶί
3227 5619 3381 5694 ca};
3417 5619 3503 5705 ti‘,
3538 5619 3809 5711 nam;

523 5699 720 5758 sentes,
747 5692 787 5746 Β
821 5703 1069 5763 potentes.
1146 5695 1192 5726 “
1226 5695 1406 5761 Corr.,
1457 5696 1544 5749 ΑΒ
1569 5692 1710 5754 r.is.-
1773 5702 1818 5731 ”
1855 5701 2008 5758 Corr.
2039 5703 2121 5769 B‘,
2174 5705 2262 5757 Al;
2290 5692 2598 5772 ιιέιιέίιιςαίὶδ.
