4028 6274
206 361 321 417 265

795 368 1294 427 EXPOSITIONES
1333 369 1555 426 SUPER
1594 369 1789 425 lERAli

1890 368 2013 422 IAM
2053 354 2460 426 CAELESTEM
2497 362 2551 426 s.
2596 370 2912 428 DIONYSlf.

3354 367 3463 425 266

213 478 441 549 perfecti
468 482 633 536 sunt?
662 481 718 535 lu
749 497 932 539 amore
961 494 1017 539 et
1056 472 1497 555 contemplativae
1526 483 1786 538 veritatis.
1819 485 1867 543 Λ
1896 484 2191 547 declarant,
2215 499 2352 553 quae
2382 484 2487 540 duo
2515 484 2694 537 divi'no
2722 483 3046 538 conveniunt
3070 482 3290 550 judicio,
3321 483 3463 551 quod

212 571 497 635 Quomodo
540 572 703 625 etiam
734 572 1020 630 inferiores
1070 577 1330 631 essentias
1364 576 1430 630 ad
1468 576 1519 629 id
1550 577 1567 607 ⁸
1618 576 1790 643 ipsum

213 659 622 716 fundamentum
662 664 714 717 iu
753 664 979 719 eandem
1007 667 1027 695 '
1057 666 1482 722 aediﬁcationem
1511 675 1565 720 et
1587 665 1791 734 perlec-

216 749 419 805 Iionem
465 750 774 805 reducunt?
808 753 958 819 Quod
1005 754 1395 823 subsequenter
1427 754 1668 825 adiungit
1699 769 1713 811 :
1742 763 1789 807 et

209 856 552 911 quaecunque
579 842 687 895 alia
716 845 1007 898 reducentis
1032 857 1080 899 et
1111 847 1449 899 convertentis
1474 856 1591 898 sunt
1616 862 1792 899 secun-

210 931 404 984 dorum
431 933 803 1000 providentiae,
828 935 930 989 hoc
955 944 1053 998 est,
1078 945 1133 991 et
1157 937 1631 1005 quaecunquealia
1656 951 1793 1007 sym-

210 1018 335 1073 bola
382 1037 448 1076 ex
478 1022 832 1077 humanorum
883 1040 1166 1095 corporum
1215 1028 1493 1080 harmonia
1547 1028 1790 1081 introdu-

208 1117 414 1163 cuntur
440 1110 507 1165 ad
530 1111 934 1181 significandam
959 1116 1191 1170 divinam
1217 1117 1626 1186 providentiam,
1654 1132 1793 1187 quae

211 1199 428 1255 reducit
450 1211 506 1256 et
533 1206 796 1259 convertit
825 1206 1092 1263 secundos
1126 1209 1145 1239 ³
1173 1209 1381 1263 animos
1407 1208 1793 1263 intellectuales

207 1299 266 1342 et
313 1290 608 1347 rationales
636 1309 734 1362 per
778 1298 981 1366 primos
1030 1299 1082 1353 in
1130 1299 1289 1354 unius
1315 1300 1555 1354 omnium
1600 1315 1794 1356 causae

207 1382 677 1451 participationem
703 1388 742 1441 ‘.

282 1468 379 1525 Est
408 1484 580 1529 autem
620 1479 830 1546 quando
855 1490 903 1534 et
930 1482 984 1536 in
1015 1499 1107 1536 nos
1135 1483 1427 1537 divinorum
1467 1485 1792 1553 judiciorum

204 1571 334 1613 sunt
359 1564 593 1631 symbolo
618 1566 711 1620 illa
732 1584 868 1637 quae
893 1580 1011 1622 acta
1039 1581 1180 1636 sunt,
1204 1572 1305 1627 hoc
1325 1580 1408 1627 est
1429 1583 1577 1642 gesta
1601 1583 1725 1627 sunt
1748 1574 1789 1637 ⁵,

208 1665 243 1700 a
287 1652 484 1705 sanctis
530 1655 729 1723 angelis
761 1674 980 1729 organa,
1011 1660 1131 1714 aliis
1157 1661 1365 1730 quidem
1405 1660 1793 1716 declarantibus

204 1740 553 1808 corrigentem
575 1744 906 1816 disciplinam
935 1759 1025 1803 aut
1054 1748 1347 1820 punientem
1361 1752 1645 1821 justitiam,
1672 1752 1793 1806 aliis

1893 588 1987 631 aut
2031 578 2083 631 in
2130 576 2464 646 disciplinam
2512 575 2814 645 corrigendi
2870 590 2965 645 per
3000 574 3419 629 misericordiam
3446 614 3461 639 ,

1868 654 1985 722 Laut
2029 668 2082 722 in
2123 669 2462 723 severitatem
2507 667 2529 700 "
2560 667 2809 738 puniendi
2849 679 2943 736 per
2963 665 3227 733 justitiam
3270 665 3464 721 dieidi-

1894 765 2017 821 tur;
2068 766 2121 811 et
2148 773 2311 811 unum
2342 757 2555 826 quidem
2574 748 2681 826 iper
2707 757 2908 826 virgam
2930 796 2944 819 ,
2977 756 3115 809 sicut
3138 758 3214 810 ait
3240 754 3464 810 Psalmi-

1893 863 1972 906 sta
2000 868 2012 903 :
2052 870 2069 902 ι
2103 851 2251 921 virga
2278 852 2627 906 correctionis
2672 851 2820 918 virga
2866 850 3013 920 regni
3056 849 3130 903 tui
3162 869 3208 914 ι,
3235 838 3460 903 alterum

1892 958 1988 1012 per
2003 942 2232 997 securim
2254 941 2298 1006 ⁸,
2321 961 2338 991 ι
2359 942 2470 1009 jam
2492 962 2539 1004 ι,
2559 938 2729 1010 inqmt
2744 954 3080 1009 praecursor,
3100 938 3122 969 ’
3141 957 3160 988 ι
3180 937 3381 994 securis
3397 937 3462 990 ad

1894 1030 2125 1087 radicem
2156 1028 2363 1083 arboris
2395 1029 2436 1060 ¹⁶
2476 1029 2647 1099 posita
2671 1037 2790 1091 est;
2823 1028 3000 1082 omnis
3028 1026 3220 1090 arbor,
3250 1041 3387 1095 quae
3420 1025 3461 1057 “

1874 1132 1999 1177 non
2029 1121 2165 1176 facit
2178 1120 2408 1175 fructum
2435 1121 2657 1181 bonum,
2686 1118 2966 1173 excidetur
2987 1127 3041 1172 et
3067 1118 3117 1171 in
3151 1118 3322 1186 ignem
3350 1116 3468 1169 mit»

1895 1222 2036 1266 tetur
2070 1231 2113 1265 ι.
2142 1210 2258 1264 Alia
2286 1225 2415 1264 vero
2443 1210 2684 1280 angustia
2712 1210 2758 1247 ¹¹
2785 1209 3113 1273 libertatem,
3142 1207 3224 1261 vel
3246 1222 3309 1260 ex
3336 1205 3466 1259 insi-

1892 1304 1997 1359 diis
2020 1303 2350 1367 libertatem;
2388 1301 2440 1355 in
2461 1300 2666 1355 Graeco
2707 1300 2903 1370 quippe
2935 1307 3019 1355 est
3049 1297 3465 1373 περιατὰσσων¹³

1893 1395 2197 1468 ὶλιυθιρίαν,
2243 1408 2342 1462 pro
2386 1408 2493 1462 quo
2518 1407 2801 1461 possumus
2844 1392 3025 1445 dicere
3069 1389 3345 1459 angustia,
3381 1388 3466 1443 vel

1894 1486 2103 1541 insidiis
2129 1484 2449 1547 libertatem,
2466 1483 2606 1552 quod
2631 1482 2804 1537 etiam
2828 1496 2926 1551 per
2953 1481 3157 1552 virgam
3183 1480 3463 1534 formatur.

1892 1578 1973 1631 Ad
2021 1578 2120 1630 hoc
2161 1577 2303 1630 enim
2344 1574 2684 1643 corripimur,
2727 1571 3131 1642 disciplinisque
3158 1570 3465 1626 misericor-

1891 1666 2013 1722 diae
2038 1667 2358 1729 excitamur,
2406 1672 2467 1719 ut
2512 1664 2580 1718 ab
2621 1662 2884 1732 angustiis
2914 1661 3227 1717 delictorum
3256 1667 3469 1715 nostra.

1897 1773 2013 1810 rum
2046 1764 2101 1810 et
2127 1772 2157 1809 a
2186 1753 2463 1809 diabolicis
2493 1753 2701 1808 insidiis
2744 1752 3069 1818 liberemur;
3120 1760 3214 1806 aut
3238 1750 3470 1821 discipli-

207 1846 331 1884 πει-ο
374 1836 617 1902 angustia
647 1836 667 1867 ‘
694 1837 981 1894 libertatem
1028 1851 1118 1895 aut
1165 1842 1471 1911 disciplinae
1500 1842 1654 1911 linem
1695 1854 1786 1896 aut
1819 1824 1866 1884 Β
1896 1862 1994 1900 nae
2015 1847 2208 1910 linem;
2243 1845 2404 1899 totius
2424 1844 2633 1899 divinae
2657 1843 2971 1912 disciplinae
3002 1840 3123 1897 ﬁnis
3145 1848 3225 1896 est
3253 1840 3471 1895 habitus

205 1919 404 1987 prioris
453 1926 779 1979 constantiae
826 1932 1222 1996 resumptionem
1268 1941 1357 1984 aut
1410 1933 1784 2001 appositionem

207 2006 440 2062 aliorum
485 2012 743 2067 donorum
784 2032 1066 2084 parvorum
1096 2028 1186 2073 aut
1213 2036 1536 2090 magnorum,
1567 2021 1784 2074 sensibi-

207 2096 342 2149 lium
370 2111 461 2152 aut
486 2101 845 2170 invisibilium,
876 2114 923 2159 et
954 2107 1164 2160 omnino
1190 2107 1369 2176 forsan
1400 2126 1502 2163 non
1532 2110 1785 2163 dubitarit

204 2190 484 2256 perspicax
532 2192 740 2248 animus
767 2194 978 2264 pulchre
1004 2198 1346 2252 inuisibilibus
1385 2200 1620 2253 adunare
1666 2200 1785 2253 risi-

207 2277 358 2331 bilia.
395 2281 555 2345 Vasa,
584 2283 778 2355 inquit,
810 2302 947 2356 quae
972 2297 1183 2359 gestare
1208 2290 1426 2360 angelos
1467 2291 1659 2355 divinat
1677 2300 1785 2346 tra-

158 2432 166 2439 ε
209 2364 291 2419 dit
336 2366 645 2439 Scriptura,
701 2377 942 2446 symbola
986 2388 1112 2434 sunt
1153 2379 1436 2450 aliquando
1483 2382 1787 2437 divinorum

202 2453 530 2523 iudiciorum
548 2503 562 2527 ,
590 2465 784 2533 quibus
810 2481 907 2522 nos
927 2466 1255 2536 iudicamur.
1282 2472 1405 2525 dum
1436 2470 1539 2525 alia
1569 2472 1787 2540 quidem

214 2551 577 2625 corrigentem
628 2557 964 2629 disciplinam
1009 2570 1103 2617 aut
1162 2562 1472 2633 punientem
1522 2563 1786 2632 justitiam

1892 1937 2108 1991 virtutis
2132 1945 2185 1991 et
2211 1935 2536 2001 aediﬁcium,
2553 1949 2687 2004 quae
2706 1935 2985 1989 tcetonicis
3007 1933 3220 2003 organis
3248 1932 3467 2002 pulchre

1892 2027 2304 2097 significantur;
2371 2035 2464 2080 aut
2507 2026 2705 2095 prioris
2756 2025 3092 2080 constantiae
3141 2022 3463 2090 resumptio-

1894 2133 2014 2172 nem
2048 2118 2108 2171 ".
2141 2118 2199 2171 ln
2240 2119 2446 2173 Graeco
2492 2126 2574 2172 est
2602 2116 2887 2180 ιῦπαθείας.
2936 2117 3229 2172 Ἐὑπαθείαν
3277 2114 3467 2169 Cicero

1892 2209 2277 2278 interpretatur
2303 2208 2677 2270 constantiam,
2712 2217 2771 2262 ut
2807 2208 2919 2276 jam
2945 2208 3197 2272 diximus,
3229 2218 3464 2275 sequen-

1892 2305 1972 2351 tes
2020 2307 2264 2351 sanctum
2312 2297 2665 2367 Augustinum
2698 2299 2998 2353 εὶύπαθιίαι
3038 2304 3193 2361 sunt,
3248 2295 3301 2350 id
3343 2302 3469 2361 est,

1890 2388 2227 2442 constantiae
2280 2396 2391 2442 tres
2420 2388 2715 2444 secundum
2744 2389 2974 2454 Stoicos,
3016 2387 3285 2453 voluntas,
3328 2402 3466 2460 gau-

1891 2478 2058 2546 dium,
2085 2479 2284 2544 cautio,
2309 2487 2365 2535 et
2394 2494 2503 2538 non
2530 2479 2633 2539 nisi
2656 2480 2709 2535 in
2737 2480 2936 2539 animo.
2965 2478 3193 2554 Expliclt
3220 2479 3297 2539 "..

1494 2689 1751 2746 \‘AlilAE
1786 2690 2187 2753 LECTIONES.

279 2799 295 2827 ί
338 2797 614 2873 Corr._B:,
665 2803 752 2857 ΑΒ
788 2805 954 2860 addit.
1049 2808 1071 2838 '
1107 2808 1260 2865 Corr.
1305 2810 1391 2873 B‘,
1438 2809 1527 2869 AB
1573 2810 1740 2863 edem.

202 2878 371 2935 gesta.
495 2870 516 2901 '
548 2870 644 2925 Sic
675 2874 784 2939 AB,
813 2875 881 2929 B“
903 2878 969 2930 ad
1007 2894 1091 2931 ma

195 2953 470 2993 securum.
546 2940 566 2972 ’
596 2941 638 2994 Β
667 2961 993 3009 praecussor.
1072 2950 1113 2980 ¹⁰
1128 2940 1352 3005 νανὺονὶε
1392 2966 1501 3005 om.
1545 2957 1611 3007 Α.

209 3098 1773 3148 ἦ

1842 2808 1875 2839 ³·
1897 2809 2075 2874 Coni.,
2114 2813 2204 2867 AB
2245 2814 2492 2870 secundo.

1099 2895 1177 2949 rg.
1225 2877 1402 2935 adscr.
1452 2881 1515 2932 ab
1557 2879 1822 2950 angustia.

1701 2953 1751 2987 “-
1772 2953 1813 3010 Ε
1848 2954 1957 3022 qui.

197 3028 462 3069 στασιως.
540 3011 583 3041 ’⁸
621 3012 799 3078 Corr.,
824 3016 868 3070 A
900 3021 1261 3088 resumptione.
1339 3022 1383 3053 ¹⁸
1414 3021 1643 3091 Explicit
1672 3039 1781 3079 om.
1809 3011 1873 3079 AZ

2585 2815 2619 2846 “
2639 2815 2681 2869 Α
2708 2812 3126 2885 participatione.
3223 2811 3244 2843 '
3258 2810 3481 2885 psunt

2841 2886 2862 2915 ⁸
2899 2879 3036 2936 Rad.
3077 2896 3219 2937 corr.
3260 2879 3331 2945 B,
3373 2880 3462 2933 ΑΒ

1946 2883 1971 2912 ⁷
2005 2882 2181 2948 Couj.,
2215 2885 2391 2938 AB'se
2442 2882 2722 2939 veritatem.
2841 2886 2862 2915 ⁸
2902 2883 3036 2936 Rad.
3077 2896 3219 2937 corr.
3260 2882 3331 2945 B,
3373 2882 3462 2933 AB

1946 2993 1957 3007 .
2059 2954 2101 2983 ¹²
2133 2954 2195 3011 B‘
2239 2954 2378 3010 infra
2424 2956 2602 3011 adscr.
2650 2954 3019 3023 ab‘angusti‘a.
3130 2951 3173 2982 ²³
3201 2951 3289 3005 ΑΒ
3315 2971 3465 3023 περι-

2059 2954 2101 2983 ¹²
2133 2954 2195 3011 Β⁶
2239 2954 2378 3010 infra
2424 2956 2602 3011 adscr.
2650 2954 3019 3024 ab‘angusti‘a.

1782 3110 3452 3152 Μ

1132 3267 1929 3385 JOANNIS
2008 3212 2531 3388 sco'rr

1460 3474 2211 3555 EXPOSITIONES

478 3646 797 3775 SUPER
874 3648 1509 3781 lEllAllClllAlll
1592 3644 2420 3781 ECCLESIASTICAM
2499 3646 2586 3775 S.
2678 3643 3171 3774 Dl0NYSll.

931 3855 1046 3908 Cod.
1072 3869 1161 3905 ms.
1188 3856 1309 3907 bibl.
1332 3857 1555 3906 Univers.
1584 3856 1798 3918 Llpslen.
1828 3855 1944 3914 188,
1968 3857 2256 3917 membrau.,
2282 3868 2385 3907 sec.
2409 3870 2507 3905 xm.
2541 3891 2555 3905 .
2590 3890 2606 3907 .
2643 3890 2658 3906 .
2698 3892 2710 3905 .
2748 3895 2760 3906 .

933 3918 1052 3968 Cod.
1078 3931 1162 3967 ms.
1193 3920 1295 3968 Vat.
1323 3920 1430 3977 177,
1461 3920 1875 3973 membran.,sec.
1904 3931 1998 3967 xuv.
2037 3952 2050 3965 .
2090 3951 2105 3965 .
2139 3954 2153 3967 .
2190 3956 2202 3968 .
2239 3955 2254 3970 .
2294 3954 2308 3967 .
2345 3953 2360 3967 .
2396 3952 2409 3965 .
2445 3950 2463 3968 .
2500 3952 2514 3967 .
2551 3953 2563 3966 .
2599 3951 2613 3966 .
2649 3954 2662 3967 .
2700 3952 2712 3965 .
2752 3954 2765 3967 .
2804 3919 2855 3966 Β.

938 3979 1052 4030 Cod.
1075 3993 1164 4030 ms.
1184 3980 1422 4032 Sorbouu.
1452 3981 1569 4032 l353
1591 3978 1713 4059 bibl.
1736 3978 1859 4041 Reg.
1886 3979 2192 4043 Parisiensis,
2211 3989 2498 4039 membrum,
2519 3991 2621 4030 sec.
2641 3991 2741 4029 xm.
2772 4012 2785 4027 .
2810 3979 2867 4033 C.

872 4212 1116 4271 lNCIPlT

562 4365 885 4412 rnonoeus
929 4368 1196 4414 succum
1239 4370 1430 4414 unm.
1519 4342 1525 4361 ³

192 4473 197 4481 ’
272 4485 559 4543 Secundus
601 4503 730 4544 vero
776 4490 929 4554 liber,
968 4493 1053 4547 cui
1076 4501 1159 4549 est
1201 4493 1479 4565 inscriptio
1505 4495 1571 4550 de
1604 4494 1780 4552 eccle-

193 4580 421 4635 siastica
470 4578 735 4635 lerarchia
785 4582 823 4647 ¹,
857 4582 1121 4640 humanae
1170 4594 1432 4650 naturae,
1486 4585 1781 4642 Salvatoris

192 4670 375 4723 nostri
418 4670 676 4738 sanguine
707 4672 1034 4742 redemptae,
1068 4675 1325 4730 unitatem
1362 4676 1660 4740 denuntiat,
1708 4677 1776 4731 ad

190 4760 609 4817 similitudinem
639 4763 887 4820 videlicet
914 4766 1156 4821 caelestis
1185 4769 1496 4835 sacerdotii,
1517 4779 1774 4837 quantum

190 4852 459 4921 possibile
489 4862 604 4919 est,
654 4856 972 4911 mortalibus
1021 4859 1191 4912 adhuc
1235 4858 1559 4914 ordinatam.
1610 4860 1776 4929 Cujus

186 4958 446 4997 summus
473 4945 709 5013 pontifex
745 4954 827 5001 est
860 4948 990 5017 ipse,
1021 4949 1111 5017 qui
1142 4964 1259 5002 eam
1292 4950 1390 5004 sibi
1423 4966 1519 5020 per
1544 4952 1774 5017 gratiam

186 5046 356 5085 suam
401 5032 421 5062 '
473 5036 846 5103 coadaptavit,
896 5037 986 5104 qui
1034 5038 1196 5091 etiam
1246 5039 1409 5094 totius
1453 5040 1772 5105 ierarcbiae,

186 5119 515 5175 caelestium
541 5125 754 5192 quidem
784 5134 837 5180 et
871 5126 1228 5190 terrestrium,
1258 5127 1579 5197 principium
1607 5137 1688 5182 est
1719 5136 1774 5182 et

182 5210 437 5265 medium
469 5220 521 5266 et
564 5214 704 5279 ﬁnis,
754 5217 820 5269 ad
848 5232 1006 5285 quem
1046 5216 1223 5272 omnia
1254 5217 1578 5271 referuntur.
1626 5217 1772 5271 Haec

187 5298 385 5368 itaque
409 5310 592 5357 nostra
616 5302 881 5359 ierarchia
906 5306 1074 5360 instar
1098 5306 1348 5361 caelestis
1373 5308 1640 5377 tripartita
1664 5316 1769 5375 est,

181 5388 407 5446 scilicet
433 5391 487 5447 in
535 5401 645 5450 tres
681 5396 991 5451 ierarchias.
1019 5398 1256 5465 Quarum
1288 5398 1460 5469 prima
1490 5400 1772 5471 temporali

1802 4216 1863 4277 D
1884 4212 2099 4283 quidem
2114 4212 2317 4277 ordine,
2338 4210 2521 4266 ultima
2538 4225 2667 4267 vero
2684 4207 2942 4277 dignitate
2960 4206 3126 4280 legale
3144 4206 3203 4263 ﬁt
3226 4207 3453 4264 "sacer-

1884 4303 2107 4358 dutium.
2140 4301 2291 4369 Quod
2317 4301 2567 4356 in'variis
2590 4300 2613 4331 ⁸
2636 4299 2791 4353 valde
2810 4306 2865 4353 et
2889 4299 2910 4330 ⁸
2932 4298 3174 4354 obscuris
3198 4298 3463 4369 symbolis

1882 4409 1980 4466 per
2024 4393 2382 4464 legislatorem
2407 4392 2623 4463 Moysen
2651 4391 2803 4461 plane
2835 4389 3037 4443 carnali
3064 4391 3240 4444 adhuc
3261 4388 3457 4459 popqu

1841 4520 1849 4528 -
1883 4489 2225 4555 litteraeque,
2272 4501 2379 4540 non
2416 4485 2629 4555 spiritui
2675 4482 2931 4539 servienti
2978 4482 3325 4537 distributum
3350 4490 3455 4537 est.

1888 4578 2051 4648 Cujus
2080 4578 2348 4632 maximus
2397 4576 2679 4631 character
2723 4583 2844 4630 erat
2883 4573 3285 4628 tabernaculum
3326 4571 3457 4627 illud

1886 4667 1940 4721 in
1972 4667 2203 4721 Arabico
2250 4676 2430 4723 monte
2494 4666 2717 4737 ﬁgurate
2764 4673 3138 4720 monstratum.
3210 4663 3457 4718 Secunda

1881 4774 2039 4823 vero,
2087 4773 2224 4828 quae
2252 4768 2306 4812 et
2352 4759 2521 4812 media
2540 4799 2554 4822 ,
2582 4756 2969 4819 sacerdotium,
3000 4753 3140 4824 quod
3171 4768 3313 4810 nunc
3338 4761 3455 4819 est,

1884 4850 2177 4909 Ecclesiam
2203 4850 2324 4905 dico
2354 4849 2484 4903 Novi
2517 4848 2864 4909 Testamenti,
2902 4840 3006 4900 "sub
3036 4845 3207 4917 gratia
3235 4844 3454 4915 quidem

1882 4941 2249 5003 constitutam,
2295 4940 2486 5008 partim
2534 4938 2792 5008 symbolis
2819 4936 3105 4991 visibilium
3138 4950 3453 4990 sacramen-

1808 5044 1815 5051 ‘
1883 5044 2060 5090 torum
2091 5033 2422 5103 dispositam,
2457 5031 2652 5100 partim
2687 5045 2816 5085 vero
2842 5029 3085 5084 veritatis
3115 5027 3452 5096 contempla-

1881 5126 2039 5180 tione
2074 5122 2385 5194 perfcctam.
2435 5121 2501 5175 Et
2540 5129 2622 5175 est
2665 5120 2785 5175 ﬁnis
2829 5119 3151 5189 praeteritae
3203 5117 3447 5187 primae,

1880 5216 2090 5272 initium
2136 5230 2261 5269 vero
2311 5213 2521 5266 futurae
2563 5211 2888 5274 ierarchiae,
2931 5223 3068 5279 quae
3115 5216 3200 5261 est
3251 5204 3444 5268 tertia,

1878 5323 2024 5363 nunc
2048 5323 2110 5360 ex
2141 5315 2292 5374 parte
2322 5305 2567 5360 inchoata
2596 5303 2659 5358 in.
2679 5301 2930 5371 primitiis
2954 5297 3443 5366 contemplationis,

1876 5400 2200 5470 perﬁcienda
2248 5414 2373 5454 vero
2415 5405 2535 5469 post
2575 5394 2801 5469 gloriam
2837 5392 3049 5448 futurae
3098 5387 3447 5445 resurrectio-

1468 5552 1722 5610 YARIAE
1761 5551 2159 5610 LECTIONES.

259 5681 289 5716 ⁸
307 5679 363 5738 Δ
383 5682 671 5755 ierarchya.
751 5687 771 5716 '
796 5684 886 5741 Sic
909 5685 1139 5754 C,.suam
1158 5687 1210 5744 in
1235 5688 1355 5745 cod.
1375 5689 1419 5747 Α
1436 5704 1506 5745 m.
1529 5689 1841 5763 glossatoris
1864 5704 2029 5761 Supra
2058 5688 2236 5745 adscr;
2313 5687 2415 5753 “C,
2432 5686 2519 5741 sit.
2599 5678 2799 5749 ‘SicC,
2824 5680 2869 5736 Α
2890 5680 3051 5737 uanis.
3130 5682 3151 5713 ⁵
3172 5689 3220 5735 et
3241 5695 3350 5737 om.
3378 5678 3454 5736 (3..
