4028 6274
230 363 342 420 269

900 356 1397 416 EXPOSITIONES
1434 355 1502 414 IN
1543 353 1893 412 MYSTICAM
1933 347 2373 410 TIIEOLOGIAM
2408 354 2466 410 s.
2507 351 2819 412 DIONYSII.
2868 329 2879 344 '

3371 351 3478 406 270

227 475 428 532 erant‘
446 474 646 538 stricti,
669 489 737 530 ne
767 472 1046 544 imperitae
1076 471 1422 537 multitudini,
1445 470 1539 526 sed
1561 469 1689 524 solis
1713 468 1810 524 do-
1839 473 1888 533 Α
1916 481 2168 524 sensuum
2213 476 2269 522 et
2310 454 2500 523 virium
2529 449 2838 523 mentalium
2863 468 2938 533 “,
2968 483 3074 538 quo
3096 468 3316 523 obtento
3362 467 3477 539 ipsa

233 568 342 622 ctis
357 575 414 621 et
431 565 606 634 dignis
625 578 722 618 sua
739 564 958 631 scripta,
980 562 1132 631 quasi
1153 562 1438 616 multorum
1460 560 1812 630 capacitatem

233 656 578 718 excellentia,
625 653 955 718 revelarent;
995 654 1166 708 doctis
1213 650 1583 707 deficientibus
1624 663 1813 705 eorum

235 747 399 818 culpa
431 748 687 810 maxime,
713 756 774 801 ut
801 760 941 810 reor,
963 746 1053 814 qui
1083 745 1441 813 praelationes
1467 743 1813 798 ecclesiarum

239 838 704 907 qualibuscunque
717 834 1020 895 conferunt,
1036 845 1090 888 et
1107 835 1436 888 literatorum
1452 842 1753 904 respectum
1767 833 1809 899 ⁸,

237 931 440 999 quibus
505 929 948 992 committerent,
1009 942 1118 981 non
1173 928 1498 982 habuerunt.
1564 926 1812 980 Forsitan

241 1020 606 1090 Hieronymus
632 1019 653 1050 ³
682 1017 1163 1073 excellentissimus
1186 1018 1562 1089 Areopagitam
1607 1018 1630 1050 ⁸
1674 1019 1815 1073 inter

238 1111 640 1167 ecclesiasticos
669 1113 958 1181 scriptores
989 1125 1094 1166 non
1121 1114 1442 1177 numeravit,
1481 1113 1604 1184 quia
1651 1112 1817 1168 libros

149 1249 151 1251 .
239 1206 381 1276 ejus,
409 1207 548 1261 sicut
574 1205 891 1269 eminentes,
920 1204 986 1258 ad
1022 1220 1360 1261 communem
1393 1207 1636 1261 notitiam
1669 1220 1819 1277 repo-

167 1285 170 1293 ’
242 1297 454 1352 nendos
479 1312 584 1351 non
613 1297 839 1366 putavit.
869 1295 1078 1350 Nullam
1104 1297 1246 1352 enim
1293 1298 1617 1353 mentionem
1660 1297 1818 1367 hujus

241 1387 486 1442 doctoris
528 1396 585 1442 et
615 1400 835 1440 suorum
883 1386 1142 1442 librorum
1173 1387 1298 1443 facit
1329 1387 1382 1441 in
1423 1386 1561 1441 libro
1594 1388 1660 1442 de
1685 1387 1818 1443 viris

243 1476 566 1542 illustribus,
614 1492 739 1532 cum
784 1477 1010 1532 aliorum
1041 1478 1236 1533 ibidem
1270 1493 1302 1532 a
1330 1479 1660 1548 temporibus
1690 1493 1818 1548 apo-

239 1568 504 1623 stolorum
529 1582 699 1636 usque
748 1569 814 1623 ad
842 1583 960 1634 sua,
987 1568 1076 1624 ubi
1105 1569 1287 1634 etiam,
1321 1584 1456 1638 quos
1490 1569 1657 1624 libros
1685 1569 1820 1624 scri-

239 1659 467 1729 pserint,
495 1673 616 1714 cum
642 1659 797 1714 laude
824 1659 1060 1714 celebrat
1087 1659 1132 1726 ',
1165 1667 1515 1715 memoratur.

1908 561 2144 631 cognitio
2167 562 2508 627 obscuratur,
2531 560 2661 632 quia
2687 562 2738 616 in
2759 575 3034 617 excessum
3057 561 3275 633 majoris
3295 561 3478 629 cogni-

1905 651 2075 708 tionis
2129 659 2532 723 augmentatur,
2577 660 2633 706 et
2677 653 2904 707 latitudo
2947 655 3094 710 verbi
3141 653 3359 710 vocalis.
3393 654 3474 708 vel

1911 744 2162 800 mentalis
2189 747 2542 816 restringatur
2561 745 2628 778 “‘
2646 746 2699 800 in
2722 746 3116 816 simplicitatem
3133 749 3278 804 verbi
3299 758 3478 804 aeter-

1913 836 2068 890 nalis.
2099 836 2176 891 lbi
2199 837 2259 890 iit
2278 837 2439 892 etiam
2462 838 2749 912 deiﬁcatio,
2775 839 2826 893 id
2847 847 2932 892 est
2949 839 3015 892 de
3041 840 3289 895 humanis
3315 841 3369 894 in
3401 841 3480 895 di-

1868 947 1879 960 ο
1913 929 2037 982 vina
2066 929 2461 994 transmutatio,
2489 938 2545 983 et
2572 929 2721 994 illud,
2745 930 2886 999 quod
2913 938 2995 984 est
3020 928 3252 998 ig’notum
3277 946 3374 1000 per
3398 931 3480 984 in—

1907 1020 2316 1090 vestigationem
2365 1019 2588 1074 rationis
2628 1027 2682 1075 et
2717 1019 3094 1074 intellectualis
3131 1019 3479 1089 operationis,

1913 1110 1974 1164 lit
2003 1111 2233 1180 ignotius
2258 1125 2354 1179 per
2385 1126 2667 1166 excessum
2694 1111 2971 1174 unitionis,
3005 1111 3074 1165 ita
3107 1120 3306 1175 tamen,
3342 1114 3483 1180 quod

1907 1200 2039 1256 talis
2070 1202 2366 1273 ignorantia
2387 1217 2596 1258 summa
2619 1213 2700 1258 est
2729 1203 2866 1273 apud
2897 1202 3153 1274 majorem
3180 1204 3482 1260 scientiam.

2581 1339 2810 1380 TEXTUS.

1989 1439 2218 1496 Trinitas
2258 1445 2788 1513 supersubstantialis,
2821 1456 2868 1502 et
2910 1450 3162 1518 superdea
3201 1449 3270 1516 ",
3307 1459 3355 1505 et
3390 1467 3482 1504 su-

1911 1534 2160 1603 perbona,
2192 1535 2473 1604 inspectria:
2509 1537 2716 1593 divinae
2741 1539 3023 1608 sapientiae
3047 1540 3483 1609 Christianorum,

1915 1624 2082 1694 dirige
2125 1640 2217 1679 nos
2252 1625 2322 1678 ad
2369 1627 2703 1696 mysticorum
2747 1629 3065 1699 eloquiorum
3099 1634 3487 1703 superignotum

1916 1723 1965 1768 et
1993 1715 2498 1785 supersplendentem
2523 1717 2566 1748 ¹⁶
2590 1735 2848 1773 sumntum
2884 1722 3116 1775 verticem
3133 1761 3148 1784 ,
3179 1722 3265 1775 ubi
3289 1723 3488 1792 simpli-

243 1787 546 1846 INCIPIT
582 1769 806 1846 LIBER,
840 1791 1125 1865 quam]
1167 1796 1187 1825 ο
1228 1793 1542 1850 ursum
1595 1792 1820 1849 THEO-

1921 1808 2002 1860 cia
2029 1815 2075 1861 et
2112 1807 2351 1862 absoluta
2391 1818 2441 1863 et
2483 1810 2891 1865 inconvertibilis
2921 1811 3207 1882 tlieologiae
3245 1769 3488 1883 mysteria

449 1881 671 1938 LOGIA
703 1884 747 1937 ⁷.
792 1881 1074 1941 TEXTUS
1109 1884 1263 1940 CUM
1303 1885 1621 1945 GLOSSIS.

316 2019 548 2074 Trinitas
571 2018 1081 2090 supersubstantialis
1101 2031 1197 2075 etc.
1215 2019 1421 2075 Titulus
1434 2018 1720 2088 lmjuslibri
1738 2028 1821 2078 est

242 2113 310 2166 de
333 2109 554 2182 mystica
575 2109 859 2181 theologia,
876 2111 928 2166 id
955 2121 1060 2174 est,
1083 2111 1264 2166 clausa
1291 2112 1376 2167 vel
1395 2113 1636 2177 occulta;
1668 2115 1816 2183 quia,

241 2205 504 2273 quidquid
533 2203 605 2259 ibi
643 2204 863 2268 dicitur,
893 2205 1047 2274 quasi
1077 2205 1448 2275 inexplicabile
1478 2214 1646 2261 totum
1677 2207 1821 2262 clau-

241 2312 367 2350 sum
404 2304 458 2350 et
494 2295 761 2353 occultum
806 2297 1144 2368 relinquitur.
1189 2299 1286 2355 Est
1323 2308 1502 2356 autem
1549 2289 1776 2355 materia
1801 2301 1823 2334 ⁸

244 2385 408 2456 hujus
447 2386 567 2441 libri
610 2387 722 2457 ipse
765 2389 926 2455 Deus,
965 2389 1020 2444 in
1054 2404 1112 2445 se
1146 2391 1460 2461 simpliciter
1484 2393 1824 2449 considerata

245 2494 412 2534 causa
449 2489 672 2536 naturae
713 2479 757 2546 ’,
812 2481 996 2538 habito
1037 2482 1080 2514 ¹⁶
1118 2494 1364 2555 respectu
1418 2487 1484 2542 ad
1524 2496 1820 2544 creaturas.

243 2569 482 2624 Intentio
523 2569 639 2639 ejus
686 2581 789 2639 est,
839 2575 1220 2631 commendare
1274 2592 1455 2631 veram
1507 2579 1824 2649 sapientiam
1916 2599 1918 2601 ν

244 2659 702 2728 Christianorum,
730 2671 785 2719 et
811 2664 1127 2734 sapientiam
1160 2666 1596 2737 philosophorum
1640 2685 1826 2739 repro-

243 2753 395 2808 bare.
428 2755 638 2811 Utilitas
663 2754 777 2824 ejus
810 2767 911 2822 est,
941 2758 1194 2815 inducere
1220 2763 1418 2830 apicem
1465 2764 1707 2832 personis
1749 2764 1827 2818 in-

244 2844 393 2898 viam
426 2845 490 2911 “,
535 2845 587 2900 id
620 2855 703 2901 est
749 2848 887 2902 uniri
939 2850 1046 2904 Deo
1102 2865 1196 2919 per
1248 2851 1824 2922 superintellectualem

245 2935 612 3003 cognitionem
638 2945 692 2991 et
723 2936 1057 2994 affectionem
1087 2941 1191 3006 sui,
1235 2929 1293 2996 ut
1321 2958 1427 2996 uno
1455 2943 1714 2999 vocabulo
1740 2945 1822 2999 di-

245 3037 368 3076 cam
419 3025 484 3089 “,
530 3033 815 3096 utrumque
863 3044 958 3096 per
1007 3030 1420 3088 deitieationem.
1476 3034 1670 3089 Forma
1712 3036 1826 3090 sive

249 3113 444 3169 modus
477 3116 735 3170 tractandi
787 3117 904 3173 talis
955 3128 1056 3174 est.
1086 3119 1269 3175 Primo
1300 3123 1464 3178 Deum
1496 3125 1732 3191 invocat,
1765 3135 1826 3180 ut

245 3219 346 3274 per
376 3205 548 3270 ipsum
577 3206 641 3261 ad
672 3206 842 3276 ipsum
881 3208 1157 3280 dirigatur.
1194 3210 1444 3268 Secundo
1487 3213 1704 3269 instruit
1730 3215 1818 3270 Ti-
1849 3218 1893 3280 C

247 3297 547 3365 motheum,
579 3301 844 3368 quomodo
880 3317 1003 3356 vera
1035 3305 1295 3374 sapientia
1326 3307 1657 3378 inquiratur;
1703 3309 1774 3364 ibi
1801 3329 1814 3365 :

249 3387 331 3443 Tu
379 3401 574 3455 autem,
612 3410 642 3445 ο
677 3393 839 3446 amice
881 3393 1164 3449 Timet/tce.
1206 3396 1388 3452 Tertio
1434 3398 1702 3468 prohibet,
1751 3415 1822 3470 ne

248 3481 535 3537 thesaurus
563 3483 728 3552 ipsius
777 3486 1070 3556 sapientiae
1103 3487 1333 3558 indignis
1363 3489 1695 3555 ostendatur,
1739 3491 1822 3545 iu-

248 3588 424 3627 nuens
470 3587 730 3640 errorem,
779 3592 884 3645 quo
937 3578 1320 3646 impediuntur,
1372 3595 1439 3634 ne
1489 3596 1615 3636 vera
1646 3583 1714 3636 ab
1745 3582 1823 3637 eis

245 3665 514 3733 sapientia
546 3665 876 3742 inveniatur;
897 3666 965 3721 ibi
993 3686 1004 3720 :
1039 3665 1165 3721 Vide
1185 3679 1356 3723 autem
1375 3687 1437 3723 ne
1455 3672 1590 3741 quis.
1622 3671 1824 3739 Quarto

245 3757 490 3810 ostendit
532 3758 825 3812 secundum
858 3759 1098 3814 diversas
1130 3761 1366 3815 rationes
1414 3771 1469 3816 et
1497 3762 1634 3826 vias,
1681 3764 1824 3832 quod

247 3847 429 3901 omnis
457 3857 700 3903 creatura
745 3851 862 3906 sine
891 3851 1065 3922 aliqua
1097 3855 1482 3912 contrarietate
1530 3855 1827 3912 atiirmatur

248 3945 304 3990 et
329 3947 584 4008 negatur;
619 3940 688 3994 ibi
722 3957 736 3996 :
780 3941 989 4012 Oportet
1016 3945 1071 3998 in
1113 3946 1244 4014 ipsa.
1280 3947 1478 4012 Quinto
1503 3949 1822 4014 deuiiratur,

249 4027 396 4095 quod
449 4037 596 4093 sunt,
627 4031 820 4099 quibus
848 4033 1016 4104 gratia
1050 4036 1390 4104 perveniendi
1423 4039 1490 4092 ad
1519 4038 1686 4093 Deum
1733 4055 1828 4108 per

249 4119 827 4186 superintellectualem
872 4126 1230 4197 cognitionem
1279 4128 1467 4194 datur;
1498 4129 1567 4184 ibi
1595 4147 1607 4183 :
1632 4129 1696 4182 Et
1724 4122 1826 4184 non

250 4210 572 4282 simpliciter.
605 4214 672 4269 Et
695 4217 828 4272 haec
854 4219 1033 4272 omnia
1063 4218 1191 4275 facit
1221 4223 1270 4274 in
1301 4223 1475 4292 primo
1504 4223 1754 4293 capitulo.

802 4329 1196 4387 CAPITULUM
1234 4333 1275 4387 Ι.

323 4439 352 4512 ς
383 4439 433 4494 l.
475 4439 628 4507 Quod
653 4441 832 4497 divina
864 4443 953 4499 lux
987 4459 1083 4514 per
1115 4445 1348 4502 divinam
1393 4455 1604 4501 noctem
1632 4446 1826 4519 aspici-

1911 1909 2162 1967 cooperta
2189 1911 2308 1954 sunt
2336 1901 2618 1956 secundum
2641 1902 3144 1973 supersplendentem
3185 1904 3380 1958 occulte
3410 1905 3491 1958 di-

1911 1991 1989 2052 .cii
2022 1992 2064 2026 ⁸⁷
2094 1992 2286 2048 silentii
2309 1993 2604 2064 caliginem,
2634 1995 2689 2050 in
2717 1995 3079 2050 obscurissima
3100 1996 3488 2064 superdarissi-

1921 2099 2064 2138 mum
2076 2086 2496 2155 supersplenderc
2517 2087 2561 2118 ⁸³
2575 2087 2866 2154 facientem,
2883 2098 2928 2141 et
2944 2089 2998 2141 in
3014 2089 3221 2141 omnino
3237 2087 3492 2157 impalpa»

1919 2175 2013 2235 bili
2033 2187 2082 2232 et
2104 2177 2348 2232 invisibili
2374 2177 2760 2249 superpalchris
2779 2179 3102 2234 claritatibus
3121 2179 3492 2250 superimplen—

1918 2281 2024 2327 tem
2052 2289 2156 2327 non
2185 2273 2428 2328 habentes
2470 2273 2648 2329 oculos
2675 2283 2888 2330 mentes.
2919 2273 3092 2345 Igitur
3117 2273 3326 2346 quidem
3364 2272 3492 2327 mihi

1923 2361 2026 2418 ista
2053 2372 2172 2418 sunt
2197 2363 2239 2395 “
2267 2364 2501 2421 oratione
2523 2366 2806 2435 postulata.

2610 2511 2822 2552 CLOSSA.

1997 2616 2040 2673 Ο
2074 2617 2214 2672 trina
2243 2618 2446 2682 unitas,
2471 2625 2526 2672 et
2544 2633 2650 2673 una
2673 2619 2906 2683 trinitas,
2924 2618 3224 2675 divinarum
3249 2618 3496 2674 videlicet

1924 2724 2298 2780 personarum,
2331 2711 2758 2780 superexcedens
2777 2726 2936 2768 omne
2958 2726 3054 2767 ens
3091 2713 3267 2781 quoad
3309 2725 3496 2780 perso-

1928 2816 2051 2854 nam
2078 2801 2276 2866 Patris,
2307 2811 2363 2857 et
2389 2804 2818 2871 superexcedens
2843 2818 3056 2860 omnem
3100 2803 3414 2872 sapientiam
3440 2812 3496 2857 et

1925 2893 2204 2948 scientiam
2226 2895 2402 2964 quoad
2419 2910 2700 2965 personam
2717 2895 2860 2960 Filii,
2878 2896 3368 2965 etsnperexcedens
3380 2911 3496 2949 om-

1926 2998 2049 3037 nem
2080 2983 2398 3039 existentem
2429 2985 2715 3042 bonitatem
2743 2986 2916 3054 quoad
2943 3001 3224 3054 personam
3259 2985 3495 3056 Spiritus

1927 3074 2101 3128 sancti
2135 3091 2146 3127 :
2177 3089 2318 3143 quae
2362 3074 2692 3144 inspiciendo
2739 3078 3006 3146 approbas
3052 3086 3107 3133 et
3151 3079 3495 3148 approbando

1929 3158 2149 3229 inspicis
2177 3163 2779 3232 sapientiamlideli‘um,
2823 3181 2925 3235 qua
2955 3167 3095 3223 Deus
3132 3169 3494 3238 cognoscitur,

1925 3253 2014 3322 qui
2039 3252 2288 3325 s[cilicet]
2308 3254 2352 3284 ²⁰
2373 3263 2455 3309 est
2483 3254 2682 3324 optima
2708 3257 2899 3326 positio
2926 3257 3146 3312 Mariae.
3167 3257 3378 3313 Directo
3406 3275 3494 3312 ra-

1922 3343 2013 3397 dio
2042 3358 2069 3396 a
2105 3352 2153 3397 te
2185 3344 2249 3397 ad
2279 3360 2394 3410 nos,
2437 3361 2535 3400 nos
2555 3346 2622 3400 ad
2647 3355 2700 3401 te
2727 3347 2986 3402 elevando
3014 3363 3158 3418 rege,
3205 3357 3262 3403 ut
3306 3365 3497 3420 perve-

1922 3437 2134 3493 niamus
2173 3437 2238 3492 ad
2271 3445 2321 3493 te
2346 3453 2442 3508 per
2466 3438 2993 3510 contemplationem,
3027 3439 3117 3509 qui
3146 3451 3230 3495 est
3255 3455 3497 3495 summus

1923 3537 2108 3582 vertex
2158 3539 2469 3585 sanctarum
2519 3529 2948 3601 Scripturarum,
3000 3547 3098 3587 nos
3139 3531 3355 3602 quidem
3399 3547 3495 3589 su-

1924 3618 2265 3688 perignotus,
2300 3621 2352 3675 in
2407 3631 2457 3676 te
2506 3632 2684 3676 autem
2733 3623 3218 3692 superspleudens,
3269 3625 3322 3678 in
3367 3640 3494 3693 quo,

1925 3711 2130 3767 scilicet
2173 3727 2381 3766 summo
2419 3713 2680 3767 altissimo
2715 3713 2936 3776 vertice,
2968 3715 3266 3769 sententiae
3311 3729 3499 3770 sacrae

1927 3801 2238 3870 Scripturae
2254 3803 2376 3872 prof
2376 3803 2666 3856 undissitne
2681 3811 2811 3858 sunt
2825 3802 3038 3858 clausae
3052 3812 3105 3857 et
3126 3803 3494 3867 absconditae,

1925 3904 1979 3948 et
2009 3895 2147 3948 sicut
2171 3895 2222 3947 in
2252 3910 2376 3948 arce
2405 3894 2803 3963 simplicissima
2841 3903 3134 3959 coartatae,
3165 3903 3219 3948 et
3243 3909 3272 3948 a
3304 3896 3498 3948 verbo.

1927 4002 2046 4040 rum
2067 3985 2417 4040 velaminibus
2438 3985 2732 4040 absolutae.
2763 3985 2914 4040 Unde
2935 3986 3202 4055 quomodo
3223 3993 3348 4039 sunt
3371 3986 3498 4040 sim-

1925 4079 2110 4150 plices,
2141 4087 2342 4134 suntet
2369 4078 2833 4142 inconvertibilcs,
2867 4087 2920 4132 et
2963 4086 3166 4131 tantum
3210 4093 3314 4132 uno
3341 4078 3498 4132 modo

1927 4171 2303 4242 intelligibiles.
2339 4171 2476 4226 Sunt
2503 4181 2681 4226 autem
2711 4180 2764 4226 et
2795 4172 2847 4226 in
2873 4172 2976 4226 isto
2999 4173 3195 4226 vertice
3216 4180 3502 4239 coochae

1928 4264 2061 4318 istae
2089 4263 2386 4318 sententiae
2417 4262 2710 4318 secundum
2737 4262 2930 4327 lucem,
2960 4277 3096 4333 quae
3131 4263 3291 4317 habet
3313 4276 3496 4317 exces-

1929 4369 2046 4407 sum
2075 4352 2312 4418 luminis,
2358 4361 2414 4407 et
2449 4353 2569 4407 ideo
2607 4353 2829 4408 sortitur
2874 4368 3066 4408 nomen
3102 4352 3368 4423 caliginis,
3401 4367 3497 4406 eu-

1923 4443 2013 4514 jus
2058 4445 2309 4518 Splendor
2351 4445 2591 4501 occultus
2637 4455 2718 4500 est
2759 4447 2981 4501 verbum
3022 4455 3323 4510 aeternum,
3359 4446 3501 4515 quod

254 4538 366 4596 tur,
395 4538 452 4584 et
475 4530 586 4600 ipsa
617 4547 723 4587 nox
752 4548 850 4603 per
879 4549 1128 4590 occasum
1157 4535 1416 4590 luminum
1452 4537 1496 4568 "
1532 4537 1822 4591 invenitur.
1857 4566 1907 4624 Β
1929 4537 2095 4592 Pater
2140 4539 2208 4592 ab
2247 4548 2469 4593 aeterno
2513 4538 2880 4593 inaudibiliter
2915 4537 3167 4608 loquitur.
3206 4537 3357 4604 Quod
3382 4538 3501 4607 qui-

255 4620 438 4691 lbique
466 4623 609 4692 quod
656 4632 740 4679 est
772 4624 976 4681 clarum
1023 4628 1362 4693 obscuratur,
1411 4629 1556 4699 quod
1601 4637 1683 4684 est
1713 4644 1826 4683 ma-

251 4727 418 4782 gnum
449 4721 742 4780 coartatur,
767 4716 906 4785 quod
936 4726 1018 4772 est
1044 4719 1334 4772 humanum
1356 4718 1662 4784 deiﬁcatur,
1689 4718 1830 4787 quod

252 4811 338 4857 est
361 4803 624 4873 ignotum,
653 4808 823 4876 magis
844 4809 1141 4879 ignoratur.
1171 4809 1358 4864 Divina
1389 4809 1478 4864 lux
1507 4819 1591 4866 est
1619 4811 1832 4866 divinae

253 4896 580 4965 cognitionis
604 4899 832 4964 caritas;
862 4901 1040 4954 divina
1075 4917 1178 4955 nox
1205 4911 1290 4957 est
1317 4902 1484 4971 ipsius
1512 4903 1832 4973 cognitionis

255 4992 902 5059 incomprehensibilitas;
922 5010 1058 5062 quae
1079 5010 1200 5050 cum
1229 4996 1508 5065 aspicitur,
1534 4979 1829 5066 Deus'cog-

256 5082 518 5136 noscitur.
555 5082 830 5137 Invenitur
857 5094 1036 5139 autem
1073 5086 1184 5155 ipsa
1215 5086 1830 5156 incomprehensibilitas

257 5188 354 5243 per
395 5189 652 5230 occasum
702 5175 985 5242 luminum,
1031 5186 1086 5232 et
1128 5193 1226 5249 per
1266 5194 1545 5234 excessum
1590 5177 1830 5233 omnium

1935 4629 2055 4685 dem
2085 4630 2135 4683 in
2169 4629 2256 4683 illa
2300 4645 2511 4684 summa
2557 4629 2924 4684 invisibilitate
2963 4629 3153 4694 Deum,
3185 4628 3274 4698 qui
3307 4635 3390 4682 est
3413 4642 3503 4682 su-

1930 4718 2382 4788 perclarissitnus,
2417 4718 2545 4773 facit
2585 4719 2814 4788 desuper
2860 4717 3178 4781 radiantem,
3225 4725 3279 4771 et
3317 4717 3368 4770 in
3401 4717 3504 4770 isto

1930 4816 2073 4862 statu
2097 4809 2247 4863 verbi
2279 4824 2377 4864 nec
2409 4810 2548 4864 ratio
2576 4809 2947 4880 investigando
2975 4809 3176 4880 palpat,
3204 4823 3305 4864 nec
3347 4807 3506 4863 intel-

1929 4901 2146 4970 ligentia
2173 4902 2215 4934 ¹¹
2243 4902 2654 4971 contemplando
2681 4903 3020 4966 considerat,
3055 4901 3221 4956 radiis
3251 4909 3505 4956 aeterna-

1933 4991 2058 5046 liter
2088 4991 2418 5062 simplicibus
2445 5002 2500 5047 et
2526 4991 2880 5048 eﬂ‘ectualiter
2903 4992 3286 5064 multiplicibus
3312 5007 3505 5061 super-

1936 5082 2111 5136 fundit
2131 5082 2389 5137 caelestes
2413 5092 2640 5146 mentes,
2658 5097 2796 5152 quae
2811 5082 2856 5114 ⁹¹
2867 5082 2966 5136 sibi
2987 5091 3126 5138 totae
3147 5091 3270 5137 sunt
3295 5080 3502 5143 oculus,

1937 5175 2020 5230 vel
2050 5191 2188 5246 quae
2214 5190 2321 5231 non
2364 5183 2589 5230 utuntur
2614 5175 2982 5231 materialibus
3009 5175 3288 5239 sensibus;
3317 5182 3372 5228 et
3401 5173 3504 5227 ista

1530 5310 1787 5368 VARIAE
1827 5306 2227 5365 LECTIONES.

329 5429 347 5461 ¹
379 5428 558 5490 (Iorr.,
591 5425 712 5481 cod.
743 5438 940 5482 errant.
1015 5428 1037 5458 ⁹
1081 5426 1232 5496 Conj.
1253 5468 1268 5491 ,

258 5497 475 5565 '(Ionj.,
499 5499 620 5553 Cod.
643 5497 818 5551 celeb’.

257 5569 460 5622 habitu.
539 5568 577 5601 “
609 5568 786 5632 Corn,
808 5568 927 5624 cod.
954 5571 1005 5622 in
1028 5570 1127 5624 eia.
1202 5569 1247 5602 “
1265 5568 1444 5637 Conj.,
1469 5584 1580 5623 cor.
1604 5569 1798 5621 dicant.

1324 5428 1443 5483 cod.
1476 5437 1542 5508 et.
1565 5424 2176 5508 Ιὶιρναιοαεῆνεξρίεἰυῃι..⁸
2215 5421 2237 5454 ³
2279 5421 2411 5508 ρῳ.
2442 5420 2773 5508 'Jeronimus.

897 5498 917 5529 ⁸
938 5497 1068 5553 Cod.
1092 5515 1136 5553 s.
1192 5494 1233 5530 V"
1256 5499 1386 5552 Cod.
1403 5497 1684 5565 catalogia.
1760 5496 1780 5528 ⁸
1798 5495 1972 5562 C0nj.,
1993 5494 2110 5547 cod.
2135 5494 2206 5548 in.
2282 5494 2302 5522 '
2326 5494 2504 5562 Conj.,
2522 5494 2639 5545 cod.
2658 5494 2873 5544 consid‘.
2900 5494 3055 5542 alica.
3084 5494 3222 5543 mit".
3303 5494 3345 5518 "’
3371 5494 3498 5540 Cod.

897 5568 927 5621 I.
954 5571 1005 5622 in
1028 5570 1127 5624 eia.
1202 5569 1247 5602 “
1265 5568 1444 5628 Conj.,
1469 5584 1580 5623 cor.
1604 5569 1798 5621 dicant.
1881 5566 1922 5596 ³³
1946 5564 2124 5628 Conj.,
2145 5563 2266 5620 cod.
2292 5563 2568 5616 Iuntinare.
2647 5561 2689 5592 ιδ
2708 5561 2834 5616 Cod.
2861 5559 3118 5614 natalium.
3196 5557 3255 5590 “'
3276 5557 3368 5628 Sic
3382 5557 3498 5611 cod.

2870 5421 2894 5453 ⁸
2923 5417 3055 5474 Cod.
3101 5417 3499 5485 ariophagitam.

2282 5492 2302 5522 ⁹
2326 5493 2504 5562 Conj.,
2522 5492 2639 5545 cod.
2658 5490 3055 5562 consid‘Latica.
3084 5488 3225 5562 τιᾶιιζἸ
3247 5560 3250 5562 Α
3281 5487 3345 5562 _‘_°
3371 5486 3502 5562 Cod.

260 5637 307 5670 "
325 5639 457 5694 Cod.
482 5654 638 5709 super
655 5627 786 5711 dea;
854 5639 897 5670 ¹⁶
923 5639 1053 5711 Cod.
1085 5656 1242 5709 super
1271 5627 1499 5711 ignotum
1526 5649 1570 5692 et
1589 5653 1752 5711 super
1783 5627 2154 5711 splendentem.
2231 5631 2599 5711 "_Corr._cod.
2631 5631 2785 5711 duca1
2859 5632 2900 5662 "
2929 5630 3059 5711 Cod.
3085 5646 3240 5711 super
3277 5627 3510 5684 clarissi-

256 5724 400 5762 mum
425 5700 581 5779 super
609 5709 894 5780 splendere.
967 5708 1011 5740 '°
1033 5700 1185 5774 Cur...
1213 5700 1333 5765 cod.
1361 5711 1482 5779 fuit.
1561 5707 1606 5740 ⁸ο
1640 5700 1770 5764 Cod.
1794 5700 1840 5762 ἐ.
1917 5707 1960 5738 ³⁸
1986 5706 2161 5774 Conj.,
2190 5705 2310 5760 cod.
2343 5703 2596 5773 intellig/ii.
2675 5702 2720 5730 "
2745 5700 2926 5784 qur.,
2951 5700 3070 5754 cod.
3103 5701 3212 5758 aui.
