4028 6274
265 331 380 389 273

938 324 1435 384 EXPOSITIONES
1469 324 1538 381 ΙΝ
1575 320 1930 380 MYSTICAM
1967 315 2410 374 THEOLOGIAM
2449 319 2508 375 S.
2547 319 2860 378 DlONYSll.

3433 318 3542 374 2³14

273 449 476 503 tiarum
509 453 780 502 tantorum
819 443 1262 516 phiiosopltorum
1293 443 1311 474 ⁸
1339 433 1626 503 excedunt,
1674 449 1850 507 quan-
1878 436 1928 497 Α
1955 430 2204 487 monibus
2221 421 2556 499 designatur,
2579 439 2635 485 et
2654 430 2786 486 item
2809 411 3166 501 pauc'iftssimis,
3197 429 3318 484 ideo
3345 430 3386 463 ’⁵
3407 432 3538 502 quia

273 547 393 593 tum
441 537 614 609 magis
651 537 863 592 excedit
907 536 1231 604 imperitiam
1272 547 1484 596 eorum,
1525 531 1616 601 qui
1659 529 1850 591 Deum,

271 629 370 698 qui
415 637 500 684 est
533 628 869 699 superposita
906 627 1146 682 omnium
1190 638 1387 688 causa,
1431 623 1484 677 in
1595 619 1856 675 extremis

274 719 524 775 materiis
547 719 894 774 existentium
919 716 940 748 ⁸
967 718 1218 788 ﬁgurant,
1257 728 1396 782 quae
1439 710 1691 766 inferiora
1729 716 1856 764 stmt

278 807 560 875 animatis,
592 825 691 866 nec
737 809 957 879 insuper
984 815 1196 879 putant,
1247 804 1389 874 quod
1434 804 1572 858 Deus
1598 803 1650 856 in
1676 816 1734 858 se
1759 800 1849 855 ali-

275 901 414 972 quid
480 901 675 956 habeat
723 900 1033 965 sublimius,
1092 911 1256 967 quam
1297 897 1498 965 ﬁgurae
1541 902 1597 949 et
1651 891 1858 947 formae

276 991 630 1070 multiplices,
661 1007 800 1062 quae
825 991 894 1046 ab
919 991 1050 1061 ipsis
1076 990 1244 1060 impie
1262 973 1689 1057 componuntur.'

955 1117 1184 1159 TEXTUS.

357 1213 576 1282 Oportet
603 1221 777 1266 autem
821 1211 956 1265 enim
988 1212 1042 1264 in
1087 1212 1200 1280 ipsa
1228 1219 1276 1265 et
1311 1227 1485 1264 omnes
1527 1207 1858 1264 existentium

276 1321 474 1376 ponere
509 1315 556 1358 et
595 1305 853 1375 afﬁrmare
893 1305 1191 1374 positiones,
1238 1303 1370 1358 sicut
1397 1303 1626 1357 omnium
1674 1318 1858 1366 causa,

275 1402 325 1445 et
350 1409 525 1445 omnes
550 1393 714 1462 magis
736 1393 875 1462 ipsas
895 1393 1102 1462 proprie
1123 1408 1334 1463 negare,
1353 1392 1485 1444 sicut
1506 1408 1662 1460 super
1684 1391 1861 1443 omnia

275 1485 717 1553 superexistente,
761 1492 808 1536 et
861 1499 962 1536 non
1009 1484 1304 1554 negationes
1344 1483 1603 1553 oppositas
1653 1482 1860 1550 apinari

276 1590 392 1628 esse
439 1574 898 1643 alﬁrruationibus,
945 1573 1034 1627 sed
1079 1573 1242 1626 multo
1286 1575 1431 1643 prius
1479 1575 1646 1642 ipsam
1707 1588 1864 1642 super

275 1663 591 1732 prirationes
612 1673 659 1718 et
678 1680 811 1734 quae
835 1672 909 1718 est
933 1679 1087 1734 super
1111 1679 1312 1718 omnem
1357 1661 1671 1717 ablationem
1694 1672 1740 1717 et
1767 1679 1862 1733 po-

275 1755 549 1809 sitionem.
1551 1805 1553 1807 .

355 1845 388 1916 ς
409 1845 462 1898 3.
492 1844 579 1899 Ita
605 1846 764 1916 igitur
789 1846 992 1900 divinus
1016 1845 1452 1901 Bartltolomaeus
1475 1845 1619 1910 dicit,
1645 1855 1692 1900 et
1716 1844 1857 1898 mul-

274 1945 389 1989 tam
419 1935 731 2007 theologiam
762 1937 926 2010 [esse]
959 1937 981 1969 ⁸
1015 1947 1062 1992 et
1103 1939 1404 2004 minimam,
1437 1948 1485 1992 et
1515 1936 1856 2006 Evangelium

275 2024 468 2090 latum,
497 2034 547 2078 et
577 2042 843 2096 magnum,
873 2037 921 2080 et
960 2044 1141 2081 rursus
1161 2029 1460 2081 concisum:
1489 2037 1543 2080 ut
1571 2027 1698 2080 mihi
1719 2028 1858 2082 vide-

275 2126 388 2179 tur,
437 2114 572 2169 illud
599 2117 1069 2184 supernat‘uraliter
1094 2118 1382 2188 intelligens
1411 2118 1454 2184 ⁸,
1488 2119 1609 2188 quia
1639 2128 1685 2172 et
1715 2117 1853 2172 mul-

271 2214 449 2257 torum
474 2221 768 2260 sermonum
793 2217 866 2262 est
893 2207 1025 2262 bona
1067 2210 1296 2262 omnium
1321 2225 1502 2273 causa,
1543 2218 1590 2262 et
1627 2210 1854 2262 brevium

271 2294 563 2346 dictionum
588 2295 848 2360 similiter,
881 2307 926 2349 et
949 2297 1298 2363 rationabilis,
1340 2299 1471 2352 sicut
1501 2315 1661 2368 neque
1689 2299 1852 2352 ratio-

273 2399 393 2436 nem
406 2383 621 2449 habens,
641 2401 802 2454 neque
823 2386 1157 2452 intellectum,
1180 2397 1388 2458 propter
1401 2389 1540 2459 quod
1561 2389 1672 2457 ipsa
1688 2389 1856 2441 oumi-

270 2474 370 2528 Eus
403 2476 969 2544 supersubstantialiter
994 2488 1068 2532 est
1102 2481 1444 2549 superposita,
1475 2489 1523 2534 et
1554 2481 1722 2534 solum
1750 2497 1853 2534 non

267 2562 438 2618 velate
467 2565 488 2596 ‘
507 2575 556 2619 et
595 2583 708 2622 vere
747 2579 962 2639 apparet
993 2569 1095 2636 Itis,
1125 2572 1215 2640 qui
1245 2571 1513 2625 immunda
1534 2579 1581 2626 et
1604 2572 1801 2625 munda
1829 2571 1852 2603 τ

267 2663 568 2724 transeunt,
591 2669 640 2713 et
663 2676 866 2716 omnem
890 2662 1120 2716 omnium
1144 2671 1442 2717 sanctorum
1469 2665 1852 2718 extremitatum

269 2764 545 2803 ascensum
565 2753 952 2822 superveniunt,
983 2763 1030 2808 et
1049 2755 1223 2809 omnia
1244 2754 1266 2786 ⁸
1287 2756 1464 2810 divina
1494 2755 1692 2810 lumina
1709 2766 1756 2810 et
1771 2773 1854 2810 so-

271 2857 369 2894 nos
396 2850 445 2894 et
466 2857 727 2897 sermones
751 2842 992 2898 caelestes
1015 2845 1406 2924 derelinquunt,
1421 2856 1465 2899 et
1487 2847 1556 2900 ad
1578 2847 1852 2917 caliginem

267 2932 556 2998 introeunt,
587 2934 674 2989 ubi
714 2951 838 2992 vere
868 2945 978 3005 est,
1012 2937 1145 3003 sicut
1167 2936 1374 3010 eloquia
1415 2937 1616 3005 dicunt,
1645 2940 1744 3010 qui
1775 2950 1852 2994 est

266 3037 428 3092 super
449 3022 646 3080 omnia.
678 3027 680 3030 ’

941 3131 1130 3174 csosss
1161 3117 1207 3174 ’.

341 3200 544 3257 Sensus
601 3212 676 3260 est
707 3221 726 3260 :
768 3204 1025 3274 Quamvis
1056 3208 1131 3263 illi
1183 3209 1286 3264 ista
1313 3217 1634 3274 senserunt,
1669 3217 1848 3263 tamen

263 3305 492 3348 necesse
519 3302 603 3349 est
630 3297 922 3352 secundum
951 3308 1154 3353 rectam
1180 3298 1609 3371 intelligentiam,
1632 3314 1848 3354 omnem

261 3379 498 3440 formam
547 3386 632 3441 vel
684 3387 908 3459 ﬁguram
957 3390 1044 3446 vel
1093 3392 1466 3457 substantiam,
1523 3399 1579 3447 et
1632 3406 1847 3447 onmem

267 3476 495 3530 omnino
521 3487 826 3533 creaturam
857 3497 963 3535 non
991 3491 1245 3552 tanquam
1275 3483 1516 3553 subjecto
1538 3523 1553 3547 ,
1583 3483 1677 3539 sed
1709 3485 1848 3538 sicut

261 3567 506 3622 omnium
527 3585 751 3637 causae,
775 3572 874 3642 ipsi
906 3573 1223 3634 attribuere.
1249 3582 1303 3629 et
1332 3575 1503 3646 magis
1546 3576 1765 3646 proprie
1793 3583 1847 3630 et

263 3661 535 3717 veraciter
553 3664 620 3718 ab
641 3679 702 3718 ea
729 3681 1027 3732 removere,
1050 3668 1190 3722 sicut
1219 3669 1316 3733 rei,
1343 3669 1430 3724 cui
1454 3669 1585 3723 nihil
1609 3669 1846 3724 existen-

265 3751 400 3805 ti'um
449 3752 731 3808 inhaerere
777 3764 983 3824 potest,
1029 3759 1324 3812 secundum
1379 3759 1521 3828 quod
1564 3760 1725 3813 Deus.
1781 3759 1845 3813 Et

262 3841 514 3912 quamvis
563 3844 846 3899 existentia
904 3847 1013 3900 Deo
1066 3848 1472 3914 attribuantur,
1526 3848 1610 3901 vel
1662 3848 1730 3902 ab
1778 3864 1844 3903 eo

264 3943 664 4000 removeantur,
699 3950 801 3990 non
836 3945 1012 3991 tamen
1043 3938 1372 3993 credendum
1397 3947 1500 4002 est,
1530 3937 1670 4008 quod
1703 3939 1845 3992 inter

263 4022 424 4077 talem
472 4021 876 4080 aﬁ'irmationem
905 4025 995 4081 vel
1020 4028 1356 4098 negationem
1398 4028 1554 4082 cadat
1593 4027 1769 4098 aliqua
1800 4027 1842 4058 ¹⁰

261 4117 620 4199 contrarietas
664 4135 679 4172 :
724 4119 830 4174 imo
868 4130 1079 4192 oportet
1129 4115 1358 4189 sentire,
1407 4122 1577 4194 ipsam
1623 4137 1839 4178 causam

261 4206 502 4260 omnium
531 4209 862 4277 superiorem
893 4227 1014 4267 esse
1050 4214 1196 4268 omni
1240 4215 1523 4286 negatione
1551 4215 1590 4245 “
1620 4223 1676 4270 et
1701 4213 1842 4269 aﬁir-

260 4297 501 4351 matione
534 4297 595 4353 ".
639 4299 788 4355 Unde
809 4299 877 4357 de
902 4317 1100 4366 ea,non
1127 4312 1303 4374 potest
1332 4319 1451 4360 esse
1487 4303 1664 4375 aliqua
1696 4304 1839 4374 posi-

260 4386 363 4451 tio,
394 4385 477 4440 vel
503 4387 719 4453 ablatio,
747 4389 860 4445 sive
887 4391 1174 4447 afﬁrmatio
1206 4394 1286 4448 vel
1312 4394 1544 4465 negatio.
1580 4394 1649 4450 Et
1683 4394 1837 4461 juxta

1952 536 2052 577 nec
2078 521 2284 576 ratione
2317 522 2529 590 capitur
2550 563 2564 580 .
2595 536 2692 576 nec
2723 521 2994 576 intellectu
3035 521 3538 592 comprehenditur,

1953 622 2008 669 et
2029 613 2148 668 ideo
2169 615 2332 668 verbo
2358 613 2400 644 “
2431 629 2535 668 non
2561 613 2900 683 exprimitur,
2932 613 3056 682 quia
3081 613 3332 668 omnibus
3352 629 3544 683 super-

1955 706 2382 762 substantialiter
2427 708 2824 776 superponitur.
2857 705 2966 760 lllis
3012 715 3190 760 autem
3248 706 3377 760 solis
3421 707 3540 762 sine

1954 797 2217 852 velamine
2245 807 2480 868 apertus,
2511 797 2718 851 scilicet
2766 813 2862 866 per
2916 795 3146 852 infusam
3198 797 3537 854 dulcedinem

1953 894 2010 942 et
2034 887 2353 941 suavitatem
2373 887 2752 956 inpermixtam
2775 886 2838 952 ¹⁶,
2862 887 2953 956 qui
2979 887 3159 941 omnia
3185 888 3456 944 sensibilia
3485 896 3542 944 et

1955 977 2309 1049 intelligibilia
2373 977 2704 1044 obiectorum
2766 978 2880 1032 sive
2944 979 3370 1049 spectaculorum
3405 1020 3422 1047 ,
3481 979 3538 1036 in

1956 1068 2150 1138 quibus
2179 1067 2385 1122 scilicet
2409 1067 2787 1122 intellectualis
2820 1069 3296 1140 contemplationis
3328 1070 3538 1125 exerci-

1959 1161 2091 1216 tium
2143 1169 2494 1216 consumatur
2549 1162 2612 1226 ",
2664 1167 2720 1215 et
2773 1162 2996 1216 omnino
3047 1163 3421 1217 irradiationes
3471 1162 3541 1216 ad

1958 1251 2284 1307 intellectum
2326 1253 2682 1322 pertinentes,
2713 1263 2768 1308 et
2807 1253 3185 1324 inspirationes
3226 1254 3538 1324 ambiguas,

1959 1352 2016 1400 ct
2064 1343 2421 1398 revelationes
2467 1352 2717 1397 aeternas
2743 1343 3154 1412 derelinquunt,
3183 1351 3238 1398 et
3267 1343 3543 1398 introeunt

1959 1449 2056 1508 per
2110 1432 2408 1488 unitionem
2454 1433 2520 1486 ad
2567 1432 3144 1502 superintellectualem
3195 1432 3288 1487 Dei
3330 1432 3537 1486 inconu-

1960 1521 2474 1592 prehensibilitatem
2503 1562 2519 1588 ,
2549 1522 2639 1577 ubi
2685 1523 2736 1577 in
2779 1523 2996 1593 propria
3032 1521 3206 1576 forma
3245 1523 3539 1577 secundum

1962 1611 2273 1680 Scripturae
2325 1612 2691 1666 testimonium
2748 1622 2830 1667 est
2867 1612 3010 1667 Deus
3065 1627 3227 1682 super
3264 1627 3428 1666 unum
3483 1619 3540 1664 ct

1961 1702 2240 1764 unitatem,
2272 1709 2328 1756 et
2352 1717 2512 1769 super
2539 1717 2637 1756 ens
2656 1709 2712 1756 et
2739 1702 3052 1768 entitatem;
3083 1702 3282 1756 dicitur
3311 1701 3452 1755 cnim
3483 1700 3536 1754 in

1886 1779 1934 1840 B
1964 1793 2149 1847 Exodo
2170 1833 2186 1857 ,
2233 1793 2375 1863 quod
2406 1792 2616 1864 Moyses
2650 1794 2890 1850 ascendit
2918 1793 2973 1848 in
3003 1793 3316 1863 caliginem,
3348 1792 3401 1846 in
3431 1807 3538 1862 quo

1956 1891 2069 1940 erat
2105 1883 2269 1939 Deus.

1959 1959 1966 1964 ⁷
2628 1990 2859 2031 mnus.

2026 2082 2234 2138 Etenim
2261 2101 2363 2139 non
2386 2085 2694 2156 simpliciter
2727 2087 2934 2140 divinus
2978 2084 3183 2155 Moyses
3212 2084 3459 2139 mandari
3485 2094 3536 2140 et

1953 2177 2062 2246 ipse
2081 2176 2280 2246 primus
2307 2178 2644 2246 praecipitur,
2683 2187 2732 2230 et
2761 2192 2941 2230 rursus
2970 2193 3003 2229 η
3033 2175 3076 2207 ⁸⁸
3100 2173 3416 2229 nontulibus
3453 2189 3537 2228 seo-

1953 2269 2179 2339 gregari,
2201 2278 2249 2322 et
2277 2277 2388 2338 post
2421 2284 2626 2322 omnem
2655 2268 3056 2322 mundationem
3071 2266 3218 2320 audit
3243 2264 3528 2320 multarunt
3553 2305 3558 2312 .

1953 2376 2136 2414 uocum
2166 2360 2438 2424 buccinas,
2464 2369 2512 2413 et
2557 2360 2690 2414 uidet
2738 2359 2938 2412 lumina
2978 2356 3144 2410 multa
3183 2372 3301 2410 cum
3331 2356 3538 2424 fulgure

1884 2454 1892 2460 '
1953 2451 2240 2505 eminentia
2263 2450 2307 2481 ¹⁹
2331 2450 2552 2505 mundos
2574 2460 2620 2504 et
2645 2449 2863 2502 multum
2885 2447 3100 2517 e/fulsos
3123 2446 3320 2501 radios.
3344 2443 3538 2500 Postea

1954 2557 1988 2594 a
2015 2539 2195 2594 multis
2235 2549 2538 2609 segregatur
2559 2548 2605 2593 et
2631 2555 2753 2593 cum
2790 2537 2966 2592 electis
3002 2535 3360 2591 sacerdotibus
3399 2550 3538 2588 sum.

1955 2629 2188 2683 mitatem
2231 2628 2525 2682 divinarum
2572 2628 2937 2682 ascensionum
2982 2624 3270 2696 pertingit;
3305 2623 3537 2694 quamris

1953 2736 2042 2790 per
2069 2721 2167 2774 hoc
2200 2721 2408 2790 quidem
2454 2736 2556 2773 non
2586 2719 2652 2772 sit
2691 2735 2809 2771 cum
2848 2717 2980 2782 Deo,
3019 2715 3110 2770 sed
3158 2711 3537 2782 contemplatur

1954 2825 2058 2863 non
2093 2809 2281 2878 ipsum,
2313 2808 2588 2864 invisibilis
2615 2817 2690 2862 est
2715 2808 2877 2872 enim,
2905 2806 2996 2862 sed
3028 2805 3200 2860 locum
3229 2803 3315 2857 ubi
3336 2811 3432 2856 est.

2635 2935 2848 2976 GLOSSA.
2875 2950 2890 2977 ι

2025 3025 2218 3084 Sensus
2247 3028 2367 3083 talis
2389 3037 2482 3083 est.
2515 3027 2614 3094 Ita,
2646 3041 2784 3098 quae
2814 3041 2973 3097 supra
2996 3025 3229 3080 diximus
3255 3023 3321 3079 de
3348 3031 3530 3078 trans-

1879 3131 1924 3194 ς
1955 3135 2117 3176 censu
2149 3121 2448 3176 divinorum
2471 3119 2731 3174 luminum
2768 3126 2822 3173 et
2842 3131 3095 3174 sonorum
3118 3123 3173 3170 et
3193 3130 3532 3179 sermonum,

1949 3222 2006 3268 et
2059 3212 2254 3268 intuitu
2301 3209 2354 3268 in
2396 3213 2702 3283 caliginem,
2738 3211 2791 3265 iu
2819 3211 2937 3282 ipso
2980 3207 3161 3279 Moyse
3198 3207 3374 3277 typice
3405 3215 3532 3260 sunt

1949 3312 2188 3368 ostensa,
2214 3303 2355 3373 quod
2378 3318 2482 3357 non
2513 3301 2684 3358 solum
2716 3301 2769 3355 in
2798 3315 2855 3355 se
2884 3299 2998 3370 ipso
3022 3296 3530 3365 mundarijubetur',

1949 3405 2008 3450 ut
2045 3399 2207 3452 Deum
2236 3411 2365 3466 prae
2414 3396 2606 3451 ceteris
2640 3395 2800 3450 altius
2828 3390 3237 3462 contempletur,
3261 3388 3356 3443 sed
3384 3379 3438 3442 et
3463 3385 3532 3440 ab

1947 3487 2237 3542 immundis
2263 3487 2345 3542 vel
2372 3485 2720 3542 dissimilibus
2763 3482 3024 3555 separari.
3057 3479 3123 3535 Et
3149 3486 3269 3549 post
3305 3489 3523 3530 omnem

1946 3579 2320 3649 purgationem
2347 3593 2598 3634 sensuum
2625 3592 2654 3632 a
2701 3573 3045 3632 se-nsibilibus
3067 3613 3082 3638 ,
3122 3580 3178 3626 et
3222 3567 3529 3624 intellectus

1945 3684 1974 3722 a
1998 3669 2492 3738 phantasmatibus,
2524 3668 2673 3722 audit
2700 3668 2813 3723 sive
2850 3673 3029 3721 mente
3067 3661 3301 3734 percipit
3328 3657 3528 3713 multa-

1945 3777 2063 3816 rum
2094 3761 2566 3832 iutelligentiarum
2612 3758 3014 3828 iuspirationes,
3046 3763 3098 3809 et
3127 3749 3532 3820 contemplatur

1943 3852 2109 3906 multa
2139 3851 2445 3920 spectacula
2475 3849 2898 3905 luculentissima
2917 3887 2933 3912 ,
2963 3845 3191 3913 desuper
3228 3836 3526 3894 abundanti

1941 3941 2274 4012 plenitudine
2303 3940 2608 3996 emanantia
2633 3953 2754 3992 cum
2793 3936 3028 3991 candore
3071 3931 3283 3990 radios,
3318 3930 3370 3982 in
3399 3927 3532 3981 sub-

1942 4031 2139 4085 stantia
2157 4031 2446 4100 simplices,
2467 4037 2519 4082 ct
2544 4025 2892 4097 intelligentia
2917 4023 3260 4091 multiplices.
3285 4016 3527 4070 Tandem

1940 4131 2251 4193 segregatus
2271 4137 2299 4174 a
2325 4119 2665 4174 multitudine
2686 4115 2948 4189 populari,
2981 4115 3032 4170 id
3059 4121 3144 4169 est
3168 4153 3182 4176 ,
3229 4105 3524 4164 multifaria

1939 4214 2194 4283 Opinione
2221 4212 2544 4268 materiali”
2567 4226 2688 4266 cum
2716 4205 3101 4280 principalibus
3131 4199 3525 4260 alfectionibus,

1938 4304 2183 4360 ascendit
2223 4305 2289 4358 ad
2332 4304 2500 4358 Deum
2540 4301 2852 4357 videndum.
2886 4298 3015 4370 Ejus
3057 4305 3232 4351 tamen
3277 4293 3537 4346 substano

1941 4398 2068 4452 tiam
2096 4413 2200 4453 non
2227 4397 2392 4464 videt,
2426 4412 2549 4451 cum
2577 4396 2651 4450 sit
2698 4391 3017 4454 invisibilis,
3050 4387 3144 4444 sed
3183 4385 3399 4447 locum,
3435 4378 3527 4433 ubi

255 4476 404 4532 hanc
425 4479 912 4536 considerationem
944 4482 1386 4540 Bartbolomaeus
1415 4484 1525 4541 Deo
1548 4485 1841 4541 conformis
1868 4482 1917 4542 D
1944 4489 2085 4543 Deus
2114 4496 2217 4552 est,
2249 4488 2360 4542 sive
2399 4487 2518 4555 ipse
2558 4484 2707 4539 locus
2734 4483 2804 4539 sit
2827 4479 3035 4536 caelum
3080 4477 3329 4531 serenum
3351 4509 3366 4535 ,
3413 4469 3529 4523 sive

253 4567 492 4634 scribit,
535 4570 854 4643 theologiam
891 4573 934 4605 “
971 4574 1234 4644 prolixam
1268 4590 1387 4631 esse
1427 4575 1482 4631 in
1524 4576 1732 4642 verbis,
1783 4585 1840 4632 et

254 4666 557 4712 coartatam
588 4660 641 4714 in
669 4662 936 4729 sensibus,
966 4671 1019 4719 et
1043 4664 1388 4736 Evangelium
1403 4665 1569 4720 latum
1596 4667 1646 4720 in
1675 4683 1834 4737 para-

254 4747 421 4814 bolis,
447 4759 500 4804 et
527 4767 778 4824 magnum
821 4753 874 4809 in
909 4755 1185 4820 historiis,
1217 4764 1272 4812 et
1315 4773 1526 4812 rursum
1562 4766 1738 4812 artum
1779 4766 1842 4813 et

255 4855 487 4910 parvum
513 4842 568 4897 in
618 4845 905 4916 mysteriis.
936 4844 1040 4900 Per
1081 4853 1183 4902 hoc
1219 4856 1400 4901 autem
1426 4848 1568 4913 dico,
1616 4847 1840 4902 beatum-

251 4933 728 5002 Bartbolomaeum
751 4937 929 4994 divina
950 4940 1211 5011 sapientia
1239 4939 1490 5010 plenum,
1515 4956 1834 5009 supermun-

252 5023 459 5080 danum
514 5027 844 5085 intellectum
892 5030 1182 5096 habuisse,
1235 5030 1481 5086 videlicet
1526 5032 1669 5100 quod
1722 5032 1835 5101 ipse

252 5115 427 5185 Deus,
449 5118 542 5191 qui
567 5128 656 5177 est
694 5121 957 5178 bonorum
992 5123 1233 5179 omnium
1274 5137 1471 5188 causa,
1517 5122 1697 5177 multis
1724 5138 1835 5177 ser-

1943 4596 2080 4651 apex
2109 4580 2298 4651 lapidis
2327 4578 2591 4651 sapphiri,
2615 4578 2729 4632 sive
2752 4574 2890 4646 ignis
2912 4571 3129 4634 ardens,
3155 4566 3269 4621 sive
3291 4560 3518 4618 cacumi.

1943 4687 2013 4726 na
2040 4671 2084 4704 “
2111 4671 2328 4727 montis.

2617 4752 2846 4794 ἸΙ-111⁵135.

2015 4851 2130 4907 Hoc
2157 4861 2330 4907 autem
2359 4862 2483 4923 puto
2523 4849 2824 4920 signiﬁcare
2845 4842 3169 4899 divinissima
3205 4837 3433 4891 visorum
3474 4837 3525 4883 et

1939 4944 2312 4999 intellectorum
2333 4984 2349 5009 ,
2387 4960 2497 4998 esse
2526 4943 2784 5011 subjectos
2809 4938 3066 5011 quasdam
3094 4932 3319 4987 rationes
3345 4923 3532 4993 subje-

1941 5043 2144 5088 ctorum
2177 5035 2353 5088 omnia
2398 5032 2688 5095 excedenti,
2732 5046 2823 5100 per
2869 5043 3002 5098 quae
3031 5019 3324 5095 praesentia
3372 5013 3532 5084 ejuls

1939 5143 2074 5198 quae
2127 5137 2200 5181 est
2251 5141 2407 5197 super
2459 5140 2661 5179 omnem
2714 5121 3096 5192 cogitationem,
3149 5108 3532 5166 manifestatur-

1524 5235 1780 5292 YARIAE
1817 5237 2218 5297 LECTIONES.

335 5359 350 5391 ¹
381 5356 556 5428 Conj.,
577 5358 697 5416 cod.
727 5359 1014 5430 ph'iorum.
1060 5359 1110 5430 ξ
1134 5357 1309 5426 Conj.,
1333 5372 1444 5430 pro
1457 5373 1618 5430 causa
1654 5357 1708 5412 in
1739 5359 2017 5430 cod._tam.
2118 5360 2139 5391 ³
2169 5359 2346 5430 (ἰωῆς,
2375 5360 2496 5415 cod.
2534 5370 2551 5414 t
2579 5356 2779 5430 iicium.
2875 5357 2897 5388 ⁸
2928 5369 3045 5430 ειπερ
3074 5364 3183 5406 om-

1364 5467 1378 5480 .
1428 5427 1716 5481 intendens.
1793 5429 1814 5460 ⁸
1856 5428 2034 5495 Corr.,
2065 5430 2186 5485 cod.
2219 5415 2518 5485 no'n'solum
2549 5447 2652 5484 non
2681 5428 2862 5484 velate.
2937 5427 2958 5457 "
2986 5424 3139 5478 Corr.
3159 5459 3174 5483 ,
3199 5415 3316 5495 cod.
3345 5415 3435 5481 qui
3465 5415 3527 5465 its

247 5446 324 5486 ex
362 5446 500 5484 vers.
555 5438 611 5484 et
648 5428 777 5484 text.
825 5445 906 5492 gr.
996 5428 1018 5461 ⁸
1046 5429 1226 5492 Corr.,
1259 5445 1286 5482 c

250 5500 448 5553 utenda
472 5509 520 5554 et
559 5500 764 5553 menda.

889 5500 1012 5554 Cor.
1050 5499 1118 5553 ad
1140 5499 1341 5552 omnia.
1415 5497 1439 5528 ⁹
1471 5496 1657 5551 Glossa
1686 5514 1820 5563 om.,
1857 5498 1980 5553 add.
2011 5515 2078 5553 ex
2108 5499 2261 5568 conj-

246 5570 387 5624 tioni
409 5569 527 5624 cod.
559 5585 676 5622 cum
714 5570 1083 5639 negociacioni.
1161 5569 1200 5600 ι’
1224 5569 1354 5622 Cod.
1385 5568 1743 5637 afﬁrmacioni.
1813 5570 1866 5639 ί¹³
1895 5570 2027 5625 Cod.
2053 5571 2383 5639 catologiam.

2118 5359 2346 5432 'AConja,
2375 5360 2496 5415 cod.
2534 5370 2551 5414 t
2578 5346 2779 5432 ii-oium.
2875 5357 2897 5388 ⁸
2928 5369 3045 5432 esse
3074 5364 3183 5406 om.

2771 5499 2811 5528 “
2840 5498 3018 5557 Corn.
3050 5506 3147 5562 ι)νο
3175 5484 3326 5562 οηέηέ
3361 5496 3523 5562 "f’W‘

2339 5503 2381 5533 ³ο
2408 5501 2540 5556 Cod.
2567 5501 2690 5570 aliq.
2771 5501 2811 5528 “
2840 5501 3018 5557 Com,
3050 5506 3147 5562 pro
3175 5501 3316 5541 omni
3361 5501 3523 5550 ιιι-ψι-

2339 5589 2382 5614 n-
2464 5571 2506 5601 "‘
2537 5571 2638 5614 Prn
2678 5569 2793 5614 ideo
2820 5567 2939 5614 cod.
2975 5565 3028 5614 in
3060 5578 3139 5614 eo.
3218 5556 3262 5588 ¹⁸
3287 5551 3419 5608 Cod.
3469 5567 3524 5614 ι’,

2464 5571 2506 5601 ³³
2537 5565 2793 5625 Ρι·ο’ὅάεο
2820 5567 2939 5621 cod.
2975 5565 3028 5616 in
3060 5578 3139 5616 eo.

248 5639 314 5691 id
347 5640 575 5693 verbum.
655 5640 695 5670 ¹⁶
720 5629 849 5696 (Σόιι.
896 5641 951 5693 in
988 5656 1078 5709 per
1114 5640 1350 5693 mixtam.
1418 5629 1470 5668 ’⁵⁷
1514 5639 1694 5702 Cum,
1726 5638 1845 5695 cod.
1898 5629 2271 5716 intellecgralés
2321 5640 2775 5710 contemplationes
2816 5634 3118 5716 exercitium
3153 5629 3523 5688 consumatur,

254 5719 302 5751 “'
334 5719 656 5789 Corr.,cod.
687 5731 756 5779 et.

835 5722 874 5754 ¹⁹
911 5720 1108 5788 Corn,
1129 5721 1247 5777 cod.
1289 5720 1587 5777 emittentis.
1664 5721 1710 5753 '°
1737 5722 1920 5789 Corn,
1942 5723 2064 5778 cod.
2093 5720 2259 5776 uitali.

2337 5723 2378 5752 ²¹
2413 5721 2586 5786 Cum,
2621 5718 2738 5776 cod.
2773 5713 3092 5772 cacuminis.
