4028 6274
561 286 669 342 975

564 492 681 563 ejus
722 500 1082 567 superueniens
1103 520 1124 568 ;
1162 514 1286 560 tunc
1332 509 1472 564 etab
1514 511 1641 582 ipsis
1679 515 1899 572 solvitur
1937 521 2058 577 t-isis
2087 535 2137 579 et

563 582 873 654 uidentibus,
917 598 968 643 et
1009 591 1080 645 ad
1114 593 1389 667 caliginem
1436 600 1762 671 ignorantiae
1802 609 1983 677 intrat,
2004 629 2140 682 quae

551 673 733 746 caligo
748 693 860 733 vere
884 690 957 735 est
978 683 1217 753 mystica,
1248 688 1304 742 in
1329 706 1433 759 qua
1457 692 1656 750 claudit
1686 714 1861 755 omnes
1884 673 2136 772 cognitio-

561 779 652 861 nes
675 767 725 833 ³,
754 779 800 823 et
836 771 889 861 in
919 773 1240 845 impalpabili
1272 783 1482 839 omnino
1518 795 1564 843 et
1596 787 1838 845 invisibili
1863 767 2137 861 ﬁtfomnis

552 853 782 911 existens
801 858 936 928 ejus,
959 863 1050 931 qui
1069 873 1143 917 est
1168 882 1324 936 super
1341 872 1540 940 omnia,
1555 886 1603 928 et
1623 876 1841 946 nullius,
1863 853 2032 954 neque
2052 887 2136 943 sui

558 943 747 1012 ipsius,
770 964 931 1019 neque
955 952 1192 1022 alterius,
1224 962 1434 1016 omnino
1459 974 1632 1020 autem
1661 968 1836 1039 ignoto
1870 943 2134 1034 vacatione

556 1034 725 1088 omnis
773 1040 1078 1109 cognitionis
1117 1049 1403 1103 secundum
1433 1052 1453 1082 ³
1482 1034 1918 1128 meliusvunitus,
1959 1073 2009 1119 et
2047 1082 2129 1134 eo,

550 1124 694 1193 quod
719 1126 850 1182 nihil
876 1135 1160 1207 cognoscit,
1184 1152 1340 1211 super
1365 1154 1584 1198 mentem
1610 1124 1940 1219 cognoscens.

1234 1264 1423 1309 οιοεει
1432 1292 1448 1307 .

623 1345 768 1405 Talis
804 1355 890 1407 est‘
918 1371 1121 1443 sensus.
1162 1359 1370 1418 Dictum
1416 1374 1534 1433 est,
1576 1369 1741 1427 Deum
1783 1388 1888 1428 non
1923 1374 1974 1431 vi
1996 1375 2125 1446 leri,

544 1441 645 1496 sed
673 1441 870 1513 locum,
897 1448 987 1503 ubi
1019 1436 1124 1518 est,
1163 1452 1215 1507 id
1253 1462 1336 1510 est
1382 1456 1434 1532 in
1472 1463 1733 1517 creaturis
1772 1467 2123 1536 quibusdam,

542 1536 690 1600 ’quae
738 1534 993 1593 dicuntur
1031 1548 1087 1596 et
1129 1542 1463 1602 divinissima
1509 1550 1749 1621 subjecta
1786 1554 2024 1611 visorum
2071 1534 2127 1614 et

545 1618 963 1697 intellecturum,
1000 1631 1085 1688 vel
1133 1633 1465 1694 divinissima
1504 1640 1619 1698 loca
1643 1684 1658 1709 ,
1691 1646 1817 1714 quia
1862 1648 1997 1703 nihil
2042 1650 2122 1705 di-

1935 314 2217 377 JOANNIS
2251 321 2450 387 SCOTl

563 401 977 476 intelligibilions
1009 413 1395 479 summitatibus
1432 420 1880 483 sanctissimorum
1907 425 2138 485 locorum
2166 435 2217 495 Α
2241 451 2384 496 scere
2408 459 2550 513 eum,

3706 360 3827 419 276

2587 449 2679 520 qui
2700 462 2959 521 θείημε-
2978 470 3186 517 omnem
3215 464 3460 523 risionem
3487 478 3537 524 et
3557 473 3828 542 cognitio-

2241 549 2356 592 nem
2377 554 2398 603 ;
2426 539 2481 594 in
2502 540 2615 611 ipso
2636 560 2741 603 non
2756 548 2929 604 ridere
2950 559 3000 605 et
3022 568 3126 608 non
3153 568 3459 626 cognoscere
3482 572 3558 617 est
3581 562 3605 595 ⁸
3622 539 3824 633 super—

2235 628 2627 704 substantialem
2643 640 3211 708 supersubstantialiter
3225 646 3447 705 laudare
3462 669 3556 722 per
3571 628 3824 714 omnium

2236 719 2566 775 existentium
2592 724 2931 795 oblationem,
2971 732 3105 787 sicut
3144 734 3308 804 ipsius
3349 719 3570 797 naturae
3604 745 3823 817 insigne

2235 809 2499 878 facientes,
2526 815 2821 884 auferentes
2843 822 3212 888 prohibitiones
3238 830 3512 899 oﬁcientes
3528 833 3550 864 ’
3576 809 3821 890 mundae

2233 902 2424 957 occulti
2446 905 2467 934 "
2497 906 2699 973 risioni,
2730 919 2780 963 et
2804 910 2969 979 ipsam
2995 914 3126 977 inse
3146 916 3261 987 ipsa
3282 920 3544 978 ablatione
3562 924 3696 981 'sola
3724 942 3817 980 oc-

2233 988 2427 1049 cultant
2459 996 2853 1073 manifestantes
2876 1003 3341 1072 pulchritudinem.

2742 1107 3024 1150 EXPOSITIO
3064 1114 3116 1153 ’1⁵1
3125 1115 3269 1155 τυιῐ.

2302 1173 2574 1241 Quomodo
2601 1193 2799 1251 oportet
2819 1170 2977 1241 uuiri.
3010 1187 3199 1269 Status
3220 1193 3473 1251 unitionis
3492 1213 3596 1253 non
3621 1210 3816 1271 potest

2228 1261 2386 1317 aliter
2415 1265 2667 1333 obtineri,
2695 1272 2801 1326 nisi
2832 1289 2929 1343 per
2972 1264 3426 1340 ferventissimam
3471 1288 3814 1346 desiderium

2228 1356 2477 1412 'mentalis
2515 1362 2796 1429 orationis,
2833 1374 2888 1421 et
2937 1383 3035 1438 per
3077 1370 3332 1427 virtutem
3378 1381 3813 1447 supermentalis

2228 1445 2547 1511 affectionis,
2582 1452 2649 1506 ad
2685 1468 2847 1523 quam
2879 1472 2983 1512 non
3011 1445 3811 1532 attingitoculusintellcctua—

2224 1535 2294 1593 lis
2321 1541 2677 1611 cognitionis;
2722 1545 2864 1603 unde
2905 1550 3029 1605 talis
3057 1552 3291 1624 cognitio
3320 1555 3514 1612 dicitur
3552 1559 3665 1615 ﬁcri
3698 1577 3812 1631 per

2226 1629 2606 1701 ignorantiam.
2650 1635 2907 1710 Proprias
2940 1650 3117 1696 autem
3167 1644 3397 1716 hymnus
3451 1649 3560 1705 sive
3602 1652 3814 1711 modus

544 1711 726 1772 vinius
777 1728 957 1775 mente
1006 1720 1294 1781 intuemur.
1342 1728 1548 1797 Quibus
1591 1711 1824 1792 arbitror
1856 1738 2114 1812 designari

2225 1721 2394 1777 Deum
2432 1724 2687 1783 laudandi
2717 1738 2801 1786 est
2825 1747 2921 1802 per
2958 1734 3323 1803 negationem,
3352 1737 3463 1793 sive
3493 1756 3586 1810 per
3610 1757 3812 1799 remo-

542 1808 782 1864 sumiuas
815 1818 871 1865 et
906 1821 1154 1872 aeternas
1195 1819 1508 1892 architipias
1550 1824 1665 1882 sive
1712 1828 1947 1886 rationes
1963 1808 2121 1897 ,vsive

540 1897 869 1968 exemplaria
913 1906 1152 1960 omnium
1179 1919 1552 1969 creaturarum
1593 1916 1703 1973 Deo
1731 1918 2117 1991 subiectarum,

538 1999 638 2058 per
658 2004 795 2058 quas
821 1992 962 2050 Deus
992 1996 1050 2050 lit
1097 2012 1354 2067 praesens
1377 2043 1391 2068 ,
1423 2004 1479 2058 et
1502 2007 1773 2077 cognitive
1810 2010 1966 2067 nobis
2000 2029 2115 2067 ma-

535 2072 761 2133 nifestat
785 2094 847 2136 se
866 2082 1059 2152 ipsum,
1090 2088 1245 2143 nobis
1282 2090 1347 2145 de
1367 2092 1559 2160 spiritu
1572 2072 1885 2154 infundens
1912 2111 1967 2155 et
1995 2116 2113 2172 ma:

536 2163 803 2223 nifestans
847 2171 1251 2243 principaliores
1294 2190 1350 2233 et
1387 2182 1693 2251 superiores
1734 2163 2116 2261 intelligentiae

536 2258 833 2314 eorundem
860 2262 1149 2333 rationum,
1174 2283 1313 2338 quae
1328 2280 1600 2343 utcunque
1613 2275 1634 2308 ³
1649 2279 1801 2333 nobis
1819 2258 1946 2336 sunt
1960 2282 2115 2338 intel-

532 2345 769 2418 ligibilcs
792 2366 890 2421 per
913 2356 1186 2425 speculum
1205 2361 1248 2415 ⁸.
1271 2361 1463 2419 Postea
1492 2365 1699 2439 Moyses
1724 2381 2009 2440 separatur
2043 2375 2112 2431 ab

534 2436 655 2527 bis,
683 2441 774 2510 qui
801 2457 984 2500 secum
1009 2447 1182 2505 locum
1212 2451 1305 2508 Dei
1335 2436 1599 2524 viderant,
1629 2461 1682 2516 id
1719 2436 1821 2527 est,
1846 2464 1915 2519 ab
1940 2467 2112 2523 omnia
2174 2468 2179 2471 ’

531 2525 638 2582 bus
666 2528 1121 2595 intellectibilibus
1168 2542 1543 2615 opinionibus,
1583 2558 1639 2605 et
1668 2525 2004 2610 subtrahitur
2043 2559 2111 2613 ab

528 2620 680 2675 omni
718 2620 1064 2696 intelligentia
1092 2638 1147 2685 et
1173 2633 1291 2688 visu
1323 2639 1540 2693 meutali
1561 2680 1577 2704 ,
1602 2649 1656 2696 et
1685 2642 1848 2697 intrat
1881 2646 1950 2699 ad
1975 2646 2109 2702 cali—

532 2710 712 2781 ginem
742 2714 1099 2789 ignorantiae,
1127 2725 1251 2794 quia
1273 2729 1458 2784 unitur
1480 2732 2108 2804 incomprehensibilitati

531 2802 762 2869 divinae,
785 2807 879 2877 qui
904 2823 1037 2879 apex
1066 2812 1450 2886 intelligentiae
1478 2835 1585 2875 non
1614 2802 1945 2892 penetratur,
1970 2843 2110 2897 quae

531 2892 712 2965 caligo
740 2911 867 2953 vere
893 2912 977 2955 est
1007 2907 1252 2974 mystica,
1278 2908 1331 2963 id
1358 2917 1460 2975 est,
1491 2911 1692 2979 clausa,
1723 2916 1848 2985 quia
1872 2932 2001 2972 vere
2024 2931 2108 2975 est

530 2987 709 3044 omnis
737 2990 1059 3061 cognitionis
1093 2996 1340 3055 clausura
1365 3041 1380 3066 ,
1411 3011 1466 3057 et
1491 3004 1546 3058 in
1583 3020 1643 3062 se
1674 3006 1875 3064 claudit
1920 3026 2103 3067 secre-

2226 1813 2448 1881 tionem,
2482 1818 2622 1873 sicut
2649 1828 2732 1875 est
2759 1821 2942 1878 videre
2969 1824 3020 1877 in
3047 1824 3213 1893 figura
3253 1826 3416 1893 linea,
3446 1843 3474 1883 a
3504 1832 3606 1901 qua
3639 1841 3813 1888 tanto

2220 1904 2392 1975 magis
2418 1907 2627 1963 videtur
2654 1909 2996 1978 pulchritudo
3024 1911 3245 1983 figurae.

2290 1997 2477 2054 Modus
2506 1999 2528 2031 ⁹
2559 2016 2684 2056 vero
2718 2002 2878 2075 hujus
2906 2003 3079 2061 laudis
3113 2015 3169 2063 et
3204 2007 3258 2063 in
3285 2023 3450 2081 opere
3476 2010 3525 2046 ¹⁸
3550 2013 3618 2069 ab
3647 2013 3811 2072 infe-

2218 2085 2455 2143 rioribus
2475 2090 2540 2145 ad
2561 2093 2838 2163 superiora
2865 2096 3231 2171 ascendendo.

2895 2202 3125 2243 TEXTl‘S.

2284 2271 2354 2329 In
2381 2274 2480 2328 hac
2506 2276 2855 2347 superlitcenti
2879 2289 2977 2334 etc.

2288 2422 2299 2431 ,
2889 2385 3109 2428 oLosss.

2284 2453 2480 2512 Sensus
2510 2457 2629 2512 talis
2657 2467 2755 2513 est.
2796 2446 2946 2515 'Toto
2976 2462 3173 2518 mentis
3197 2462 3391 2521 affectu
3418 2478 3660 2537 optamus
3688 2484 3806 2526 nos

2214 2548 2330 2605 fieri
2356 2550 2408 2606 in
2432 2550 2660 2620 caligine
2695 2552 3075 2622 superlucenti,
3111 2554 3164 2609 id
3193 2564 3295 2621 est,
3323 2557 3375 2611 in
3406 2568 3541 2613 statu
3567 2558 3795 2637 [super]

2211 2643 2555 2705 iutellectuali
2580 2644 2644 2711 ιι,
2672 2645 2797 2714 quia
2823 2645 3048 2702 lucidior
3070 2656 3152 2703 est
3172 2648 3236 2714 ",
3262 2660 3422 2718 quam
3451 2651 3804 2710 intellectua-

2208 2735 2276 2791 lis
2300 2777 2314 2802 ,
2352 2745 2411 2792 ut
2444 2734 2542 2806 per'
2577 2738 2773 2793 mentis
2814 2752 3092 2806 excessum
3116 2783 3132 2808 ,
3179 2740 3369 2816 [quod]
3399 2742 3440 2775 "
3485 2744 3801 2804 intellectus

2209 2840 2315 2881 non
2355 2826 2514 2890 videt,
2565 2843 2665 2883 nec
2694 2827 2875 2899 aliquo
2908 2830 3068 2885 modo
3102 2832 3405 2901 cognoscit,
3445 2835 3716 2904 possimus
3749 2842 3800 2871 “

2210 2915 2379 2973 Deum
2441 2932 2765 2988 cognoscere
2812 2927 2867 2974 et
2910 2919 3097 2976 videre
3148 2922 3791 2994 superintellectualiter,

2207 3022 2305 3076 per
2332 3007 2682 3062 remotionem
2716 3007 2964 3064 videlicet
3009 3007 3382 3067 intellectualis
3428 3014 3792 3084 cognitionis,

529 3073 734 3132 lissima
758 3119 773 3144 ,
818 3081 957 3137 celat
990 3098 1177 3142 omnes
1219 3092 1692 3161 comprehensivas
1739 3100 2100 3168 cognitiones,
2131 3128 2180 3192 ο
2209 3073 2334 3150 cum
2360 3096 2475 3166 ipse
2505 3095 2646 3151 Deus
2674 3097 2792 3153 visu
2836 3097 3181 3192 intellectua-li
3225 3094 3528 3157 nullatenus
3550 3104 3797 3176 attinga-

529 3165 666 3192 ΛΑ.-.
688 3170 737 3192 2..
765 3172 929 3192 .__2__l-
983 3191 987 3192 ,
1100 3178 1112 3190 ο
1651 3187 1664 3192 -
1886 3191 1893 3192 ,
2365 3186 2405 3192 .-
2438 3188 2448 3192 -

525 3165 668 3224 sicut
688 3170 741 3225 in
765 3172 939 3243 prima
968 3178 1206 3233 omnium
1236 3196 1424 3248 causa,
1456 3194 1624 3255 etper
1651 3187 1790 3243 hanc
1809 3165 2100 3262 caliginem

524 3261 706 3318 omnis
728 3265 940 3322 animus
971 3269 1155 3323 unitur
1177 3269 1304 3335 Deo,
1335 3272 1386 3326 id
1408 3281 1512 3339 est,
1546 3288 1709 3345 super
1734 3279 1915 3332 omnia
1961 3280 2020 3334 fit
2049 3282 2102 3337 in

524 3357 670 3407 statu
719 3354 1194 3425 excellentissimo,
1246 3376 1406 3431 quem
1458 3379 1558 3421 nec
1601 3368 1741 3422 ratio
1789 3369 1967 3439 palpat
2007 3388 2104 3442 per

524 3439 1019 3515 investigationem,
1075 3466 1177 3507 nec
1223 3452 1524 3512 intellectus
1569 3461 1966 3531 contemplatur
2007 3439 2105 3535 per

510 3532 810 3607 ‘visionem,
832 3553 930 3608 per
960 3556 1119 3609 quem
1159 3553 1214 3600 et
1238 3554 1434 3602 statum
1472 3550 1540 3605 ab
1570 3552 1820 3607 omnibus
1853 3555 1975 3611 aliis
1998 3532 2023 3622 ,⁷
2046 3542 2102 3614 et

524 3638 557 3683 a
603 3638 665 3681 se
719 3627 839 3697 ipso
883 3643 1194 3702 separatur,
1247 3647 1509 3707 quantum
1564 3643 1632 3695 ad
1679 3643 2100 3705 intellectualem

521 3717 774 3785 propriae
819 3721 1138 3792 cognitionis
1170 3730 1529 3795 praesentiam
1553 3771 1569 3796 ,
1610 3740 1665 3787 et
1709 3750 1804 3804 per
1847 3737 2100 3795 unionem

522 3803 843 3874 dilectionis,
877 3827 1015 3882 quae
1035 3825 1117 3871 est
1145 3816 1386 3874 elicetiva
1412 3803 1720 3879 conversae
1754 3828 2098 3898 cognitionis,

523 3894 707 3959 unitur
728 3896 837 3955 Deo
867 3900 1318 3974 intellectualiter,
1343 3909 1451 3965 Den
1485 3911 1666 3983 ignoto
1690 3913 1732 3979 ⁸,
1758 3894 2096 3987 cognitione,

521 4000 662 4056 quae
679 3989 850 4047 multo
888 3994 1080 4051 melior
1101 4009 1206 4064 est,
1232 4015 1392 4070 quam
1413 4003 1483 4057 sit
1502 4004 1735 4074 cognitio
1765 4006 2099 4065 intellectua-

519 4075 611 4143 lis,
631 4088 687 4135 et
712 4080 767 4135 in
790 4096 855 4139 eo
877 4122 894 4149 ,
923 4088 1064 4155 quod
1101 4088 1510 4147 intellectualem
1550 4097 1910 4167 cognitionem
1944 4099 2099 4157 dere-

519 4168 734 4242 linquit,
750 4175 867 4232 sive
880 4177 1230 4247 intellectum,
1248 4193 1303 4238 et
1319 4194 1549 4241 mentem
1567 4185 1776 4243 Domini
1799 4190 2093 4260 cognoscit,

519 4258 576 4315 id
596 4270 706 4329 est,
748 4279 847 4334 per
873 4267 1189 4337 sapientiam
1238 4270 1654 4351 intellectualem
1683 4314 1699 4340 ,
1742 4258 1889 4345 quae
1931 4293 2095 4349 super

420 4369 425 4375 ·
517 4350 719 4409 donum
750 4355 1069 4419 intellectus.
1099 4359 1189 4414 Illa
1229 4362 1375 4416 enim
1400 4364 1570 4418 Deum
1600 4368 1842 4435 agnoscit
1876 4379 2093 4439 propter

512 4445 854 4515 unitionem,
901 4451 1037 4508 haec
1079 4468 1207 4511 vero
1236 4471 1334 4526 per
1372 4459 1609 4515 rationes
1643 4460 1823 4517 Verbi.
1863 4459 2092 4535 Explicit
2121 4470 2171 4530 Ι)

518 4535 747 4606 primum
776 4538 1100 4614 capitulum.

1049 4658 1444 4719 CAPITULUM
1494 4664 1558 4720 ll.

522 4758 793 4831 Quomodo
831 4778 1029 4837 oportet
1085 4772 1227 4827 uniri
1268 4784 1315 4828 et
1362 4775 1582 4861 hymnos
1630 4778 1823 4848 referre
1856 4780 2087 4837 euntium

976 4856 1166 4897 causae
1183 4852 1231 4898 et
1259 4861 1412 4916 super
1435 4852 1630 4902 omnia.

1185 4976 1410 5018 τεκτυε.

588 5067 618 5142 §
650 5070 701 5126 1.
733 5069 802 5126 In
846 5073 945 5128 liac
973 5076 1318 5148 superlucenti
1361 5081 1582 5154 caligine
1623 5102 1717 5139 nos
1761 5085 1880 5155 fieri
1906 5103 2086 5157 preca-

516 5175 656 5227 mur,
696 5175 745 5218 et
783 5181 876 5235 per
904 5182 1009 5221 non
1052 5169 1224 5225 videre
1247 5180 1296 5226 et
1347 5174 1590 5243 ignorare
1618 5176 1790 5230 uidere
1817 5186 1866 5230 et
1894 5194 2084 5247 cogno-

2211 3196 2316 3240 tur.
2365 3186 2538 3241 Etiam
2588 3200 2872 3257 precamur
2906 3189 2972 3255 η,
3005 3205 3103 3245 nos
3139 3189 3356 3247 laudare
3396 3206 3553 3265 posse
3592 3210 3795 3264 super-

2207 3271 2613 3332 substautialem
2663 3279 3270 3348 supersubstantialiter,
3321 3283 3371 3337 id
3435 3293 3534 3351 est,
3588 3285 3790 3354 Deum,

2207 3368 2298 3438 qui
2327 3368 2538 3422 excedit
2584 3382 2797 3424 omnem
2837 3370 3192 3426 substantiam
3233 3382 3286 3428 et
3325 3390 3484 3431 omne
3528 3391 3645 3445 ens,
3685 3394 3793 3448 per

2207 3457 2532 3511 ablutionem
2558 3459 2797 3513 omnium
2824 3459 3194 3527 existentium,
3226 3461 3367 3517 sicut
3396 3473 3479 3519 est
3508 3465 3696 3521 videre
3730 3468 3787 3523 in

2206 3548 2523 3611 artificibus,
2555 3550 2645 3619 qui
2676 3551 2909 3620 aliquam
2957 3551 3223 3607 fabricant
3267 3553 3671 3611 similitudinem
3716 3556 3788 3613 de

2205 3639 2382 3709 aliqua
2405 3638 2697 3693 inanimata
2725 3640 2972 3706 materia,
2996 3642 3086 3712 qui
3105 3642 3395 3713 sculpendo
3421 3653 3474 3697 et
3494 3643 3786 3703 incidenda

2202 3736 2482 3783 removent
2513 3729 2810 3785 exteriores
2843 3740 3025 3801 partes
3053 3734 3313 3788 materiae
3334 3735 3654 3805 grossiores,
3686 3738 3783 3807 qui

2200 3818 2476 3874 occultant
2516 3827 2569 3872 et
2599 3820 2933 3890 cooperiunt,
2965 3837 3033 3877 ne
3073 3823 3245 3879 videri
3291 3826 3462 3896 possit
3506 3826 3595 3881 illa
3636 3843 3775 3898 pura

2201 3914 2401 3985 imago,
2453 3912 2591 3986 quae
2624 3915 2943 3971 naturaliter
2988 3926 3044 3972 et
3075 3920 3438 3988 potentialiter
3484 3921 3528 3952 “
3555 3931 3643 3977 est
3691 3920 3779 3978 in-

2198 4006 2388 4069 terius,
2410 4015 2464 4061 et
2494 4022 2589 4077 per
2624 4007 2793 4065 solani
2824 4007 3008 4061 talium
3039 4008 3484 4066 oll'endiculorum
3518 4014 3776 4069 remotio-

2196 4112 2319 4151 nem
2360 4097 2477 4152 sine
2504 4096 2609 4151 alio
2636 4096 3002 4152 additamenta
3046 4098 3418 4156 manifestatur
3458 4103 3510 4157 in
3554 4104 3777 4175 propria

2194 4188 2373 4254 specie
2405 4188 2572 4256 ipsius
2600 4188 2849 4259 imaginis
2889 4187 3254 4259 pulchritudo,
3283 4205 3423 4261 quae
3451 4191 3604 4262 prius
3640 4192 3775 4249 late-

2193 4280 2286 4335 bat
2316 4280 2369 4334 in
2396 4278 2624 4334 occulto.

2864 4365 3094 4408 'I'EXTUS.

2270 4441 2483 4513 Oportet
2520 4449 2715 4505 autem,
2750 4440 2884 4495 sicut
2919 4442 3179 4507 arbitror,
3222 4440 3509 4497 oblationes
3558 4442 3777 4498 laudari

2188 4536 2476 4599 contrario,
2503 4548 2659 4605 quam
2688 4532 2987 4602 positiones.
3029 4529 3237 4586 Etenim
3273 4532 3392 4587 illas
3420 4551 3452 4587 a
3479 4531 3665 4603 primis
3692 4535 3773 4589 in-

2189 4633 2454 4704 cipientes,
2480 4642 2572 4697 per
2590 4625 2762 4680 media
2791 4625 2861 4679 ad
2881 4623 3065 4679 ultima
3094 4623 3527 4697 [descendentes,
3556 4625 3650 4679 hic
3676 4638 3773 4679 an.

2191 4735 2298 4781 tem
2323 4722 2391 4777 ab
2416 4716 2642 4789 ultimis]
2669 4717 2711 4748 ³⁷
2732 4716 2801 4770 ad
2825 4715 3195 4787 principaliora
3222 4728 3491 4770 ascensum
3516 4714 3770 4785 facientes

2189 4830 2282 4885 per
2304 4812 2475 4867 media
2498 4824 2678 4863 rursus
2700 4806 2771 4860 ad
2793 4816 3022 4861 extrema
3045 4806 3219 4860 omnia
3242 4803 3532 4874 auferimus
3550 4844 3566 4869 ,
3605 4814 3664 4859 ut
3689 4821 3770 4859 re-

2191 4903 2354 4960 uelate
2404 4916 2772 4973 cognoscamus
2818 4898 2964 4952 illam
3012 4899 3361 4968 ignorantiam
3410 4897 3474 4951 ab
3527 4897 3768 4952 omnibus

2191 4994 2524 5051 noscibilibus
2548 4993 2601 5047 in
2632 4991 2865 5047 omnibus
2894 4990 3222 5045 existentium
3247 4990 3694 5055 rircmnuelatam,
3718 5000 3767 5046 et

2188 5084 2738 5158 supersubstantialem
2767 5082 2913 5135 illam
2943 5081 3207 5137 videamus
3231 5082 3505 5153 caliginem
3529 5082 3596 5136 ab
3624 5084 3767 5137 omni

2188 5176 2383 5232 lumine
2412 5178 2463 5230 in
2492 5173 2827 5231 existentibus
2851 5172 2895 5206 “
2922 5172 3201 5228 occultam.

1811 5288 2065 5344 VARIAE
2102 5289 2499 5348 LECTIONES.

585 5367 608 5402 ¹
638 5367 819 5441 Conj.,
845 5386 947 5449 vox
980 5372 1031 5429 in
1060 5376 1185 5449 cod.
1221 5384 1329 5449 tam
1362 5388 1632 5447 corrupta,
1665 5389 1723 5433 ut
1750 5380 1849 5449 legi
1879 5391 2131 5448 nequeat.

513 5440 1033 5517 spectaru'mechs
1060 5444 1111 5498 in
1139 5447 1260 5501 cod.
1286 5440 1726 5517 corruptissimus
1746 5440 1851 5504 esi.

514 5509 766 5575 ﬁcienles.
794 5572 799 5577 λ
841 5511 864 5542 ⁸
892 5512 1071 5577 Corn,
1095 5518 1213 5570 cod.
1245 5509 1465 5571 occulte:
1535 5518 1556 5549 ’
1585 5519 1714 5574 Cod.
1749 5522 1975 5576 modica.

508 5665 713 5730 suturis.
824 5651 1221 5730 "‘ConiA.._eod.
1266 5661 1553 5730 privamur.

1959 5452 1982 5484 ⁸
2008 5452 2182 5522 Coni..
2204 5457 2573 5536 cod._ignota._
2655 5456 2677 5487 ⁸
2700 5455 2879 5536 corr?
2913 5455 3034 5510 cod.
3077 5463 3146 5508 et.
3239 5456 3276 5536 _"-
3514 5456 3636 5536 cmi.
3670 5473 3689 5536 ξ

2063 5524 2106 5555 ¹⁶
2124 5525 2225 5608 §ic
2248 5523 2395 5608 eod,
2411 5526 2535 5580 fort.
2561 5526 2663 5608 leg.
2684 5534 2745 5608 et
2763 5526 2814 5608 i_n
2835 5524 2932 5578 hoc
2960 5539 3143 5608 opere.
3180 5595 3217 5608 η
3238 5526 3290 5608 ‘1
3310 5524 3485 5593 Conj..
3670 5526 3757 5578 in-

1599 5572 1607 5573 ,
1705 5572 1713 5574 ἡ
2138 5572 2224 5583 την
2412 5572 2535 5580 η.-.
2561 5572 2607 5580 ,ν
2650 5572 2662 5578 -
2688 5572 2739 5580 --
2836 5572 2927 5578 η--
2963 5572 3078 5595 νγ-.

509 5572 801 5636 tellectuali
814 5596 1034 5680 i's‘gper
1060 5572 1277 5680 adtines
1311 5589 1454 5672 enni.
1533 5590 1575 5620 ¹¹
1603 5588 1779 5680 (ιρι-ιλ,
1820 5594 1937 5647 cod.
1976 5602 2044 5680 ει..
2124 5595 2333 5680 "quod
2357 5613 2465 5680 om.
2494 5572 2804 5680 codznadd.
2837 5609 2904 5649 ex
2921 5594 3078 5680 iconj.

1651 5661 1695 5693 ¹⁸
1718 5662 1902 5735 Qum,
1932 5664 2054 5718 cod.
2090 5661 2540 5735 poténtionaliter.

2207 5385 2359 5440 ῬΙ-ο
2405 5385 2688 5442 secundum
2738 5384 2858 5440 end.
2906 5382 3019 5438 sed.
3093 5382 3115 5416 ⁸
3142 5382 3278 5440 Cod.
3326 5393 3477 5454 ιιι-ᾳ.
3568 5385 3594 5416 ⁵
3621 5383 3751 5441 Cod.

2655 5456 2677 5487 ⁸
2700 5455 2879 5517 Corr.,
2913 5455 3034 5510 cod.
3077 5463 3146 5508 et.
3246 5456 3266 5488 "
3299 5454 3477 5523 Boni,
3514 5456 3636 5511 cod.
3670 5456 3759 5523 af-

3180 5595 3224 5629 “
3251 5596 3428 5661 Corn,
3464 5596 3586 5650 cod.
3626 5611 3749 5663 pos-

2582 5676 2588 5685 '
2636 5665 2678 5699 ¹¹¹
2702 5665 3090 5722 descendentes
3118 5700 3184 5709 -—-
3217 5668 3415 5724 ultimis
3444 5681 3552 5723 om.
3600 5666 3747 5730 cod,

508 5719 636 5774 add.
676 5739 740 5778 ex
774 5719 918 5794 conj.
1000 5712 1043 5759 θ’
1071 5712 1464 5802 Conj.,'pro
