4028 6274
261 377 372 431 9.77

955 501 1166 542 GLOSSA.

341 599 401 656 In
433 597 746 670 praemissis
790 595 942 652 libris
966 596 1133 651 Deum
1163 595 1384 649 laudare
1412 607 1508 662 per
1529 589 1843 645 allirmatio-

263 682 422 755 nem,
448 691 501 742 in
530 689 632 742 isto
653 695 832 740 autem
860 693 1070 754 oportet
1093 685 1311 738 laudare
1339 697 1434 752 per
1456 681 1765 748 negationes
1787 685 1842 733 et

267 781 513 836 Omnium
537 778 864 841 ablationes,
902 777 1042 847 quod
1067 777 1082 806 ¹
1107 775 1378 829 contrario
1404 772 1505 826 illis
1525 773 1569 823 ¹.
1604 770 1676 824 lbi
1700 768 1844 824 enim

265 873 592 928 inchoantes
618 871 684 925 ab
719 869 1075 924 allirtnatione
1099 866 1180 922 vel
1204 865 1468 936 positione
1497 859 1844 932 principalio-

269 980 395 1019 rum
430 978 527 1033 per
562 961 733 1016 media
782 959 848 1013 ad
901 959 1086 1012 ultima
1126 960 1442 1012 descensum
1493 952 1842 1006 faciebamus.

267 1054 376 1109 llic
427 1064 606 1107 autem
670 1050 736 1104 ab
791 1049 1100 1104 ultimorum
1161 1046 1430 1101 ablatione
1483 1042 1842 1112 incipientes,

270 1159 446 1214 usque
479 1143 546 1198 ad
578 1142 902 1196 ablutionem
950 1138 1388 1210 principaliorum
1438 1133 1702 1205 gradatim
1753 1146 1849 1200 per

265 1234 452 1289 media
500 1232 862 1293 ascendimus,
904 1238 959 1284 et
1005 1229 1203 1282 iterum
1233 1226 1298 1280 ad
1323 1234 1561 1279 extrema
1605 1219 1848 1275 rcllexim

269 1322 457 1378 omnia
488 1321 555 1375 ab
600 1336 664 1376 eo
703 1319 901 1390 pariter
931 1316 1255 1380 auferimus,
1286 1314 1426 1383 quod
1452 1311 1564 1380 jam
1599 1309 1846 1374 facimus,

264 1424 337 1469 ut
364 1415 480 1469 sine
495 1413 612 1468 velo
642 1413 901 1484 mysticae
924 1408 1330 1480 significationis
1357 1418 1746 1476 cognoscamus
1771 1402 1850 1457 di-

270 1508 458 1560 vinam
489 1493 1206 1575 incomprehensibililatent,
1257 1515 1394 1572 quae
1433 1498 1644 1554 excedit
1689 1511 1850 1552 omne

271 1615 398 1664 eus,
425 1614 563 1670 quae
593 1614 719 1653 vere
765 1597 973 1652 occulta
1011 1603 1097 1651 est
1120 1595 1187 1650 ab
1218 1595 1364 1650 omni
1396 1592 1618 1649 scientia
1651 1591 1703 1645 in
1729 1605 1849 1646 om-
1874 1579 1879 1583 ’

273 1691 442 1747 nibus
467 1691 748 1746 creaturis.

785 1816 1178 1876 CAPITULUM
1213 1816 1296 1872 111.
1327 1817 1349 1848 ³

278 1913 433 1979 Quae
448 1922 566 1966 sunt
587 1911 962 1980 cataphaticae,
986 1910 1042 1963 id
1060 1906 1521 1980 cst,Aa[ﬁr_mativae
1542 1905 1850 1980 theologiac;

399 1993 448 2038 et
485 1999 616 2052 quae
645 1977 764 2036 sunt
799 1981 1137 2051 upophaticae
1162 1977 1182 2008 ⁸
1202 2019 1216 2045 ,
1250 1977 1305 2032 id
1330 1987 1426 2042 est,
1459 1977 1745 2048 negativae.

907 2091 1190 2148 rexres.‘

353 2184 424 2241 In
472 2185 494 2216 ⁸
538 2183 836 2254 theologicis
895 2183 1103 2253 quidem
1164 2182 1508 2252 gpottfosibus
1555 2181 1577 2214 '
1631 2179 1856 2236 maxime

276 2279 494 2350 propria
521 2277 541 2309 ⁸
573 2276 919 2346 afﬁrmatione
962 2274 1246 2344 theologiae
1273 2274 1602 2329 laudavimus
1641 2274 1684 2339 ’,
1723 2290 1854 2345 quo-

280 2374 439 2428 modo
467 2371 643 2426 divina
691 2381 737 2424 et
767 2370 898 2424 bona
926 2378 1118 2421 natura
1147 2366 1430 2436 singularis
1475 2366 1691 2427 dicitur,
1722 2380 1856 2434 quo-

280 2466 440 2519 modo
471 2464 630 2526 trina,
654 2479 787 2533 quae
807 2459 1091 2514 secundant
1122 2459 1287 2528 ipsant
1317 2458 1458 2511 dicta
1492 2457 1780 2527 paternitas
1809 2471 1856 2514 et

280 2558 495 2627 ﬁliatio,
511 2557 635 2626 quid
659 2555 761 2609 vult
784 2564 1074 2608 monstrare
1096 2551 1322 2621 Spiritus
1347 2549 1627 2618 theologia,
1644 2565 1860 2620 quomo-

282 2651 353 2704 do
382 2667 446 2704 ea:
475 2647 810 2702 immateriali
842 2657 888 2700 et
912 2644 1134 2714 simplici
1160 2645 1291 2698 bono
1330 2645 1384 2697 itt
1421 2643 1574 2697 corde
1597 2642 1860 2695 manentia

284 2741 531 2796 bonitatis
545 2738 927 2809 pullulaverunt
951 2736 1175 2798 lumina,
1191 2744 1236 2789 el
1258 2734 1517 2804 quontodo
1534 2733 1802 2786 mansione
1819 2732 1860 2762 ¹⁰

283 2830 340 2882 in
364 2831 474 2900 ipso
501 2839 547 2882 et
578 2831 634 2882 in
655 2846 710 2882 se
730 2828 853 2896 ipsis
875 2837 920 2880 et
943 2827 995 2879 in
1012 2841 1065 2879 se
1089 2825 1303 2878 invicem
1325 2831 1598 2876 coaeterna
1625 2820 1860 2890 pullula-

285 2920 419 2974 tioni
445 2927 838 2988 permanserunt
871 2914 1264 2986 inegressibilia,
1289 2912 1546 2984 quontodo
1587 2910 1865 2982 supersub-

284 3008 551 3064 stantinlis
575 3009 728 3064 Jesus
749 3049 762 3075 ,
785 3011 1045 3063 humanae
1071 3017 1288 3062 naturae
1323 3005 1596 3060 virtutibus
1622 3003 1865 3059 substan-

285 3105 361 3156 tia
399 3102 569 3172 factus
589 3142 603 3166 ,
634 3113 683 3156 et
715 3118 1047 3174 quaecunque
1085 3100 1193 3154 alia
1218 3099 1282 3153 ab
1307 3098 1523 3169 eloquiis
1545 3113 1786 3166 expressa
1807 3098 1861 3151 in

947 370 1440 430 EXPOSITIONES
1476 369 1541 425 IN
1579 365 1928 423 MYSTICAM
1966 361 2406 418 TllEOLOGlAM
2447 362 2505 416 S.
2550 358 2863 416 DlONYSll.

1872 490 1920 549 Α
1953 490 2073 528 nem
2102 473 2396 528 naturalem
2426 487 2457 526 a
2499 471 2608 526 Deo
2637 474 2811 544 ipsum
2841 470 3008 527 Deum
3035 469 3250 527 tandem
3278 469 3518 526 inveniat

3409 357 3518 414 278

1943 565 2289 637 singularem.

2615 647 2844 690 TEXTUS.

2222 723 2394 796 Igitur
2408 723 2461 777 in
2481 723 2777 794 theologicis
2790 731 2914 792 etc.,
2933 732 2991 779 ut
3007 722 3234 798 s[upra].

2624 831 2814 871 GLOSSA

2016 907 2162 964 Talis
2197 916 2273 962 est
2321 921 2502 960 sensus
2543 923 2562 960 :
2595 903 2652 959 In
2719 913 2946 960 tractatu
3012 907 3078 962 de
3144 906 3338 962 divinis
3391 907 3521 964 chao

1947 999 2282 1063 racteribus,
2341 996 2394 1050 id
2455 1005 2538 1051 est
2608 996 2979 1066 personalibus
3046 997 3518 1066 distinctionibus,

1946 1093 2179 1148 maxime
2213 1090 2656 1146 atﬁrmationibus
2712 1091 2796 1146 usi
2843 1107 3049 1156 sumus,
3085 1094 3198 1148 sive
3245 1094 3526 1164 positioni-

1946 1183 2047 1238 bus
2069 1183 2121 1237 in
2148 1183 2341 1237 divinis
2363 1181 2630 1246 laudibus,
2663 1181 2753 1236 ubi
2779 1183 3134 1249 ostendimus,
3158 1186 3300 1254 quod
3346 1185 3525 1240 divina

1949 1287 2138 1332 natura
2167 1274 2455 1344 singularis
2489 1281 2572 1328 est
2613 1274 2666 1328 in
2712 1275 2968 1340 essentia,
2997 1284 3052 1331 et
3080 1277 3217 1331 trina
3260 1277 3311 1330 in
3342 1291 3528 1346 perso-

1948 1366 2059 1431 nis,
2084 1375 2139 1422 et
2160 1366 2389 1436 qualiter
2411 1365 2751 1434 intelligenda
2783 1374 2866 1420 est
2893 1367 3188 1435 paternitas
3223 1377 3276 1420 et
3317 1365 3523 1429 liliatio,

1949 1467 2004 1514 et
2032 1457 2203 1530 [quid]
2232 1456 2492 1526 signiticet
2534 1456 2856 1524 proprietas,
2874 1471 3035 1525 quam
3071 1473 3225 1511 sacra
3249 1456 3529 1527 Scriptura

1949 1547 2194 1603 attribuit
2216 1545 2436 1616 Spiritui
2459 1551 2664 1607 sancto,
2693 1545 2744 1599 id
2775 1554 2856 1600 est
2877 1547 3152 1616 processio
3179 1546 3334 1614 juxta
3363 1547 3487 1601 illud
3514 1565 3529 1602 :

1955 1655 1974 1692 ι
2001 1639 2259 1709 Spiritum
2288 1635 2551 1700 veritatis,
2575 1637 2666 1706 qui
2690 1651 2719 1688 a
2744 1637 2900 1691 Patre
2925 1638 3218 1707 procedits.
3246 1639 3374 1693 Item
3396 1655 3532 1709 quo-

1950 1733 2110 1788 modo
2133 1730 2404 1802 plenitudo
2450 1729 2818 1794 invisibilium,
2851 1746 2988 1800 quae
3025 1731 3188 1787 inlixe
3215 1733 3277 1763 ¹⁷⁶
3309 1739 3532 1787 manent

1877 1846 1926 1906 Β
1955 1823 2008 1878 ἰιι
2047 1823 2211 1877 corde
2242 1820 2418 1874 Patris
2440 1859 2454 1883 ,
2495 1817 2720 1887 pullulat
2748 1835 2813 1874 ex
2849 1821 3190 1874 immateriali
3217 1831 3270 1876 et
3297 1821 3532 1890 simplici

1955 1913 2118 1979 bono,
2147 1913 2199 1969 id
2225 1922 2306 1968 est
2332 1926 2559 1981 persona
2589 1911 2795 1972 Patris;
2835 1927 2863 1966 a
2898 1927 3000 1980 qua
3033 1912 3278 1981 procedit
3300 1928 3532 1982 persona

1953 2005 2075 2060 Filii
2098 2020 2193 2074 per
2218 2007 2641 2076 generationem,
2666 2012 2721 2058 et
2744 2017 2968 2073 persona
2993 2000 3228 2072 Spiritus
3248 2002 3419 2058 sancti
3439 2017 3536 2071 per

1955 2097 2378 2166 processionem,
2404 2112 2630 2166 quorum
2664 2105 2888 2163 uterque
2923 2109 2952 2146 a
2985 2095 3144 2148 Patre
3173 2095 3380 2164 accepit
3406 2109 3538 2148 ean-

1957 2191 2077 2246 dem
2095 2190 2505 2260 plenitudinem,
2523 2199 2576 2245 et
2591 2204 2686 2259 per
2703 2189 2804 2244 hoc
2819 2187 2986 2242 Filius
3000 2199 3052 2241 et
3069 2187 3303 2256 Spiritus
3319 2195 3538 2241 sanctus

1958 2292 2177 2337 manent
2200 2283 2252 2336 in
2281 2281 2462 2346 Patre,
2499 2289 2556 2336 et
2579 2281 2632 2335 in
2663 2294 2721 2334 se
2752 2279 2906 2348 ipsis,
2942 2287 2995 2331 et
3020 2292 3211 2331 omnes
3241 2285 3352 2331 tres
3403 2277 3453 2329 in
3477 2291 3539 2331 se

1959 2372 2214 2434 invicem,
2243 2381 2295 2426 et
2324 2372 2437 2440 ipsa
2470 2369 2732 2424 luminum
2779 2368 3053 2439 plenitudo
3094 2367 3147 2420 in
3177 2366 3312 2420 Filio
3338 2375 3393 2419 et
3419 2366 3542 2436 Spi-

1960 2465 2068 2519 ritu
2093 2471 2284 2518 saneto
2313 2470 2592 2530 permanet
2618 2468 2907 2515 coaeterno
2931 2457 3104 2522 Patri,
3133 2473 3162 2510 a
3186 2472 3293 2527 quo
3313 2467 3543 2526 uterque

1961 2569 2146 2610 eorum
2213 2553 2478 2625 originem
2551 2551 2748 2616 habet,
2808 2551 2898 2620 qui
2963 2559 3138 2604 tamen
3198 2549 3544 2604 nilnlomiuus

1966 2655 2110 2702 totus
2137 2646 2180 2678 ⁸⁸
2205 2655 2387 2700 manet
2418 2646 2470 2700 in
2503 2643 2680 2698 Patre.
2725 2644 2778 2697 In
2818 2643 3007 2697 eodem
3050 2642 3212 2696 etiam
3259 2641 3395 2695 libro
3434 2649 3543 2695 tra-

1962 2739 2243 2801 ctavimus,
2278 2737 2546 2807 quomodo
2565 2735 2742 2800 Jesus,
2771 2735 2861 2805 qui
2892 2743 2974 2790 est
3011 2733 3544 2803 supersubstantialis

1963 2830 2256 2885 secundum
2283 2829 2538 2883 deitatem
2556 2868 2571 2893 ,
2621 2827 2796 2882 factus
2835 2836 2920 2880 est
2949 2828 3108 2880 homo
3137 2825 3426 2880 secundum
3449 2839 3546 2879 ve-

1963 2936 2078 2975 ram
2114 2921 2528 2983 humanitatem,
2557 2926 2614 2973 et
2637 2919 2738 2972 alia
2789 2917 2955 2971 multa
2999 2915 3350 2970 tractavimus
3391 2916 3544 2984 juxta

1964 3024 2218 3081 expressa
2271 3008 2587 3080 Scripturae
2630 3007 2957 3063 testimonia.
2993 3007 3051 3060 ln
3103 3006 3241 3060 libro
3267 3014 3446 3060 autem
3477 3005 3557 3061 de-

1965 3101 2160 3156 divinis
2186 3099 2492 3155 nominibus
2518 3098 2886 3162 tractavimus,
2940 3097 3210 3167 quomodo
3244 3097 3386 3152 Deus
3413 3097 3544 3151 dici-

287 3193 590 3262 theologicis
618 3192 958 3262 gpotifosibus
1007 3191 1295 3245 laudantur
1323 3191 1386 3242 ¹¹.
1420 3187 1486 3241 In
1519 3187 1649 3241 libro
1686 3196 1858 3240 autem
1889 3197 1932 3258 (ς
1965 3198 2055 3245 tttr
2099 3190 2291 3254 bonus,
2344 3189 2615 3258 quomodo
2663 3188 2925 3252 existens,
2974 3188 3244 3258 quomodo
3279 3189 3386 3241 vita
3418 3187 3460 3218 ¹⁹
3491 3197 3546 3243 et

286 3285 354 3338 de
410 3285 602 3338 divinis
651 3284 964 3349 nominibus,
1012 3283 1272 3354 quomodo
1320 3283 1483 3336 bonus
1532 3281 1861 3346 nominatur,

284 3375 550 3444 quomodo
595 3377 839 3440 existens,
885 3374 1142 3444 quomodo
1176 3375 1277 3428 vita
1311 3373 1375 3438 ¹¹,
1408 3383 1455 3426 et
1495 3371 1753 3440 quomodo
1787 3387 1868 3424 sa-

285 3464 510 3533 pientia,
533 3475 578 3517 et
608 3464 790 3528 virtus,
817 3475 862 3517 et
891 3480 1226 3534 quaecunque
1255 3462 1363 3517 alia
1386 3461 1721 3532 intelligibilis
1746 3470 1866 3516 sunt

286 3553 390 3606 Dei
405 3554 772 3608 nominationis
792 3553 854 3608 “.
872 3554 935 3608 In
952 3553 1233 3624 symbolica
1247 3563 1420 3607 autem
1435 3552 1717 3622 theologia,
1733 3568 1868 3623 quae

285 3657 411 3700 sunt
439 3663 471 3698 a
503 3648 740 3701 sensibus
769 3646 838 3700 ad
873 3647 1047 3700 divina
1071 3646 1598 3700 transnominationes
1624 3644 1714 3710 ¹⁸⁶,
1734 3661 1866 3713 quae

286 3745 410 3790 sunt
437 3735 640 3790 divinae
668 3736 959 3804 formae,et
983 3746 1176 3806 partes,
1199 3737 1660 3806 instrumentaque,
1691 3734 1866 3788 divina

287 3826 426 3889 loca,
459 3836 506 3879 et
545 3827 634 3895 qui
662 3838 901 3892 ornatus,
939 3838 986 3882 et
1007 3829 1096 3899 qui
1128 3828 1354 3898 furores,
1385 3838 1432 3882 et
1463 3845 1596 3900 quae
1630 3829 1864 3893 tristitia,

285 3924 338 3968 ct
367 3931 497 3984 quae
521 3917 756 3971 insaniae
782 3917 847 3983 “,
877 3928 923 3971 et
950 3934 1084 3986 quae
1121 3918 1411 3981 ebrietates,
1443 3930 1490 3972 et
1519 3917 1786 3988 crapulae,
1817 3928 1865 3972 et

285 4019 423 4072 quae
439 4003 765 4073 juramenta,
807 4015 853 4060 et
879 4006 1289 4072 maledictiones,
1309 4007 1396 4078 qui
1419 4006 1639 4076 sompni,
1663 4017 1867 4076 etquae

285 4091 636 4162 vigilationes,
666 4102 715 4148 et
753 4111 1089 4166 quaecunque
1121 4095 1257 4149 aliae
1278 4106 1394 4150 sunt
1417 4106 1629 4149 sanctae
1659 4112 1866 4163 compa-

285 4183 421 4236 sitae
445 4182 784 4252 formationes
806 4185 1119 4255 symbolicue
1143 4185 1238 4240 Dei
1260 4185 1590 4256 {orntationis
1623 4185 1686 4240 ”.

705 4304 934 4345 τιτυιυε
969 4305 1129 4346 HUIUS
1164 4305 1434 4345 CAPFTULL

361 4376 558 4433 Sensus
607 4380 727 4434 talis
775 4390 870 4434 est.
923 4380 1071 4445 Quae
1117 4389 1238 4434 sunt
1287 4379 1644 4450 cataphaticae
1689 4377 1755 4431 ¹⁸.
1806 4375 1864 4432 In

283 4470 466 4525 tribus
517 4469 878 4524 voluminibus
913 4471 1022 4541 egit
1062 4469 1254 4525 beatus
1283 4469 1568 4540 Dionysius
1619 4469 1684 4524 de
1721 4477 1865 4523 cata-

1965 3278 2252 3347 sapientia,
2276 3285 2331 3332 et
2358 3277 2423 3331 de
2447 3277 2567 3332 aliis
2591 3276 3014 3348 inlelligibilibus
3043 3277 3135 3331 Dei
3161 3277 3545 3332 nominationi-

1967 3370 2087 3425 bus.
2115 3368 2171 3422 In
2194 3367 2486 3438 syntbolica
2503 3379 2682 3423 autem
2707 3366 2973 3438 theologia
3001 3367 3351 3422 tractavimus
3371 3375 3552 3420 trans-

1966 3461 2263 3532 positioues
2297 3459 2687 3516 vocabulorum
2729 3459 3064 3514 sensibilium
3102 3459 3169 3512 ad
3219 3457 3547 3528 designanda

1967 3554 2258 3624 anagogice
2285 3553 2331 3584 ³ο
2362 3551 2650 3608 invisibilia
2693 3552 2898 3615 divina,
2938 3550 3292 3606 monstrando
3319 3548 3545 3612 scilicet.

1966 3645 2235 3716 quomodo
2267 3643 2639 3713 accipiendum
2691 3643 2784 3709 sit,
2837 3643 2980 3712 quod
3029 3641 3139 3696 Deo
3183 3640 3553 3694 attribuuntur

1967 3740 2195 3806 formae,
2245 3749 2305 3797 ut
2354 3740 2484 3796 illud
2517 3757 2536 3791 ι
2572 3740 2662 3809 qui
2713 3754 2836 3794 cum
2887 3739 2940 3792 in
2995 3737 3165 3793 forma
3197 3737 3456 3793 Deiesset
3497 3754 3548 3802 ι,

1967 3834 2191 3903 ﬁgurae,
2223 3843 2282 3888 ut
2303 3835 2430 3888 illud
2455 3833 2630 3890 Osee:
2664 3852 2684 3884 ι
2717 3832 2880 3899 Quasi
2922 3833 3108 3887 leaena
3142 3852 3184 3896 ι,
3213 3840 3305 3886 aut
3344 3838 3548 3902 partes,

1967 3935 2025 3981 ut
2053 3927 2178 3981 illud
2207 3926 2454 3982 Ezechiel
2479 3944 2492 3979 :
2523 3946 2540 3978 α
2581 3926 2868 3980 Benedicta
2895 3925 3065 3996 gloria
3096 3925 3304 3979 Domini
3341 3926 3407 3979 de
3433 3925 3550 3978 loco

1967 4027 2153 4072 sancto
2178 4031 2275 4070 suo
2306 4033 2350 4082 »ς
2381 4024 2472 4069 aut
2498 4025 2742 4077 ornatus,
2773 4023 2832 4068 ιιι
2876 4015 3004 4068 illud
3041 4033 3054 4068 :
3087 4031 3108 4064 's
3145 4014 3384 4068 Vestitus
3413 4029 3547 4081 pon-

1966 4110 2094 4164 dere
2116 4128 2161 4172 s,
2179 4107 2516 4168 autfurores,
2543 4117 2601 4160 ut
2623 4106 2786 4160 illud:
2810 4123 2829 4154 ι
2856 4104 3100 4167 Domine,
3125 4118 3192 4157 ne
3213 4103 3265 4156 in
3291 4101 3470 4156 furore
3499 4120 3548 4164 ι,

1965 4209 2059 4254 aut
2081 4198 2350 4261 tristitiae,
2377 4206 2439 4250 ut
2467 4197 2518 4250 id
2549 4214 2564 4250 :
2599 4215 2617 4247 ι
2653 4195 2848 4250 Tristis
2869 4205 2954 4249 est
3003 4195 3180 4249 anima
3209 4209 3327 4248 mea
3375 4212 3420 4256 ι,
3453 4200 3552 4245 aus

1967 4289 2232 4354 insaniae,
2260 4299 2321 4342 ut
2346 4288 2400 4342 id
2428 4285 2602 4343 Oscae
2628 4305 2642 4340 :
2671 4306 2689 4338 ι
2721 4286 2870 4340 Scito
2896 4295 2946 4341 te
2965 4284 3128 4340 Israel
3155 4283 3395 4345 stultum,
3425 4293 3558 4352 pro-

1964 4381 2223 4451 phanum,
2249 4379 2496 4434 insanum
2527 4398 2573 4430 ι.
2601 4376 2710 4433 Nec
2741 4378 2784 4408 “
2819 4377 2992 4432 solum
3024 4376 3090 4431 de
3138 4375 3254 4430 istis
3299 4372 3550 4428 tractavi-

1968 4487 2111 4534 mus.
2135 4471 2229 4526 sed
2270 4479 2325 4524 et
2369 4469 2434 4524 de
2464 4469 2583 4524 aliis
2621 4467 2936 4538 compositis
2984 4464 3412 4528 formationibus,
3437 4461 3563 4518 Deo.

281 4559 502 4631 phalica
523 4599 539 4625 ,
583 4560 634 4614 id
677 4568 780 4627 est,
821 4559 1137 4615 aﬂirmativa
1176 4560 1441 4629 theologia
1471 4559 1564 4613 :‘in
1610 4557 1747 4612 libro
1793 4558 1860 4612 de
1889 4543 1938 4605 Ι)
1965 4561 2264 4627 attributis,
2288 4560 2344 4616 in
2376 4559 2515 4615 libro
2539 4559 2606 4616 de
2625 4551 2916 4630 symbolica
2949 4557 3234 4628 theologia.

280 4649 664 4722 ypotifosibus,
696 4651 748 4706 in
781 4665 888 4720 quo
916 4651 1026 4721 egit
1052 4650 1118 4706 de
1139 4650 1572 4706 distinctionibus
1598 4663 1856 4718 persona-

284 4755 406 4795 rum
430 4757 446 4805 ;
475 4740 527 4794 in
559 4740 794 4796 secundo
822 4740 887 4794 de
916 4739 1114 4795 divinis
1139 4739 1480 4804 nominibus;
1524 4739 1575 4793 in
1605 4739 1764 4794 tertio
1792 4737 1861 4793 de

279 4829 666 4885 vocabulorum
733 4828 1252 4900 insuppositionibus
1305 4829 1346 4861 ⁸⁷
1407 4828 1472 4882 ad
1532 4828 1714 4882 divina
1768 4827 1861 4882 de-

279 4920 577 4992 signanda;
612 4921 665 4978 in
694 4930 907 4991 quarto,
945 4921 997 4975 id
1026 4928 1133 4985 est,
1170 4920 1397 4991 mystica
1431 4919 1692 4990 theologia
1736 4933 1860 4988 spe-

279 5012 494 5066 cialiter
537 5013 648 5082 agit
693 5013 759 5068 de
806 5012 1160 5083 apophatica,
1203 5011 1255 5066 id
1298 5019 1382 5066 est
1422 5011 1690 5081 negativa,
1723 5024 1862 5079 quae

279 5102 495 5158 scilicet
522 5105 703 5161 omnia
739 5119 770 5159 a
798 5105 908 5160 Deo
945 5112 1201 5168 removet,
1228 5111 1335 5158 tam
1377 5103 1652 5168 inferiora,
1695 5118 1856 5172 quam

280 5197 482 5264 media,
519 5213 679 5268 quam
728 5198 1026 5268 superiora,
1072 5205 1130 5251 ut
1177 5196 1424 5252 videlicet
1470 5211 1567 5268 per
1601 5196 1854 5250 remotio-

2637 4665 2864 4705 τειτυε.

2036 4744 2105 4800 Et
2141 4753 2189 4799 te
2229 4744 2456 4799 arbitror
2500 4742 2857 4810 conspexisse,
2885 4740 3143 4811 quomodo
3176 4737 3405 4809 plurium
3434 4751 3550 4791 ser-

1965 4853 2176 4890 monum
2203 4845 2322 4889 sunt
2351 4835 2556 4898 ultima,
2599 4849 2758 4903 quam
2797 4833 2986 4902 prima.
3029 4829 3236 4884 Etenim
3283 4829 3550 4899 oportebat

1969 4927 2280 4998 theologicos
2305 4927 2605 4997 ypotifoses,
2638 4935 2685 4978 et
2734 4925 3026 4978 divinorum
3063 4923 3328 4976 nominum
3353 4935 3550 4974 resera-

1966 5025 2155 5077 tionem
2178 5038 2462 5091 paucorum
2493 5037 2787 5075 sermonum
2807 5035 2918 5074 esse
2937 5019 3004 5084 ”,
3029 5034 3183 5088 quam
3210 5014 3549 5087 syntbolicans

1963 5110 2302 5180 theologiam,
2323 5110 2592 5180 quoniam,
2614 5119 2865 5178 quantum
2885 5107 2955 5162 ad
2969 5109 3205 5176 superius
3221 5106 3542 5174 respicimus,

1962 5209 2166 5254 tantum
2191 5199 2236 5230 ³³
2265 5215 2526 5252 sermones
2557 5198 2913 5270 conspectibus
2962 5195 3367 5268 intelligibilium
3425 5209 3548 5247 cou-

1564 5311 1649 5365 VA
1659 5309 1818 5364 RlAE
1853 5308 2250 5366 LECTIONES.

356 5405 371 5484 ξ
566 5421 616 5474 q.
691 5405 712 5436 ’
743 5401 1068 5484 (ωηιξη-ρῳ
1093 5401 1358 5484 ξιιὶεηερᾱ.
1383 5401 1480 5484 ρι’.
1548 5402 1575 5484 _’
1606 5401 1988 5484 anitulunrtu
2013 5419 2128 5484 om._
2157 5403 2276 5459 cod.
2353 5401 2527 5484 ηερ-(1.
2555 5403 2856 5484 catafatice,
2887 5402 3164 5484 apofatice,
3181 5402 3285 5484 [sic
3308 5414 3541 5484 semper.

279 5471 308 5506 ⁸
330 5473 464 5528 Cod.
496 5471 688 5544 rm".
705 5490 782 5544 p°.
857 5471 902 5504 1⁸
925 5471 1054 5528 God.
1081 5472 1165 5541 lg.
1196 5472 1449 5544 (igitur-1').
1469 5541 1481 5544 _
1541 5475 1568 5544 γ’
1601 5471 1732 5529 Cod.

275 5561 418 5597 mus.
499 5543 539 5574 ‘°
569 5541 1038 5598 CodJmansiones.
1117 5545 1159 5574 “
1182 5541 1364 5606 Corn,
1383 5541 1502 5596 cod.
1529 5541 1770 5598 laudant.

1767 5491 1862 5545 pro
1893 5477 2280 5531 ὑποτυπώσισι.

1847 5546 1888 5576 ¹²
1911 5545 2086 5609 Corr.,
2111 5546 2230 5600 cod.
2257 5545 2386 5597 lata.

2383 5473 2405 5504 ⁸
2434 5473 2612 5537 Corr.,
2643 5469 2763 5530 cod.
2804 5469 3059 5543 proprie,
3128 5475 3146 5504 ’
3177 5470 3306 5543 Cod.
3337 5469 3548 5543 lauda-

2465 5543 2506 5575 ¹³
2530 5543 2619 5598 Sic
2648 5545 2766 5600 cod.
2804 5540 2812 5543 ⁷
2847 5543 2910 5574 ¹³”
2932 5541 3107 5609 (lonj.,
3131 5542 3252 5594 cud.
3277 5542 3344 5593 ad
3367 5540 3554 5597 divina:

283 5611 378 5667 Dei
403 5614 798 5668 nominacionis.
878 5614 919 5645 "‘
951 5611 1132 5681 Conj.,
1159 5613 1284 5687 cod;
1320 5613 1612 5687 infantido;
1643 5624 1772 5669 text.
1805 5631 1983 5685 graec.
2020 5615 2254 5687 μήνιδες,
2284 5630 2426 5668 vers.
2460 5616 2687 5668 mnnine.
2767 5613 2810 5644 ”‘
2838 5613 3014 5676 Corn,
3042 5612 3158 5666 cod.
3191 5611 3544 5680 formationes.

283 5692 327 5723 ’⁸
361 5692 492 5748 Cod.
530 5693 854 5763 cathefatice.
931 5694 971 5725 ⁸⁷
999 5692 1130 5748 Cod.
1173 5682 1467 5763 isupco't'bz‘.‘
1541 5694 1601 5725 "'
1637 5693 1726 5749 Sic
1757 5682 1875 5756 cod.

1980 5695 2021 5725 ’⁸
2055 5696 2234 5758 Corn,
2283 5691 2400 5748 cod.
2431 5703 2558 5746 tota.
2656 5693 2696 5723 ¹⁹
2725 5692 2899 5752 Com.
2949 5691 3068 5746 cod.
3121 5701 3256 5743 orta.
3333 5689 3376 5719 ’θ
3406 5689 3555 5745 Cod-

275 5764 352 5838 ad
367 5759 748 5834 designandum
770 5765 1124 5832 anatngogice.
1198 5761 1241 5794 ²¹
1256 5759 1422 5819 Ὀοῐτ.
1437 5804 1450 5830 ,
1466 5764 1586 5821 cod.
1606 5780 1687 5819 ne.
1758 5765 1802 5795 ”
1823 5764 1927 5821 Pro
1950 5781 2057 5820 esse
2079 5767 2194 5819 cod.
2213 5775 2279 5819 ct.
2357 5762 2401 5794 ’³
2423 5762 2551 5818 Cod.
2569 5762 2641 5819 ttTt
2665 5762 2781 5828 s‘m,
2799 5762 2901 5817 hoc
2919 5771 3207 5828 est,.tumctt
3232 5759 3556 5815 secundum.
