4028 6274
471 251 576 309 279

1836 248 2120 312 JOANNIS
2159 248 2352 304 SCOTI

473 363 772 433 turbantur,
803 362 1238 438 quemadmodum
1262 374 1309 421 et
1340 381 1476 422 nunc
1506 364 1576 420 ad
1603 365 1896 437 caliginem,
1917 382 2055 437 quae
2077 373 2123 431 Α
2154 364 2382 430 Quaeris
2419 365 2463 396 “
2509 373 2689 422 autem
2731 365 2976 424 fortassis
2995 409 3020 434 ,,
3063 385 3202 438 quae
3253 372 3324 427 sit
3371 373 3525 442 ratio,
3556 390 3747 446 quare

470 461 550 511 est
585 472 741 526 super
765 467 981 511 mentem
1009 458 1048 525 ί,
1085 459 1428 522 introeuntes,
1457 474 1558 511 non
1584 473 1878 512 sermonum
1899 455 2058 510 brevi-

472 551 654 607 tatem,
677 544 766 597 sed
787 544 1296 600 irrationabilitatem
1313 546 1591 616 perfectam
1650 555 1697 600 et
1750 545 2053 616 impruden-

472 635 602 688 tiam
633 635 654 665 ³
708 635 1023 690 inveniemus
1053 636 1095 690 ³.
1147 635 1215 690 Et
1268 638 1338 690 ibi
1381 637 1588 708 quidem
1641 654 1672 690 a
1711 638 1965 707 superiori
1989 637 2058 692 ad

469 737 704 780 extrema
764 728 1076 782 descendens
1146 746 1315 782 sermo
1375 730 1661 782 secundum
1715 730 2058 800 quantitatem

473 822 755 875 descensus
802 820 871 873 ad
904 817 1248 890 portionalem
1285 817 1609 872 dilatabatur
1641 816 2056 878 multitudinem;

473 925 614 963 nunc
647 919 820 964 autem
861 909 926 962 ab
974 908 1313 979 inferioribus
1339 909 1406 962 ad
1443 892 1736 978 supremum
1779 905 2058 960 ascendens

472 999 763 1053 secundum
791 1016 1087 1054 mensuram
1113 999 1430 1054 ascensionis
1471 999 1820 1063 contrahitur,
1866 1007 1911 1049 et
1943 1004 2058 1066 post

473 1106 678 1144 omnem
709 1092 1061 1145 ascensionem
1093 1101 1230 1146 totus
1252 1091 1366 1145 sine
1392 1107 1510 1145 voce
1532 1089 1648 1154 erit,
1671 1099 1718 1142 et
1747 1097 1884 1141 totus
1912 1087 2062 1140 unie-

475 1190 565 1234 tur
598 1180 622 1213 ⁸
668 1182 944 1252 ineffabili.
1003 1182 1145 1236 Dicis
1195 1192 1403 1246 autem,
1438 1196 1599 1251 quare
1641 1177 1870 1232 totaliter
1891 1177 2059 1246 primo

474 1287 717 1343 ponentes
755 1275 776 1307 '
815 1276 1019 1329 divinas
1053 1275 1356 1346 positiones,
1404 1276 1468 1327 ab
1517 1272 1708 1325 ultimis
1757 1271 2061 1324 inchoamus

476 1364 707 1420 divinam
739 1367 1053 1421 oblationem
1071 1367 1097 1421 ?
1126 1366 1386 1432 Quoniam
1411 1366 1550 1436 quod
1576 1374 1652 1418 est
1675 1379 1832 1428 super
1857 1378 2058 1416 omnem

473 1457 784 1523 positionem
809 1467 1075 1528 ponentes,
1108 1474 1140 1510 α
1169 1458 1334 1526 magis
1383 1455 1482 1526 ipsi
1523 1463 1742 1524 cognato
1776 1452 2060 1522 suppositi-

477 1567 598 1606 oam
636 1550 1029 1620 amr-mulionem
1077 1549 1342 1619 oportebat
1397 1563 1624 1618 ponere;
1676 1545 1809 1600 illud
1864 1554 2057 1609 autem,

382 1663 390 1671 ε
475 1638 615 1710 quod
636 1648 709 1692 est
729 1655 884 1708 super
899 1655 1100 1692 omnem
1132 1637 1444 1692 ablutionem
1471 1636 1512 1702 ⁸,
1539 1635 1877 1704 auferentesa
1893 1632 2059 1703 magis

478 1731 792 1786 distantibus
816 1731 879 1785 ab
904 1731 1013 1802 ipso
1031 1731 1261 1800 auferre.
1286 1733 1388 1785 Aut
1405 1747 1507 1785 non
1524 1730 1689 1800 magis
1715 1731 1820 1784 vita
1841 1739 1888 1782 et
1916 1728 2060 1783 boni-
2086 1716 2133 1777 Β

476 1832 581 1886 tas,
625 1838 781 1892 quam
825 1838 918 1874 aer
951 1830 999 1875 et
1047 1821 1202 1893 lapis,
1230 1839 1332 1876 non
1378 1833 1452 1876 est
1487 1821 1703 1891 crapula
1747 1829 1794 1874 et
1851 1836 1955 1874 non
1982 1826 2056 1874 est

476 1911 708 1979 insania,
736 1929 894 1980 quam
924 1928 1027 1966 non
1049 1913 1243 1966 dicitur
1262 1923 1307 1966 et
1333 1929 1435 1966 non
1461 1910 1806 1982 intelligitur?

1165 2037 1356 2080 GLOSSA
1365 2063 1378 2076 .

551 2136 752 2194 Sensus
781 2136 903 2191 talis
933 2144 1006 2190 est
1038 2152 1056 2190 :
1087 2136 1200 2207 Ego
1249 2145 1410 2204 puto,
1454 2135 1598 2205 quod
1637 2142 1714 2197 tu,
1753 2133 2057 2200 Timotheo,

479 2228 655 2286 oculis
704 2229 902 2284 mentis
957 2228 1316 2298 perspexeris,
1382 2227 1522 2296 quod
1580 2234 1843 2282 tractatus
1889 2226 2060 2281 nostri

479 2321 656 2377 ultimi
690 2321 812 2390 plus
863 2319 1135 2375 abundant
1181 2321 1235 2374 in
1285 2319 1483 2381 verbis,
1521 2333 1682 2388 quam
1709 2318 1890 2388 primi.
1924 2318 2057 2372 Erat

484 2411 633 2468 enim
679 2426 931 2471 necesse.
967 2413 1110 2480 quod
1138 2411 1274 2466 liber
1300 2411 1366 2465 de
1395 2409 1591 2465 divinis
1634 2409 2059 2474 characteribus,

481 2499 568 2556 vel
621 2500 998 2570 personalibus
1043 2499 1501 2565 distinctionibus,
1539 2498 1658 2571 [etI
1689 2499 1710 2530 "
1749 2499 1817 2553 de
1865 2496 2061 2552 divinis

483 2591 797 2647 nominibus
825 2593 1004 2647 minus
1038 2601 1165 2648 sunt
1189 2592 1211 2624 ⁸
1249 2592 1300 2646 in
1330 2590 1508 2646 verbis
1527 2589 1866 2661 prolixiores,
1897 2602 2059 2658 quam

482 2681 690 2739 fuerint
715 2683 1039 2754 symbolieae
1075 2682 1371 2752 tbeologiae
1398 2690 1679 2737 tractatus.
1709 2681 1773 2734 Et
1797 2680 1936 2735 ratio
1956 2679 2060 2734 ista

483 2781 598 2838 est,
629 2774 906 2844 quoniam,
938 2781 1142 2844 quanto
1187 2773 1431 2836 materia,
1482 2773 1548 2827 de
1605 2788 1711 2842 qua
1741 2771 1937 2843 agitur,
1978 2779 2062 2826 est

485 2862 646 2918 altior
681 2874 737 2920 et
764 2879 793 2919 a
823 2879 984 2920 sensu
1016 2864 1290 2928 remotior,
1318 2873 1408 2918 aut
1437 2863 1504 2918 ab
1533 2862 1912 2932 imaginatione
1941 2859 2059 2915 lon-

483 2955 756 3026 ginquior,
787 2965 936 3011 tanto
963 2957 1140 3012 minus
1161 2965 1247 3011 est
1286 2956 1544 3011 utendum
1573 2953 1755 3010 verbis
1796 2952 2061 3008 sensibili-

2159 455 2455 525 positiones
2479 456 2762 526 incipimus
2788 456 3209 529 a'dignioribus,
3247 472 3308 516 et
3331 463 3641 520 ablationes
3659 466 3748 520 ab

2158 545 2525 602 inferioribus.
2561 548 2727 619 Cujus
2761 550 2839 604 rei
2881 551 3020 605 ratio
3057 552 3177 607 talis
3205 565 3289 608 est
3311 556 3487 625 :qui'a,
3509 558 3748 627 quando

2157 639 2404 694 volumus
2430 655 2529 709 per
2553 642 2873 710 positionem
2899 643 3088 707 Deum,
3118 646 3311 713 quiest
3329 662 3490 717 super
3508 661 3745 702 omnem

2157 737 2504 808 positionem,
2535 738 2837 808 designare,
2858 741 3122 801 convenit,
3151 751 3209 793 ut
3258 741 3369 810 ipsa
3402 742 3643 813 digniora
3676 750 3758 798 et

2160 826 2329 897 magis
2359 825 2407 880 ei
2433 827 2728 896 propinqua
2769 829 3117 897 principalius
3141 830 3494 899 attribuamus
3517 833 3704 888 eidem
3723 851 3758 901 ;

2157 921 2370 989 quando
2400 935 2528 974 vero
2555 921 2800 976 volumus
2827 923 2997 993 ipsum
3027 924 3309 994 designare
3353 942 3452 996 per
3497 925 3752 983 ablatio—

2157 1024 2302 1072 ncm,
2333 1011 2536 1080 pariter
2561 1009 2605 1042 ¹³
2639 1013 2909 1076 convenit,
2959 1012 3085 1067 illud
3130 1014 3198 1068 ab
3225 1030 3290 1069 eo
3327 1015 3561 1082 auferre,
3585 1018 3755 1088 quod

2157 1101 2329 1171 magis
2371 1101 2440 1154 ab
2483 1101 2599 1170 ipso
2649 1103 2852 1158 distare
2901 1104 3132 1160 videtur.
3177 1107 3336 1162 Verbi
3373 1109 3566 1178 gratia,
3595 1126 3752 1164 con-

2156 1191 2437 1259 gruentius
2473 1200 2524 1246 et
2551 1193 2906 1262 propinquius
2935 1196 3249 1251 attribuitur
3275 1199 3325 1253 ei
3352 1199 3457 1253 vita
3495 1209 3552 1254 et
3578 1201 3746 1254 boni-

2158 1287 2263 1345 tas,
2285 1297 2447 1351 quam
2496 1298 2588 1338 aer
2609 1284 2692 1339 vel
2740 1284 2896 1355 lapis.
2940 1286 3202 1343 Similiter
3242 1289 3311 1343 ab
3337 1305 3404 1344 eo
3431 1291 3754 1348 evidentius

2158 1379 2472 1425 removetur
2495 1373 2716 1442 crapula
2738 1373 2826 1430 vel
2857 1374 3087 1444 insania,
3132 1393 3294 1448 quam
3323 1379 3518 1435 dicitur
3543 1379 3625 1436 vel
3652 1381 3756 1436 ἱει-

2157 1461 2433 1533 telligitur.

2690 1635 3086 1695 CAPITULUM
3122 1637 3210 1694 IV.

2163 1782 2316 1851 Quod
2342 1783 2474 1838 nihil
2497 1792 2572 1840 est
2610 1789 2933 1864 sensibilium
2958 1791 3417 1864 omnissensibiiis
3442 1808 3532 1864 per
3565 1793 3760 1849 excato

2170 1888 2172 1890 τ
2702 1858 2914 1914 (entiam
2944 1861 3195 1916 causalis.

2683 2006 2966 2048 EXPOSITIO
3002 2009 3210 2048 'l'l'l'ULl.

2233 2137 2400 2202 Deus,
2431 2138 2524 2209 qui
2551 2147 2634 2194 est
2664 2152 2827 2194 causa
2859 2138 3228 2193 causalissima
3254 2138 3508 2203 omnium,
3544 2139 3760 2196 merito

2165 2229 2362 2286 dicitur
2388 2229 2518 2283 nihil
2549 2245 2670 2284 esse
2704 2230 3034 2284 sensibilium
3059 2271 3073 2294 ,
3099 2230 3212 2285 sive
3237 2231 3471 2285 activum
3495 2231 3595 2294 sit,
3624 2233 3757 2285 sive

2165 2321 2460 2392 passivum.
2488 2320 2554 2374 Et
2576 2320 2694 2375 ideo
2719 2319 2908 2375 beatus
2930 2321 3232 2390 Dionysius,
3250 2321 3529 2376 ostendere
3554 2319 3759 2376 volens

2163 2413 2537 2468 excellentiam
2569 2411 2727 2482 hujus
2752 2427 2976 2476 causae,
3023 2412 3243 2482 quaevis
3284 2413 3352 2466 ab
3389 2428 3454 2466 eo
3499 2421 3758 2468 removet

2165 2504 2477 2569 remotiora,
2512 2511 2571 2557 ut
2595 2511 2680 2558 est
2728 2518 2834 2558 non
2865 2503 3164 2558 substantia
3187 2545 3202 2569 ,
3231 2512 3341 2556 tum
3384 2511 3442 2557 ut
3480 2517 3583 2556 non
3617 2517 3761 2566 ens,

2166 2615 2274 2656 non
2301 2599 2518 2664 vivens,
2559 2606 2620 2652 ut
2651 2597 2817 2668 lapis,
2858 2611 2966 2651 non
3011 2595 3309 2661 rationale,
3357 2605 3418 2651 ut
3461 2610 3638 2666 pecus.
3679 2593 3759 2648 Et

2166 2690 2514 2745 nominantur
2559 2689 2650 2744 hic
2702 2696 2812 2742 tres
2855 2687 3053 2759 gradus
3099 2685 3382 2742 inferiores
3426 2697 3754 2750 creaturae,

2165 2797 2302 2852 quos
2329 2789 2590 2845 removet,
2619 2778 2870 2834 videlicet
2897 2792 3084 2834 eorum
3110 2791 3247 2846 quae
3273 2785 3422 2840 sunt,
3447 2784 3501 2830 et
3522 2774 3754 2841 vivunt,

2167 2881 2224 2928 et
2244 2887 2351 2927 non
2375 2872 2644 2936 sentiunt;
2677 2871 2806 2925 item
2829 2884 3017 2925 eorum
3037 2867 3101 2935 ⁸⁸,
3126 2883 3264 2938 quae
3287 2868 3491 2929 vivunt,
3519 2865 3608 2920 sed
3633 2880 3755 2921 non

2169 2966 2527 3030 rationantur,
2557 2978 2656 3018 nec
2682 2962 3017 3032 intelligunt;
3053 2969 3322 3031 postremo
3351 2968 3590 3014 removet
3625 2973 3756 3012 om-

485 3047 610 3112 bus,
640 3054 696 3102 et
729 3046 901 3116 magis
929 3047 1264 3102 exercendus
1305 3054 1389 3102 est
1436 3046 1627 3101 oculus
1668 3043 2060 3108 intellectualis,
2092 3067 2138 3130 C
2171 3055 2277 3120 nia,
2307 3070 2445 3126 quae
2469 3061 2693 3124 possunt
2721 3051 2934 3125 corpori
2961 3051 3046 3107 νει
3074 3050 3322 3107 sensibus
3349 3049 3644 3118 subjacere.

484 3143 710 3206 propter
735 3135 879 3206 quod
925 3137 980 3192 in
1034 3137 1306 3207 praesenti
1347 3135 1507 3202 libro,
1536 3136 1626 3191 ubi
1682 3135 1742 3190 ﬁt
1768 3135 1970 3189 mentio
1996 3135 2063 3189 de

487 3225 670 3282 divina
724 3227 985 3298 caligine,
1036 3228 1090 3282 id
1136 3237 1221 3282 est
1269 3228 1336 3283 de
1387 3225 2061 3296 incomprehensibilitate,

487 3332 633 3385 quae
656 3318 870 3372 excedit
896 3333 1111 3373 omnem
1156 3326 1390 3372 mentem
1420 3325 1530 3372 tam
1556 3317 1876 3387 angelicam,
1903 3331 2066 3386 quam

481 3409 808 3477 elutmanam,
836 3409 923 3465 vel
945 3425 1084 3480 quae
1107 3418 1190 3465 est
1218 3424 1379 3481 super
1427 3409 1577 3464 verbi
1604 3408 1935 3464 intellectum
1970 3422 2067 3462 vo-

492 3502 667 3560 calem
709 3503 755 3568 ',
805 3519 912 3558 non
945 3502 1114 3558 solum
1163 3501 1466 3556 invenimus
1494 3500 1783 3556 verborum
1833 3499 2070 3555 brevita-

491 3606 624 3661 tem,
656 3596 750 3652 sed
774 3595 1072 3667 perfectum
1095 3593 1569 3663 incomparabilem
1590 3608 1869 3650 excessum
1899 3593 2069 3647 ratio-

492 3689 581 3746 nis
604 3688 670 3743 ad
691 3687 1144 3758 investigandum,
1169 3697 1221 3741 et
1242 3684 1560 3756 prudentiae
1583 3685 1650 3740 ad
1671 3685 1828 3755 digne
1849 3683 2072 3754 loquen-

491 3782 640 3837 dum.
668 3779 725 3834 In
758 3779 1050 3850 praedictis
1077 3777 1238 3833 etiam
1268 3777 1421 3832 libris
1449 3785 1711 3832 tractatus
1754 3791 1784 3830 a
1827 3776 2071 3845 superioa

490 3869 644 3926 ribus
687 3869 754 3924 ad
790 3867 1072 3924 inferiores
1094 3868 1443 3932 descendens,
1489 3866 1785 3923 secundum
1814 3865 2070 3934 majorem

489 3958 580 4016 vel
631 3959 895 4015 minorem
943 3958 1307 4029 prolixitatem
1343 3968 1414 4019 et,
1461 3966 1664 4028 quanto
1707 3958 2074 4013 tractabamus

492 4049 772 4119 inferiora,
831 4058 887 4107 et
937 4051 1185 4107 sensibus
1242 4049 1649 4120 propinquiora,
1703 4058 1852 4103 tanto
1900 4048 2073 4120 magis

491 4141 735 4197 abundat
796 4141 1084 4197 verborum
1163 4141 1318 4209 copia
1393 4139 1814 4210 pr0portionali;
1879 4138 2072 4194 eodem

492 4246 771 4288 θυιδαμ...
804 4232 846 4263 ⁸⁸
881 4241 1059 4287 autem
1089 4239 1354 4286 tractatus
1401 4232 1470 4286 ab
1519 4229 1865 4286 inferioribus
1890 4229 1960 4283 ad
1984 4245 2077 4284 su-

494 4323 710 4393 periora
758 4324 1129 4378 conscendens
1184 4322 1479 4376 secundum
1532 4336 1841 4376 mensuram
1886 4335 2074 4375 ascen-

495 4413 668 4470 sionis
697 4412 1068 4476 contrahitur,
1099 4411 1152 4465 id
1178 4419 1265 4466 est.
1304 4418 1594 4466 coartatur.
1626 4408 1760 4464 Cum
1801 4419 1980 4464 autem
2004 4409 2073 4463 ad
2101 4410 2151 4470 D

496 4504 693 4560 mentis
721 4518 1003 4559 excessum
1032 4512 1348 4574 perventum
1379 4493 1500 4569 iuit,
1541 4512 1667 4558 tunc
1693 4501 1872 4557 deiicit
1899 4500 2078 4556 omnis

494 4609 676 4650 sermo
723 4604 832 4649 tam
877 4593 989 4651 oris
1031 4611 1194 4667 quam
1246 4596 1443 4652 mentis
1468 4636 1482 4662 ,
1520 4597 1646 4665 quia
1693 4609 1856 4650 verus
1898 4609 2078 4649 sermo

495 4687 692 4742 mentis
729 4685 1057 4743 inelfabilem
1103 4687 1271 4744 Deum
1321 4704 1428 4743 non
1466 4688 1725 4758 loquitur,
1773 4701 1874 4741 nec
1909 4693 2078 4740 restat

495 4776 701 4841 menti,
731 4777 838 4832 nisi
886 4786 944 4834 ut
988 4787 1100 4833 tota
1142 4789 1197 4834 et
1227 4779 1463 4834 totaliter
1491 4780 1532 4811 ιι
1569 4776 1820 4833 ineil'ubili
1855 4776 2076 4830 caunia-

497 4875 607 4922 tur.
641 4865 778 4922 Cum
805 4868 949 4923 enim
1008 4869 1148 4924 inter
1207 4868 1378 4924 Deum
1432 4878 1488 4924 et
1547 4878 1779 4924 mentem
1830 4865 1960 4921 nihil
2008 4867 2080 4922 sit

498 4959 733 5016 medium
753 5000 769 5026 ,
820 4971 1102 5033 postquam
1131 4962 1273 5018 facta
1305 4974 1388 5018 est
1417 4979 1446 5015 a
1483 4963 1589 5015 Deo
1617 4961 1856 5015 omnium
1895 4974 2074 5013 remo-

498 5051 594 5120 tio,
632 5067 740 5109 non
775 5062 947 5109 restat
986 5053 1089 5109 nisi
1125 5053 1193 5109 ad
1224 5053 1399 5122 ipsum
1429 5050 1840 5120 superruentulis
1868 5049 2058 5103 unitio.

2836 3204 2940 3245 ἸἘΧ
2949 3203 3070 3246 'I'US.

2238 3325 2474 3381 Dicimus
2494 3341 2638 3397 ergo,
2655 3324 2793 3396 quod
2809 3324 3040 3379 omnium
3057 3338 3235 3384 causa,
3253 3329 3300 3375 et
3327 3335 3482 3391 super
3505 3316 3548 3350 “
3571 3318 3754 3371 omnia

2169 3419 2422 3483 existens,
2453 3435 2543 3472 nec
2585 3417 2696 3472 sine
2737 3416 3027 3471 substantia
3063 3423 3173 3479 est,
3208 3427 3299 3467 nec
3328 3412 3438 3466 sine
3475 3411 3611 3474 vita,
3654 3425 3760 3462 nec

2171 3509 2282 3564 sine
2306 3508 2526 3572 ratione,
2550 3523 2639 3560 nec
2663 3506 2773 3560 sine
2792 3513 2978 3568 mente,
3002 3520 3094 3558 nec
3119 3518 3305 3572 corpus
3327 3510 3422 3564 est,
3439 3516 3530 3553 nec
3547 3499 3752 3568 figura,

2173 3619 2264 3657 nec
2308 3601 2568 3671 formam,
2617 3614 2709 3651 nec
2752 3595 3088 3667 qualitatem,
3119 3609 3210 3647 nec
3235 3591 3611 3661 quantitatem,
3657 3597 3756 3641 aut

2171 3693 2376 3765 pondus
2411 3691 2586 3755 habet,
2615 3705 2776 3758 neque
2800 3689 2854 3741 in
2879 3685 2991 3740 loco
3013 3695 3085 3740 est
3105 3726 3122 3752 ,
3150 3702 3239 3738 nec
3267 3683 3499 3743 videtur,
3529 3697 3621 3734 nec
3664 3690 3755 3733 ta—

2172 3792 2311 3835 ctum
2336 3777 2625 3834 sensibilem
2664 3777 2838 3842 habet,
2868 3790 2962 3828 nec
2986 3774 3226 3837 sentitur,
3253 3788 3344 3825 nec
3363 3768 3605 3824 sensibile
3639 3779 3753 3831 est,

2173 3887 2264 3925 nec
2292 3869 2732 3924 inordinationem
2761 3865 2945 3931 habet,
2979 3880 3142 3935 neque
3167 3859 3545 3917 turbationibus
3574 3876 3608 3912 a
3631 3874 3755 3926 pas-

2174 3962 2408 4016 sionibus
2436 3957 2793 4013 materialibus
2815 3956 3150 4025 perturbata,
3186 3969 3344 4023 neque
3373 3952 3625 4018 impotens
3650 3959 3754 4012 est,

2171 4048 2498 4105 sensibilibus
2521 4047 2752 4116 subjecta
2775 4044 2998 4104 casibus,
3020 4059 3112 4096 nec
3133 4043 3313 4110 indiga
3343 4037 3386 4070 "
3414 4047 3490 4092 est
3513 4037 3751 4097 luminis.

2173 4157 2264 4195 nec
2291 4138 2663 4202 variationem,
2705 4151 2795 4188 nec
2841 4133 3252 4203 corruptionem,
3290 4139 3379 4182 aut
3409 4128 3762 4192 divisionem,

2172 4240 2262 4285 aut
2286 4229 2648 4300 privationem,
2678 4235 2769 4279 aut
2802 4225 3114 4295 passionem,
3145 4231 3234 4276 aut
3261 4222 3486 4290 ﬂuxum,
3526 4227 3620 4272 aut
3648 4215 3755 4272 aii-

2171 4320 2297 4392 quid
2325 4317 2470 4374 aliud
2496 4315 2816 4372 sensibilium
2846 4331 2936 4368 nec
2962 4313 3113 4366 habet
3143 4327 3234 4365 nec
3261 4320 3356 4364 est.

2855 4459 3068 4503 GLOSSA.

2245 4585 2442 4643 Sensus
2477 4583 2598 4640 talis
2627 4591 2723 4638 est.
2755 4580 3066 4636 Asserimus
3103 4577 3245 4647 quod
3275 4576 3449 4641 Deus,
3481 4573 3574 4644 qui
3605 4585 3770 4628 cres-m

2172 4679 2251 4734 vit
2290 4679 2475 4734 omnia
2497 4717 2512 4743 ,
2558 4685 2642 4730 est
2693 4671 2892 4742 aliquid
2925 4669 3277 4725 materialiter
3305 4664 3760 4727 substantiatum,

2175 4769 2290 4823 sive
2329 4783 2429 4822 nec
2455 4768 2663 4829 vivens,
2696 4779 2795 4817 nec
2824 4760 3032 4815 ratione
3061 4767 3217 4812 utens
3236 4797 3250 4820 ,
3278 4771 3377 4810 nec
3411 4762 3593 4809 mente
3620 4751 3761 4807 emi-

2175 4874 2311 4914 nens
2342 4857 2407 4911 ".
2440 4857 2531 4911 Ait
2556 4864 2760 4918 autem,
2787 4851 2965 4906 omnia
2990 4849 3032 4881 ⁸⁸
3061 4864 3092 4902 a
3120 4863 3178 4903 se
3207 4847 3438 4902 invicem
3462 4845 3504 4877 "
3524 4852 3655 4898 sunt
3675 4855 3764 4897 re-

2178 4958 2324 5005 mota
2350 4957 2405 5004 et
2431 4964 2462 5002 a
2503 4948 2646 5010 Deo,
2675 4945 2799 5016 quia
2837 4957 2940 4997 non
2985 4955 3082 4994 ens
3123 4939 3383 4996 remotius
3411 4944 3497 4992 est
3537 4951 3567 4990 a
3616 4935 3760 4998 Deo,

2165 5059 2330 5116 quam
2356 5060 2439 5111 ea,
2466 5057 2604 5114 quae
2628 5049 2754 5096 sunt
2776 5049 2833 5093 et
2859 5037 3194 5104 vivunthnee
3215 5031 3581 5095 rationantur,
3607 5025 3762 5082 intel-

1780 5207 1866 5262 VA
1875 5205 2036 5262 [ΗΔΕ
2069 5200 2473 5261 LECTIONES.

571 5370 595 5405 ⁸
617 5370 802 5437 Corn,
844 5368 964 5426 cod.
991 5376 1236 5422 montem.

1313 5367 1334 5397 '
1365 5365 1543 5426 Com,
1567 5345 2062 5433 cod.lprudentiam.
2127 5357 2352 5433 3Com},
2375 5355 2494 5410 cod.
2520 5353 2796 5433 veniemus.
2827 5429 2836 5433 Α
2864 5350 2886 5381 ⁵
2912 5343 3236 5433 geri-“cod.
3264 5342 3497 5433 unitu_r:_
3520 5336 3774 5433 ligari-La

501 5408 1335 5512 cod.Vp‘gtemetundicat-cod.
1753 5434 1795 5512 ,ξ
1826 5442 1872 5485 et
1901 5447 2009 5486 om.
2044 5430 2168 5512 cod:
2240 5428 2262 5460 ⁸
2289 5408 2396 5482 Ρίοό
2418 5408 2544 5512 sunt
2563 5423 2683 5512 cod:
2712 5432 2758 5512 et
2783 5429 2858 5474 ut.
2925 5418 2947 5449 ’
2976 5414 3157 5512 (ξοηέἱ.ἶ
3187 5414 3309 5512 c'pd.

502 5502 870 5567 tellectualem.
910 5509 1076 5565 Mavis
1110 5508 1248 5563 forte
1286 5505 1600 5574 simpliciter
1638 5502 1974 5557 intellectum.

506 5583 552 5615 η
580 5583 757 5652 Conj.,
787 5583 904 5636 cod.
937 5597 1015 5652 po.
1045 5579 1183 5634 forte
1213 5594 1311 5648 pI‘O
1341 5593 1416 5646 ρ’·

2052 5500 2094 5532 "
2125 5499 2240 5556 Una
2266 5512 2368 5552 vox
2399 5497 2567 5551 deest.
2645 5493 2683 5523 “
2711 5491 2892 5556 Corn,
2923 5489 3040 5556 cod.
3083 5485 3254 5556 totali.

1510 5578 1550 5605 "‘
1577 5575 1710 5627 Cod.
1749 5575 1870 5628 item
1907 5571 2195 5626 verborum.

3355 5477 3414 5514 η’
3429 5480 3585 5536 Corr.
3623 5477 3769 5548 q‘i'ta.

2294 5545 2662 5632 F-‘siiﬁéi‘bm.
2699 5545 2841 5620 cod.,
2875 5545 2994 5632 add.
3015 5573 3087 5632 ex
3119 5555 3262 5632 conj.
3361 5551 3405 5584 “
3431 5551 3613 5618 Corn,
3637 5545 3775 5605 cod..

505 5628 757 5725 auiiiii'.’
791 5628 1379 5720 'i'i'ihciié'ooiriipiu's
1403 5628 1524 5703 esse
1548 5645 1778 5703 videtur.
1859 5643 1900 5674 “‘
1927 5642 2058 5699 Cod.
2091 5641 2278 5696 omnis.
2359 5628 2400 5669 ‘i’
2430 5628 2533 5691 l’ro
2560 5634 2774 5689 invicem
2807 5630 2926 5687 cod.
2957 5629 3116 5684 etiam
3142 5628 3322 5682 uicem.
