  <div class='ocr_page' id='page_1' title='image "/cluster/home/n/w/nwhite01/storage/ocr_20150623/122/hvd.32044015471659/178.png"; bbox 0 0 3984 5336; ppageno 0'>
   <div class='ocr_carea' id='block_1_1' title="bbox 179 376 287 433">
    <p class='ocr_par' dir='ltr' id='par_1_1' title="bbox 179 376 287 433">
     <span class='ocr_line' id='line_1_1' title="bbox 179 376 287 433; baseline 0 -1"><span class='ocrx_word' id='word_1_1' title='bbox 179 376 287 433; x_wconf 73' lang='lat'><strong>28!</strong></span> 
     </span>
    </p>
   </div>
   <div class='ocr_carea' id='block_1_2' title="bbox 854 377 2777 439">
    <p class='ocr_par' dir='ltr' id='par_1_2' title="bbox 854 377 2777 439">
     <span class='ocr_line' id='line_1_2' title="bbox 854 377 2777 439; baseline 0.002 -5"><span class='ocrx_word' id='word_1_2' title='bbox 854 377 1349 437; x_wconf 77' lang='lat' dir='ltr'><strong>EXPOSITIONES</strong></span> <span class='ocrx_word' id='word_1_3' title='bbox 1384 378 1451 435; x_wconf 87' lang='lat' dir='ltr'><strong>IN</strong></span> <span class='ocrx_word' id='word_1_4' title='bbox 1492 377 1842 434; x_wconf 71' lang='lat' dir='ltr'><strong>MYSTICAM</strong></span> <span class='ocrx_word' id='word_1_5' title='bbox 1884 378 2321 437; x_wconf 82' lang='lat' dir='ltr'><strong>TllEOLOGIAM</strong></span> <span class='ocrx_word' id='word_1_6' title='bbox 2364 380 2421 435; x_wconf 86' lang='lat' dir='ltr'><strong>S.</strong></span> <span class='ocrx_word' id='word_1_7' title='bbox 2462 381 2777 439; x_wconf 78' lang='lat' dir='ltr'><strong>DIONYSII.</strong></span> 
     </span>
    </p>
   </div>
   <div class='ocr_carea' id='block_1_3' title="bbox 3348 388 3457 443">
    <p class='ocr_par' dir='ltr' id='par_1_3' title="bbox 3348 388 3457 443">
     <span class='ocr_line' id='line_1_3' title="bbox 3348 388 3457 443; baseline -0.018 0"><span class='ocrx_word' id='word_1_8' title='bbox 3348 388 3457 443; x_wconf 67' lang='lat'><strong>282</strong></span> 
     </span>
    </p>
   </div>
   <div class='ocr_carea' id='block_1_4' title="bbox 181 462 3451 571">
    <p class='ocr_par' dir='ltr' id='par_1_4' title="bbox 181 462 3451 571">
     <span class='ocr_line' id='line_1_4' title="bbox 181 462 3451 571; baseline 0.004 -26"><span class='ocrx_word' id='word_1_9' title='bbox 181 491 382 562; x_wconf 79' lang='lat' dir='ltr'><strong>liguut.</strong></span> <span class='ocrx_word' id='word_1_10' title='bbox 582 506 922 549; x_wconf 81' lang='lat' dir='ltr'><strong>removemus</strong></span> <span class='ocrx_word' id='word_1_11' title='bbox 948 496 1014 549; x_wconf 89' lang='lat' dir='ltr'><strong>ab</strong></span> <span class='ocrx_word' id='word_1_12' title='bbox 1038 511 1104 550; x_wconf 88' lang='lat' dir='ltr'><strong>eo</strong></span> <span class='ocrx_word' id='word_1_13' title='bbox 1132 512 1291 551; x_wconf 90' lang='lat' dir='ltr'><strong>omne</strong></span> <span class='ocrx_word' id='word_1_14' title='bbox 1330 511 1648 566; x_wconf 90' lang='lat' dir='ltr'><strong>corporeum</strong></span> <span class='ocrx_word' id='word_1_15' title='bbox 1674 537 1687 561; x_wconf 96' lang='lat'><strong>,</strong></span> <span class='ocrx_word' id='word_1_16' title='bbox 1717 503 1773 549; x_wconf 89' lang='lat' dir='ltr'><strong>et</strong></span> <span class='ocrx_word' id='word_1_17' title='bbox 1800 499 1847 556; x_wconf 82' lang='grc' dir='ltr'>Α</span> <span class='ocrx_word' id='word_1_18' title='bbox 1876 497 2017 549; x_wconf 89' lang='lat' dir='ltr'><strong>niam</strong></span> <span class='ocrx_word' id='word_1_19' title='bbox 2051 506 2101 551; x_wconf 90' lang='lat' dir='ltr'><strong>et</strong></span> <span class='ocrx_word' id='word_1_20' title='bbox 2148 513 2303 567; x_wconf 86' lang='lat' dir='ltr'><strong>super</strong></span> <span class='ocrx_word' id='word_1_21' title='bbox 2350 514 2552 552; x_wconf 86' lang='lat' dir='ltr'><strong>omnem</strong></span> <span class='ocrx_word' id='word_1_22' title='bbox 2598 498 2909 552; x_wconf 85' lang='lat' dir='ltr'><strong>oblationem</strong></span> <span class='ocrx_word' id='word_1_23' title='bbox 2953 509 3028 554; x_wconf 89' lang='lat' dir='ltr'><strong>est</strong></span> <span class='ocrx_word' id='word_1_24' title='bbox 3075 502 3351 571; x_wconf 78' lang='lat' dir='ltr'><strong>perfectiva</strong></span> <span class='ocrx_word' id='word_1_25' title='bbox 3402 515 3451 557; x_wconf 84' lang='lat' dir='ltr'><strong>et</strong></span> 
     </span>
    </p>
   </div>
   <div class='ocr_carea' id='block_1_5' title="bbox 181 582 1772 655">
    <p class='ocr_par' dir='ltr' id='par_1_5' title="bbox 181 582 1772 655">
     <span class='ocr_line' id='line_1_5' title="bbox 181 582 1772 655; baseline 0.004 -20"><span class='ocrx_word' id='word_1_26' title='bbox 181 582 371 636; x_wconf 85' lang='lat' dir='ltr'><strong>omnia</strong></span> <span class='ocrx_word' id='word_1_27' title='bbox 408 584 621 653; x_wconf 82' lang='lat' dir='ltr'><strong>corpori</strong></span> <span class='ocrx_word' id='word_1_28' title='bbox 659 583 743 638; x_wconf 88' lang='lat' dir='ltr'><strong>vel</strong></span> <span class='ocrx_word' id='word_1_29' title='bbox 789 585 867 637; x_wconf 85' lang='lat' dir='ltr'><strong>rei</strong></span> <span class='ocrx_word' id='word_1_30' title='bbox 910 600 1204 655; x_wconf 82' lang='lat' dir='ltr'><strong>corporeae</strong></span> <span class='ocrx_word' id='word_1_31' title='bbox 1232 587 1562 649; x_wconf 87' lang='lat' dir='ltr'><strong>accidentia,</strong></span> <span class='ocrx_word' id='word_1_32' title='bbox 1596 595 1653 641; x_wconf 91' lang='lat' dir='ltr'><strong>ut</strong></span> <span class='ocrx_word' id='word_1_33' title='bbox 1690 593 1772 641; x_wconf 88' lang='lat' dir='ltr'><strong>est</strong></span> 
     </span>
    </p>
   </div>
   <div class='ocr_carea' id='block_1_6' title="bbox 180 666 1768 745">
    <p class='ocr_par' dir='ltr' id='par_1_6' title="bbox 180 666 1768 745">
     <span class='ocr_line' id='line_1_6' title="bbox 180 666 1768 745; baseline 0.005 -23"><span class='ocrx_word' id='word_1_34' title='bbox 180 666 384 740; x_wconf 81' lang='lat' dir='ltr'><strong>ﬁgura,</strong></span> <span class='ocrx_word' id='word_1_35' title='bbox 417 672 612 735; x_wconf 79' lang='lat' dir='ltr'><strong>forma,</strong></span> <span class='ocrx_word' id='word_1_36' title='bbox 642 672 893 741; x_wconf 74' lang='lat' dir='ltr'><strong>qualitas,</strong></span> <span class='ocrx_word' id='word_1_37' title='bbox 924 675 1217 742; x_wconf 85' lang='lat' dir='ltr'><strong>quantitas,</strong></span> <span class='ocrx_word' id='word_1_38' title='bbox 1244 675 1474 745; x_wconf 89' lang='lat' dir='ltr'><strong>pondus,</strong></span> <span class='ocrx_word' id='word_1_39' title='bbox 1503 674 1768 741; x_wconf 87' lang='lat' dir='ltr'><strong>localitas,</strong></span> 
     </span>
    </p>
   </div>
   <div class='ocr_carea' id='block_1_7' title="bbox 180 761 1768 834">
    <p class='ocr_par' dir='ltr' id='par_1_7' title="bbox 180 761 1768 834">
     <span class='ocr_line' id='line_1_7' title="bbox 180 761 1768 834; baseline 0.005 -21"><span class='ocrx_word' id='word_1_40' title='bbox 180 773 447 813; x_wconf 84' lang='lat' dir='ltr'><strong>sensuum</strong></span> <span class='ocrx_word' id='word_1_41' title='bbox 468 761 774 830; x_wconf 81' lang='lat' dir='ltr'><strong>proprietas</strong></span> <span class='ocrx_word' id='word_1_42' title='bbox 805 770 913 817; x_wconf 89' lang='lat' dir='ltr'><strong>tam</strong></span> <span class='ocrx_word' id='word_1_43' title='bbox 954 764 1125 817; x_wconf 89' lang='lat' dir='ltr'><strong>activa</strong></span> <span class='ocrx_word' id='word_1_44' title='bbox 1149 780 1309 833; x_wconf 90' lang='lat' dir='ltr'><strong>quam</strong></span> <span class='ocrx_word' id='word_1_45' title='bbox 1336 766 1569 834; x_wconf 87' lang='lat' dir='ltr'><strong>passiva.</strong></span> <span class='ocrx_word' id='word_1_46' title='bbox 1601 766 1768 821; x_wconf 90' lang='lat' dir='ltr'><strong>Simi-</strong></span> 
     </span>
    </p>
   </div>
   <div class='ocr_carea' id='block_1_8' title="bbox 179 847 1769 913">
    <p class='ocr_par' dir='ltr' id='par_1_8' title="bbox 179 847 1769 913">
     <span class='ocr_line' id='line_1_8' title="bbox 179 847 1769 913; baseline 0.006 -11"><span class='ocrx_word' id='word_1_47' title='bbox 179 847 311 903; x_wconf 90' lang='lat' dir='ltr'><strong>liter</strong></span> <span class='ocrx_word' id='word_1_48' title='bbox 344 849 415 904; x_wconf 90' lang='lat' dir='ltr'><strong>ab</strong></span> <span class='ocrx_word' id='word_1_49' title='bbox 442 865 508 906; x_wconf 89' lang='lat' dir='ltr'><strong>eo</strong></span> <span class='ocrx_word' id='word_1_50' title='bbox 546 866 885 908; x_wconf 90' lang='lat' dir='ltr'><strong>removemus</strong></span> <span class='ocrx_word' id='word_1_51' title='bbox 924 854 1375 910; x_wconf 86' lang='lat' dir='ltr'><strong>inordinationem</strong></span> <span class='ocrx_word' id='word_1_52' title='bbox 1408 872 1435 910; x_wconf 90' lang='lat' dir='ltr'><strong>a</strong></span> <span class='ocrx_word' id='word_1_53' title='bbox 1464 857 1769 913; x_wconf 79' lang='lat' dir='ltr'><strong>carnalibus</strong></span> 
     </span>
    </p>
   </div>
   <div class='ocr_carea' id='block_1_9' title="bbox 179 942 1767 1018">
    <p class='ocr_par' dir='ltr' id='par_1_9' title="bbox 179 942 1767 1018">
     <span class='ocr_line' id='line_1_9' title="bbox 179 942 1767 1018; baseline 0.006 -24"><span class='ocrx_word' id='word_1_54' title='bbox 179 942 640 1011; x_wconf 74' lang='lat' dir='ltr'><strong>concupiscentiis</strong></span> <span class='ocrx_word' id='word_1_55' title='bbox 662 946 1089 1013; x_wconf 90' lang='lat' dir='ltr'><strong>provenientem,</strong></span> <span class='ocrx_word' id='word_1_56' title='bbox 1120 956 1175 1001; x_wconf 88' lang='lat' dir='ltr'><strong>et</strong></span> <span class='ocrx_word' id='word_1_57' title='bbox 1203 949 1611 1018; x_wconf 88' lang='lat' dir='ltr'><strong>eompletionem</strong></span> <span class='ocrx_word' id='word_1_58' title='bbox 1648 964 1767 1004; x_wconf 86' lang='lat' dir='ltr'><strong>car-</strong></span> 
     </span>
    </p>
   </div>
   <div class='ocr_carea' id='block_1_10' title="bbox 178 1032 1765 1107">
    <p class='ocr_par' dir='ltr' id='par_1_10' title="bbox 178 1032 1765 1107">
     <span class='ocr_line' id='line_1_10' title="bbox 178 1032 1765 1107; baseline 0.005 -23"><span class='ocrx_word' id='word_1_59' title='bbox 178 1032 324 1087; x_wconf 85' lang='lat' dir='ltr'><strong>nalis</strong></span> <span class='ocrx_word' id='word_1_60' title='bbox 355 1032 610 1088; x_wconf 88' lang='lat' dir='ltr'><strong>desiderii</strong></span> <span class='ocrx_word' id='word_1_61' title='bbox 632 1034 647 1064; x_wconf 85' lang='grc'><strong>¹</strong></span> <span class='ocrx_word' id='word_1_62' title='bbox 672 1050 701 1088; x_wconf 89' lang='lat' dir='ltr'><strong>a</strong></span> <span class='ocrx_word' id='word_1_63' title='bbox 729 1036 1099 1091; x_wconf 87' lang='lat' dir='ltr'><strong>materialibus</strong></span> <span class='ocrx_word' id='word_1_64' title='bbox 1120 1038 1455 1106; x_wconf 89' lang='lat' dir='ltr'><strong>passionihus</strong></span> <span class='ocrx_word' id='word_1_65' title='bbox 1479 1039 1765 1107; x_wconf 78' lang='lat' dir='ltr'><strong>perturba-</strong></span> 
     </span>
    </p>
   </div>
   <div class='ocr_carea' id='block_1_11' title="bbox 177 1124 1766 1185">
    <p class='ocr_par' dir='ltr' id='par_1_11' title="bbox 177 1124 1766 1185">
     <span class='ocr_line' id='line_1_11' title="bbox 177 1124 1766 1185; baseline 0.005 -8"><span class='ocrx_word' id='word_1_66' title='bbox 177 1133 292 1178; x_wconf 89' lang='lat' dir='ltr'><strong>tam</strong></span> <span class='ocrx_word' id='word_1_67' title='bbox 322 1124 407 1179; x_wconf 87' lang='lat' dir='ltr'><strong>vel</strong></span> <span class='ocrx_word' id='word_1_68' title='bbox 451 1126 718 1180; x_wconf 88' lang='lat' dir='ltr'><strong>turbidam</strong></span> <span class='ocrx_word' id='word_1_69' title='bbox 768 1127 987 1182; x_wconf 79' lang='lat' dir='ltr'><strong>factam.</strong></span> <span class='ocrx_word' id='word_1_70' title='bbox 1032 1128 1162 1183; x_wconf 87' lang='lat' dir='ltr'><strong>item</strong></span> <span class='ocrx_word' id='word_1_71' title='bbox 1210 1144 1546 1185; x_wconf 89' lang='lat' dir='ltr'><strong>removemus</strong></span> <span class='ocrx_word' id='word_1_72' title='bbox 1590 1131 1658 1184; x_wconf 93' lang='lat' dir='ltr'><strong>ab</strong></span> <span class='ocrx_word' id='word_1_73' title='bbox 1699 1145 1766 1185; x_wconf 91' lang='lat' dir='ltr'><strong>eo</strong></span> 
     </span>
    </p>
   </div>
   <div class='ocr_carea' id='block_1_12' title="bbox 178 1214 1765 1289">
    <p class='ocr_par' dir='ltr' id='par_1_12' title="bbox 178 1214 1765 1289">
     <span class='ocr_line' id='line_1_12' title="bbox 178 1214 1765 1289; baseline 0.006 -22"><span class='ocrx_word' id='word_1_74' title='bbox 178 1214 559 1284; x_wconf 86' lang='lat' dir='ltr'><strong>impotentiam</strong></span> <span class='ocrx_word' id='word_1_75' title='bbox 605 1217 689 1270; x_wconf 92' lang='lat' dir='ltr'><strong>vel</strong></span> <span class='ocrx_word' id='word_1_76' title='bbox 737 1217 1153 1274; x_wconf 89' lang='lat' dir='ltr'><strong>invaleludinem</strong></span> <span class='ocrx_word' id='word_1_77' title='bbox 1202 1222 1497 1289; x_wconf 59' lang='lat' dir='ltr'><strong>subiectam</strong></span> <span class='ocrx_word' id='word_1_78' title='bbox 1548 1222 1765 1277; x_wconf 82' lang='lat' dir='ltr'><strong>casibus</strong></span> 
     </span>
    </p>
   </div>
   <div class='ocr_carea' id='block_1_13' title="bbox 176 1304 1764 1384">
    <p class='ocr_par' dir='ltr' id='par_1_13' title="bbox 176 1304 1764 1384">
     <span class='ocr_line' id='line_1_13' title="bbox 176 1304 1764 1384; baseline 0.007 -27"><span class='ocrx_word' id='word_1_79' title='bbox 176 1304 549 1361; x_wconf 89' lang='lat' dir='ltr'><strong>sensibilibus.</strong></span> <span class='ocrx_word' id='word_1_80' title='bbox 581 1305 713 1361; x_wconf 85' lang='lat' dir='ltr'><strong>item</strong></span> <span class='ocrx_word' id='word_1_81' title='bbox 745 1323 1081 1363; x_wconf 90' lang='lat' dir='ltr'><strong>removemus</strong></span> <span class='ocrx_word' id='word_1_82' title='bbox 1104 1311 1170 1363; x_wconf 91' lang='lat' dir='ltr'><strong>ab</strong></span> <span class='ocrx_word' id='word_1_83' title='bbox 1192 1326 1256 1365; x_wconf 90' lang='lat' dir='ltr'><strong>eo</strong></span> <span class='ocrx_word' id='word_1_84' title='bbox 1280 1310 1496 1366; x_wconf 89' lang='lat' dir='ltr'><strong>luminis</strong></span> <span class='ocrx_word' id='word_1_85' title='bbox 1525 1312 1764 1384; x_wconf 84' lang='lat' dir='ltr'><strong>indigen-</strong></span> 
     </span>
    </p>
   </div>
   <div class='ocr_carea' id='block_1_14' title="bbox 179 1393 1765 1469">
    <p class='ocr_par' dir='ltr' id='par_1_14' title="bbox 179 1393 1765 1469">
     <span class='ocr_line' id='line_1_14' title="bbox 179 1393 1765 1469; baseline 0.008 -24"><span class='ocrx_word' id='word_1_86' title='bbox 179 1393 313 1447; x_wconf 88' lang='lat' dir='ltr'><strong>tiam</strong></span> <span class='ocrx_word' id='word_1_87' title='bbox 331 1433 349 1459; x_wconf 94' lang='lat'><strong>,</strong></span> <span class='ocrx_word' id='word_1_88' title='bbox 377 1403 435 1448; x_wconf 90' lang='lat' dir='ltr'><strong>et</strong></span> <span class='ocrx_word' id='word_1_89' title='bbox 463 1395 811 1451; x_wconf 85' lang='lat' dir='ltr'><strong>variationem</strong></span> <span class='ocrx_word' id='word_1_90' title='bbox 832 1437 847 1461; x_wconf 90' lang='lat'><strong>,</strong></span> <span class='ocrx_word' id='word_1_91' title='bbox 876 1398 959 1453; x_wconf 90' lang='lat' dir='ltr'><strong>vel</strong></span> <span class='ocrx_word' id='word_1_92' title='bbox 990 1400 1388 1469; x_wconf 80' lang='lat' dir='ltr'><strong>generationem</strong></span> <span class='ocrx_word' id='word_1_93' title='bbox 1410 1442 1424 1467; x_wconf 95' lang='lat'><strong>,</strong></span> <span class='ocrx_word' id='word_1_94' title='bbox 1456 1401 1539 1457; x_wconf 89' lang='lat' dir='ltr'><strong>vel</strong></span> <span class='ocrx_word' id='word_1_95' title='bbox 1579 1418 1765 1458; x_wconf 87' lang='lat' dir='ltr'><strong>corru-</strong></span> 
     </span>
    </p>
   </div>
   <div class='ocr_carea' id='block_1_15' title="bbox 173 1483 1763 1555">
    <p class='ocr_par' dir='ltr' id='par_1_15' title="bbox 173 1483 1763 1555">
     <span class='ocr_line' id='line_1_15' title="bbox 173 1483 1763 1555; baseline 0.01 -20"><span class='ocrx_word' id='word_1_96' title='bbox 173 1483 455 1552; x_wconf 83' lang='lat' dir='ltr'><strong>ptionem,</strong></span> <span class='ocrx_word' id='word_1_97' title='bbox 503 1494 558 1541; x_wconf 89' lang='lat' dir='ltr'><strong>et</strong></span> <span class='ocrx_word' id='word_1_98' title='bbox 606 1487 957 1555; x_wconf 84' lang='lat' dir='ltr'><strong>divisionem,</strong></span> <span class='ocrx_word' id='word_1_99' title='bbox 1001 1486 1119 1544; x_wconf 86' lang='lat' dir='ltr'><strong>cum</strong></span> <span class='ocrx_word' id='word_1_100' title='bbox 1158 1508 1260 1546; x_wconf 93' lang='lat' dir='ltr'><strong>non</strong></span> <span class='ocrx_word' id='word_1_101' title='bbox 1299 1493 1371 1547; x_wconf 89' lang='lat' dir='ltr'><strong>sit</strong></span> <span class='ocrx_word' id='word_1_102' title='bbox 1419 1509 1483 1548; x_wconf 84' lang='lat' dir='ltr'><strong>ex</strong></span> <span class='ocrx_word' id='word_1_103' title='bbox 1534 1495 1763 1551; x_wconf 90' lang='lat' dir='ltr'><strong>diversis</strong></span> 
     </span>
    </p>
   </div>
   <div class='ocr_carea' id='block_1_16' title="bbox 176 1574 1761 1648">
    <p class='ocr_par' dir='ltr' id='par_1_16' title="bbox 176 1574 1761 1648">
     <span class='ocr_line' id='line_1_16' title="bbox 176 1574 1761 1648; baseline 0.009 -23"><span class='ocrx_word' id='word_1_104' title='bbox 176 1574 564 1642; x_wconf 89' lang='lat' dir='ltr'><strong>compositum.</strong></span> <span class='ocrx_word' id='word_1_105' title='bbox 594 1574 857 1631; x_wconf 88' lang='lat' dir='ltr'><strong>Similiter</strong></span> <span class='ocrx_word' id='word_1_106' title='bbox 893 1580 1299 1648; x_wconf 85' lang='lat' dir='ltr'><strong>passibilitatem</strong></span> <span class='ocrx_word' id='word_1_107' title='bbox 1329 1583 1662 1639; x_wconf 85' lang='lat' dir='ltr'><strong>materialein</strong></span> <span class='ocrx_word' id='word_1_108' title='bbox 1692 1585 1761 1639; x_wconf 91' lang='lat' dir='ltr'><strong>ab</strong></span> 
     </span>
    </p>
   </div>
   <div class='ocr_carea' id='block_1_17' title="bbox 175 1662 1764 1739">
    <p class='ocr_par' dir='ltr' id='par_1_17' title="bbox 175 1662 1764 1739">
     <span class='ocr_line' id='line_1_17' title="bbox 175 1662 1764 1739; baseline 0.011 -25"><span class='ocrx_word' id='word_1_109' title='bbox 175 1677 243 1715; x_wconf 90' lang='lat' dir='ltr'><strong>eo</strong></span> <span class='ocrx_word' id='word_1_110' title='bbox 271 1662 603 1729; x_wconf 80' lang='lat' dir='ltr'><strong>auferimus,</strong></span> <span class='ocrx_word' id='word_1_111' title='bbox 650 1674 705 1720; x_wconf 91' lang='lat' dir='ltr'><strong>et</strong></span> <span class='ocrx_word' id='word_1_112' title='bbox 739 1665 939 1721; x_wconf 82' lang='lat' dir='ltr'><strong>ﬂuxum</strong></span> <span class='ocrx_word' id='word_1_113' title='bbox 992 1670 1338 1739; x_wconf 89' lang='lat' dir='ltr'><strong>temporalem</strong></span> <span class='ocrx_word' id='word_1_114' title='bbox 1358 1713 1372 1738; x_wconf 88' lang='lat'><strong>,</strong></span> <span class='ocrx_word' id='word_1_115' title='bbox 1404 1689 1525 1729; x_wconf 91' lang='lat' dir='ltr'><strong>cum</strong></span> <span class='ocrx_word' id='word_1_116' title='bbox 1557 1691 1661 1731; x_wconf 94' lang='lat' dir='ltr'><strong>non</strong></span> <span class='ocrx_word' id='word_1_117' title='bbox 1692 1676 1764 1732; x_wconf 87' lang='lat' dir='ltr'><strong>sit</strong></span> 
     </span>
    </p>
   </div>
   <div class='ocr_carea' id='block_1_18' title="bbox 175 1753 1758 1847">
    <p class='ocr_par' dir='ltr' id='par_1_18' title="bbox 175 1753 1758 1847">
     <span class='ocr_line' id='line_1_18' title="bbox 175 1753 1758 1847; baseline 0.013 -42"><span class='ocrx_word' id='word_1_118' title='bbox 175 1753 381 1821; x_wconf 87' lang='lat' dir='ltr'><strong>aliquid</strong></span> <span class='ocrx_word' id='word_1_119' title='bbox 410 1768 621 1822; x_wconf 90' lang='lat' dir='ltr'><strong>eorum,</strong></span> <span class='ocrx_word' id='word_1_120' title='bbox 650 1767 742 1813; x_wconf 90' lang='lat' dir='ltr'><strong>aut</strong></span> <span class='ocrx_word' id='word_1_121' title='bbox 774 1758 828 1813; x_wconf 92' lang='lat' dir='ltr'><strong>in</strong></span> <span class='ocrx_word' id='word_1_122' title='bbox 856 1773 915 1814; x_wconf 85' lang='lat' dir='ltr'><strong>se</strong></span> <span class='ocrx_word' id='word_1_123' title='bbox 937 1760 1151 1829; x_wconf 83' lang='lat' dir='ltr'><strong>habeat,</strong></span> <span class='ocrx_word' id='word_1_124' title='bbox 1178 1778 1277 1819; x_wconf 90' lang='lat' dir='ltr'><strong>nec</strong></span> <span class='ocrx_word' id='word_1_125' title='bbox 1301 1764 1373 1820; x_wconf 87' lang='lat' dir='ltr'><strong>sit</strong></span> <span class='ocrx_word' id='word_1_126' title='bbox 1401 1764 1601 1847; x_wconf 81' lang='lat' dir='ltr'><strong>aliquid</strong></span> <span class='ocrx_word' id='word_1_127' title='bbox 1631 1783 1758 1824; x_wconf 89' lang='lat' dir='ltr'><strong>seu-</strong></span> 
     </span>
    </p>
   </div>
   <div class='ocr_carea' id='block_1_19' title="bbox 175 1842 442 1897">
    <p class='ocr_par' dir='ltr' id='par_1_19' title="bbox 175 1842 442 1897">
     <span class='ocr_line' id='line_1_19' title="bbox 175 1842 442 1897; baseline 0.007 -2"><span class='ocrx_word' id='word_1_128' title='bbox 175 1842 442 1897; x_wconf 88' lang='lat' dir='ltr'><strong>sibilium.</strong></span> 
     </span>
    </p>
   </div>
   <div class='ocr_carea' id='block_1_20' title="bbox 682 1955 1245 2027">
    <p class='ocr_par' dir='ltr' id='par_1_20' title="bbox 682 1955 1245 2027">
     <span class='ocr_line' id='line_1_20' title="bbox 682 1955 1245 2027; baseline 0.012 -17"><span class='ocrx_word' id='word_1_129' title='bbox 682 1955 1089 2027; x_wconf 33' lang='lat' dir='ltr'><strong>Impurum»:</strong></span> <span class='ocrx_word' id='word_1_130' title='bbox 1131 1959 1245 2017; x_wconf 78' lang='lat' dir='ltr'><strong>va.</strong></span> 
     </span>
    </p>
   </div>
   <div class='ocr_carea' id='block_1_21' title="bbox 176 2084 1761 2170">
    <p class='ocr_par' dir='ltr' id='par_1_21' title="bbox 176 2084 1761 2170">
     <span class='ocr_line' id='line_1_21' title="bbox 176 2084 1761 2170; baseline 0.01 -32"><span class='ocrx_word' id='word_1_131' title='bbox 176 2084 337 2152; x_wconf 82' lang='lat' dir='ltr'><strong>Quod</strong></span> <span class='ocrx_word' id='word_1_132' title='bbox 371 2089 503 2145; x_wconf 91' lang='lat' dir='ltr'><strong>nihil</strong></span> <span class='ocrx_word' id='word_1_133' title='bbox 535 2101 612 2146; x_wconf 88' lang='lat' dir='ltr'><strong>est</strong></span> <span class='ocrx_word' id='word_1_134' title='bbox 652 2092 1054 2170; x_wconf 74' lang='lat' dir='ltr'><strong>intelligibilium</strong></span> <span class='ocrx_word' id='word_1_135' title='bbox 1087 2096 1253 2170; x_wconf 80' lang='lat' dir='ltr'><strong>omnis</strong></span> <span class='ocrx_word' id='word_1_136' title='bbox 1273 2096 1629 2170; x_wconf 85' lang='lat' dir='ltr'><strong>_intelligibilis</strong></span> <span class='ocrx_word' id='word_1_137' title='bbox 1668 2115 1761 2169; x_wconf 88' lang='lat' dir='ltr'><strong>per</strong></span> 
     </span>
    </p>
   </div>
   <div class='ocr_carea' id='block_1_22' title="bbox 628 2162 1313 2221">
    <p class='ocr_par' dir='ltr' id='par_1_22' title="bbox 628 2162 1313 2221">
     <span class='ocr_line' id='line_1_22' title="bbox 628 2162 1313 2221; baseline 0.007 -5"><span class='ocrx_word' id='word_1_138' title='bbox 628 2162 985 2217; x_wconf 78' lang='lat' dir='ltr'><strong>excellentiam</strong></span> <span class='ocrx_word' id='word_1_139' title='bbox 1013 2166 1242 2219; x_wconf 77' lang='lat' dir='ltr'><strong>causalis</strong></span> <span class='ocrx_word' id='word_1_140' title='bbox 1270 2167 1313 2221; x_wconf 81' lang='grc'><strong>¹.</strong></span> 
     </span>
    </p>
   </div>
   <div class='ocr_carea' id='block_1_23' title="bbox 699 2288 1224 2333">
    <p class='ocr_par' dir='ltr' id='par_1_23' title="bbox 699 2288 1224 2333">
     <span class='ocr_line' id='line_1_23' title="bbox 699 2288 1224 2333; baseline 0.01 -6"><span class='ocrx_word' id='word_1_141' title='bbox 699 2288 980 2330; x_wconf 67' lang='grc' dir='ltr'><strong>ειροειτιο</strong></span> <span class='ocrx_word' id='word_1_142' title='bbox 1019 2292 1224 2333; x_wconf 78' lang='grc' dir='ltr'><strong>τιτυιι.</strong></span> 
     </span>
    </p>
   </div>
   <div class='ocr_carea' id='block_1_24' title="bbox 250 2396 1758 2470">
    <p class='ocr_par' dir='ltr' id='par_1_24' title="bbox 250 2396 1758 2470">
     <span class='ocr_line' id='line_1_24' title="bbox 250 2396 1758 2470; baseline 0.013 -20"><span class='ocrx_word' id='word_1_143' title='bbox 250 2396 402 2453; x_wconf 76' lang='lat' dir='ltr'><strong>Sit‘llt</strong></span> <span class='ocrx_word' id='word_1_144' title='bbox 454 2400 602 2456; x_wconf 91' lang='lat' dir='ltr'><strong>enim</strong></span> <span class='ocrx_word' id='word_1_145' title='bbox 650 2416 682 2457; x_wconf 90' lang='lat' dir='ltr'><strong>a</strong></span> <span class='ocrx_word' id='word_1_146' title='bbox 726 2418 886 2459; x_wconf 89' lang='lat' dir='ltr'><strong>causa</strong></span> <span class='ocrx_word' id='word_1_147' title='bbox 940 2408 1363 2464; x_wconf 87' lang='lat' dir='ltr'><strong>causabilissima</strong></span> <span class='ocrx_word' id='word_1_148' title='bbox 1415 2422 1758 2470; x_wconf 89' lang='lat' dir='ltr'><strong>removentur</strong></span> 
     </span>
    </p>
   </div>
   <div class='ocr_carea' id='block_1_25' title="bbox 173 2488 1756 2575">
    <p class='ocr_par' dir='ltr' id='par_1_25' title="bbox 173 2488 1756 2575">
     <span class='ocr_line' id='line_1_25' title="bbox 173 2488 1756 2575; baseline 0.013 -37"><span class='ocrx_word' id='word_1_149' title='bbox 173 2488 470 2551; x_wconf 54' lang='lat' dir='ltr'><strong>sensiliilia,</strong></span> <span class='ocrx_word' id='word_1_150' title='bbox 499 2505 623 2544; x_wconf 91' lang='lat' dir='ltr'><strong>cum</strong></span> <span class='ocrx_word' id='word_1_151' title='bbox 657 2493 771 2561; x_wconf 89' lang='lat' dir='ltr'><strong>ipsa</strong></span> <span class='ocrx_word' id='word_1_152' title='bbox 811 2508 915 2549; x_wconf 90' lang='lat' dir='ltr'><strong>non</strong></span> <span class='ocrx_word' id='word_1_153' title='bbox 945 2496 1013 2549; x_wconf 92' lang='lat' dir='ltr'><strong>sit</strong></span> <span class='ocrx_word' id='word_1_154' title='bbox 1039 2498 1338 2565; x_wconf 85' lang='lat' dir='ltr'><strong>sensibilis,</strong></span> <span class='ocrx_word' id='word_1_155' title='bbox 1373 2516 1473 2556; x_wconf 90' lang='lat' dir='ltr'><strong>nec</strong></span> <span class='ocrx_word' id='word_1_156' title='bbox 1502 2503 1756 2575; x_wconf 81' lang='lat' dir='ltr'><strong>intelligi-</strong></span> 
     </span>
    </p>
   </div>
   <div class='ocr_carea' id='block_1_26' title="bbox 174 2580 1759 2658">
    <p class='ocr_par' dir='ltr' id='par_1_26' title="bbox 174 2580 1759 2658">
     <span class='ocr_line' id='line_1_26' title="bbox 174 2580 1759 2658; baseline 0.015 -26"><span class='ocrx_word' id='word_1_157' title='bbox 174 2580 317 2646; x_wconf 88' lang='lat' dir='ltr'><strong>bilis,</strong></span> <span class='ocrx_word' id='word_1_158' title='bbox 354 2583 576 2654; x_wconf 76' lang='lat' dir='ltr'><strong>ejusque</strong></span> <span class='ocrx_word' id='word_1_159' title='bbox 605 2587 881 2658; x_wconf 73' lang='lat' dir='ltr'><strong>dignitatis</strong></span> <span class='ocrx_word' id='word_1_160' title='bbox 912 2591 981 2645; x_wconf 91' lang='lat' dir='ltr'><strong>sit</strong></span> <span class='ocrx_word' id='word_1_161' title='bbox 1020 2592 1146 2647; x_wconf 91' lang='lat' dir='ltr'><strong>illud</strong></span> <span class='ocrx_word' id='word_1_162' title='bbox 1176 2595 1429 2651; x_wconf 88' lang='lat' dir='ltr'><strong>sensibile</strong></span> <span class='ocrx_word' id='word_1_163' title='bbox 1452 2597 1537 2653; x_wconf 91' lang='lat' dir='ltr'><strong>vel</strong></span> <span class='ocrx_word' id='word_1_164' title='bbox 1562 2597 1759 2655; x_wconf 86' lang='lat' dir='ltr'><strong>intelli-</strong></span> 
     </span>
    </p>
   </div>
   <div class='ocr_carea' id='block_1_27' title="bbox 170 2676 1757 2752">
    <p class='ocr_par' dir='ltr' id='par_1_27' title="bbox 170 2676 1757 2752">
     <span class='ocr_line' id='line_1_27' title="bbox 170 2676 1757 2752; baseline 0.013 -26"><span class='ocrx_word' id='word_1_165' title='bbox 170 2676 356 2744; x_wconf 74' lang='lat' dir='ltr'><strong>gibile,</strong></span> <span class='ocrx_word' id='word_1_166' title='bbox 389 2678 531 2746; x_wconf 90' lang='lat' dir='ltr'><strong>quod</strong></span> <span class='ocrx_word' id='word_1_167' title='bbox 574 2678 649 2733; x_wconf 92' lang='lat' dir='ltr'><strong>illi</strong></span> <span class='ocrx_word' id='word_1_168' title='bbox 695 2696 889 2737; x_wconf 86' lang='lat' dir='ltr'><strong>causae</strong></span> <span class='ocrx_word' id='word_1_169' title='bbox 921 2683 990 2737; x_wconf 89' lang='lat' dir='ltr'><strong>sit</strong></span> <span class='ocrx_word' id='word_1_170' title='bbox 1021 2684 1379 2752; x_wconf 89' lang='lat' dir='ltr'><strong>attribuibile,</strong></span> <span class='ocrx_word' id='word_1_171' title='bbox 1428 2688 1567 2743; x_wconf 91' lang='lat' dir='ltr'><strong>hanc</strong></span> <span class='ocrx_word' id='word_1_172' title='bbox 1614 2691 1757 2746; x_wconf 87' lang='lat' dir='ltr'><strong>inter</strong></span> 
     </span>
    </p>
   </div>
   <div class='ocr_carea' id='block_1_28' title="bbox 170 2772 1754 2836">
    <p class='ocr_par' dir='ltr' id='par_1_28' title="bbox 170 2772 1754 2836">
     <span class='ocr_line' id='line_1_28' title="bbox 170 2772 1754 2836; baseline 0.01 -15"><span class='ocrx_word' id='word_1_173' title='bbox 170 2777 479 2822; x_wconf 78' lang='lat' dir='ltr'><strong>creaturam</strong></span> <span class='ocrx_word' id='word_1_174' title='bbox 512 2780 567 2824; x_wconf 90' lang='lat' dir='ltr'><strong>et</strong></span> <span class='ocrx_word' id='word_1_175' title='bbox 591 2772 905 2828; x_wconf 82' lang='lat' dir='ltr'><strong>Creatorem</strong></span> <span class='ocrx_word' id='word_1_176' title='bbox 936 2775 1243 2831; x_wconf 87' lang='lat' dir='ltr'><strong>distantiam</strong></span> <span class='ocrx_word' id='word_1_177' title='bbox 1276 2794 1379 2832; x_wconf 91' lang='lat' dir='ltr'><strong>non</strong></span> <span class='ocrx_word' id='word_1_178' title='bbox 1416 2789 1500 2834; x_wconf 89' lang='lat' dir='ltr'><strong>est</strong></span> <span class='ocrx_word' id='word_1_179' title='bbox 1536 2781 1754 2836; x_wconf 87' lang='lat' dir='ltr'><strong>dubium</strong></span> 
     </span>
    </p>
   </div>
   <div class='ocr_carea' id='block_1_29' title="bbox 169 2860 1756 2939">
    <p class='ocr_par' dir='ltr' id='par_1_29' title="bbox 169 2860 1756 2939">
     <span class='ocr_line' id='line_1_29' title="bbox 169 2860 1756 2939; baseline 0.011 -30"><span class='ocrx_word' id='word_1_180' title='bbox 169 2860 389 2926; x_wconf 82' lang='lat' dir='ltr'><strong>operari</strong></span> <span class='ocrx_word' id='word_1_181' title='bbox 422 2860 539 2914; x_wconf 88' lang='lat' dir='ltr'><strong>sine</strong></span> <span class='ocrx_word' id='word_1_182' title='bbox 571 2862 749 2917; x_wconf 90' lang='lat' dir='ltr'><strong>medio</strong></span> <span class='ocrx_word' id='word_1_183' title='bbox 775 2879 969 2919; x_wconf 91' lang='lat' dir='ltr'><strong>causae</strong></span> <span class='ocrx_word' id='word_1_184' title='bbox 1009 2866 1379 2923; x_wconf 81' lang='lat' dir='ltr'><strong>excellentiam</strong></span> <span class='ocrx_word' id='word_1_185' title='bbox 1408 2887 1421 2924; x_wconf 89' lang='lat'>:</span> <span class='ocrx_word' id='word_1_186' title='bbox 1453 2885 1590 2939; x_wconf 87' lang='lat' dir='ltr'><strong>quae</strong></span> <span class='ocrx_word' id='word_1_187' title='bbox 1616 2873 1756 2927; x_wconf 87' lang='lat' dir='ltr'><strong>sicut</strong></span> 
     </span>
    </p>
   </div>
   <div class='ocr_carea' id='block_1_30' title="bbox 169 2948 1757 3033">
    <p class='ocr_par' dir='ltr' id='par_1_30' title="bbox 169 2948 1757 3033">
     <span class='ocr_line' id='line_1_30' title="bbox 169 2948 1757 3033; baseline 0.011 -33"><span class='ocrx_word' id='word_1_188' title='bbox 169 2948 223 3001; x_wconf 85' lang='lat' dir='ltr'><strong>in</strong></span> <span class='ocrx_word' id='word_1_189' title='bbox 252 2964 311 3002; x_wconf 88' lang='lat' dir='ltr'><strong>se</strong></span> <span class='ocrx_word' id='word_1_190' title='bbox 337 2958 419 3003; x_wconf 90' lang='lat' dir='ltr'><strong>est</strong></span> <span class='ocrx_word' id='word_1_191' title='bbox 445 2950 749 3017; x_wconf 77' lang='lat' dir='ltr'><strong>ineffabilis,</strong></span> <span class='ocrx_word' id='word_1_192' title='bbox 782 2953 854 3007; x_wconf 91' lang='lat' dir='ltr'><strong>ita</strong></span> <span class='ocrx_word' id='word_1_193' title='bbox 885 2955 1012 3009; x_wconf 88' lang='lat' dir='ltr'><strong>nulli</strong></span> <span class='ocrx_word' id='word_1_194' title='bbox 1038 2971 1068 3009; x_wconf 91' lang='lat' dir='ltr'><strong>a</strong></span> <span class='ocrx_word' id='word_1_195' title='bbox 1100 2972 1158 3011; x_wconf 92' lang='lat' dir='ltr'><strong>se</strong></span> <span class='ocrx_word' id='word_1_196' title='bbox 1182 2967 1403 3013; x_wconf 87' lang='lat' dir='ltr'><strong>causato</strong></span> <span class='ocrx_word' id='word_1_197' title='bbox 1428 2968 1511 3014; x_wconf 91' lang='lat' dir='ltr'><strong>est</strong></span> <span class='ocrx_word' id='word_1_198' title='bbox 1540 2976 1757 3033; x_wconf 84' lang='lat' dir='ltr'><strong>compa-</strong></span> 
     </span>
    </p>
   </div>
   <div class='ocr_carea' id='block_1_31' title="bbox 170 3040 1754 3120">
    <p class='ocr_par' dir='ltr' id='par_1_31' title="bbox 170 3040 1754 3120">
     <span class='ocr_line' id='line_1_31' title="bbox 170 3040 1754 3120; baseline 0.01 -28"><span class='ocrx_word' id='word_1_199' title='bbox 170 3041 379 3095; x_wconf 87' lang='lat' dir='ltr'><strong>rabilis.</strong></span> <span class='ocrx_word' id='word_1_200' title='bbox 407 3040 556 3097; x_wconf 83' lang='lat' dir='ltr'><strong>Unde</strong></span> <span class='ocrx_word' id='word_1_201' title='bbox 579 3044 794 3112; x_wconf 85' lang='lat' dir='ltr'><strong>quando</strong></span> <span class='ocrx_word' id='word_1_202' title='bbox 817 3046 960 3100; x_wconf 91' lang='lat' dir='ltr'><strong>nulla</strong></span> <span class='ocrx_word' id='word_1_203' title='bbox 981 3046 1030 3101; x_wconf 90' lang='lat' dir='ltr'><strong>ei</strong></span> <span class='ocrx_word' id='word_1_204' title='bbox 1054 3057 1229 3118; x_wconf 88' lang='lat' dir='ltr'><strong>potest</strong></span> <span class='ocrx_word' id='word_1_205' title='bbox 1250 3050 1405 3104; x_wconf 79' lang='lat' dir='ltr'><strong>esse&#39;</strong></span> <span class='ocrx_word' id='word_1_206' title='bbox 1423 3054 1754 3120; x_wconf 85' lang='lat' dir='ltr'><strong>comparatio</strong></span> 
     </span>
    </p>
   </div>
   <div class='ocr_carea' id='block_1_32' title="bbox 169 3131 1679 3200">
    <p class='ocr_par' dir='ltr' id='par_1_32' title="bbox 169 3131 1679 3200">
     <span class='ocr_line' id='line_1_32' title="bbox 169 3131 1679 3200; baseline 0.011 -17"><span class='ocrx_word' id='word_1_207' title='bbox 169 3144 431 3200; x_wconf 85' lang='lat' dir='ltr'><strong>congrua,</strong></span> <span class='ocrx_word' id='word_1_208' title='bbox 461 3131 534 3187; x_wconf 88' lang='lat' dir='ltr'><strong>ibi</strong></span> <span class='ocrx_word' id='word_1_209' title='bbox 560 3134 706 3189; x_wconf 90' lang='lat' dir='ltr'><strong>cadit</strong></span> <span class='ocrx_word' id='word_1_210' title='bbox 730 3149 891 3191; x_wconf 87' lang='lat' dir='ltr'><strong>causa</strong></span> <span class='ocrx_word' id='word_1_211' title='bbox 924 3138 975 3191; x_wconf 93' lang='lat' dir='ltr'><strong>iu</strong></span> <span class='ocrx_word' id='word_1_212' title='bbox 1003 3138 1249 3196; x_wconf 82' lang='lat' dir='ltr'><strong>sensibus</strong></span> <span class='ocrx_word' id='word_1_213' title='bbox 1274 3141 1679 3198; x_wconf 72' lang='lat' dir='ltr'><strong>remotionem.‘</strong></span> 
     </span>
    </p>
   </div>
   <div class='ocr_carea' id='block_1_33' title="bbox 847 3272 1074 3314">
    <p class='ocr_par' dir='ltr' id='par_1_33' title="bbox 847 3272 1074 3314">
     <span class='ocr_line' id='line_1_33' title="bbox 847 3272 1074 3314; baseline 0.009 -2"><span class='ocrx_word' id='word_1_214' title='bbox 847 3272 1074 3314; x_wconf 73' lang='grc' dir='ltr'><strong>τειτυθ.</strong></span> 
     </span>
    </p>
   </div>
   <div class='ocr_carea' id='block_1_34' title="bbox 246 3358 1753 3448">
    <p class='ocr_par' dir='ltr' id='par_1_34' title="bbox 246 3358 1753 3448">
     <span class='ocr_line' id='line_1_34' title="bbox 246 3358 1753 3448; baseline 0.013 -36"><span class='ocrx_word' id='word_1_215' title='bbox 246 3358 451 3415; x_wconf 78' lang='lat' dir='ltr'><strong>Rursus</strong></span> <span class='ocrx_word' id='word_1_216' title='bbox 498 3369 670 3417; x_wconf 85' lang='lat' dir='ltr'><strong>autem</strong></span> <span class='ocrx_word' id='word_1_217' title='bbox 720 3367 1049 3423; x_wconf 76' lang='lat' dir='ltr'><strong>ascendentes</strong></span> <span class='ocrx_word' id='word_1_218' title='bbox 1098 3369 1351 3439; x_wconf 83' lang='lat' dir='ltr'><strong>dicimus,</strong></span> <span class='ocrx_word' id='word_1_219' title='bbox 1403 3374 1543 3445; x_wconf 85' lang='lat' dir='ltr'><strong>quod</strong></span> <span class='ocrx_word' id='word_1_220' title='bbox 1590 3392 1753 3448; x_wconf 83' lang='lat' dir='ltr'><strong>neque</strong></span> 
     </span>
    </p>
   </div>
   <div class='ocr_carea' id='block_1_35' title="bbox 167 3450 1749 3537">
    <p class='ocr_par' dir='ltr' id='par_1_35' title="bbox 167 3450 1749 3537">
     <span class='ocr_line' id='line_1_35' title="bbox 167 3450 1749 3537; baseline 0.013 -35"><span class='ocrx_word' id='word_1_221' title='bbox 167 3450 353 3503; x_wconf 83' lang='lat' dir='ltr'><strong>anima</strong></span> <span class='ocrx_word' id='word_1_222' title='bbox 384 3462 483 3517; x_wconf 88' lang='lat' dir='ltr'><strong>est,</strong></span> <span class='ocrx_word' id='word_1_223' title='bbox 509 3470 601 3508; x_wconf 89' lang='lat' dir='ltr'><strong>nec</strong></span> <span class='ocrx_word' id='word_1_224' title='bbox 628 3471 791 3522; x_wconf 88' lang='lat' dir='ltr'><strong>mens,</strong></span> <span class='ocrx_word' id='word_1_225' title='bbox 820 3474 911 3511; x_wconf 89' lang='lat' dir='ltr'><strong>nec</strong></span> <span class='ocrx_word' id='word_1_226' title='bbox 930 3460 1283 3530; x_wconf 80' lang='lat' dir='ltr'><strong>phantasiam,</strong></span> <span class='ocrx_word' id='word_1_227' title='bbox 1316 3481 1409 3519; x_wconf 89' lang='lat' dir='ltr'><strong>nec</strong></span> <span class='ocrx_word' id='word_1_228' title='bbox 1433 3468 1749 3537; x_wconf 82' lang='lat' dir='ltr'><strong>opinionem,</strong></span> 
     </span>
    </p>
   </div>
   <div class='ocr_carea' id='block_1_36' title="bbox 169 3544 1751 3628">
    <p class='ocr_par' dir='ltr' id='par_1_36' title="bbox 169 3544 1751 3628">
     <span class='ocr_line' id='line_1_36' title="bbox 169 3544 1751 3628; baseline 0.015 -34"><span class='ocrx_word' id='word_1_229' title='bbox 169 3552 267 3595; x_wconf 77' lang='lat' dir='ltr'><strong>aut</strong></span> <span class='ocrx_word' id='word_1_230' title='bbox 298 3544 579 3611; x_wconf 89' lang='lat' dir='ltr'><strong>rationem,</strong></span> <span class='ocrx_word' id='word_1_231' title='bbox 600 3557 692 3601; x_wconf 87' lang='lat' dir='ltr'><strong>aut</strong></span> <span class='ocrx_word' id='word_1_232' title='bbox 720 3549 1034 3605; x_wconf 87' lang='lat' dir='ltr'><strong>intellectum</strong></span> <span class='ocrx_word' id='word_1_233' title='bbox 1063 3554 1235 3622; x_wconf 91' lang='lat' dir='ltr'><strong>habet,</strong></span> <span class='ocrx_word' id='word_1_234' title='bbox 1260 3573 1350 3612; x_wconf 89' lang='lat' dir='ltr'><strong>nec</strong></span> <span class='ocrx_word' id='word_1_235' title='bbox 1379 3560 1513 3613; x_wconf 87' lang='lat' dir='ltr'><strong>ratio</strong></span> <span class='ocrx_word' id='word_1_236' title='bbox 1539 3570 1634 3628; x_wconf 91' lang='lat' dir='ltr'><strong>est,</strong></span> <span class='ocrx_word' id='word_1_237' title='bbox 1660 3579 1751 3617; x_wconf 86' lang='lat' dir='ltr'><strong>nec</strong></span> 
     </span>
    </p>
   </div>
   <div class='ocr_carea' id='block_1_37' title="bbox 169 3630 1751 3714">
    <p class='ocr_par' dir='ltr' id='par_1_37' title="bbox 169 3630 1751 3714">
     <span class='ocr_line' id='line_1_37' title="bbox 169 3630 1751 3714; baseline 0.014 -30"><span class='ocrx_word' id='word_1_238' title='bbox 169 3630 484 3699; x_wconf 83' lang='lat' dir='ltr'><strong>intellectus,</strong></span> <span class='ocrx_word' id='word_1_239' title='bbox 517 3650 607 3689; x_wconf 90' lang='lat' dir='ltr'><strong>nec</strong></span> <span class='ocrx_word' id='word_1_240' title='bbox 643 3636 867 3704; x_wconf 88' lang='lat' dir='ltr'><strong>dicitur,</strong></span> <span class='ocrx_word' id='word_1_241' title='bbox 896 3656 987 3694; x_wconf 88' lang='lat' dir='ltr'><strong>nec</strong></span> <span class='ocrx_word' id='word_1_242' title='bbox 1009 3641 1348 3714; x_wconf 83' lang='lat' dir='ltr'><strong>intelligitur,</strong></span> <span class='ocrx_word' id='word_1_243' title='bbox 1385 3665 1478 3701; x_wconf 88' lang='lat' dir='ltr'><strong>nec</strong></span> <span class='ocrx_word' id='word_1_244' title='bbox 1505 3666 1751 3707; x_wconf 89' lang='lat' dir='ltr'><strong>numerus</strong></span> 
     </span>
    </p>
   </div>
   <div class='ocr_carea' id='block_1_38' title="bbox 168 3724 1752 3810">
    <p class='ocr_par' dir='ltr' id='par_1_38' title="bbox 168 3724 1752 3810">
     <span class='ocr_line' id='line_1_38' title="bbox 168 3724 1752 3810; baseline 0.014 -38"><span class='ocrx_word' id='word_1_245' title='bbox 168 3729 273 3786; x_wconf 87' lang='lat' dir='ltr'><strong>est,</strong></span> <span class='ocrx_word' id='word_1_246' title='bbox 296 3737 389 3775; x_wconf 82' lang='lat' dir='ltr'><strong>nec</strong></span> <span class='ocrx_word' id='word_1_247' title='bbox 416 3724 567 3790; x_wconf 84' lang='lat' dir='ltr'><strong>ordo,</strong></span> <span class='ocrx_word' id='word_1_248' title='bbox 598 3742 690 3780; x_wconf 88' lang='lat' dir='ltr'><strong>nec</strong></span> <span class='ocrx_word' id='word_1_249' title='bbox 711 3728 1036 3798; x_wconf 83' lang='lat' dir='ltr'><strong>magnitudo,</strong></span> <span class='ocrx_word' id='word_1_250' title='bbox 1060 3748 1152 3786; x_wconf 87' lang='lat' dir='ltr'><strong>nec</strong></span> <span class='ocrx_word' id='word_1_251' title='bbox 1176 3736 1427 3803; x_wconf 79' lang='lat' dir='ltr'><strong>paruitas,</strong></span> <span class='ocrx_word' id='word_1_252' title='bbox 1450 3753 1543 3791; x_wconf 88' lang='lat' dir='ltr'><strong>nec</strong></span> <span class='ocrx_word' id='word_1_253' title='bbox 1561 3756 1752 3810; x_wconf 83' lang='lat' dir='ltr'><strong>aequa-</strong></span> 
     </span>
    </p>
   </div>
   <div class='ocr_carea' id='block_1_39' title="bbox 168 3809 1751 3893">
    <p class='ocr_par' dir='ltr' id='par_1_39' title="bbox 168 3809 1751 3893">
     <span class='ocr_line' id='line_1_39' title="bbox 168 3809 1751 3893; baseline 0.016 -32"><span class='ocrx_word' id='word_1_254' title='bbox 168 3809 318 3875; x_wconf 84' lang='lat' dir='ltr'><strong>litas,</strong></span> <span class='ocrx_word' id='word_1_255' title='bbox 349 3827 441 3865; x_wconf 87' lang='lat' dir='ltr'><strong>nec</strong></span> <span class='ocrx_word' id='word_1_256' title='bbox 480 3814 788 3883; x_wconf 82' lang='lat' dir='ltr'><strong>similitudo,</strong></span> <span class='ocrx_word' id='word_1_257' title='bbox 817 3834 909 3872; x_wconf 85' lang='lat' dir='ltr'><strong>nec</strong></span> <span class='ocrx_word' id='word_1_258' title='bbox 934 3820 1324 3890; x_wconf 87' lang='lat' dir='ltr'><strong>dissimilitudo,</strong></span> <span class='ocrx_word' id='word_1_259' title='bbox 1353 3842 1445 3880; x_wconf 88' lang='lat' dir='ltr'><strong>nec</strong></span> <span class='ocrx_word' id='word_1_260' title='bbox 1479 3836 1614 3893; x_wconf 86' lang='lat' dir='ltr'><strong>stat,</strong></span> <span class='ocrx_word' id='word_1_261' title='bbox 1634 3809 1640 3810; x_wconf 15' lang='grc' dir='ltr'>ί</span> <span class='ocrx_word' id='word_1_262' title='bbox 1659 3846 1751 3885; x_wconf 86' lang='lat' dir='ltr'><strong>nec</strong></span> 
     </span>
    </p>
   </div>
   <div class='ocr_carea' id='block_1_40' title="bbox 170 3906 1749 3989">
    <p class='ocr_par' dir='ltr' id='par_1_40' title="bbox 170 3906 1749 3989">
     <span class='ocr_line' id='line_1_40' title="bbox 170 3906 1749 3989; baseline 0.016 -39"><span class='ocrx_word' id='word_1_263' title='bbox 170 3909 446 3967; x_wconf 79' lang='lat' dir='ltr'><strong>movetur,</strong></span> <span class='ocrx_word' id='word_1_264' title='bbox 491 3919 655 3976; x_wconf 82' lang='lat' dir='ltr'><strong>neque</strong></span> <span class='ocrx_word' id='word_1_265' title='bbox 695 3906 960 3963; x_wconf 86' lang='lat' dir='ltr'><strong>silentium</strong></span> <span class='ocrx_word' id='word_1_266' title='bbox 1004 3911 1143 3981; x_wconf 85' lang='lat' dir='ltr'><strong>agit,</strong></span> <span class='ocrx_word' id='word_1_267' title='bbox 1185 3930 1277 3968; x_wconf 88' lang='lat' dir='ltr'><strong>nec</strong></span> <span class='ocrx_word' id='word_1_268' title='bbox 1305 3916 1541 3972; x_wconf 83' lang='lat' dir='ltr'><strong>virtutem</strong></span> <span class='ocrx_word' id='word_1_269' title='bbox 1566 3920 1749 3989; x_wconf 85' lang='lat' dir='ltr'><strong>habet,</strong></span> 
     </span>
    </p>
   </div>
   <div class='ocr_carea' id='block_1_41' title="bbox 172 3993 1746 4078">
    <p class='ocr_par' dir='ltr' id='par_1_41' title="bbox 172 3993 1746 4078">
     <span class='ocr_line' id='line_1_41' title="bbox 172 3993 1746 4078; baseline 0.015 -37"><span class='ocrx_word' id='word_1_270' title='bbox 172 4005 267 4042; x_wconf 87' lang='lat' dir='ltr'><strong>nec</strong></span> <span class='ocrx_word' id='word_1_271' title='bbox 291 3993 454 4046; x_wconf 74' lang='lat' dir='ltr'><strong>virtus</strong></span> <span class='ocrx_word' id='word_1_272' title='bbox 491 4004 598 4059; x_wconf 90' lang='lat' dir='ltr'><strong>est,</strong></span> <span class='ocrx_word' id='word_1_273' title='bbox 630 4012 721 4049; x_wconf 89' lang='lat' dir='ltr'><strong>nec</strong></span> <span class='ocrx_word' id='word_1_274' title='bbox 755 3996 960 4065; x_wconf 84' lang='lat' dir='ltr'><strong>lumen,</strong></span> <span class='ocrx_word' id='word_1_275' title='bbox 992 4017 1085 4056; x_wconf 85' lang='lat' dir='ltr'><strong>nec</strong></span> <span class='ocrx_word' id='word_1_276' title='bbox 1114 4004 1233 4058; x_wconf 78' lang='lat' dir='ltr'><strong>vivit</strong></span> <span class='ocrx_word' id='word_1_277' title='bbox 1256 4044 1271 4069; x_wconf 95' lang='lat'><strong>,</strong></span> <span class='ocrx_word' id='word_1_278' title='bbox 1308 4023 1469 4078; x_wconf 87' lang='lat' dir='ltr'><strong>neque</strong></span> <span class='ocrx_word' id='word_1_279' title='bbox 1496 4010 1600 4064; x_wconf 76' lang='lat' dir='ltr'><strong>vita</strong></span> <span class='ocrx_word' id='word_1_280' title='bbox 1640 4021 1746 4078; x_wconf 87' lang='lat' dir='ltr'><strong>est,</strong></span> 
     </span>
    </p>
   </div>
   <div class='ocr_carea' id='block_1_42' title="bbox 172 4083 1751 4170">
    <p class='ocr_par' dir='ltr' id='par_1_42' title="bbox 172 4083 1751 4170">
     <span class='ocr_line' id='line_1_42' title="bbox 172 4083 1751 4170; baseline 0.015 -36"><span class='ocrx_word' id='word_1_281' title='bbox 172 4096 270 4134; x_wconf 86' lang='lat' dir='ltr'><strong>nec</strong></span> <span class='ocrx_word' id='word_1_282' title='bbox 297 4083 591 4139; x_wconf 85' lang='lat' dir='ltr'><strong>substantia</strong></span> <span class='ocrx_word' id='word_1_283' title='bbox 616 4096 724 4153; x_wconf 87' lang='lat' dir='ltr'><strong>est,</strong></span> <span class='ocrx_word' id='word_1_284' title='bbox 775 4106 867 4144; x_wconf 90' lang='lat' dir='ltr'><strong>nec</strong></span> <span class='ocrx_word' id='word_1_285' title='bbox 906 4108 1085 4147; x_wconf 79' lang='lat' dir='ltr'><strong>aevum</strong></span> <span class='ocrx_word' id='word_1_286' title='bbox 1107 4134 1122 4159; x_wconf 97' lang='lat'><strong>,</strong></span> <span class='ocrx_word' id='word_1_287' title='bbox 1170 4112 1333 4166; x_wconf 86' lang='lat' dir='ltr'><strong>neque</strong></span> <span class='ocrx_word' id='word_1_288' title='bbox 1376 4108 1609 4170; x_wconf 86' lang='lat' dir='ltr'><strong>tempus,</strong></span> <span class='ocrx_word' id='word_1_289' title='bbox 1658 4119 1751 4158; x_wconf 90' lang='lat' dir='ltr'><strong>nec</strong></span> 
     </span>
    </p>
   </div>
   <div class='ocr_carea' id='block_1_43' title="bbox 171 4172 1749 4254">
    <p class='ocr_par' dir='ltr' id='par_1_43' title="bbox 171 4172 1749 4254">
     <span class='ocr_line' id='line_1_43' title="bbox 171 4172 1749 4254; baseline 0.015 -33"><span class='ocrx_word' id='word_1_290' title='bbox 171 4178 343 4223; x_wconf 84' lang='lat' dir='ltr'><strong>tactus</strong></span> <span class='ocrx_word' id='word_1_291' title='bbox 368 4172 481 4239; x_wconf 87' lang='lat' dir='ltr'><strong>ejus</strong></span> <span class='ocrx_word' id='word_1_292' title='bbox 507 4174 865 4245; x_wconf 86' lang='lat' dir='ltr'><strong>intelligibilis,</strong></span> <span class='ocrx_word' id='word_1_293' title='bbox 894 4195 986 4233; x_wconf 88' lang='lat' dir='ltr'><strong>nec</strong></span> <span class='ocrx_word' id='word_1_294' title='bbox 1011 4182 1227 4236; x_wconf 88' lang='lat' dir='ltr'><strong>scientia</strong></span> <span class='ocrx_word' id='word_1_295' title='bbox 1245 4224 1260 4250; x_wconf 89' lang='lat'><strong>,</strong></span> <span class='ocrx_word' id='word_1_296' title='bbox 1292 4202 1383 4240; x_wconf 88' lang='lat' dir='ltr'><strong>nec</strong></span> <span class='ocrx_word' id='word_1_297' title='bbox 1412 4190 1628 4254; x_wconf 84' lang='lat' dir='ltr'><strong>veritas,</strong></span> <span class='ocrx_word' id='word_1_298' title='bbox 1658 4207 1749 4245; x_wconf 87' lang='lat' dir='ltr'><strong>nec</strong></span> 
     </span>
    </p>
   </div>
   <div class='ocr_carea' id='block_1_44' title="bbox 171 4268 1750 4345">
    <p class='ocr_par' dir='ltr' id='par_1_44' title="bbox 171 4268 1750 4345">
     <span class='ocr_line' id='line_1_44' title="bbox 171 4268 1750 4345; baseline 0.015 -33"><span class='ocrx_word' id='word_1_299' title='bbox 171 4276 410 4330; x_wconf 83' lang='lat' dir='ltr'><strong>regnum,</strong></span> <span class='ocrx_word' id='word_1_300' title='bbox 443 4281 604 4336; x_wconf 84' lang='lat' dir='ltr'><strong>neque</strong></span> <span class='ocrx_word' id='word_1_301' title='bbox 637 4268 895 4337; x_wconf 86' lang='lat' dir='ltr'><strong>sapientia</strong></span> <span class='ocrx_word' id='word_1_302' title='bbox 914 4309 929 4334; x_wconf 90' lang='lat'><strong>,</strong></span> <span class='ocrx_word' id='word_1_303' title='bbox 966 4287 1057 4325; x_wconf 90' lang='lat' dir='ltr'><strong>nec</strong></span> <span class='ocrx_word' id='word_1_304' title='bbox 1092 4289 1276 4339; x_wconf 85' lang='lat' dir='ltr'><strong>unum,</strong></span> <span class='ocrx_word' id='word_1_305' title='bbox 1305 4293 1396 4331; x_wconf 89' lang='lat' dir='ltr'><strong>nec</strong></span> <span class='ocrx_word' id='word_1_306' title='bbox 1424 4280 1628 4345; x_wconf 88' lang='lat' dir='ltr'><strong>unitas,</strong></span> <span class='ocrx_word' id='word_1_307' title='bbox 1657 4297 1750 4336; x_wconf 84' lang='lat' dir='ltr'><strong>nec</strong></span> 
     </span>
    </p>
   </div>
   <div class='ocr_carea' id='block_1_45' title="bbox 173 4352 1746 4440">
    <p class='ocr_par' dir='ltr' id='par_1_45' title="bbox 173 4352 1746 4440">
     <span class='ocr_line' id='line_1_45' title="bbox 173 4352 1746 4440; baseline 0.015 -37"><span class='ocrx_word' id='word_1_308' title='bbox 173 4352 363 4417; x_wconf 87' lang='lat' dir='ltr'><strong>deitas,</strong></span> <span class='ocrx_word' id='word_1_309' title='bbox 391 4364 480 4407; x_wconf 88' lang='lat' dir='ltr'><strong>aut</strong></span> <span class='ocrx_word' id='word_1_310' title='bbox 507 4355 732 4423; x_wconf 88' lang='lat' dir='ltr'><strong>bonitas,</strong></span> <span class='ocrx_word' id='word_1_311' title='bbox 762 4373 854 4411; x_wconf 86' lang='lat' dir='ltr'><strong>nec</strong></span> <span class='ocrx_word' id='word_1_312' title='bbox 875 4360 1088 4429; x_wconf 87' lang='lat' dir='ltr'><strong>spiritus</strong></span> <span class='ocrx_word' id='word_1_313' title='bbox 1111 4373 1207 4429; x_wconf 92' lang='lat' dir='ltr'><strong>est,</strong></span> <span class='ocrx_word' id='word_1_314' title='bbox 1230 4367 1361 4419; x_wconf 86' lang='lat' dir='ltr'><strong>sicut</strong></span> <span class='ocrx_word' id='word_1_315' title='bbox 1381 4384 1474 4421; x_wconf 87' lang='lat' dir='ltr'><strong>nos</strong></span> <span class='ocrx_word' id='word_1_316' title='bbox 1494 4371 1746 4440; x_wconf 83' lang='lat' dir='ltr'><strong>videmus,</strong></span> 
     </span>
    </p>
   </div>
   <div class='ocr_carea' id='block_1_46' title="bbox 172 4443 1747 4531">
    <p class='ocr_par' dir='ltr' id='par_1_46' title="bbox 172 4443 1747 4531">
     <span class='ocr_line' id='line_1_46' title="bbox 172 4443 1747 4531; baseline 0.015 -37"><span class='ocrx_word' id='word_1_317' title='bbox 172 4457 267 4495; x_wconf 77' lang='lat' dir='ltr'><strong>nec</strong></span> <span class='ocrx_word' id='word_1_318' title='bbox 291 4443 505 4511; x_wconf 74' lang='lat' dir='ltr'><strong>filiatio,</strong></span> <span class='ocrx_word' id='word_1_319' title='bbox 532 4463 623 4501; x_wconf 87' lang='lat' dir='ltr'><strong>nec</strong></span> <span class='ocrx_word' id='word_1_320' title='bbox 648 4452 956 4517; x_wconf 87' lang='lat' dir='ltr'><strong>paternitas,</strong></span> <span class='ocrx_word' id='word_1_321' title='bbox 980 4468 1072 4505; x_wconf 88' lang='lat' dir='ltr'><strong>nec</strong></span> <span class='ocrx_word' id='word_1_322' title='bbox 1094 4453 1242 4507; x_wconf 88' lang='lat' dir='ltr'><strong>aliud</strong></span> <span class='ocrx_word' id='word_1_323' title='bbox 1267 4456 1465 4527; x_wconf 86' lang='lat' dir='ltr'><strong>aliquid</strong></span> <span class='ocrx_word' id='word_1_324' title='bbox 1485 4463 1747 4531; x_wconf 86' lang='lat' dir='ltr'><strong>cognitum</strong></span> 
     </span>
    </p>
   </div>
   <div class='ocr_carea' id='block_1_47' title="bbox 1875 586 3449 659">
    <p class='ocr_par' dir='ltr' id='par_1_47' title="bbox 1875 586 3449 659">
     <span class='ocr_line' id='line_1_47' title="bbox 1875 586 3449 659; baseline 0.008 -22"><span class='ocrx_word' id='word_1_325' title='bbox 1875 586 2023 639; x_wconf 88' lang='lat' dir='ltr'><strong>unita</strong></span> <span class='ocrx_word' id='word_1_326' title='bbox 2052 596 2101 640; x_wconf 89' lang='lat' dir='ltr'><strong>et</strong></span> <span class='ocrx_word' id='word_1_327' title='bbox 2125 588 2327 641; x_wconf 73' lang='lat' dir='ltr'><strong>unitiva</strong></span> <span class='ocrx_word' id='word_1_328' title='bbox 2353 587 2582 641; x_wconf 85' lang='lat' dir='ltr'><strong>omnium</strong></span> <span class='ocrx_word' id='word_1_329' title='bbox 2609 603 2789 651; x_wconf 86' lang='lat' dir='ltr'><strong>causa,</strong></span> <span class='ocrx_word' id='word_1_330' title='bbox 2812 599 2859 641; x_wconf 85' lang='lat' dir='ltr'><strong>et</strong></span> <span class='ocrx_word' id='word_1_331' title='bbox 2887 606 3042 659; x_wconf 84' lang='lat' dir='ltr'><strong>super</strong></span> <span class='ocrx_word' id='word_1_332' title='bbox 3066 609 3269 647; x_wconf 85' lang='lat' dir='ltr'><strong>omnem</strong></span> <span class='ocrx_word' id='word_1_333' title='bbox 3300 596 3449 649; x_wconf 85' lang='lat' dir='ltr'><strong>abla-</strong></span> 
     </span>
    </p>
   </div>
   <div class='ocr_carea' id='block_1_48' title="bbox 1871 674 3448 746">
    <p class='ocr_par' dir='ltr' id='par_1_48' title="bbox 1871 674 3448 746">
     <span class='ocr_line' id='line_1_48' title="bbox 1871 674 3448 746; baseline 0.009 -20"><span class='ocrx_word' id='word_1_334' title='bbox 1871 674 2063 728; x_wconf 86' lang='lat' dir='ltr'><strong>tionem</strong></span> <span class='ocrx_word' id='word_1_335' title='bbox 2085 686 2159 728; x_wconf 87' lang='lat' dir='ltr'><strong>est</strong></span> <span class='ocrx_word' id='word_1_336' title='bbox 2178 690 2417 730; x_wconf 66' lang='lat' dir='ltr'><strong>excessus</strong></span> <span class='ocrx_word' id='word_1_337' title='bbox 2438 675 2502 729; x_wconf 85' lang='lat' dir='ltr'><strong>ab</strong></span> <span class='ocrx_word' id='word_1_338' title='bbox 2530 674 2766 730; x_wconf 85' lang='lat' dir='ltr'><strong>omnibus</strong></span> <span class='ocrx_word' id='word_1_339' title='bbox 2801 677 3105 746; x_wconf 83' lang='lat' dir='ltr'><strong>simpliciter</strong></span> <span class='ocrx_word' id='word_1_340' title='bbox 3138 681 3364 738; x_wconf 83' lang='lat' dir='ltr'><strong>absoluti</strong></span> <span class='ocrx_word' id='word_1_341' title='bbox 3399 695 3448 741; x_wconf 86' lang='lat' dir='ltr'><strong>et</strong></span> 
     </span>
    </p>
   </div>
   <div class='ocr_carea' id='block_1_49' title="bbox 1870 772 2245 832">
    <p class='ocr_par' dir='ltr' id='par_1_49' title="bbox 1870 772 2245 832">
     <span class='ocr_line' id='line_1_49' title="bbox 1870 772 2245 832; baseline 0.008 -17"><span class='ocrx_word' id='word_1_342' title='bbox 1870 777 2029 832; x_wconf 87' lang='lat' dir='ltr'><strong>supra</strong></span> <span class='ocrx_word' id='word_1_343' title='bbox 2057 772 2245 818; x_wconf 90' lang='lat' dir='ltr'><strong>totum.</strong></span> 
     </span>
    </p>
   </div>
   <div class='ocr_carea' id='block_1_50' title="bbox 2564 870 2777 910">
    <p class='ocr_par' dir='ltr' id='par_1_50' title="bbox 2564 870 2777 910">
     <span class='ocr_line' id='line_1_50' title="bbox 2564 870 2777 910; baseline 0 -1"><span class='ocrx_word' id='word_1_344' title='bbox 2564 870 2753 910; x_wconf 74' lang='lat' dir='ltr'><strong>GLOSSA</strong></span> <span class='ocrx_word' id='word_1_345' title='bbox 2762 894 2777 909; x_wconf 84' lang='lat'><em>.</em></span> 
     </span>
    </p>
   </div>
   <div class='ocr_carea' id='block_1_51' title="bbox 1941 940 3449 1020">
    <p class='ocr_par' dir='ltr' id='par_1_51' title="bbox 1941 940 3449 1020">
     <span class='ocr_line' id='line_1_51' title="bbox 1941 940 3449 1020; baseline 0.01 -25"><span class='ocrx_word' id='word_1_346' title='bbox 1941 940 2141 997; x_wconf 86' lang='lat' dir='ltr'><strong>Sensus</strong></span> <span class='ocrx_word' id='word_1_347' title='bbox 2170 945 2293 997; x_wconf 86' lang='lat' dir='ltr'><strong>talis</strong></span> <span class='ocrx_word' id='word_1_348' title='bbox 2330 953 2447 998; x_wconf 90' lang='lat' dir='ltr'><strong>est:</strong></span> <span class='ocrx_word' id='word_1_349' title='bbox 2475 943 2792 999; x_wconf 89' lang='lat' dir='ltr'><strong>lnchoantes</strong></span> <span class='ocrx_word' id='word_1_350' title='bbox 2822 946 2996 1001; x_wconf 88' lang='lat' dir='ltr'><strong>denuo</strong></span> <span class='ocrx_word' id='word_1_351' title='bbox 3031 950 3341 1020; x_wconf 77' lang='lat' dir='ltr'><strong>negationes</strong></span> <span class='ocrx_word' id='word_1_352' title='bbox 3379 955 3449 1010; x_wconf 89' lang='lat' dir='ltr'><strong>ab</strong></span> 
     </span>
    </p>
   </div>
   <div class='ocr_carea' id='block_1_52' title="bbox 1869 1030 3445 1108">
    <p class='ocr_par' dir='ltr' id='par_1_52' title="bbox 1869 1030 3445 1108">
     <span class='ocr_line' id='line_1_52' title="bbox 1869 1030 3445 1108; baseline 0.009 -23"><span class='ocrx_word' id='word_1_353' title='bbox 1869 1030 2151 1107; x_wconf 87' lang='lat' dir='ltr'><strong>altioribus</strong></span> <span class='ocrx_word' id='word_1_354' title='bbox 2176 1034 2391 1100; x_wconf 83' lang='lat' dir='ltr'><strong>divinis,</strong></span> <span class='ocrx_word' id='word_1_355' title='bbox 2423 1034 2668 1097; x_wconf 88' lang='lat' dir='ltr'><strong>dicimus,</strong></span> <span class='ocrx_word' id='word_1_356' title='bbox 2705 1037 2844 1104; x_wconf 85' lang='lat' dir='ltr'><strong>quod</strong></span> <span class='ocrx_word' id='word_1_357' title='bbox 2874 1038 3028 1099; x_wconf 86' lang='lat' dir='ltr'><strong>Deus,</strong></span> <span class='ocrx_word' id='word_1_358' title='bbox 3062 1040 3152 1108; x_wconf 89' lang='lat' dir='ltr'><strong>qui</strong></span> <span class='ocrx_word' id='word_1_359' title='bbox 3180 1051 3263 1095; x_wconf 89' lang='lat' dir='ltr'><strong>est</strong></span> <span class='ocrx_word' id='word_1_360' title='bbox 3282 1058 3445 1099; x_wconf 84' lang='lat' dir='ltr'><strong>causa</strong></span> 
     </span>
    </p>
   </div>
   <div class='ocr_carea' id='block_1_53' title="bbox 1866 1122 3445 1198">
    <p class='ocr_par' dir='ltr' id='par_1_53' title="bbox 1866 1122 3445 1198">
     <span class='ocr_line' id='line_1_53' title="bbox 1866 1122 3445 1198; baseline 0.009 -25"><span class='ocrx_word' id='word_1_361' title='bbox 1866 1122 2128 1187; x_wconf 91' lang='lat' dir='ltr'><strong>omnium,</strong></span> <span class='ocrx_word' id='word_1_362' title='bbox 2160 1138 2259 1177; x_wconf 91' lang='lat' dir='ltr'><strong>nec</strong></span> <span class='ocrx_word' id='word_1_363' title='bbox 2290 1125 2466 1180; x_wconf 87' lang='lat' dir='ltr'><strong>anima</strong></span> <span class='ocrx_word' id='word_1_364' title='bbox 2492 1133 2597 1190; x_wconf 89' lang='lat' dir='ltr'><strong>est,</strong></span> <span class='ocrx_word' id='word_1_365' title='bbox 2636 1125 2761 1194; x_wconf 87' lang='lat' dir='ltr'><strong>quia</strong></span> <span class='ocrx_word' id='word_1_366' title='bbox 2791 1140 2986 1196; x_wconf 85' lang='lat' dir='ltr'><strong>corpus</strong></span> <span class='ocrx_word' id='word_1_367' title='bbox 3027 1144 3132 1184; x_wconf 94' lang='lat' dir='ltr'><strong>non</strong></span> <span class='ocrx_word' id='word_1_368' title='bbox 3176 1132 3445 1198; x_wconf 79' lang='lat' dir='ltr'><strong>viviﬁcat,</strong></span> 
     </span>
    </p>
   </div>
   <div class='ocr_carea' id='block_1_54' title="bbox 1865 1213 3445 1292">
    <p class='ocr_par' dir='ltr' id='par_1_54' title="bbox 1865 1213 3445 1292">
     <span class='ocr_line' id='line_1_54' title="bbox 1865 1213 3445 1292; baseline 0.009 -29"><span class='ocrx_word' id='word_1_369' title='bbox 1865 1224 1964 1263; x_wconf 86' lang='lat' dir='ltr'><strong>nec</strong></span> <span class='ocrx_word' id='word_1_370' title='bbox 1994 1226 2163 1277; x_wconf 89' lang='lat' dir='ltr'><strong>meus,</strong></span> <span class='ocrx_word' id='word_1_371' title='bbox 2188 1213 2311 1282; x_wconf 90' lang='lat' dir='ltr'><strong>quia</strong></span> <span class='ocrx_word' id='word_1_372' title='bbox 2338 1228 2443 1267; x_wconf 93' lang='lat' dir='ltr'><strong>non</strong></span> <span class='ocrx_word' id='word_1_373' title='bbox 2477 1216 2841 1283; x_wconf 86' lang='lat' dir='ltr'><strong>supereminet</strong></span> <span class='ocrx_word' id='word_1_374' title='bbox 2861 1218 3097 1286; x_wconf 87' lang='lat' dir='ltr'><strong>animae,</strong></span> <span class='ocrx_word' id='word_1_375' title='bbox 3120 1230 3179 1274; x_wconf 89' lang='lat' dir='ltr'><strong>ut</strong></span> <span class='ocrx_word' id='word_1_376' title='bbox 3200 1224 3445 1292; x_wconf 90' lang='lat' dir='ltr'><strong>superior</strong></span> 
     </span>
    </p>
   </div>
   <div class='ocr_carea' id='block_1_55' title="bbox 1863 1302 3447 1382">
    <p class='ocr_par' dir='ltr' id='par_1_55' title="bbox 1863 1302 3447 1382">
     <span class='ocr_line' id='line_1_55' title="bbox 1863 1302 3447 1382; baseline 0.01 -30"><span class='ocrx_word' id='word_1_377' title='bbox 1863 1312 1990 1369; x_wconf 89' lang='lat' dir='ltr'><strong>pars</strong></span> <span class='ocrx_word' id='word_1_378' title='bbox 2009 1302 2242 1366; x_wconf 89' lang='lat' dir='ltr'><strong>animae,</strong></span> <span class='ocrx_word' id='word_1_379' title='bbox 2267 1319 2364 1358; x_wconf 89' lang='lat' dir='ltr'><strong>nec</strong></span> <span class='ocrx_word' id='word_1_380' title='bbox 2394 1305 2725 1374; x_wconf 85' lang='lat' dir='ltr'><strong>phantasiam</strong></span> <span class='ocrx_word' id='word_1_381' title='bbox 2760 1307 2941 1371; x_wconf 87' lang='lat' dir='ltr'><strong>habet,</strong></span> <span class='ocrx_word' id='word_1_382' title='bbox 2973 1309 3149 1364; x_wconf 88' lang='lat' dir='ltr'><strong>divina</strong></span> <span class='ocrx_word' id='word_1_383' title='bbox 3176 1311 3258 1365; x_wconf 90' lang='lat' dir='ltr'><strong>vel</strong></span> <span class='ocrx_word' id='word_1_384' title='bbox 3286 1312 3447 1382; x_wconf 86' lang='lat' dir='ltr'><strong>spiri-</strong></span> 
     </span>
    </p>
   </div>
   <div class='ocr_carea' id='block_1_56' title="bbox 1865 1390 3446 1464">
    <p class='ocr_par' dir='ltr' id='par_1_56' title="bbox 1865 1390 3446 1464">
     <span class='ocr_line' id='line_1_56' title="bbox 1865 1390 3446 1464; baseline 0.01 -22"><span class='ocrx_word' id='word_1_385' title='bbox 1865 1390 2027 1444; x_wconf 88' lang='lat' dir='ltr'><strong>tualia</strong></span> <span class='ocrx_word' id='word_1_386' title='bbox 2054 1392 2416 1460; x_wconf 78' lang='lat' dir='ltr'><strong>imaginando,</strong></span> <span class='ocrx_word' id='word_1_387' title='bbox 2448 1410 2548 1449; x_wconf 90' lang='lat' dir='ltr'><strong>nec</strong></span> <span class='ocrx_word' id='word_1_388' title='bbox 2575 1394 2855 1464; x_wconf 87' lang='lat' dir='ltr'><strong>opiniones</strong></span> <span class='ocrx_word' id='word_1_389' title='bbox 2882 1398 2933 1450; x_wconf 91' lang='lat' dir='ltr'><strong>in</strong></span> <span class='ocrx_word' id='word_1_390' title='bbox 2961 1398 3203 1455; x_wconf 90' lang='lat' dir='ltr'><strong>diversas</strong></span> <span class='ocrx_word' id='word_1_391' title='bbox 3228 1412 3446 1457; x_wconf 88' lang='lat' dir='ltr'><strong>senten-</strong></span> 
     </span>
    </p>
   </div>
   <div class='ocr_carea' id='block_1_57' title="bbox 1864 1479 3445 1550">
    <p class='ocr_par' dir='ltr' id='par_1_57' title="bbox 1864 1479 3445 1550">
     <span class='ocr_line' id='line_1_57' title="bbox 1864 1479 3445 1550; baseline 0.011 -19"><span class='ocrx_word' id='word_1_392' title='bbox 1864 1479 1965 1533; x_wconf 89' lang='lat' dir='ltr'><strong>tias</strong></span> <span class='ocrx_word' id='word_1_393' title='bbox 1986 1480 2347 1537; x_wconf 89' lang='lat' dir='ltr'><strong>diversimode</strong></span> <span class='ocrx_word' id='word_1_394' title='bbox 2367 1483 2817 1550; x_wconf 89' lang='lat' dir='ltr'><strong>declinando,nec</strong></span> <span class='ocrx_word' id='word_1_395' title='bbox 2840 1488 3101 1543; x_wconf 87' lang='lat' dir='ltr'><strong>rationem</strong></span> <span class='ocrx_word' id='word_1_396' title='bbox 3124 1490 3263 1545; x_wconf 91' lang='lat' dir='ltr'><strong>inter</strong></span> <span class='ocrx_word' id='word_1_397' title='bbox 3285 1492 3445 1547; x_wconf 85' lang='lat' dir='ltr'><strong>dubia</strong></span> 
     </span>
    </p>
   </div>
   <div class='ocr_carea' id='block_1_58' title="bbox 1862 1570 3444 1639">
    <p class='ocr_par' dir='ltr' id='par_1_58' title="bbox 1862 1570 3444 1639">
     <span class='ocr_line' id='line_1_58' title="bbox 1862 1570 3444 1639; baseline 0.01 -16"><span class='ocrx_word' id='word_1_398' title='bbox 1862 1570 2249 1638; x_wconf 84' lang='lat' dir='ltr'><strong>discernendo,</strong></span> <span class='ocrx_word' id='word_1_399' title='bbox 2300 1589 2400 1629; x_wconf 89' lang='lat' dir='ltr'><strong>nec</strong></span> <span class='ocrx_word' id='word_1_400' title='bbox 2448 1575 2773 1630; x_wconf 85' lang='lat' dir='ltr'><strong>intellectum</strong></span> <span class='ocrx_word' id='word_1_401' title='bbox 2823 1577 2984 1631; x_wconf 83' lang='lat' dir='ltr'><strong>habet</strong></span> <span class='ocrx_word' id='word_1_402' title='bbox 3026 1580 3160 1634; x_wconf 89' lang='lat' dir='ltr'><strong>citra</strong></span> <span class='ocrx_word' id='word_1_403' title='bbox 3202 1582 3223 1612; x_wconf 81' lang='grc'>⁸</span> <span class='ocrx_word' id='word_1_404' title='bbox 3271 1583 3444 1639; x_wconf 89' lang='lat' dir='ltr'><strong>solum</strong></span> 
     </span>
    </p>
   </div>
   <div class='ocr_carea' id='block_1_59' title="bbox 1864 1662 3447 1729">
    <p class='ocr_par' dir='ltr' id='par_1_59' title="bbox 1864 1662 3447 1729">
     <span class='ocr_line' id='line_1_59' title="bbox 1864 1662 3447 1729; baseline 0.009 -16"><span class='ocrx_word' id='word_1_405' title='bbox 1864 1672 2081 1713; x_wconf 90' lang='lat' dir='ltr'><strong>causam</strong></span> <span class='ocrx_word' id='word_1_406' title='bbox 2110 1668 2258 1716; x_wconf 91' lang='lat' dir='ltr'><strong>tanta</strong></span> <span class='ocrx_word' id='word_1_407' title='bbox 2288 1662 2521 1717; x_wconf 89' lang='lat' dir='ltr'><strong>visibilia</strong></span> <span class='ocrx_word' id='word_1_408' title='bbox 2558 1664 2873 1729; x_wconf 88' lang='lat' dir='ltr'><strong>insistendo,</strong></span> <span class='ocrx_word' id='word_1_409' title='bbox 2906 1682 3005 1721; x_wconf 89' lang='lat' dir='ltr'><strong>nec</strong></span> <span class='ocrx_word' id='word_1_410' title='bbox 3028 1676 3111 1722; x_wconf 90' lang='lat' dir='ltr'><strong>est</strong></span> <span class='ocrx_word' id='word_1_411' title='bbox 3140 1670 3279 1724; x_wconf 89' lang='lat' dir='ltr'><strong>ratio</strong></span> <span class='ocrx_word' id='word_1_412' title='bbox 3305 1671 3447 1727; x_wconf 87' lang='lat' dir='ltr'><strong>inter</strong></span> 
     </span>
    </p>
   </div>
   <div class='ocr_carea' id='block_1_60' title="bbox 1860 1748 3442 1819">
    <p class='ocr_par' dir='ltr' id='par_1_60' title="bbox 1860 1748 3442 1819">
     <span class='ocr_line' id='line_1_60' title="bbox 1860 1748 3442 1819; baseline 0.008 -17"><span class='ocrx_word' id='word_1_413' title='bbox 1860 1748 2060 1803; x_wconf 90' lang='lat' dir='ltr'><strong>bonum</strong></span> <span class='ocrx_word' id='word_1_414' title='bbox 2104 1759 2159 1806; x_wconf 90' lang='lat' dir='ltr'><strong>et</strong></span> <span class='ocrx_word' id='word_1_415' title='bbox 2204 1752 2403 1806; x_wconf 89' lang='lat' dir='ltr'><strong>malum</strong></span> <span class='ocrx_word' id='word_1_416' title='bbox 2433 1753 2779 1819; x_wconf 85' lang='lat' dir='ltr'><strong>discernens,</strong></span> <span class='ocrx_word' id='word_1_417' title='bbox 2824 1771 2922 1809; x_wconf 86' lang='lat' dir='ltr'><strong>nec</strong></span> <span class='ocrx_word' id='word_1_418' title='bbox 2951 1757 3252 1813; x_wconf 89' lang='lat' dir='ltr'><strong>intellectus</strong></span> <span class='ocrx_word' id='word_1_419' title='bbox 3298 1761 3442 1816; x_wconf 89' lang='lat' dir='ltr'><strong>circa</strong></span> 
     </span>
    </p>
   </div>
   <div class='ocr_carea' id='block_1_61' title="bbox 1786 1837 3471 1924">
    <p class='ocr_par' dir='ltr' id='par_1_61' title="bbox 1786 1837 3471 1924">
     <span class='ocr_line' id='line_1_61' title="bbox 1786 1837 3471 1924; baseline 0.011 -38"><span class='ocrx_word' id='word_1_420' title='bbox 1786 1864 1835 1924; x_wconf 78' lang='grc' dir='ltr'><strong>Β</strong></span> <span class='ocrx_word' id='word_1_421' title='bbox 1864 1837 2093 1893; x_wconf 89' lang='lat' dir='ltr'><strong>visibilia</strong></span> <span class='ocrx_word' id='word_1_422' title='bbox 2134 1848 2311 1893; x_wconf 89' lang='lat' dir='ltr'><strong>creata</strong></span> <span class='ocrx_word' id='word_1_423' title='bbox 2342 1841 2629 1908; x_wconf 90' lang='lat' dir='ltr'><strong>insistens,</strong></span> <span class='ocrx_word' id='word_1_424' title='bbox 2660 1858 2757 1897; x_wconf 90' lang='lat' dir='ltr'><strong>nec</strong></span> <span class='ocrx_word' id='word_1_425' title='bbox 2794 1844 3021 1910; x_wconf 87' lang='lat' dir='ltr'><strong>dicitur,</strong></span> <span class='ocrx_word' id='word_1_426' title='bbox 3061 1846 3186 1914; x_wconf 89' lang='lat' dir='ltr'><strong>quia</strong></span> <span class='ocrx_word' id='word_1_427' title='bbox 3213 1863 3319 1903; x_wconf 92' lang='lat' dir='ltr'><strong>non</strong></span> <span class='ocrx_word' id='word_1_428' title='bbox 3359 1859 3471 1904; x_wconf 48' lang='lat' dir='ltr'><strong>est~</strong></span> 
     </span>
    </p>
   </div>
   <div class='ocr_carea' id='block_1_62' title="bbox 1863 1925 3440 2008">
    <p class='ocr_par' dir='ltr' id='par_1_62' title="bbox 1863 1925 3440 2008">
     <span class='ocr_line' id='line_1_62' title="bbox 1863 1925 3440 2008; baseline 0.009 -27"><span class='ocrx_word' id='word_1_429' title='bbox 1863 1925 2110 1993; x_wconf 78' lang='lat' dir='ltr'><strong>ell‘abilis,</strong></span> <span class='ocrx_word' id='word_1_430' title='bbox 2146 1945 2244 1986; x_wconf 88' lang='lat' dir='ltr'><strong>nec</strong></span> <span class='ocrx_word' id='word_1_431' title='bbox 2286 1931 2637 2001; x_wconf 75' lang='lat' dir='ltr'><strong>intelligitur,</strong></span> <span class='ocrx_word' id='word_1_432' title='bbox 2669 1935 2793 2003; x_wconf 86' lang='lat' dir='ltr'><strong>quia</strong></span> <span class='ocrx_word' id='word_1_433' title='bbox 2833 1950 2863 1988; x_wconf 90' lang='lat' dir='ltr'><strong>a</strong></span> <span class='ocrx_word' id='word_1_434' title='bbox 2902 1935 3047 1990; x_wconf 83' lang='lat' dir='ltr'><strong>nullo</strong></span> <span class='ocrx_word' id='word_1_435' title='bbox 3074 1946 3159 1992; x_wconf 92' lang='lat' dir='ltr'><strong>est</strong></span> <span class='ocrx_word' id='word_1_436' title='bbox 3196 1954 3440 2008; x_wconf 59' lang='lat' dir='ltr'><strong>compreo</strong></span> 
     </span>
    </p>
   </div>
   <div class='ocr_carea' id='block_1_63' title="bbox 1863 2018 3443 2096">
    <p class='ocr_par' dir='ltr' id='par_1_63' title="bbox 1863 2018 3443 2096">
     <span class='ocr_line' id='line_1_63' title="bbox 1863 2018 3443 2096; baseline 0.01 -26"><span class='ocrx_word' id='word_1_437' title='bbox 1863 2018 2162 2074; x_wconf 90' lang='lat' dir='ltr'><strong>hensibilis.</strong></span> <span class='ocrx_word' id='word_1_438' title='bbox 2192 2020 2262 2076; x_wconf 89' lang='lat' dir='ltr'><strong>Ut</strong></span> <span class='ocrx_word' id='word_1_439' title='bbox 2286 2030 2463 2077; x_wconf 89' lang='lat' dir='ltr'><strong>autem</strong></span> <span class='ocrx_word' id='word_1_440' title='bbox 2489 2023 2841 2079; x_wconf 90' lang='lat' dir='ltr'><strong>decurramus</strong></span> <span class='ocrx_word' id='word_1_441' title='bbox 2862 2041 2957 2096; x_wconf 88' lang='lat' dir='ltr'><strong>per</strong></span> <span class='ocrx_word' id='word_1_442' title='bbox 2979 2028 3152 2082; x_wconf 91' lang='lat' dir='ltr'><strong>media</strong></span> <span class='ocrx_word' id='word_1_443' title='bbox 3177 2030 3244 2084; x_wconf 91' lang='lat' dir='ltr'><strong>ad</strong></span> <span class='ocrx_word' id='word_1_444' title='bbox 3262 2037 3443 2086; x_wconf 82' lang='lat' dir='ltr'><strong>extre-</strong></span> 
     </span>
    </p>
   </div>
   <div class='ocr_carea' id='block_1_64' title="bbox 1861 2113 3440 2191">
    <p class='ocr_par' dir='ltr' id='par_1_64' title="bbox 1861 2113 3440 2191">
     <span class='ocr_line' id='line_1_64' title="bbox 1861 2113 3440 2191; baseline 0.009 -28"><span class='ocrx_word' id='word_1_445' title='bbox 1861 2124 1945 2163; x_wconf 87' lang='lat' dir='ltr'><strong>ma</strong></span> <span class='ocrx_word' id='word_1_446' title='bbox 1963 2149 1979 2175; x_wconf 96' lang='lat'><strong>,</strong></span> <span class='ocrx_word' id='word_1_447' title='bbox 2014 2126 2201 2167; x_wconf 87' lang='lat' dir='ltr'><strong>rursus</strong></span> <span class='ocrx_word' id='word_1_448' title='bbox 2228 2113 2479 2179; x_wconf 88' lang='lat' dir='ltr'><strong>dicimus,</strong></span> <span class='ocrx_word' id='word_1_449' title='bbox 2507 2117 2648 2184; x_wconf 90' lang='lat' dir='ltr'><strong>quod</strong></span> <span class='ocrx_word' id='word_1_450' title='bbox 2691 2132 2864 2186; x_wconf 89' lang='lat' dir='ltr'><strong>neque</strong></span> <span class='ocrx_word' id='word_1_451' title='bbox 2888 2133 3144 2174; x_wconf 90' lang='lat' dir='ltr'><strong>numerus</strong></span> <span class='ocrx_word' id='word_1_452' title='bbox 3169 2130 3282 2187; x_wconf 91' lang='lat' dir='ltr'><strong>est,</strong></span> <span class='ocrx_word' id='word_1_453' title='bbox 3314 2122 3440 2191; x_wconf 87' lang='lat' dir='ltr'><strong>quia</strong></span> 
     </span>
    </p>
   </div>
   <div class='ocr_carea' id='block_1_65' title="bbox 1860 2200 3443 2275">
    <p class='ocr_par' dir='ltr' id='par_1_65' title="bbox 1860 2200 3443 2275">
     <span class='ocr_line' id='line_1_65' title="bbox 1860 2200 3443 2275; baseline 0.01 -25"><span class='ocrx_word' id='word_1_454' title='bbox 1860 2212 1965 2252; x_wconf 87' lang='lat' dir='ltr'><strong>non</strong></span> <span class='ocrx_word' id='word_1_455' title='bbox 1998 2207 2081 2254; x_wconf 90' lang='lat' dir='ltr'><strong>est</strong></span> <span class='ocrx_word' id='word_1_456' title='bbox 2121 2200 2189 2255; x_wconf 90' lang='lat' dir='ltr'><strong>ad</strong></span> <span class='ocrx_word' id='word_1_457' title='bbox 2218 2201 2368 2271; x_wconf 90' lang='lat' dir='ltr'><strong>paria</strong></span> <span class='ocrx_word' id='word_1_458' title='bbox 2395 2202 2481 2257; x_wconf 84' lang='lat' dir='ltr'><strong>vel</strong></span> <span class='ocrx_word' id='word_1_459' title='bbox 2510 2202 2561 2256; x_wconf 90' lang='lat' dir='ltr'><strong>in</strong></span> <span class='ocrx_word' id='word_1_460' title='bbox 2601 2204 2750 2273; x_wconf 90' lang='lat' dir='ltr'><strong>paria</strong></span> <span class='ocrx_word' id='word_1_461' title='bbox 2793 2206 3294 2275; x_wconf 84' lang='lat' dir='ltr'><strong>proportionabilis,</strong></span> <span class='ocrx_word' id='word_1_462' title='bbox 3337 2224 3443 2266; x_wconf 85' lang='lat' dir='ltr'><strong>nec</strong></span> 
     </span>
    </p>
   </div>
   <div class='ocr_carea' id='block_1_66' title="bbox 1861 2290 3438 2369">
    <p class='ocr_par' dir='ltr' id='par_1_66' title="bbox 1861 2290 3438 2369">
     <span class='ocr_line' id='line_1_66' title="bbox 1861 2290 3438 2369; baseline 0.01 -27"><span class='ocrx_word' id='word_1_463' title='bbox 1861 2290 2197 2360; x_wconf 80' lang='lat' dir='ltr'><strong>magnitudo,</strong></span> <span class='ocrx_word' id='word_1_464' title='bbox 2224 2293 2348 2361; x_wconf 88' lang='lat' dir='ltr'><strong>quia</strong></span> <span class='ocrx_word' id='word_1_465' title='bbox 2375 2308 2480 2347; x_wconf 92' lang='lat' dir='ltr'><strong>non</strong></span> <span class='ocrx_word' id='word_1_466' title='bbox 2506 2303 2589 2348; x_wconf 90' lang='lat' dir='ltr'><strong>est</strong></span> <span class='ocrx_word' id='word_1_467' title='bbox 2609 2297 3040 2365; x_wconf 81' lang='lat' dir='ltr'><strong>augmentabilis,</strong></span> <span class='ocrx_word' id='word_1_468' title='bbox 3057 2313 3158 2354; x_wconf 92' lang='lat' dir='ltr'><strong>uec</strong></span> <span class='ocrx_word' id='word_1_469' title='bbox 3176 2301 3438 2369; x_wconf 84' lang='lat' dir='ltr'><strong>parvitas,</strong></span> 
     </span>
    </p>
   </div>
   <div class='ocr_carea' id='block_1_67' title="bbox 1859 2382 3441 2460">
    <p class='ocr_par' dir='ltr' id='par_1_67' title="bbox 1859 2382 3441 2460">
     <span class='ocr_line' id='line_1_67' title="bbox 1859 2382 3441 2460; baseline 0.009 -25"><span class='ocrx_word' id='word_1_470' title='bbox 1859 2382 1986 2450; x_wconf 92' lang='lat' dir='ltr'><strong>quia</strong></span> <span class='ocrx_word' id='word_1_471' title='bbox 2018 2397 2124 2438; x_wconf 90' lang='lat' dir='ltr'><strong>non</strong></span> <span class='ocrx_word' id='word_1_472' title='bbox 2156 2392 2240 2437; x_wconf 91' lang='lat' dir='ltr'><strong>est</strong></span> <span class='ocrx_word' id='word_1_473' title='bbox 2271 2384 2631 2450; x_wconf 84' lang='lat' dir='ltr'><strong>minorabilis,</strong></span> <span class='ocrx_word' id='word_1_474' title='bbox 2676 2402 2774 2442; x_wconf 90' lang='lat' dir='ltr'><strong>nec</strong></span> <span class='ocrx_word' id='word_1_475' title='bbox 2805 2387 3122 2458; x_wconf 86' lang='lat' dir='ltr'><strong>aequalitas,</strong></span> <span class='ocrx_word' id='word_1_476' title='bbox 3167 2391 3293 2460; x_wconf 88' lang='lat' dir='ltr'><strong>quia</strong></span> <span class='ocrx_word' id='word_1_477' title='bbox 3331 2408 3441 2449; x_wconf 87' lang='lat' dir='ltr'><strong>non</strong></span> 
     </span>
    </p>
   </div>
   <div class='ocr_carea' id='block_1_68' title="bbox 1858 2477 3440 2553">
    <p class='ocr_par' dir='ltr' id='par_1_68' title="bbox 1858 2477 3440 2553">
     <span class='ocr_line' id='line_1_68' title="bbox 1858 2477 3440 2553; baseline 0.007 -23"><span class='ocrx_word' id='word_1_478' title='bbox 1858 2483 1942 2531; x_wconf 88' lang='lat' dir='ltr'><strong>est</strong></span> <span class='ocrx_word' id='word_1_479' title='bbox 1973 2477 2489 2553; x_wconf 87' lang='lat' dir='ltr'><strong>comportionabilis,</strong></span> <span class='ocrx_word' id='word_1_480' title='bbox 2522 2495 2621 2534; x_wconf 90' lang='lat' dir='ltr'><strong>nec</strong></span> <span class='ocrx_word' id='word_1_481' title='bbox 2649 2479 2979 2547; x_wconf 90' lang='lat' dir='ltr'><strong>similitudo,</strong></span> <span class='ocrx_word' id='word_1_482' title='bbox 3014 2482 3139 2553; x_wconf 90' lang='lat' dir='ltr'><strong>quia</strong></span> <span class='ocrx_word' id='word_1_483' title='bbox 3190 2483 3318 2539; x_wconf 92' lang='lat' dir='ltr'><strong>nulli</strong></span> <span class='ocrx_word' id='word_1_484' title='bbox 3360 2485 3440 2541; x_wconf 89' lang='lat' dir='ltr'><strong>rei</strong></span> 
     </span>
    </p>
   </div>
   <div class='ocr_carea' id='block_1_69' title="bbox 1858 2550 3441 2641">
    <p class='ocr_par' dir='ltr' id='par_1_69' title="bbox 1858 2550 3441 2641">
     <span class='ocr_line' id='line_1_69' title="bbox 1858 2550 3441 2641; baseline 0.006 -21"><span class='ocrx_word' id='word_1_485' title='bbox 1858 2550 2269 2635; x_wconf 79' lang='lat' dir='ltr'><strong>comparabilis,</strong></span> <span class='ocrx_word' id='word_1_486' title='bbox 2307 2581 2408 2622; x_wconf 89' lang='lat' dir='ltr'><strong>nec</strong></span> <span class='ocrx_word' id='word_1_487' title='bbox 2454 2568 2864 2635; x_wconf 89' lang='lat' dir='ltr'><strong>dissimilitudo,</strong></span> <span class='ocrx_word' id='word_1_488' title='bbox 2914 2550 3048 2641; x_wconf 69' lang='lat' dir='ltr'><strong>quia</strong></span> <span class='ocrx_word' id='word_1_489' title='bbox 3081 2588 3113 2627; x_wconf 93' lang='lat' dir='ltr'><strong>a</strong></span> <span class='ocrx_word' id='word_1_490' title='bbox 3160 2572 3309 2629; x_wconf 92' lang='lat' dir='ltr'><strong>nullo</strong></span> <span class='ocrx_word' id='word_1_491' title='bbox 3354 2584 3441 2630; x_wconf 90' lang='lat' dir='ltr'><strong>est</strong></span> 
     </span>
    </p>
   </div>
   <div class='ocr_carea' id='block_1_70' title="bbox 1858 2655 3435 2733">
    <p class='ocr_par' dir='ltr' id='par_1_70' title="bbox 1858 2655 3435 2733">
     <span class='ocr_line' id='line_1_70' title="bbox 1858 2655 3435 2733; baseline 0.006 -23"><span class='ocrx_word' id='word_1_492' title='bbox 1858 2655 2257 2726; x_wconf 85' lang='lat' dir='ltr'><strong>discrepabilis,</strong></span> <span class='ocrx_word' id='word_1_493' title='bbox 2293 2672 2392 2713; x_wconf 91' lang='lat' dir='ltr'><strong>nec</strong></span> <span class='ocrx_word' id='word_1_494' title='bbox 2418 2666 2560 2722; x_wconf 89' lang='lat' dir='ltr'><strong>stat,</strong></span> <span class='ocrx_word' id='word_1_495' title='bbox 2586 2659 2714 2729; x_wconf 90' lang='lat' dir='ltr'><strong>quia</strong></span> <span class='ocrx_word' id='word_1_496' title='bbox 2750 2674 2857 2714; x_wconf 88' lang='lat' dir='ltr'><strong>non</strong></span> <span class='ocrx_word' id='word_1_497' title='bbox 2889 2668 2975 2715; x_wconf 87' lang='lat' dir='ltr'><strong>est</strong></span> <span class='ocrx_word' id='word_1_498' title='bbox 2998 2676 3087 2717; x_wconf 91' lang='lat' dir='ltr'><strong>res</strong></span> <span class='ocrx_word' id='word_1_499' title='bbox 3112 2662 3435 2733; x_wconf 88' lang='lat' dir='ltr'><strong>immobilis,</strong></span> 
     </span>
    </p>
   </div>
   <div class='ocr_carea' id='block_1_71' title="bbox 1856 2750 3438 2819">
    <p class='ocr_par' dir='ltr' id='par_1_71' title="bbox 1856 2750 3438 2819">
     <span class='ocr_line' id='line_1_71' title="bbox 1856 2750 3438 2819; baseline 0.007 -18"><span class='ocrx_word' id='word_1_500' title='bbox 1856 2762 1959 2802; x_wconf 90' lang='lat' dir='ltr'><strong>nec</strong></span> <span class='ocrx_word' id='word_1_501' title='bbox 1994 2756 2261 2814; x_wconf 89' lang='lat' dir='ltr'><strong>movetur,</strong></span> <span class='ocrx_word' id='word_1_502' title='bbox 2304 2750 2430 2819; x_wconf 90' lang='lat' dir='ltr'><strong>quia</strong></span> <span class='ocrx_word' id='word_1_503' title='bbox 2461 2765 2567 2805; x_wconf 92' lang='lat' dir='ltr'><strong>non</strong></span> <span class='ocrx_word' id='word_1_504' title='bbox 2610 2760 2696 2807; x_wconf 91' lang='lat' dir='ltr'><strong>est</strong></span> <span class='ocrx_word' id='word_1_505' title='bbox 2726 2751 2999 2819; x_wconf 87' lang='lat' dir='ltr'><strong>volubilis,</strong></span> <span class='ocrx_word' id='word_1_506' title='bbox 3028 2768 3129 2810; x_wconf 89' lang='lat' dir='ltr'><strong>nec</strong></span> <span class='ocrx_word' id='word_1_507' title='bbox 3165 2756 3438 2812; x_wconf 88' lang='lat' dir='ltr'><strong>silentium</strong></span> 
     </span>
    </p>
   </div>
   <div class='ocr_carea' id='block_1_72' title="bbox 1857 2839 3438 2916">
    <p class='ocr_par' dir='ltr' id='par_1_72' title="bbox 1857 2839 3438 2916">
     <span class='ocr_line' id='line_1_72' title="bbox 1857 2839 3438 2916; baseline 0.006 -25"><span class='ocrx_word' id='word_1_508' title='bbox 1857 2839 1989 2908; x_wconf 86' lang='lat' dir='ltr'><strong>agit,</strong></span> <span class='ocrx_word' id='word_1_509' title='bbox 2020 2841 2145 2909; x_wconf 87' lang='lat' dir='ltr'><strong>quia</strong></span> <span class='ocrx_word' id='word_1_510' title='bbox 2172 2856 2278 2895; x_wconf 90' lang='lat' dir='ltr'><strong>non</strong></span> <span class='ocrx_word' id='word_1_511' title='bbox 2306 2850 2389 2896; x_wconf 89' lang='lat' dir='ltr'><strong>est</strong></span> <span class='ocrx_word' id='word_1_512' title='bbox 2415 2841 2579 2896; x_wconf 90' lang='lat' dir='ltr'><strong>verbo</strong></span> <span class='ocrx_word' id='word_1_513' title='bbox 2603 2842 2822 2899; x_wconf 87' lang='lat' dir='ltr'><strong>meutali</strong></span> <span class='ocrx_word' id='word_1_514' title='bbox 2846 2842 2931 2897; x_wconf 91' lang='lat' dir='ltr'><strong>vel</strong></span> <span class='ocrx_word' id='word_1_515' title='bbox 2951 2844 3121 2899; x_wconf 88' lang='lat' dir='ltr'><strong>vocali</strong></span> <span class='ocrx_word' id='word_1_516' title='bbox 3145 2846 3438 2916; x_wconf 89' lang='lat' dir='ltr'><strong>reprehen-</strong></span> 
     </span>
    </p>
   </div>
   <div class='ocr_carea' id='block_1_73' title="bbox 1857 2929 3490 3003">
    <p class='ocr_par' dir='ltr' id='par_1_73' title="bbox 1857 2929 3490 3003">
     <span class='ocr_line' id='line_1_73' title="bbox 1857 2929 3490 3003; baseline 0.005 -19"><span class='ocrx_word' id='word_1_517' title='bbox 1857 2930 2050 2985; x_wconf 87' lang='lat' dir='ltr'><strong>sibilis.</strong></span> <span class='ocrx_word' id='word_1_518' title='bbox 2087 2929 2157 2985; x_wconf 92' lang='lat' dir='ltr'><strong>Ut</strong></span> <span class='ocrx_word' id='word_1_519' title='bbox 2184 2940 2362 2985; x_wconf 87' lang='lat' dir='ltr'><strong>autem</strong></span> <span class='ocrx_word' id='word_1_520' title='bbox 2400 2932 2466 2986; x_wconf 88' lang='lat' dir='ltr'><strong>ad</strong></span> <span class='ocrx_word' id='word_1_521' title='bbox 2493 2947 2703 2987; x_wconf 90' lang='lat' dir='ltr'><strong>summa</strong></span> <span class='ocrx_word' id='word_1_522' title='bbox 2730 2948 2830 3003; x_wconf 90' lang='lat' dir='ltr'><strong>per</strong></span> <span class='ocrx_word' id='word_1_523' title='bbox 2851 2934 3116 3002; x_wconf 90' lang='lat' dir='ltr'><strong>quaedam</strong></span> <span class='ocrx_word' id='word_1_524' title='bbox 3145 2936 3320 2991; x_wconf 87' lang='lat' dir='ltr'><strong>media</strong></span> <span class='ocrx_word' id='word_1_525' title='bbox 3352 2951 3437 2992; x_wconf 86' lang='lat' dir='ltr'><strong>re-</strong></span> <span class='ocrx_word' id='word_1_526' title='bbox 3482 2970 3490 2977; x_wconf 92' lang='lat'><strong>-</strong></span> 
     </span>
    </p>
   </div>
   <div class='ocr_carea' id='block_1_74' title="bbox 1855 3024 3437 3096">
    <p class='ocr_par' dir='ltr' id='par_1_74' title="bbox 1855 3024 3437 3096">
     <span class='ocr_line' id='line_1_74' title="bbox 1855 3024 3437 3096; baseline 0.006 -22"><span class='ocrx_word' id='word_1_527' title='bbox 1855 3030 2135 3077; x_wconf 89' lang='lat' dir='ltr'><strong>vertamur</strong></span> <span class='ocrx_word' id='word_1_528' title='bbox 2154 3064 2168 3088; x_wconf 95' lang='lat'><strong>,</strong></span> <span class='ocrx_word' id='word_1_529' title='bbox 2196 3032 2252 3077; x_wconf 90' lang='lat' dir='ltr'><strong>et</strong></span> <span class='ocrx_word' id='word_1_530' title='bbox 2277 3024 2330 3077; x_wconf 91' lang='lat' dir='ltr'><strong>in</strong></span> <span class='ocrx_word' id='word_1_531' title='bbox 2360 3024 2585 3079; x_wconf 88' lang='lat' dir='ltr'><strong>summis</strong></span> <span class='ocrx_word' id='word_1_532' title='bbox 2613 3027 2876 3080; x_wconf 86' lang='lat' dir='ltr'><strong>creaturis</strong></span> <span class='ocrx_word' id='word_1_533' title='bbox 2902 3026 3216 3096; x_wconf 85' lang='lat' dir='ltr'><strong>negationes</strong></span> <span class='ocrx_word' id='word_1_534' title='bbox 3245 3028 3437 3083; x_wconf 82' lang='lat' dir='ltr'><strong>termi—</strong></span> 
     </span>
    </p>
   </div>
   <div class='ocr_carea' id='block_1_75' title="bbox 1860 3114 3435 3186">
    <p class='ocr_par' dir='ltr' id='par_1_75' title="bbox 1860 3114 3435 3186">
     <span class='ocr_line' id='line_1_75' title="bbox 1860 3114 3435 3186; baseline 0.005 -19"><span class='ocrx_word' id='word_1_535' title='bbox 1860 3128 2068 3174; x_wconf 88' lang='lat' dir='ltr'><strong>nemus.</strong></span> <span class='ocrx_word' id='word_1_536' title='bbox 2099 3114 2348 3177; x_wconf 87' lang='lat' dir='ltr'><strong>dicimus,</strong></span> <span class='ocrx_word' id='word_1_537' title='bbox 2372 3115 2515 3183; x_wconf 89' lang='lat' dir='ltr'><strong>quod</strong></span> <span class='ocrx_word' id='word_1_538' title='bbox 2542 3130 2640 3170; x_wconf 89' lang='lat' dir='ltr'><strong>nec</strong></span> <span class='ocrx_word' id='word_1_539' title='bbox 2667 3115 2946 3170; x_wconf 89' lang='lat' dir='ltr'><strong>veritatem</strong></span> <span class='ocrx_word' id='word_1_540' title='bbox 2978 3116 3156 3183; x_wconf 86' lang='lat' dir='ltr'><strong>habet,</strong></span> <span class='ocrx_word' id='word_1_541' title='bbox 3182 3118 3332 3186; x_wconf 86' lang='lat' dir='ltr'><strong>quasi</strong></span> <span class='ocrx_word' id='word_1_542' title='bbox 3364 3119 3435 3175; x_wconf 88' lang='lat' dir='ltr'><strong>ab</strong></span> 
     </span>
    </p>
   </div>
   <div class='ocr_carea' id='block_1_76' title="bbox 1777 3204 3432 3274">
    <p class='ocr_par' dir='ltr' id='par_1_76' title="bbox 1777 3204 3432 3274">
     <span class='ocr_line' id='line_1_76' title="bbox 1777 3204 3432 3274; baseline 0.002 -16"><span class='ocrx_word' id='word_1_543' title='bbox 1777 3206 1822 3269; x_wconf 87' lang='lat' dir='ltr'><strong>C</strong></span> <span class='ocrx_word' id='word_1_544' title='bbox 1854 3204 1959 3258; x_wconf 90' lang='lat' dir='ltr'><strong>alio</strong></span> <span class='ocrx_word' id='word_1_545' title='bbox 1986 3204 2242 3259; x_wconf 83' lang='lat' dir='ltr'><strong>solidetur</strong></span> <span class='ocrx_word' id='word_1_546' title='bbox 2264 3206 2308 3270; x_wconf 77' lang='grc'><em>⁷,</em></span> <span class='ocrx_word' id='word_1_547' title='bbox 2337 3220 2438 3259; x_wconf 85' lang='lat' dir='ltr'><strong>nec</strong></span> <span class='ocrx_word' id='word_1_548' title='bbox 2465 3219 2593 3259; x_wconf 89' lang='lat' dir='ltr'><strong>vera</strong></span> <span class='ocrx_word' id='word_1_549' title='bbox 2611 3213 2714 3269; x_wconf 89' lang='lat' dir='ltr'><strong>est,</strong></span> <span class='ocrx_word' id='word_1_550' title='bbox 2736 3205 2889 3274; x_wconf 92' lang='lat' dir='ltr'><strong>quasi</strong></span> <span class='ocrx_word' id='word_1_551' title='bbox 2912 3205 2981 3260; x_wconf 86' lang='lat' dir='ltr'><strong>ab</strong></span> <span class='ocrx_word' id='word_1_552' title='bbox 3006 3206 3113 3260; x_wconf 89' lang='lat' dir='ltr'><strong>alio</strong></span> <span class='ocrx_word' id='word_1_553' title='bbox 3134 3215 3432 3273; x_wconf 89' lang='lat' dir='ltr'><strong>mutuetur,</strong></span> 
     </span>
    </p>
   </div>
   <div class='ocr_carea' id='block_1_77' title="bbox 1851 3296 3433 3361">
    <p class='ocr_par' dir='ltr' id='par_1_77' title="bbox 1851 3296 3433 3361">
     <span class='ocr_line' id='line_1_77' title="bbox 1851 3296 3433 3361; baseline 0.001 -10"><span class='ocrx_word' id='word_1_554' title='bbox 1851 3310 1953 3351; x_wconf 89' lang='lat' dir='ltr'><strong>nec</strong></span> <span class='ocrx_word' id='word_1_555' title='bbox 1980 3296 2130 3360; x_wconf 86' lang='lat' dir='ltr'><strong>vivit,</strong></span> <span class='ocrx_word' id='word_1_556' title='bbox 2163 3305 2221 3350; x_wconf 93' lang='lat' dir='ltr'><strong>ut</strong></span> <span class='ocrx_word' id='word_1_557' title='bbox 2245 3298 2313 3350; x_wconf 89' lang='lat' dir='ltr'><strong>ab</strong></span> <span class='ocrx_word' id='word_1_558' title='bbox 2339 3296 2444 3350; x_wconf 90' lang='lat' dir='ltr'><strong>alio</strong></span> <span class='ocrx_word' id='word_1_559' title='bbox 2473 3297 2832 3361; x_wconf 88' lang='lat' dir='ltr'><strong>sensiticetur,</strong></span> <span class='ocrx_word' id='word_1_560' title='bbox 2868 3310 2969 3351; x_wconf 90' lang='lat' dir='ltr'><strong>nec</strong></span> <span class='ocrx_word' id='word_1_561' title='bbox 2995 3297 3103 3350; x_wconf 82' lang='lat' dir='ltr'><strong>vita</strong></span> <span class='ocrx_word' id='word_1_562' title='bbox 3136 3307 3217 3352; x_wconf 87' lang='lat' dir='ltr'><strong>est</strong></span> <span class='ocrx_word' id='word_1_563' title='bbox 3246 3297 3313 3351; x_wconf 87' lang='lat' dir='ltr'><strong>ad</strong></span> <span class='ocrx_word' id='word_1_564' title='bbox 3346 3312 3433 3353; x_wconf 87' lang='lat' dir='ltr'><strong>re-</strong></span> 
     </span>
    </p>
   </div>
   <div class='ocr_carea' id='block_1_78' title="bbox 1851 3387 3433 3458">
    <p class='ocr_par' dir='ltr' id='par_1_78' title="bbox 1851 3387 3433 3458">
     <span class='ocr_line' id='line_1_78' title="bbox 1851 3387 3433 3458; baseline 0.003 -19"><span class='ocrx_word' id='word_1_565' title='bbox 1851 3387 2082 3458; x_wconf 82' lang='lat' dir='ltr'><strong>gendum</strong></span> <span class='ocrx_word' id='word_1_566' title='bbox 2112 3388 2285 3457; x_wconf 91' lang='lat' dir='ltr'><strong>adque</strong></span> <span class='ocrx_word' id='word_1_567' title='bbox 2314 3402 2511 3457; x_wconf 90' lang='lat' dir='ltr'><strong>corpus</strong></span> <span class='ocrx_word' id='word_1_568' title='bbox 2548 3388 2975 3453; x_wconf 88' lang='lat' dir='ltr'><strong>accomodatum,</strong></span> <span class='ocrx_word' id='word_1_569' title='bbox 3006 3404 3107 3443; x_wconf 89' lang='lat' dir='ltr'><strong>nec</strong></span> <span class='ocrx_word' id='word_1_570' title='bbox 3133 3388 3433 3444; x_wconf 88' lang='lat' dir='ltr'><strong>substantia</strong></span> 
     </span>
    </p>
   </div>
   <div class='ocr_carea' id='block_1_79' title="bbox 1850 3478 3433 3549">
    <p class='ocr_par' dir='ltr' id='par_1_79' title="bbox 1850 3478 3433 3549">
     <span class='ocr_line' id='line_1_79' title="bbox 1850 3478 3433 3549; baseline 0.003 -16"><span class='ocrx_word' id='word_1_571' title='bbox 1850 3486 1933 3533; x_wconf 88' lang='lat' dir='ltr'><strong>est</strong></span> <span class='ocrx_word' id='word_1_572' title='bbox 1962 3478 2311 3534; x_wconf 88' lang='lat' dir='ltr'><strong>materialiter</strong></span> <span class='ocrx_word' id='word_1_573' title='bbox 2335 3479 2745 3545; x_wconf 87' lang='lat' dir='ltr'><strong>substantiatus,</strong></span> <span class='ocrx_word' id='word_1_574' title='bbox 2786 3494 2886 3535; x_wconf 90' lang='lat' dir='ltr'><strong>nec</strong></span> <span class='ocrx_word' id='word_1_575' title='bbox 2925 3494 3138 3547; x_wconf 90' lang='lat' dir='ltr'><strong>aevum,</strong></span> <span class='ocrx_word' id='word_1_576' title='bbox 3170 3482 3294 3549; x_wconf 90' lang='lat' dir='ltr'><strong>quia</strong></span> <span class='ocrx_word' id='word_1_577' title='bbox 3324 3497 3433 3537; x_wconf 90' lang='lat' dir='ltr'><strong>non</strong></span> 
     </span>
    </p>
   </div>
   <div class='ocr_carea' id='block_1_80' title="bbox 1850 3567 3432 3640">
    <p class='ocr_par' dir='ltr' id='par_1_80' title="bbox 1850 3567 3432 3640">
     <span class='ocr_line' id='line_1_80' title="bbox 1850 3567 3432 3640; baseline 0.001 -17"><span class='ocrx_word' id='word_1_578' title='bbox 1850 3575 1933 3623; x_wconf 84' lang='lat' dir='ltr'><strong>est</strong></span> <span class='ocrx_word' id='word_1_579' title='bbox 1975 3568 2204 3638; x_wconf 89' lang='lat' dir='ltr'><strong>spatium</strong></span> <span class='ocrx_word' id='word_1_580' title='bbox 2245 3568 2403 3623; x_wconf 89' lang='lat' dir='ltr'><strong>modo</strong></span> <span class='ocrx_word' id='word_1_581' title='bbox 2429 3567 2706 3632; x_wconf 89' lang='lat' dir='ltr'><strong>variabile,</strong></span> <span class='ocrx_word' id='word_1_582' title='bbox 2744 3583 2844 3623; x_wconf 89' lang='lat' dir='ltr'><strong>nec</strong></span> <span class='ocrx_word' id='word_1_583' title='bbox 2876 3578 3120 3640; x_wconf 89' lang='lat' dir='ltr'><strong>tempus,</strong></span> <span class='ocrx_word' id='word_1_584' title='bbox 3167 3570 3292 3639; x_wconf 83' lang='lat' dir='ltr'><strong>quia</strong></span> <span class='ocrx_word' id='word_1_585' title='bbox 3321 3585 3432 3625; x_wconf 86' lang='lat' dir='ltr'><strong>non</strong></span> 
     </span>
    </p>
   </div>
   <div class='ocr_carea' id='block_1_81' title="bbox 1850 3657 3431 3729">
    <p class='ocr_par' dir='ltr' id='par_1_81' title="bbox 1850 3657 3431 3729">
     <span class='ocr_line' id='line_1_81' title="bbox 1850 3657 3431 3729; baseline 0.001 -18"><span class='ocrx_word' id='word_1_586' title='bbox 1850 3666 1935 3712; x_wconf 89' lang='lat' dir='ltr'><strong>est</strong></span> <span class='ocrx_word' id='word_1_587' title='bbox 1958 3658 2189 3727; x_wconf 82' lang='lat' dir='ltr'><strong>spatium</strong></span> <span class='ocrx_word' id='word_1_588' title='bbox 2220 3657 2498 3723; x_wconf 85' lang='lat' dir='ltr'><strong>variabile,</strong></span> <span class='ocrx_word' id='word_1_589' title='bbox 2524 3658 2800 3715; x_wconf 86' lang='lat' dir='ltr'><strong>mutabile.</strong></span> <span class='ocrx_word' id='word_1_590' title='bbox 2831 3657 2942 3714; x_wconf 88' lang='lat' dir='ltr'><strong>Nec</strong></span> <span class='ocrx_word' id='word_1_591' title='bbox 2972 3667 3052 3714; x_wconf 88' lang='lat' dir='ltr'><strong>est</strong></span> <span class='ocrx_word' id='word_1_592' title='bbox 3083 3667 3277 3725; x_wconf 90' lang='lat' dir='ltr'><strong>tactus,</strong></span> <span class='ocrx_word' id='word_1_593' title='bbox 3302 3660 3431 3729; x_wconf 90' lang='lat' dir='ltr'><strong>quia</strong></span> 
     </span>
    </p>
   </div>
   <div class='ocr_carea' id='block_1_82' title="bbox 1852 3749 3430 3822">
    <p class='ocr_par' dir='ltr' id='par_1_82' title="bbox 1852 3749 3430 3822">
     <span class='ocr_line' id='line_1_82' title="bbox 1852 3749 3430 3822; baseline 0.004 -21"><span class='ocrx_word' id='word_1_594' title='bbox 1852 3749 2149 3802; x_wconf 89' lang='lat' dir='ltr'><strong>secundum</strong></span> <span class='ocrx_word' id='word_1_595' title='bbox 2197 3749 2486 3803; x_wconf 82' lang='lat' dir='ltr'><strong>essentiam</strong></span> <span class='ocrx_word' id='word_1_596' title='bbox 2527 3765 2633 3804; x_wconf 91' lang='lat' dir='ltr'><strong>non</strong></span> <span class='ocrx_word' id='word_1_597' title='bbox 2680 3758 2765 3805; x_wconf 90' lang='lat' dir='ltr'><strong>est</strong></span> <span class='ocrx_word' id='word_1_598' title='bbox 2805 3749 3110 3819; x_wconf 87' lang='lat' dir='ltr'><strong>aliqualiter</strong></span> <span class='ocrx_word' id='word_1_599' title='bbox 3138 3752 3430 3822; x_wconf 83' lang='lat' dir='ltr'><strong>tangibile,</strong></span> 
     </span>
    </p>
   </div>
   <div class='ocr_carea' id='block_1_83' title="bbox 1850 3839 3431 3909">
    <p class='ocr_par' dir='ltr' id='par_1_83' title="bbox 1850 3839 3431 3909">
     <span class='ocr_line' id='line_1_83' title="bbox 1850 3839 3431 3909; baseline 0.003 -17"><span class='ocrx_word' id='word_1_600' title='bbox 1850 3852 1951 3893; x_wconf 89' lang='lat' dir='ltr'><strong>uec</strong></span> <span class='ocrx_word' id='word_1_601' title='bbox 1974 3848 2054 3892; x_wconf 86' lang='lat' dir='ltr'><strong>est</strong></span> <span class='ocrx_word' id='word_1_602' title='bbox 2079 3839 2331 3905; x_wconf 89' lang='lat' dir='ltr'><strong>scientia,</strong></span> <span class='ocrx_word' id='word_1_603' title='bbox 2370 3840 2495 3908; x_wconf 91' lang='lat' dir='ltr'><strong>quia</strong></span> <span class='ocrx_word' id='word_1_604' title='bbox 2524 3855 2630 3893; x_wconf 93' lang='lat' dir='ltr'><strong>non</strong></span> <span class='ocrx_word' id='word_1_605' title='bbox 2654 3851 2735 3894; x_wconf 90' lang='lat' dir='ltr'><strong>est</strong></span> <span class='ocrx_word' id='word_1_606' title='bbox 2757 3840 3135 3909; x_wconf 83' lang='lat' dir='ltr'><strong>cognoscibilis</strong></span> <span class='ocrx_word' id='word_1_607' title='bbox 3154 3882 3171 3908; x_wconf 91' lang='lat'><strong>,</strong></span> <span class='ocrx_word' id='word_1_608' title='bbox 3207 3856 3307 3897; x_wconf 91' lang='lat' dir='ltr'><strong>nec</strong></span> <span class='ocrx_word' id='word_1_609' title='bbox 3336 3856 3431 3896; x_wconf 85' lang='lat' dir='ltr'><strong>ve-</strong></span> 
     </span>
    </p>
   </div>
   <div class='ocr_carea' id='block_1_84' title="bbox 1852 3929 3430 4004">
    <p class='ocr_par' dir='ltr' id='par_1_84' title="bbox 1852 3929 3430 4004">
     <span class='ocr_line' id='line_1_84' title="bbox 1852 3929 3430 4004; baseline 0.005 -23"><span class='ocrx_word' id='word_1_610' title='bbox 1852 3929 2010 3993; x_wconf 81' lang='lat' dir='ltr'><strong>ritas,</strong></span> <span class='ocrx_word' id='word_1_611' title='bbox 2025 3930 2149 3997; x_wconf 91' lang='lat' dir='ltr'><strong>quia</strong></span> <span class='ocrx_word' id='word_1_612' title='bbox 2169 3944 2271 3983; x_wconf 90' lang='lat' dir='ltr'><strong>non</strong></span> <span class='ocrx_word' id='word_1_613' title='bbox 2287 3939 2371 3983; x_wconf 88' lang='lat' dir='ltr'><strong>est</strong></span> <span class='ocrx_word' id='word_1_614' title='bbox 2394 3930 2720 3984; x_wconf 89' lang='lat' dir='ltr'><strong>intellectum</strong></span> <span class='ocrx_word' id='word_1_615' title='bbox 2738 3930 2981 4000; x_wconf 89' lang='lat' dir='ltr'><strong>aequalis</strong></span> <span class='ocrx_word' id='word_1_616' title='bbox 3000 3931 3043 3997; x_wconf 81' lang='grc'><em>⁸,</em></span> <span class='ocrx_word' id='word_1_617' title='bbox 3061 3947 3161 3988; x_wconf 86' lang='lat' dir='ltr'><strong>nec</strong></span> <span class='ocrx_word' id='word_1_618' title='bbox 3183 3948 3430 4004; x_wconf 85' lang='lat' dir='ltr'><strong>regnum,</strong></span> 
     </span>
    </p>
   </div>
   <div class='ocr_carea' id='block_1_85' title="bbox 1850 4020 3429 4093">
    <p class='ocr_par' dir='ltr' id='par_1_85' title="bbox 1850 4020 3429 4093">
     <span class='ocr_line' id='line_1_85' title="bbox 1850 4020 3429 4093; baseline 0.004 -20"><span class='ocrx_word' id='word_1_619' title='bbox 1850 4020 1975 4091; x_wconf 91' lang='lat' dir='ltr'><strong>quia</strong></span> <span class='ocrx_word' id='word_1_620' title='bbox 2025 4035 2130 4075; x_wconf 89' lang='lat' dir='ltr'><strong>non</strong></span> <span class='ocrx_word' id='word_1_621' title='bbox 2178 4029 2262 4075; x_wconf 91' lang='lat' dir='ltr'><strong>est</strong></span> <span class='ocrx_word' id='word_1_622' title='bbox 2304 4020 2676 4083; x_wconf 89' lang='lat' dir='ltr'><strong>dominabilis,</strong></span> <span class='ocrx_word' id='word_1_623' title='bbox 2707 4034 2807 4075; x_wconf 91' lang='lat' dir='ltr'><strong>nec</strong></span> <span class='ocrx_word' id='word_1_624' title='bbox 2844 4021 3135 4091; x_wconf 86' lang='lat' dir='ltr'><strong>sapientia,</strong></span> <span class='ocrx_word' id='word_1_625' title='bbox 3159 4025 3284 4093; x_wconf 91' lang='lat' dir='ltr'><strong>quia</strong></span> <span class='ocrx_word' id='word_1_626' title='bbox 3323 4038 3429 4080; x_wconf 90' lang='lat' dir='ltr'><strong>non</strong></span> 
     </span>
    </p>
   </div>
   <div class='ocr_carea' id='block_1_86' title="bbox 1850 4111 3431 4184">
    <p class='ocr_par' dir='ltr' id='par_1_86' title="bbox 1850 4111 3431 4184">
     <span class='ocr_line' id='line_1_86' title="bbox 1850 4111 3431 4184; baseline 0.003 -20"><span class='ocrx_word' id='word_1_627' title='bbox 1850 4120 1936 4164; x_wconf 90' lang='lat' dir='ltr'><strong>est</strong></span> <span class='ocrx_word' id='word_1_628' title='bbox 1971 4111 2365 4173; x_wconf 86' lang='lat' dir='ltr'><strong>sustentabilis,</strong></span> <span class='ocrx_word' id='word_1_629' title='bbox 2408 4126 2506 4165; x_wconf 86' lang='lat' dir='ltr'><strong>nec</strong></span> <span class='ocrx_word' id='word_1_630' title='bbox 2535 4127 2720 4176; x_wconf 90' lang='lat' dir='ltr'><strong>unum,</strong></span> <span class='ocrx_word' id='word_1_631' title='bbox 2751 4112 2875 4179; x_wconf 84' lang='lat' dir='ltr'><strong>quia</strong></span> <span class='ocrx_word' id='word_1_632' title='bbox 2920 4127 3027 4167; x_wconf 88' lang='lat' dir='ltr'><strong>non</strong></span> <span class='ocrx_word' id='word_1_633' title='bbox 3070 4122 3151 4167; x_wconf 89' lang='lat' dir='ltr'><strong>est</strong></span> <span class='ocrx_word' id='word_1_634' title='bbox 3180 4114 3232 4167; x_wconf 89' lang='lat' dir='ltr'><strong>in</strong></span> <span class='ocrx_word' id='word_1_635' title='bbox 3276 4114 3431 4184; x_wconf 85' lang='lat' dir='ltr'><strong>plura</strong></span> 
     </span>
    </p>
   </div>
   <div class='ocr_carea' id='block_1_87' title="bbox 1852 4200 3432 4270">
    <p class='ocr_par' dir='ltr' id='par_1_87' title="bbox 1852 4200 3432 4270">
     <span class='ocr_line' id='line_1_87' title="bbox 1852 4200 3432 4270; baseline 0.004 -17"><span class='ocrx_word' id='word_1_636' title='bbox 1852 4200 2284 4270; x_wconf 89' lang='lat' dir='ltr'><strong>augmentabilis,</strong></span> <span class='ocrx_word' id='word_1_637' title='bbox 2313 4216 2413 4255; x_wconf 89' lang='lat' dir='ltr'><strong>nec</strong></span> <span class='ocrx_word' id='word_1_638' title='bbox 2442 4201 2642 4266; x_wconf 75' lang='lat' dir='ltr'><strong>imitas,</strong></span> <span class='ocrx_word' id='word_1_639' title='bbox 2672 4202 2796 4269; x_wconf 89' lang='lat' dir='ltr'><strong>quia</strong></span> <span class='ocrx_word' id='word_1_640' title='bbox 2832 4217 2936 4257; x_wconf 93' lang='lat' dir='ltr'><strong>non</strong></span> <span class='ocrx_word' id='word_1_641' title='bbox 2966 4212 3051 4258; x_wconf 88' lang='lat' dir='ltr'><strong>est</strong></span> <span class='ocrx_word' id='word_1_642' title='bbox 3077 4204 3432 4260; x_wconf 88' lang='lat' dir='ltr'><strong>materialiter</strong></span> 
     </span>
    </p>
   </div>
   <div class='ocr_carea' id='block_1_88' title="bbox 1852 4288 3431 4363">
    <p class='ocr_par' dir='ltr' id='par_1_88' title="bbox 1852 4288 3431 4363">
     <span class='ocr_line' id='line_1_88' title="bbox 1852 4288 3431 4363; baseline 0.004 -21"><span class='ocrx_word' id='word_1_643' title='bbox 1852 4288 2214 4355; x_wconf 88' lang='lat' dir='ltr'><strong>iudivisihilis,</strong></span> <span class='ocrx_word' id='word_1_644' title='bbox 2247 4305 2344 4344; x_wconf 92' lang='lat' dir='ltr'><strong>nec</strong></span> <span class='ocrx_word' id='word_1_645' title='bbox 2370 4299 2455 4343; x_wconf 90' lang='lat' dir='ltr'><strong>est</strong></span> <span class='ocrx_word' id='word_1_646' title='bbox 2484 4290 2654 4345; x_wconf 88' lang='lat' dir='ltr'><strong>dcitas</strong></span> <span class='ocrx_word' id='word_1_647' title='bbox 2677 4306 2708 4345; x_wconf 87' lang='lat' dir='ltr'><strong>a</strong></span> <span class='ocrx_word' id='word_1_648' title='bbox 2741 4292 2897 4346; x_wconf 85' lang='lat' dir='ltr'><strong>nobis</strong></span> <span class='ocrx_word' id='word_1_649' title='bbox 2934 4291 3309 4363; x_wconf 83' lang='lat' dir='ltr'><strong>intelligibilis,</strong></span> <span class='ocrx_word' id='word_1_650' title='bbox 3338 4309 3431 4349; x_wconf 91' lang='lat' dir='ltr'><strong>ne-</strong></span> 
     </span>
    </p>
   </div>
   <div class='ocr_carea' id='block_1_89' title="bbox 1851 4380 3431 4454">
    <p class='ocr_par' dir='ltr' id='par_1_89' title="bbox 1851 4380 3431 4454">
     <span class='ocr_line' id='line_1_89' title="bbox 1851 4380 3431 4454; baseline 0.004 -21"><span class='ocrx_word' id='word_1_651' title='bbox 1851 4395 1955 4450; x_wconf 91' lang='lat' dir='ltr'><strong>que</strong></span> <span class='ocrx_word' id='word_1_652' title='bbox 1984 4380 2216 4447; x_wconf 89' lang='lat' dir='ltr'><strong>bonitas,</strong></span> <span class='ocrx_word' id='word_1_653' title='bbox 2262 4382 2388 4451; x_wconf 86' lang='lat' dir='ltr'><strong>quia</strong></span> <span class='ocrx_word' id='word_1_654' title='bbox 2424 4397 2530 4435; x_wconf 88' lang='lat' dir='ltr'><strong>nou</strong></span> <span class='ocrx_word' id='word_1_655' title='bbox 2572 4392 2655 4437; x_wconf 86' lang='lat' dir='ltr'><strong>est</strong></span> <span class='ocrx_word' id='word_1_656' title='bbox 2702 4383 2933 4454; x_wconf 87' lang='lat' dir='ltr'><strong>qualitas</strong></span> <span class='ocrx_word' id='word_1_657' title='bbox 2976 4384 3297 4450; x_wconf 76' lang='lat' dir='ltr'><strong>iuiusibilis,</strong></span> <span class='ocrx_word' id='word_1_658' title='bbox 3329 4401 3431 4440; x_wconf 86' lang='lat' dir='ltr'><strong>nec</strong></span> 
     </span>
    </p>
   </div>
   <div class='ocr_carea' id='block_1_90' title="bbox 1850 4471 3430 4542">
    <p class='ocr_par' dir='ltr' id='par_1_90' title="bbox 1850 4471 3430 4542">
     <span class='ocr_line' id='line_1_90' title="bbox 1850 4471 3430 4542; baseline 0.005 -18"><span class='ocrx_word' id='word_1_659' title='bbox 1850 4471 2072 4540; x_wconf 88' lang='lat' dir='ltr'><strong>spiritus</strong></span> <span class='ocrx_word' id='word_1_660' title='bbox 2097 4486 2126 4526; x_wconf 91' lang='lat' dir='ltr'><strong>a</strong></span> <span class='ocrx_word' id='word_1_661' title='bbox 2158 4473 2311 4527; x_wconf 91' lang='lat' dir='ltr'><strong>nobis</strong></span> <span class='ocrx_word' id='word_1_662' title='bbox 2340 4471 2720 4542; x_wconf 84' lang='lat' dir='ltr'><strong>intelligibilis,</strong></span> <span class='ocrx_word' id='word_1_663' title='bbox 2764 4490 2866 4529; x_wconf 91' lang='lat' dir='ltr'><strong>nec</strong></span> <span class='ocrx_word' id='word_1_664' title='bbox 2914 4474 3103 4531; x_wconf 85' lang='lat' dir='ltr'><strong>ﬁliatio</strong></span> <span class='ocrx_word' id='word_1_665' title='bbox 3147 4476 3215 4531; x_wconf 90' lang='lat' dir='ltr'><strong>ab</strong></span> <span class='ocrx_word' id='word_1_666' title='bbox 3256 4476 3430 4532; x_wconf 86' lang='lat' dir='ltr'><strong>altero</strong></span> 
     </span>
    </p>
   </div>
   <div class='ocr_carea' id='block_1_91' title="bbox 173 4534 3434 4634">
    <p class='ocr_par' dir='ltr' id='par_1_91' title="bbox 173 4534 3434 4634">
     <span class='ocr_line' id='line_1_91' title="bbox 173 4534 3434 4634; baseline 0.01 -46"><span class='ocrx_word' id='word_1_667' title='bbox 173 4548 203 4584; x_wconf 83' lang='grc' dir='ltr'><em>α</em></span> <span class='ocrx_word' id='word_1_668' title='bbox 234 4534 406 4598; x_wconf 80' lang='lat' dir='ltr'><strong>nobis,</strong></span> <span class='ocrx_word' id='word_1_669' title='bbox 436 4546 526 4589; x_wconf 85' lang='lat' dir='ltr'><strong>aut</strong></span> <span class='ocrx_word' id='word_1_670' title='bbox 560 4537 623 4589; x_wconf 86' lang='lat' dir='ltr'><strong>ab</strong></span> <span class='ocrx_word' id='word_1_671' title='bbox 657 4537 763 4592; x_wconf 83' lang='lat' dir='ltr'><strong>alio</strong></span> <span class='ocrx_word' id='word_1_672' title='bbox 786 4541 1015 4610; x_wconf 87' lang='lat' dir='ltr'><strong>quodam</strong></span> <span class='ocrx_word' id='word_1_673' title='bbox 1039 4544 1365 4599; x_wconf 76' lang='lat' dir='ltr'><strong>existentium</strong></span> <span class='ocrx_word' id='word_1_674' title='bbox 1385 4588 1400 4613; x_wconf 94' lang='lat'><strong>,</strong></span> <span class='ocrx_word' id='word_1_675' title='bbox 1432 4566 1523 4603; x_wconf 89' lang='lat' dir='ltr'><strong>nec</strong></span> <span class='ocrx_word' id='word_1_676' title='bbox 1551 4552 1749 4621; x_wconf 86' lang='lat' dir='ltr'><strong>aliquid</strong></span> <span class='ocrx_word' id='word_1_677' title='bbox 1777 4568 1832 4628; x_wconf 79' lang='grc' dir='ltr'><strong>ι)</strong></span> <span class='ocrx_word' id='word_1_678' title='bbox 1855 4534 2200 4616; x_wconf 73' lang='lat' dir='ltr'><strong>subsistentia</strong></span> <span class='ocrx_word' id='word_1_679' title='bbox 2223 4561 2244 4594; x_wconf 81' lang='lat'>&#39;</span> <span class='ocrx_word' id='word_1_680' title='bbox 2272 4534 2625 4618; x_wconf 72' lang='lat' dir='ltr'><strong>materialiter</strong></span> <span class='ocrx_word' id='word_1_681' title='bbox 2649 4534 3047 4634; x_wconf 72' lang='lat' dir='ltr'><strong>producabilis,</strong></span> <span class='ocrx_word' id='word_1_682' title='bbox 3087 4580 3187 4620; x_wconf 89' lang='lat' dir='ltr'><strong>nec</strong></span> <span class='ocrx_word' id='word_1_683' title='bbox 3225 4576 3310 4622; x_wconf 88' lang='lat' dir='ltr'><strong>est</strong></span> <span class='ocrx_word' id='word_1_684' title='bbox 3336 4566 3434 4620; x_wconf 88' lang='lat' dir='ltr'><strong>ali-</strong></span> 
     </span>
    </p>
   </div>
   <div class='ocr_carea' id='block_1_92' title="bbox 172 4627 1748 4706">
    <p class='ocr_par' dir='ltr' id='par_1_92' title="bbox 172 4627 1748 4706">
     <span class='ocr_line' id='line_1_92' title="bbox 172 4627 1748 4706; baseline 0.016 -30"><span class='ocrx_word' id='word_1_685' title='bbox 172 4636 244 4677; x_wconf 87' lang='lat' dir='ltr'><strong>est</strong></span> <span class='ocrx_word' id='word_1_686' title='bbox 269 4627 620 4691; x_wconf 73' lang='lat' dir='ltr'><strong>existentium,</strong></span> <span class='ocrx_word' id='word_1_687' title='bbox 656 4646 819 4699; x_wconf 84' lang='lat' dir='ltr'><strong>neque</strong></span> <span class='ocrx_word' id='word_1_688' title='bbox 843 4632 1042 4703; x_wconf 88' lang='lat' dir='ltr'><strong>aliquid</strong></span> <span class='ocrx_word' id='word_1_689' title='bbox 1073 4643 1147 4687; x_wconf 88' lang='lat' dir='ltr'><strong>est</strong></span> <span class='ocrx_word' id='word_1_690' title='bbox 1174 4638 1451 4693; x_wconf 77' lang='lat' dir='ltr'><strong>essentiam</strong></span> <span class='ocrx_word' id='word_1_691' title='bbox 1471 4681 1485 4706; x_wconf 95' lang='lat'><strong>,</strong></span> <span class='ocrx_word' id='word_1_692' title='bbox 1522 4659 1613 4698; x_wconf 87' lang='lat' dir='ltr'><strong>nec</strong></span> <span class='ocrx_word' id='word_1_693' title='bbox 1633 4648 1748 4700; x_wconf 75' lang='lat' dir='ltr'><strong>exi-</strong></span> 
     </span>
    </p>
   </div>
   <div class='ocr_carea' id='block_1_93' title="bbox 172 4714 1745 4802">
    <p class='ocr_par' dir='ltr' id='par_1_93' title="bbox 172 4714 1745 4802">
     <span class='ocr_line' id='line_1_93' title="bbox 172 4714 1745 4802; baseline 0.015 -36"><span class='ocrx_word' id='word_1_694' title='bbox 172 4714 360 4768; x_wconf 86' lang='lat' dir='ltr'><strong>stentia</strong></span> <span class='ocrx_word' id='word_1_695' title='bbox 385 4716 553 4785; x_wconf 88' lang='lat' dir='ltr'><strong>ipsum</strong></span> <span class='ocrx_word' id='word_1_696' title='bbox 580 4731 895 4788; x_wconf 89' lang='lat' dir='ltr'><strong>cognoscunt</strong></span> <span class='ocrx_word' id='word_1_697' title='bbox 917 4738 1026 4776; x_wconf 89' lang='lat' dir='ltr'><strong>esse</strong></span> <span class='ocrx_word' id='word_1_698' title='bbox 1051 4726 1333 4797; x_wconf 79' lang='lat' dir='ltr'><strong>secundum</strong></span> <span class='ocrx_word' id='word_1_699' title='bbox 1353 4732 1492 4799; x_wconf 85' lang='lat' dir='ltr'><strong>quod</strong></span> <span class='ocrx_word' id='word_1_700' title='bbox 1512 4733 1625 4802; x_wconf 80' lang='lat' dir='ltr'><strong>ipsa</strong></span> <span class='ocrx_word' id='word_1_701' title='bbox 1649 4745 1745 4801; x_wconf 88' lang='lat' dir='ltr'><strong>est,</strong></span> 
     </span>
    </p>
   </div>
   <div class='ocr_carea' id='block_1_94' title="bbox 172 4810 1749 4896">
    <p class='ocr_par' dir='ltr' id='par_1_94' title="bbox 172 4810 1749 4896">
     <span class='ocr_line' id='line_1_94' title="bbox 172 4810 1749 4896; baseline 0.015 -39"><span class='ocrx_word' id='word_1_702' title='bbox 172 4820 264 4857; x_wconf 84' lang='lat' dir='ltr'><strong>nec</strong></span> <span class='ocrx_word' id='word_1_703' title='bbox 290 4810 549 4876; x_wconf 88' lang='lat' dir='ltr'><strong>cognoscit</strong></span> <span class='ocrx_word' id='word_1_704' title='bbox 583 4825 665 4877; x_wconf 90' lang='lat' dir='ltr'><strong>ea,</strong></span> <span class='ocrx_word' id='word_1_705' title='bbox 696 4827 831 4880; x_wconf 85' lang='lat' dir='ltr'><strong>quae</strong></span> <span class='ocrx_word' id='word_1_706' title='bbox 855 4822 974 4866; x_wconf 86' lang='lat' dir='ltr'><strong>sunt</strong></span> <span class='ocrx_word' id='word_1_707' title='bbox 993 4814 1285 4882; x_wconf 69' lang='lat' dir='ltr'><strong>existentia,</strong></span> <span class='ocrx_word' id='word_1_708' title='bbox 1307 4823 1589 4877; x_wconf 88' lang='lat' dir='ltr'><strong>secundum</strong></span> <span class='ocrx_word' id='word_1_709' title='bbox 1609 4828 1749 4896; x_wconf 87' lang='lat' dir='ltr'><strong>quod</strong></span> 
     </span>
    </p>
   </div>
   <div class='ocr_carea' id='block_1_95' title="bbox 170 4896 1750 4981">
    <p class='ocr_par' dir='ltr' id='par_1_95' title="bbox 170 4896 1750 4981">
     <span class='ocr_line' id='line_1_95' title="bbox 170 4896 1750 4981; baseline 0.016 -35"><span class='ocrx_word' id='word_1_710' title='bbox 170 4896 449 4949; x_wconf 72' lang='lat' dir='ltr'><strong>existentia</strong></span> <span class='ocrx_word' id='word_1_711' title='bbox 478 4908 629 4966; x_wconf 89' lang='lat' dir='ltr'><strong>sunt,</strong></span> <span class='ocrx_word' id='word_1_712' title='bbox 671 4916 764 4954; x_wconf 90' lang='lat' dir='ltr'><strong>nec</strong></span> <span class='ocrx_word' id='word_1_713' title='bbox 791 4902 925 4953; x_wconf 91' lang='lat' dir='ltr'><strong>ratio</strong></span> <span class='ocrx_word' id='word_1_714' title='bbox 950 4903 1111 4971; x_wconf 85' lang='lat' dir='ltr'><strong>ipsius</strong></span> <span class='ocrx_word' id='word_1_715' title='bbox 1152 4915 1263 4971; x_wconf 90' lang='lat' dir='ltr'><strong>est,</strong></span> <span class='ocrx_word' id='word_1_716' title='bbox 1294 4925 1385 4963; x_wconf 87' lang='lat' dir='ltr'><strong>nec</strong></span> <span class='ocrx_word' id='word_1_717' title='bbox 1412 4924 1616 4981; x_wconf 80' lang='lat' dir='ltr'><strong>nonien,</strong></span> <span class='ocrx_word' id='word_1_718' title='bbox 1658 4933 1750 4972; x_wconf 91' lang='lat' dir='ltr'><strong>nec</strong></span> 
     </span>
    </p>
   </div>
   <div class='ocr_carea' id='block_1_96' title="bbox 168 4986 1751 5068">
    <p class='ocr_par' dir='ltr' id='par_1_96' title="bbox 168 4986 1751 5068">
     <span class='ocr_line' id='line_1_96' title="bbox 168 4986 1751 5068; baseline 0.017 -30"><span class='ocrx_word' id='word_1_719' title='bbox 168 4986 419 5056; x_wconf 82' lang='lat' dir='ltr'><strong>cognitio,</strong></span> <span class='ocrx_word' id='word_1_720' title='bbox 448 5006 537 5043; x_wconf 90' lang='lat' dir='ltr'><strong>nec</strong></span> <span class='ocrx_word' id='word_1_721' title='bbox 559 4992 824 5057; x_wconf 88' lang='lat' dir='ltr'><strong>tenebrae,</strong></span> <span class='ocrx_word' id='word_1_722' title='bbox 847 5008 937 5046; x_wconf 88' lang='lat' dir='ltr'><strong>nec</strong></span> <span class='ocrx_word' id='word_1_723' title='bbox 957 4993 1151 5059; x_wconf 83' lang='lat' dir='ltr'><strong>lumen,</strong></span> <span class='ocrx_word' id='word_1_724' title='bbox 1182 5015 1274 5052; x_wconf 87' lang='lat' dir='ltr'><strong>nec</strong></span> <span class='ocrx_word' id='word_1_725' title='bbox 1295 5016 1458 5068; x_wconf 87' lang='lat' dir='ltr'><strong>error,</strong></span> <span class='ocrx_word' id='word_1_726' title='bbox 1502 5023 1593 5061; x_wconf 89' lang='lat' dir='ltr'><strong>nec</strong></span> <span class='ocrx_word' id='word_1_727' title='bbox 1618 5010 1751 5063; x_wconf 86' lang='lat' dir='ltr'><strong>veri-</strong></span> 
     </span>
    </p>
   </div>
   <div class='ocr_carea' id='block_1_97' title="bbox 167 5079 1752 5164">
    <p class='ocr_par' dir='ltr' id='par_1_97' title="bbox 167 5079 1752 5164">
     <span class='ocr_line' id='line_1_97' title="bbox 167 5079 1752 5164; baseline 0.018 -35"><span class='ocrx_word' id='word_1_728' title='bbox 167 5079 271 5141; x_wconf 84' lang='lat' dir='ltr'><strong>tas,</strong></span> <span class='ocrx_word' id='word_1_729' title='bbox 301 5095 396 5133; x_wconf 85' lang='lat' dir='ltr'><strong>nec</strong></span> <span class='ocrx_word' id='word_1_730' title='bbox 425 5084 730 5162; x_wconf 73' lang='lat' dir='ltr'><strong>uniuersalis</strong></span> <span class='ocrx_word' id='word_1_731' title='bbox 760 5084 922 5153; x_wconf 85' lang='lat' dir='ltr'><strong>ipsius</strong></span> <span class='ocrx_word' id='word_1_732' title='bbox 949 5085 971 5117; x_wconf 82' lang='lat'><strong>&#39;</strong></span> <span class='ocrx_word' id='word_1_733' title='bbox 1006 5090 1223 5155; x_wconf 81' lang='lat' dir='ltr'><strong>positio,</strong></span> <span class='ocrx_word' id='word_1_734' title='bbox 1262 5108 1354 5145; x_wconf 84' lang='lat' dir='ltr'><strong>nec</strong></span> <span class='ocrx_word' id='word_1_735' title='bbox 1397 5098 1621 5164; x_wconf 88' lang='lat' dir='ltr'><strong>ablatio,</strong></span> <span class='ocrx_word' id='word_1_736' title='bbox 1662 5103 1752 5157; x_wconf 84' lang='lat' dir='ltr'><strong>sed</strong></span> 
     </span>
    </p>
   </div>
   <div class='ocr_carea' id='block_1_98' title="bbox 165 5175 1752 5249">
    <p class='ocr_par' dir='ltr' id='par_1_98' title="bbox 165 5175 1752 5249">
     <span class='ocr_line' id='line_1_98' title="bbox 165 5175 1752 5249; baseline 0.019 -32"><span class='ocrx_word' id='word_1_737' title='bbox 165 5182 376 5233; x_wconf 86' lang='lat' dir='ltr'><strong>eorum,</strong></span> <span class='ocrx_word' id='word_1_738' title='bbox 404 5186 520 5239; x_wconf 73' lang='lat' dir='ltr'><strong>qua:</strong></span> <span class='ocrx_word' id='word_1_739' title='bbox 545 5183 664 5226; x_wconf 88' lang='lat' dir='ltr'><strong>sunt</strong></span> <span class='ocrx_word' id='word_1_740' title='bbox 693 5182 905 5243; x_wconf 88' lang='lat' dir='ltr'><strong>praeter</strong></span> <span class='ocrx_word' id='word_1_741' title='bbox 924 5175 1088 5244; x_wconf 89' lang='lat' dir='ltr'><strong>ipsam</strong></span> <span class='ocrx_word' id='word_1_742' title='bbox 1107 5218 1121 5243; x_wconf 95' lang='lat'><strong>,</strong></span> <span class='ocrx_word' id='word_1_743' title='bbox 1159 5180 1437 5249; x_wconf 86' lang='lat' dir='ltr'><strong>positiones</strong></span> <span class='ocrx_word' id='word_1_744' title='bbox 1457 5200 1505 5245; x_wconf 88' lang='lat' dir='ltr'><strong>et</strong></span> <span class='ocrx_word' id='word_1_745' title='bbox 1532 5188 1752 5246; x_wconf 81' lang='lat' dir='ltr'><strong>ablatio-</strong></span> 
     </span>
    </p>
   </div>
   <div class='ocr_carea' id='block_1_99' title="bbox 168 5258 842 5304">
    <p class='ocr_par' dir='ltr' id='par_1_99' title="bbox 168 5258 842 5304">
     <span class='ocr_line' id='line_1_99' title="bbox 168 5258 842 5304; baseline 0 -4"><span class='ocrx_word' id='word_1_746' title='bbox 168 5272 257 5300; x_wconf 69' lang='grc' dir='ltr'><strong>’νο</strong></span> <span class='ocrx_word' id='word_1_747' title='bbox 288 5258 535 5304; x_wconf 56' lang='lat' dir='ltr'><strong>faris-Ioc</strong></span> <span class='ocrx_word' id='word_1_748' title='bbox 561 5265 728 5298; x_wconf 60' lang='grc' dir='ltr'><strong>δοιοί-*⁸</strong></span> <span class='ocrx_word' id='word_1_749' title='bbox 785 5279 810 5284; x_wconf 86' lang='grc'>”</span> <span class='ocrx_word' id='word_1_750' title='bbox 832 5279 842 5282; x_wconf 69' lang='grc'><strong>⁸</strong></span> 
     </span>
    </p>
   </div>
   <div class='ocr_carea' id='block_1_100' title="bbox 1856 4654 3431 4727">
    <p class='ocr_par' dir='ltr' id='par_1_100' title="bbox 1856 4654 3431 4727">
     <span class='ocr_line' id='line_1_100' title="bbox 1856 4654 3431 4727; baseline 0.004 -21"><span class='ocrx_word' id='word_1_751' title='bbox 1856 4654 1982 4722; x_wconf 88' lang='lat' dir='ltr'><strong>quid</strong></span> <span class='ocrx_word' id='word_1_752' title='bbox 2012 4654 2282 4724; x_wconf 86' lang='lat' dir='ltr'><strong>cognitum</strong></span> <span class='ocrx_word' id='word_1_753' title='bbox 2312 4670 2342 4707; x_wconf 91' lang='lat' dir='ltr'><strong>a</strong></span> <span class='ocrx_word' id='word_1_754' title='bbox 2368 4655 2521 4709; x_wconf 91' lang='lat' dir='ltr'><strong>nobis</strong></span> <span class='ocrx_word' id='word_1_755' title='bbox 2537 4655 2715 4724; x_wconf 87' lang='lat' dir='ltr'><strong>plene,</strong></span> <span class='ocrx_word' id='word_1_756' title='bbox 2741 4654 2823 4709; x_wconf 91' lang='lat' dir='ltr'><strong>vel</strong></span> <span class='ocrx_word' id='word_1_757' title='bbox 2849 4656 2916 4708; x_wconf 91' lang='lat' dir='ltr'><strong>ab</strong></span> <span class='ocrx_word' id='word_1_758' title='bbox 2941 4656 3120 4727; x_wconf 90' lang='lat' dir='ltr'><strong>aliquo</strong></span> <span class='ocrx_word' id='word_1_759' title='bbox 3141 4656 3431 4722; x_wconf 78' lang='lat' dir='ltr'><strong>existente,</strong></span> 
     </span>
    </p>
   </div>
   <div class='ocr_carea' id='block_1_101' title="bbox 1855 4744 3433 4816">
    <p class='ocr_par' dir='ltr' id='par_1_101' title="bbox 1855 4744 3433 4816">
     <span class='ocr_line' id='line_1_101' title="bbox 1855 4744 3433 4816; baseline 0.003 -18"><span class='ocrx_word' id='word_1_760' title='bbox 1855 4758 1950 4798; x_wconf 88' lang='lat' dir='ltr'><strong>seu</strong></span> <span class='ocrx_word' id='word_1_761' title='bbox 1979 4745 2215 4808; x_wconf 87' lang='lat' dir='ltr'><strong>homine,</strong></span> <span class='ocrx_word' id='word_1_762' title='bbox 2244 4744 2326 4798; x_wconf 86' lang='lat' dir='ltr'><strong>vel</strong></span> <span class='ocrx_word' id='word_1_763' title='bbox 2353 4745 2562 4815; x_wconf 87' lang='lat' dir='ltr'><strong>angelo,</strong></span> <span class='ocrx_word' id='word_1_764' title='bbox 2595 4760 2693 4800; x_wconf 89' lang='lat' dir='ltr'><strong>nec</strong></span> <span class='ocrx_word' id='word_1_765' title='bbox 2716 4753 2801 4799; x_wconf 88' lang='lat' dir='ltr'><strong>est</strong></span> <span class='ocrx_word' id='word_1_766' title='bbox 2829 4746 3032 4816; x_wconf 82' lang='lat' dir='ltr'><strong>aliquid</strong></span> <span class='ocrx_word' id='word_1_767' title='bbox 3060 4763 3168 4802; x_wconf 91' lang='lat' dir='ltr'><strong>non</strong></span> <span class='ocrx_word' id='word_1_768' title='bbox 3197 4750 3433 4803; x_wconf 80' lang='lat' dir='ltr'><strong>existen-</strong></span> 
     </span>
    </p>
   </div>
   <div class='ocr_carea' id='block_1_102' title="bbox 1855 4833 3431 4904">
    <p class='ocr_par' dir='ltr' id='par_1_102' title="bbox 1855 4833 3431 4904">
     <span class='ocr_line' id='line_1_102' title="bbox 1855 4833 3431 4904; baseline 0.005 -18"><span class='ocrx_word' id='word_1_769' title='bbox 1855 4833 1991 4887; x_wconf 92' lang='lat' dir='ltr'><strong>tium</strong></span> <span class='ocrx_word' id='word_1_770' title='bbox 2034 4834 2488 4900; x_wconf 86' lang='lat' dir='ltr'><strong>intellectualiter,</strong></span> <span class='ocrx_word' id='word_1_771' title='bbox 2517 4836 2597 4890; x_wconf 90' lang='lat' dir='ltr'><strong>vel</strong></span> <span class='ocrx_word' id='word_1_772' title='bbox 2639 4835 2841 4904; x_wconf 88' lang='lat' dir='ltr'><strong>aliquid</strong></span> <span class='ocrx_word' id='word_1_773' title='bbox 2883 4838 3231 4893; x_wconf 85' lang='lat' dir='ltr'><strong>existentium</strong></span> <span class='ocrx_word' id='word_1_774' title='bbox 3259 4849 3431 4894; x_wconf 84' lang='lat' dir='ltr'><strong>mate-</strong></span> 
     </span>
    </p>
   </div>
   <div class='ocr_carea' id='block_1_103' title="bbox 1856 4922 3436 4996">
    <p class='ocr_par' dir='ltr' id='par_1_103' title="bbox 1856 4922 3436 4996">
     <span class='ocr_line' id='line_1_103' title="bbox 1856 4922 3436 4996; baseline 0.006 -21"><span class='ocrx_word' id='word_1_775' title='bbox 1856 4922 2093 4986; x_wconf 86' lang='lat' dir='ltr'><strong>rialiter,</strong></span> <span class='ocrx_word' id='word_1_776' title='bbox 2135 4940 2234 4978; x_wconf 88' lang='lat' dir='ltr'><strong>nec</strong></span> <span class='ocrx_word' id='word_1_777' title='bbox 2257 4925 2545 4980; x_wconf 78' lang='lat' dir='ltr'><strong>existentia</strong></span> <span class='ocrx_word' id='word_1_778' title='bbox 2578 4927 2750 4996; x_wconf 88' lang='lat' dir='ltr'><strong>ipsum</strong></span> <span class='ocrx_word' id='word_1_779' title='bbox 2772 4938 3110 4996; x_wconf 82' lang='lat' dir='ltr'><strong>cognoscunt</strong></span> <span class='ocrx_word' id='word_1_780' title='bbox 3138 4931 3436 4984; x_wconf 86' lang='lat' dir='ltr'><strong>secundum</strong></span> 
     </span>
    </p>
   </div>
   <div class='ocr_carea' id='block_1_104' title="bbox 1855 5013 3438 5088">
    <p class='ocr_par' dir='ltr' id='par_1_104' title="bbox 1855 5013 3438 5088">
     <span class='ocr_line' id='line_1_104' title="bbox 1855 5013 3438 5088; baseline 0.006 -24"><span class='ocrx_word' id='word_1_781' title='bbox 1855 5013 1997 5080; x_wconf 86' lang='lat' dir='ltr'><strong>quod</strong></span> <span class='ocrx_word' id='word_1_782' title='bbox 2025 5013 2136 5081; x_wconf 89' lang='lat' dir='ltr'><strong>ipse</strong></span> <span class='ocrx_word' id='word_1_783' title='bbox 2164 5024 2268 5079; x_wconf 89' lang='lat' dir='ltr'><strong>est,</strong></span> <span class='ocrx_word' id='word_1_784' title='bbox 2300 5030 2397 5069; x_wconf 89' lang='lat' dir='ltr'><strong>nec</strong></span> <span class='ocrx_word' id='word_1_785' title='bbox 2429 5016 2543 5085; x_wconf 91' lang='lat' dir='ltr'><strong>ipse</strong></span> <span class='ocrx_word' id='word_1_786' title='bbox 2572 5019 2847 5087; x_wconf 85' lang='lat' dir='ltr'><strong>cognoscit</strong></span> <span class='ocrx_word' id='word_1_787' title='bbox 2875 5035 2939 5074; x_wconf 88' lang='lat' dir='ltr'><strong>ea</strong></span> <span class='ocrx_word' id='word_1_788' title='bbox 2969 5020 3263 5075; x_wconf 90' lang='lat' dir='ltr'><strong>secundum</strong></span> <span class='ocrx_word' id='word_1_789' title='bbox 3294 5022 3438 5088; x_wconf 87' lang='lat' dir='ltr'><strong>quod</strong></span> 
     </span>
    </p>
   </div>
   <div class='ocr_carea' id='block_1_105' title="bbox 1855 5102 3439 5179">
    <p class='ocr_par' dir='ltr' id='par_1_105' title="bbox 1855 5102 3439 5179">
     <span class='ocr_line' id='line_1_105' title="bbox 1855 5102 3439 5179; baseline 0.003 -24"><span class='ocrx_word' id='word_1_790' title='bbox 1855 5102 1970 5170; x_wconf 89' lang='lat' dir='ltr'><strong>ipsa</strong></span> <span class='ocrx_word' id='word_1_791' title='bbox 2004 5104 2240 5158; x_wconf 81' lang='lat' dir='ltr'><strong>existunt</strong></span> <span class='ocrx_word' id='word_1_792' title='bbox 2273 5107 2325 5159; x_wconf 93' lang='lat' dir='ltr'><strong>in</strong></span> <span class='ocrx_word' id='word_1_793' title='bbox 2352 5119 2409 5160; x_wconf 85' lang='lat' dir='ltr'><strong>se</strong></span> <span class='ocrx_word' id='word_1_794' title='bbox 2444 5106 2595 5176; x_wconf 88' lang='lat' dir='ltr'><strong>ipsis,</strong></span> <span class='ocrx_word' id='word_1_795' title='bbox 2628 5107 2721 5161; x_wconf 90' lang='lat' dir='ltr'><strong>sed</strong></span> <span class='ocrx_word' id='word_1_796' title='bbox 2745 5111 3042 5165; x_wconf 89' lang='lat' dir='ltr'><strong>secundum</strong></span> <span class='ocrx_word' id='word_1_797' title='bbox 3063 5109 3207 5179; x_wconf 91' lang='lat' dir='ltr'><strong>quod</strong></span> <span class='ocrx_word' id='word_1_798' title='bbox 3232 5118 3357 5162; x_wconf 90' lang='lat' dir='ltr'><strong>sunt</strong></span> <span class='ocrx_word' id='word_1_799' title='bbox 3382 5110 3439 5161; x_wconf 88' lang='lat' dir='ltr'><strong>in</strong></span> 
     </span>
    </p>
   </div>
   <div class='ocr_carea' id='block_1_106' title="bbox 1856 5194 3437 5270">
    <p class='ocr_par' dir='ltr' id='par_1_106' title="bbox 1856 5194 3437 5270">
     <span class='ocr_line' id='line_1_106' title="bbox 1856 5194 3437 5270; baseline 0.001 -23"><span class='ocrx_word' id='word_1_800' title='bbox 1856 5194 2042 5250; x_wconf 86' lang='lat' dir='ltr'><strong>verbo.</strong></span> <span class='ocrx_word' id='word_1_801' title='bbox 2087 5194 2221 5249; x_wconf 85' lang='lat' dir='ltr'><strong>Item</strong></span> <span class='ocrx_word' id='word_1_802' title='bbox 2263 5211 2360 5253; x_wconf 91' lang='lat' dir='ltr'><strong>nec</strong></span> <span class='ocrx_word' id='word_1_803' title='bbox 2404 5210 2489 5253; x_wconf 85' lang='lat' dir='ltr'><strong>est</strong></span> <span class='ocrx_word' id='word_1_804' title='bbox 2534 5200 2702 5270; x_wconf 89' lang='lat' dir='ltr'><strong>ipsius</strong></span> <span class='ocrx_word' id='word_1_805' title='bbox 2739 5201 3019 5255; x_wconf 79' lang='lat' dir='ltr'><strong>rationalis</strong></span> <span class='ocrx_word' id='word_1_806' title='bbox 3060 5198 3437 5267; x_wconf 84' lang='lat' dir='ltr'><strong>investigatio,</strong></span> 
     </span>
    </p>
   </div>
  </div>
