4028 6274
578 317 692 375 385

1949 315 2232 373 JOANNIS
2267 317 2462 374 SCOTI

3718 326 3840 381 εει

584 431 700 494 sio,
743 442 845 485 nec
867 435 951 484 est
982 428 1235 486 tenebrae
1262 429 1522 487 alumine
1561 430 1903 498 deﬁcientes,
1944 447 2043 488 nec
2071 441 2154 488 est
2182 438 2227 496 Α
2259 431 2374 502 ipso
2399 430 2723 498 auferimus,
2753 431 2926 504 ipsum
2947 441 3130 490 tamen
3163 447 3439 506 nunquam
3467 433 3717 504 ponimus
3741 439 3832 491 vel

578 524 764 580 lumen
791 523 1141 592 intelligibile,
1171 539 1273 580 nec
1304 532 1391 579 est
1427 536 1609 588 error,
1637 537 1744 594 quo
1774 523 1984 580 animus
2009 524 2156 580 deci-

575 609 759 678 piatur
792 623 892 665 nec
939 609 1160 675 veritas,
1201 624 1304 680 qua
1333 609 1354 641 ί
1381 623 1480 665 sua
1506 607 1769 664 industria
1797 611 2013 664 animus
2041 607 2162 664 illu-

581 699 816 753 minatur
836 698 879 753 ⁸.
909 707 964 754 et
991 699 1212 753 omnino
1233 698 1372 752 nulla
1385 706 1469 754 est
1480 696 1596 768 ejus
1620 698 1814 769 positio
1831 697 1915 753 vel
1937 697 2160 758 ablatio.

577 787 687 846 Sed
713 800 891 846 tamen
931 805 1284 859 quaecunque
1311 789 1415 846 alia
1439 791 1507 846 de
1535 791 1650 861 ipso
1677 789 1944 860 ponimus,
1968 787 2052 844 vel
2085 776 2166 844 ab

2256 524 2551 580 auferimus
2572 565 2588 590 ,
2632 526 2883 595 quoniam
2927 541 3089 598 super
3114 527 3434 597 positionem
3479 534 3563 581 est
3590 525 3832 595 perfecta

2255 616 2493 670 omnium
2535 631 2728 682 causa,
2771 625 2827 672 et
2871 633 3032 688 super
3077 618 3399 673 ablationem
3443 626 3528 673 est
3573 631 3834 676 excessus

2255 704 2375 776 ejus
2401 706 2470 761 ab
2499 709 2752 764 omnibus
2777 717 2834 764 et
2859 723 3020 778 super
3048 708 3228 763 omnia
3265 706 3565 764 absolutus.
3599 705 3831 778 Explica}

2254 813 2384 867 opus
2414 799 2635 854 multum
2662 799 2807 866 utile,
2839 810 2886 854 et
2917 801 3191 854 obscurum
3218 797 3387 854 valde.

1855 959 2111 1017 vanus
2145 937 2524 1018 LECTlONES
2569 1047 2576 1052 .

654 1077 672 1108 ⁸
698 1074 788 1134 Sic
816 1078 938 1134 eod.

1012 1078 1034 1110 ⁸
1059 1077 1238 1149 Conj.,
1267 1078 1386 1134 cod.
1414 1079 1693 1134 insb’atur.

583 1229 1378 1264 ΜΞ

1378 1253 2909 1464 “mssa;

2909 1233 3824 1252 ﬂ

3003 1252 3230 1254 VVHW,’
3365 1252 3574 1254 "sit
3625 1252 3666 1254 __
3699 1252 3714 1254 κ

1981 1530 2428 1608 HOMILIA

865 1678 974 1807 ΙΝ
1047 1680 1586 1807 PROLOGUM
1664 1677 1751 1803 S.
1832 1675 2370 1831 EVANGELII
2445 1671 2960 1812 SECUNDUM
3029 1674 3523 1803 JOANNEM.

1918 1863 2094 1944 (en.
2138 1865 2210 1932 1,
2237 1862 2477 1941 1—1t.)

575 2014 646 2068 Ex
673 2017 781 2065 eod.
821 2028 906 2064 ms.
943 2015 1280 2066 bibliothecae
1305 2014 1672 2066 Alencouieusis
1695 2014 1874 2076 primus
1895 2013 2048 2062 edidit
2071 2013 2134 2062 Μ.
2162 2012 2299 2076 Peli;
2326 2012 2602 2076 llavaisson,
2622 2015 2726 2076 nep

2728 2017 2877 2075 parte
2896 2024 2984 2062 sur
3015 2010 3082 2062 les
3115 2009 3579 2075 bibliotlmqueedes
3595 2011 3824 2073 άέμπιρ.

631 2082 783 2140 merits
807 2077 868 2140 de
891 2077 1089 2129 l’Ouest.
1117 2076 1278 2134 Paris,
1305 2079 1441 2136 18H,
1470 2091 1577 2136 pag.
1601 2079 1662 2125 55
1672 2072 1819 2138 l'sq.;
1843 2078 2007 2126 denuo
2029 2075 2229 2124 excudit
2251 2074 2312 2125 Μ.
2337 2075 2642 2126 Saiut-ﬁeué
2665 2072 2986 2136 Taillaudier,
3009 2075 3123 2125 δῖοι
3145 2072 3421 2136 ενὶςιὲηεά
3451 2072 3500 2123 ια

628 2137 977 2202 scholastique,
1004 2139 1210 2202 Strasb.,
1240 2139 1373 2202 tam,
1396 2153 1502 2201 pag.
1537 2140 1628 2189 s99
1652 2151 1762 2200 sqq.

571 2345 834 2416 Omeit'a
910 2343 1198 2473 Joannis.
1261 2343 1443 2473 Sexti
1529 2341 1958 2473 trqns'latort's

965 2440 1277 2509 rarcht'ae
1323 2440 1636 2529 Dionysii
1697 2440 1743 2508 '.

647 2606 763 2661 Vox
796 2604 1094 2674 spiritualis
1131 2605 1342 2674 aquilae
1383 2605 1622 2659 auditum
1653 2587 1828 2673 pulsat
1851 2600 2142 2657 Ecclesiae.

571 2695 825 2750 Extet'ior
853 2709 1048 2748 sensus
1069 2703 1434 2750 transeuntem
1459 2696 1689 2764 accipiat
1710 2694 1973 2758 sonitum;
2006 2693 2147 2746 inte-

569 2785 684 2837 rior
711 2782 923 2836 animus
951 2795 1254 2838 manentem
1286 2793 1531 2853 penetret
1552 2783 1900 2844 intellectum.
1933 2781 2047 2835 Vox
2069 2780 2148 2834 al-

563 2873 718 2928 tividi
749 2873 984 2928 volatilis
1004 2914 1020 2938 ,
1061 2890 1166 2930 non
1193 2890 1317 2929 aera
1347 2890 1666 2945 corporeum
1696 2875 1776 2929 vel
1809 2876 2028 2930 aethera
2060 2871 2146 2928 vel

566 2963 734 3019 totius
781 2964 1051 3019 sensibilis
1102 2965 1285 3019 mundi
1344 2966 1605 3019 ambitum
1675 2965 2144 3034 supervolitantis,

566 3058 660 3114 sed
687 3071 902 3111 omnem
953 3055 1215 3109 theoriam
1236 3097 1250 3118 ,
1287 3055 1428 3109 ultra
1478 3055 1656 3110 omnia
1679 3095 1694 3119 ,
1724 3071 1864 3124 quae
1890 3064 2050 3119 sunt,
2091 3063 2147 3109 et

566 3164 706 3219 quae
737 3163 840 3202 non
881 3156 1038 3211 sunt,
1067 3147 1301 3202 citivolis
1350 3139 1582 3202 intimae
1611 3147 1914 3217 theologiae
1955 3145 2144 3215 pennis

563 3241 899 3296 clarissimae
951 3253 1288 3307 snperaeque
1342 3238 1811 3307 contemplationis
1871 3237 2147 3296 obtutibus

565 3329 1022 3386 trauseeudcutis.
1055 3329 1187 3383 Dico
1209 3337 1387 3382 autem
1412 3344 1550 3398 quae
1575 3338 1732 3392 sunt,
1759 3343 1897 3399 quae
1919 3330 2032 3383 sive
2052 3329 2146 3382 hu-

567 3437 788 3477 manum
819 3421 935 3475 sive
957 3420 1262 3490 angelicum
1288 3435 1393 3475 non
1417 3421 1636 3475 omnino
1672 3420 1880 3490 fugiunt
1903 3434 2144 3485 sensum,

563 3526 687 3568 cum
718 3521 839 3582 post
865 3511 1033 3566 Deum
1072 3510 1212 3575 sint,
1260 3519 1316 3564 et
1349 3525 1534 3565 eorum
1582 3526 1894 3574 numerum,
1917 3525 2055 3580 quae
2075 3511 2143 3567 ab

565 3619 670 3658 una
689 3601 928 3656 omnium
946 3616 1107 3656 causa
1128 3601 1340 3655 condita
1363 3609 1490 3656 sunt
1509 3641 1524 3664 ,
1548 3616 1652 3654 non
1679 3601 1974 3666 excedant;
2004 3615 2142 3669 quae

2037 2341 2142 2412 1ο-
2177 2340 2220 2399 Β
2247 2338 2495 2395 humanis
2509 2338 2778 2394 mentibus
2797 2354 2861 2395 ac
2882 2339 3130 2396 sensibus
3145 2337 3426 2397 intimare?
3447 2337 3564 2405 Dic,
3590 2353 3822 2408 quaeso,

2248 2430 2332 2484 cui
2365 2437 2512 2484 tanta
2543 2445 2605 2483 ac
2629 2429 2752 2484 talis
2789 2440 2871 2485 est
2911 2431 3107 2485 donata
3147 2431 3354 2500 gratia?
3401 2431 3670 2486 Fortassis
3699 2433 3822 2500 quis

2246 2518 2387 2573 dicet
2417 2533 2435 2571 :
2465 2533 2675 2573 summo
2703 2519 2892 2574 vertici
2932 2519 3333 2589 apostolorum,
3364 2520 3524 2574 Petro
3547 2519 3703 2582 dico,
3733 2521 3823 2589 qui

2244 2607 2472 2663 Domino
2502 2609 2882 2679 interroganti,
2913 2625 3070 2678 quem
3113 2623 3170 2664 se
3197 2624 3316 2664 esse
3345 2609 3707 2672 existimaret,
3738 2625 3821 2664 re-

2245 2699 2460 2770 spondit
2491 2713 2506 2752 :
2542 2717 2560 2749 ι
2597 2697 2675 2752 Tu
2710 2714 2768 2753 es
2791 2698 3038 2754 Christus
3063 2698 3229 2754 Filius
3257 2700 3349 2754 Dei
3376 2700 3479 2754 vivi
3511 2721 3556 2752 ι.
3586 2699 3695 2755 Sed
3719 2715 3820 2754 non

2249 2799 2450 2846 temere
2474 2832 2488 2856 ,
2525 2799 2588 2845 ut
2610 2791 2822 2860 opinor,
2842 2791 2972 2860 quis
2995 2791 3219 2856 dixerit,
3241 2791 3362 2860 plus
3386 2791 3438 2846 iu
3465 2801 3588 2862 typo
3617 2791 3741 2846 ﬁdei
3767 2801 3820 2846 et

2247 2879 2510 2944 actionis,
2546 2895 2706 2948 quam
2745 2879 3000 2935 scientiae
3022 2893 3076 2934 et
3101 2881 3564 2949 contemplationis
3602 2880 3819 2936 Petrum

2247 2969 2370 3023 talia
2393 2969 2592 3023 dixisse
2610 3009 2624 3033 ,
2649 2983 2710 3022 ea
2731 2969 2936 3022 scilicet
2964 2969 3200 3034 ratione,
3226 2985 3332 3038 qua
3354 2969 3545 3024 Petrus
3567 2969 3621 3023 in
3647 2969 3817 3023 forma

2245 3060 2472 3114 actionis
2521 3075 2585 3113 ac
2631 3059 2750 3114 ﬁdei
2803 3059 3049 3129 ponitur,
3080 3057 3313 3115 Joannes
3357 3068 3533 3115 autem
3578 3069 3823 3115 contem-

2243 3149 2494 3220 plationis
2534 3159 2698 3219 atque
2741 3149 3000 3204 scientiae
3050 3158 3232 3222 typum
3265 3149 3525 3204 imitatur.
3566 3148 3722 3204 Unus
3751 3149 3820 3204 si-

2244 3241 2460 3310 quidem
2491 3241 2843 3296 decumbebat
2870 3256 3030 3310 super
3065 3251 3250 3310 pectus
3290 3241 3650 3306 Dominicum,
3680 3242 3823 3312 quod

2243 3341 2330 3387 est
2355 3331 2826 3402 contemplationis
2862 3340 3261 3386 sacramentum
3284 3372 3300 3396 ,
3337 3331 3472 3386 alter
3495 3345 3660 3400 saepe
3691 3332 3820 3386 titu-

2243 3423 2434 3488 babat,
2459 3424 2610 3493 quasi
2633 3423 2870 3493 trepidae
2889 3423 3116 3478 actionis
3135 3422 3458 3495 symbolum.
3484 3423 3647 3477 Actio
3673 3438 3821 3476 nam-

2241 3531 2347 3586 que
2386 3515 2764 3570 mandatorum
2796 3514 3140 3578 divinorum,
3191 3514 3503 3583 priusquam
3539 3514 3823 3585 perveniat

2245 3601 2297 3656 in
2329 3601 2569 3656 habitum
2589 3642 2604 3667 ,
2630 3616 2794 3670 puras
2815 3601 3101 3669 aliquando
3126 3600 3383 3656 discernit
3411 3601 3622 3668 species
3652 3599 3821 3654 virtu.

563 3711 696 3749 vero
739 3709 846 3748 non
895 3701 1052 3757 sunt,
1081 3708 1219 3761 quae
1258 3691 1499 3762 profecto
1532 3707 1722 3747 omnes
1766 3691 2148 3762 intelligentiae
2174 3685 2218 3748 C
2251 3697 2392 3754 tum,
2423 3691 2710 3761 aliquando
2735 3691 2938 3745 fallitur
2957 3691 3073 3761 ejus
3089 3690 3384 3761 judicium.
3411 3691 3714 3746 carnalium
3736 3706 3823 3746 eoo

563 3785 709 3840 vires
739 3785 1068 3854 relinquunt.
1094 3783 1410 3855 Supervolat
1441 3784 1620 3853 itaque
1647 3782 1836 3838 beatus
1864 3783 2140 3854 theologus

561 3873 802 3929 Joannes
841 3889 945 3928 non
987 3873 1160 3930 solum
1197 3889 1335 3942 quae
1385 3872 1609 3942 intelligi
1660 3886 1724 3926 ac
1760 3871 1860 3926 dici
1893 3878 2140 3942 possunt,

565 3979 757 4020 verum
785 3963 949 4018 etiam
978 3964 1032 4018 in
1059 3979 1144 4027 ea,
1183 3978 1320 4033 quae
1357 3971 1612 4032 superant
1638 3976 1854 4017 omnem
1897 3958 2142 4014 intellec-

563 4065 680 4110 tum
715 4065 772 4110 et
794 4055 1242 4126 signiﬁcationem
1261 4095 1276 4120 ,
1309 4054 1716 4124 supervehitur,
1747 4061 2008 4122 extraque
2027 4065 2143 4106 0M?

561 4147 659 4200 nia
686 4146 941 4202 ineﬁ’abili
977 4148 1174 4201 mentis
1203 4147 1384 4202 volatu
1408 4145 1461 4200 iu
1489 4159 1684 4200 arcana
1714 4144 1874 4199 unius
1898 4144 2143 4200 omnium

569 4237 820 4308 principii
873 4239 1144 4293 exaltatur
1170 4278 1186 4304 ,
1225 4237 1928 4308 incomprehensibilemque
1975 4235 2144 4305 ipsius

565 4328 815 4397 principii
845 4337 902 4382 et
926 4330 1111 4393 verbi,
1139 4331 1241 4383 hoc
1267 4339 1348 4382 est
1369 4328 1546 4383 Patris
1571 4336 1625 4383 et
1648 4327 1801 4392 Filii,
1829 4327 2034 4382 unitam
2055 4341 2144 4381 su—

564 4418 1104 4488 peressentialitatem
1122 4458 1138 4483 ,
1167 4433 1268 4472 nec
1305 4432 1411 4472 non
1441 4426 1495 4472 et
1520 4417 1825 4472 distinctam
1851 4415 2140 4486 supersub-

563 4508 976 4564 stantialitatem
1005 4524 1136 4579 pure
1178 4511 1481 4572 dinoseens,
1513 4509 1860 4579 Evangelium
1883 4523 2040 4564 suum
2062 4508 2145 4562 iu-

560 4597 746 4662 cboat,
768 4598 951 4654 dicens
978 4615 991 4652 :
1016 4597 1081 4650 In
1107 4599 1360 4669 principio
1382 4610 1492 4653 erat
1527 4597 1767 4653 Verbum.

632 4685 679 4741 Ο
719 4687 872 4742 beate
897 4686 1168 4752 Joannes,
1224 4703 1329 4742 non
1379 4689 1648 4745 immerito
1693 4689 1946 4745 vocitaris
1976 4687 2142 4746 Joan-

559 4791 680 4834 nes.
707 4777 940 4832 Ebreum
970 4793 1164 4834 nomen
1205 4790 1286 4834 est
1320 4779 1590 4845 Joannes,
1628 4779 1780 4849 cujus
1821 4781 2146 4850 interpreta-

557 4869 640 4923 tio
674 4884 864 4938 graece
903 4868 944 4943 ᾧ
981 4871 1269 4944 ἐχαρίσατο
1296 4885 1320 4912 ιι
1342 4913 1358 4937 ,
1395 4872 1562 4927 latine
1604 4888 1732 4928 vero
1765 4873 1849 4927 cui
1891 4873 2145 4926 donatum

553 4971 660 5012 est.
688 4959 788 5014 Cui
820 4961 964 5014 enim
1009 4962 1373 5032 theologorum
1425 4964 1680 5018 donatum
1723 4971 1838 5025 est,
1879 4963 2022 5030 quod
2051 4963 2144 5016 tibi

2242 3780 2563 3848 gitationum
2591 3781 2799 3836 nebulis
2827 3782 3228 3837 ebumbratum.
3258 3783 3482 3838 lntimae
3520 3797 3654 3838 vero
3679 3783 3823 3838 theo-

2243 3871 2355 3927 riae
2384 3873 2550 3938 acies,
2581 3881 2862 3942 postquam
2885 3872 3052 3930 semel
3078 3874 3321 3929 veritatis
3346 3875 3690 3944 perspexerit
3709 3874 3823 3928 vul~
3889 3929 3891 3934 ,

2244 3967 2392 4023 tum,
2447 3977 2781 4031 nequaquam
2833 3963 3212 4031 rcpercutitur,
3258 3979 3531 4033 nunquam
3572 3963 3818 4030 fallitur,

2241 4049 2387 4106 nulla
2415 4051 2640 4122 caligine
2665 4051 2966 4107 occultatur
2998 4053 3052 4106 in
3085 4061 3424 4123 perpetuum.

2311 4139 2484 4195 Ambo
2506 4150 2682 4195 tamen
2707 4150 2937 4196 currunt
2962 4143 3028 4196 ad
3050 4151 3478 4198 monumentum.
3507 4142 3822 4200 Monumen-

2243 4237 2356 4287 tum
2387 4229 2584 4284 Christi
2621 4240 2705 4284 est
2736 4231 2915 4284 divina
2948 4230 3264 4300 Scriptura,
3296 4231 3349 4286 in
3378 4247 3484 4302 qua
3523 4233 3822 4289 divinitatis

2242 4331 2298 4382 et
2327 4321 2674 4376 humanitatis
2719 4320 2834 4388 ejus
2857 4323 3112 4392 mysteria
3139 4322 3462 4378 densissima
3493 4323 3663 4379 veluti
3695 4337 3824 4395 qna-

2243 4414 2364 4469 dam
2407 4414 2718 4467 muniuntur
2753 4423 2923 4482 petra.
2977 4409 3084 4468 Sed
3130 4411 3363 4470 Joannes
3402 4417 3714 4484 praecurrit
3749 4417 3825 4471 ci-

2243 4502 2348 4557 tius
2375 4501 2554 4556 Petro.
2577 4501 2802 4555 Acutius
2823 4516 3052 4571 namque
3077 4509 3238 4571 atque
3257 4503 3496 4558 velocius
3522 4503 3717 4558 intima
3751 4504 3826 4558 di-

2242 4595 2488 4650 vinorum
2518 4608 2740 4662 operum
2761 4602 3009 4664 penetrat
3036 4602 3244 4649 secreta
3280 4595 3453 4648 virtus
3482 4596 3824 4667 contempla-

2242 4684 2406 4740 tionis
2429 4685 2646 4755 penitus
2680 4683 3024 4754 puriﬁcatae,
3059 4699 3222 4754 quam
3255 4685 3488 4740 actionis
3513 4685 3696 4740 adhuc
3732 4702 3824 4756 pu-

2245 4777 2558 4836 riﬁcandae.
2594 4774 2974 4831 Verumtamen
3000 4776 3179 4844 primo
3217 4775 3385 4830 intrat
3403 4774 3606 4832 Petrus
3631 4777 3686 4830 in
3714 4791 3825 4832 mo-

2245 4875 2558 4923 numentum
2575 4907 2589 4932 ,
2628 4865 2822 4922 deinde
2855 4864 3088 4921 Joannes
3105 4905 3122 4931 ,
3151 4881 3216 4922 ac
3237 4866 3376 4921 sicut
3395 4867 3555 4922 ambo
3573 4876 3824 4931 currunt,

2247 4957 2405 5012 ambo
2455 4956 2679 5011 intrant.
2729 4955 2924 5010 Petrus
2969 4955 3236 5025 siquidem
3288 4955 3413 5011 ﬁdei
3469 4955 3778 5027 symbolum
3807 4994 3824 5020 ,

552 5057 647 5104 est
675 5049 930 5105 donatum
949 5091 965 5115 ,
996 5052 1176 5107 abdita
1213 5053 1460 5108 videlicet
1481 5055 1676 5108 summi
1705 5053 1828 5106 boni
1851 5063 2132 5122 penetrare
2167 5033 2210 5092 ο
2235 5047 2472 5106 Joannes
2502 5047 2766 5118 signiﬁcat
2801 5046 3150 5102 intellectum.
3177 5047 3256 5101 Ac
3283 5062 3382 5117 per
3411 5047 3538 5111 hoc,
3567 5047 3823 5116 quoniam

553 5141 842 5212 mysteria,
864 5151 918 5197 et
944 5157 1031 5207 ea,
1053 5155 1190 5212 quae
1221 5144 1316 5198 tibi
1347 5145 1574 5200 revelata
1601 5154 1656 5200 et
1686 5144 1952 5198 declarata
1987 5152 2133 5208 sunt,

2241 5139 2499 5209 scriptum
2513 5146 2630 5195 est:
2651 5155 2671 5190 ι
2692 5137 2804 5193 Nisi
2820 5135 3182 5204 credideritis,
3203 5151 3311 5193 non
3327 5135 3639 5205 intelligetis
3662 5154 3710 5202 ι,
3733 5148 3823 5190 ne-

1850 5254 2102 5310 VARIAE
2139 5249 2534 5308 LECTIONES.

2069 5384 2317 5443 NOTAE.

627 5323 654 5358 λ’
687 5324 822 5383 Cod.
858 5325 1134 5382 Gerarchie
1161 5326 1401 5382 Dionisii.

633 5523 660 5551 ι
691 5508 782 5564 Sic
813 5510 962 5566 locus
1009 5509 1244 5581 reparari
1279 5509 1457 5563 debet.
1510 5507 1565 5561 In
1609 5506 1791 5562 codice
1835 5503 2031 5576 legitur
2072 5504 2149 5556 oi-

549 5589 830 5659 exapicato
857 5629 871 5652 ,
901 5591 1042 5658 quod
1083 5601 1166 5645 est
1209 5588 1249 5662 ᾧ
1290 5596 1642 5652 ΕΧΑΡΙΟΔΤΟ,
1667 5587 1718 5640 id
1746 5588 1886 5657 quod
1914 5588 2147 5642 editores

549 5667 632 5722 cl.
671 5670 890 5724 omnino
932 5671 1130 5743 fugisse
1171 5671 1400 5727 videtur.
1445 5670 1501 5728 S.
1536 5669 1891 5740 Hieronymus
1934 5687 2147 5742 quoque

2244 5502 2632 5578 interpretatur
2649 5515 2682 5578 Ξ
2705 5499 2940 5578 Joannes
2961 5546 2978 5570 ,
3025 5506 3080 5561 in
3115 5523 3218 5578 quo
3251 5518 3336 5578 _est
3366 5507 3554 5578 gratia,
3594 5507 3676 5561 vel
3714 5505 3824 5560 Do-

2245 5571 2370 5624 mini
2415 5574 2605 5640 gralia.
2649 5572 2933 5628 Derivatur
2974 5571 3330 5664 enim-HQ‘W
3366 5571 3404 5631 va
3611 5586 3666 5631 el
3699 5585 3822 5658 ἶξζτν

2245 5675 2322 5729 ita
2353 5683 2412 5729 ut
2441 5677 2659 5746 proprie
2695 5677 2963 5748 signiﬁcet
3000 5683 3085 5756 cui
3129 5682 3323 5738 Jeliora
3372 5683 3646 5753 propitius.
