4028 6274
180 346 292 403 285

1129 343 1359 400 HOMIL.
1403 343 1472 401 IN
1508 340 1804 402 PROLOG.
1842 342 2091 399 EVANG.
2133 343 2279 400 SEC.
2320 344 2512 401 JOA‘N.

3347 347 3451 406 286

183 457 714 529 ecssariopraecedit
731 456 927 513 tidesin
944 467 1348 514 monumentum
1370 467 1587 514 sanctae
1599 457 1776 526 Scrip-
1802 462 1847 522 Α
1880 455 2128 525 accipere
2145 497 2161 524 ,
2187 449 2289 512 nisi
2314 458 2462 527 prius
2491 458 3042 529 incomprehensibilis
3064 462 3310 518 veritatis
3331 479 3394 536 pa
3404 471 3452 519 r.‘

185 563 376 616 turae,
393 549 590 605 deinde
604 565 838 618 sequens
859 550 1024 603 intrat
1047 548 1371 614 intellectus,
1389 550 1474 604 cui
1499 564 1594 618 per
1608 548 1767 602 fidem

182 648 549 712 praeparatur
575 639 772 693 aditus.
801 638 994 693 Petrus
1019 639 1199 708 itaque
1225 639 1495 694 Christum
1527 640 1692 694 Deum
1715 646 1773 692 et

186 735 467 791 hominem
484 731 596 802 jam
625 731 824 786 factum
854 732 908 786 in
933 732 1264 801 temporibus
1283 732 1558 802 cognovit,
1586 741 1642 787 et
1663 733 1767 786 ait:

193 845 216 877 ι
253 827 336 881 Tu
357 841 418 880 es
456 825 704 880 Christus
735 823 903 878 Filius
931 823 1020 878 Dei
1051 825 1157 878 vrvi
1188 843 1232 878 ι.
1257 824 1533 879 Altissime
1554 825 1768 880 volavit.

191 915 304 972 Sed
329 916 491 970 altius
518 914 606 969 Ille
627 953 642 978 ,
671 915 761 983 qui
798 915 1028 968 eundem
1069 913 1344 969 Christum
1369 914 1538 969 Deum
1566 914 1632 967 de
1665 915 1774 969 Deo

191 1017 329 1063 ante
354 1006 534 1062 omnia
580 1013 822 1074 tempora
851 1005 1092 1071 genitum
1123 1003 1415 1068 intellexit,
1448 1004 1632 1059 dicens
1663 1021 1675 1056 :
1708 1003 1777 1056 lu

193 1100 454 1170 principio
495 1105 608 1152 erat
654 1095 894 1149 Verbum.
945 1094 1112 1150 Nemo
1157 1109 1256 1149 nos
1293 1095 1569 1148 existimet
1614 1093 1776 1147 Petro

193 1191 458 1246 Joannem
490 1188 784 1259 praeferre.
805 1188 938 1253 Quis
962 1189 1062 1242 hoc
1086 1186 1317 1242 fecerit?
1345 1185 1606 1252 Quisnam
1633 1194 1780 1242 esset

199 1281 570 1352 apostolorum
613 1279 774 1334 altior
814 1280 942 1343 illo,
990 1279 1082 1348 qui
1136 1288 1220 1334 est
1260 1286 1316 1334 et
1357 1279 1556 1334 dicitur
1591 1286 1778 1334 vertex

196 1387 390 1428 eorum
415 1371 439 1425 ?
467 1370 581 1425 Non
613 1369 966 1440 praeferimus
1005 1369 1164 1424 Petro
1187 1367 1449 1424 Joannem
1474 1408 1490 1434 ,
1519 1369 1613 1423 sed
1655 1384 1782 1424 con-

199 1463 428 1518 ferimus
469 1463 668 1518 actioni
719 1462 1257 1532 contemplationem,
1297 1462 1577 1532 purgando
1607 1461 1780 1515 adhuc

199 1557 386 1612 animo
413 1553 651 1623 perfecte
680 1564 1002 1624 purgatum,
1029 1554 1339 1608 ascendenti
1379 1553 1554 1607 adhuc
1582 1553 1781 1606 virtute

199 1649 270 1704 ad
307 1644 798 1702 incommutabilem
851 1645 1091 1698 habitum
1132 1659 1226 1712 per
1264 1643 1568 1697 venientem
1613 1642 1628 1672 ¹
1667 1642 1780 1710 jam

198 1739 480 1792 virtutem.
513 1735 627 1791 Non
657 1735 798 1790 enim
832 1750 973 1789 nunc
1008 1734 1411 1789 consideramus
1456 1731 1780 1804 apostolica-

1873 545 2236 615 ticipationem
2263 547 2456 616 dignus
2477 547 2742 602 efficiatur
2769 549 2985 604 habere.
3011 550 3242 608 Sanctus
3266 556 3448 624 itaque

1875 641 2172 711 theologus,
2201 642 2252 696 in
2269 642 2434 697 Deum
2464 650 2873 707 transmutatus,
2891 648 3134 703 veritatis
3155 653 3447 724 particeps,

1876 731 2042 786 Deum
2089 731 2320 785 Verbum
2363 733 2658 787 subsistere
2681 734 2732 786 in
2769 734 2880 788 Deo
2905 736 3196 805 principio,
3219 741 3321 795 hoc
3363 752 3450 799 est

1875 823 2042 877 Deum
2072 822 2264 877 Filium
2289 823 2343 877 in
2368 823 2476 876 Deo
2499 823 2682 889 Patre,
2707 827 3036 894 pronuntiat.
3074 828 3140 882 In
3172 832 3448 901 principio,

1877 915 2068 984 inquit,
2090 924 2202 969 erat
2224 913 2466 968 Verbum.
2484 915 2695 969 latuere
2716 917 2924 970 caelum
2946 929 3190 988 apertum
3207 961 3221 984 ,
3247 922 3346 977 hoc
3367 935 3453 979 est

1878 1018 2122 1058 summae
2155 1018 2220 1057 ac
2248 1013 2470 1058 sanctae
2503 1005 2763 1059 trinitatis
2787 1015 2841 1060 et
2889 1008 3113 1062 unitatis
3155 1011 3451 1067 revelatum

1878 1095 2076 1150 mundo
2106 1095 2439 1165 mysterium.
2470 1094 2914 1151 Animadvertcre
2941 1098 3186 1169 angelum
3215 1101 3454 1157 divinum

1879 1203 2040 1257 super
2062 1187 2256 1242 Filium
2302 1188 2538 1242 hominis
2567 1190 2970 1256 ascendentem,
3021 1193 3176 1248 nobis
3210 1193 3459 1251 videlicet

1879 1281 2329 1344 annunciantem,
2363 1279 2538 1348 ipsum
2567 1294 2686 1334 esse
2717 1289 2843 1333 ante
2883 1281 3063 1335 omnia
3097 1282 3150 1337 in
3191 1285 3457 1354 principio

1883 1371 2135 1434 Verbum,
2153 1386 2216 1425 ac
2239 1385 2358 1423 mox
2383 1370 2796 1424 descendentem
2831 1387 2991 1440 super
3005 1374 3234 1428 eundem
3259 1373 3456 1430 Filium

1882 1460 2118 1515 hominis
2143 1500 2158 1525 ,
2211 1459 2686 1528 clamantemque:
2718 1459 2787 1513 Et
2827 1460 3045 1516 Verbum
3095 1480 3218 1517 caro
3259 1465 3458 1534 factum

1881 1561 1976 1605 eu.
2004 1551 2290 1606 Descendit
2314 1549 2691 1620 evangelizans
2720 1549 2886 1604 Deum
2918 1549 3151 1606 Verbum
3186 1554 3460 1610 hominem

1883 1642 2083 1696 factum
2138 1642 2626 1712 supernaturaliter
2675 1641 2818 1697 inter
2863 1643 3044 1698 omnia
3089 1659 3154 1698 ex
3209 1646 3457 1716 virgine;
3495 1659 3500 1662 '

1883 1735 2480 1805 ascenditproelamans
2510 1735 2648 1789 idem
2674 1735 2907 1790 Verbum
2939 1738 3462 1806 superessentialiter

200 1848 324 1886 rum
351 1846 700 1901 personarum
728 1829 1066 1900 dignitatem,
1096 1829 1190 1882 sed
1231 1830 1613 1900 investigamus
1655 1827 1776 1899 pul-
1809 1835 1851 1896 Β
1881 1829 2115 1899 genitum
2146 1842 2212 1880 ex
2237 1827 2395 1880 Patre
2417 1834 2542 1878 ante
2569 1833 2624 1879 et
2666 1825 2808 1880 ultra
2831 1825 3032 1879 omnia.
3068 1825 3133 1880 In
3161 1827 3418 1896 principio
3441 1866 3458 1890 ,

199 1922 529 1976 cherrimam
556 1921 855 1976 divinorum
875 1913 1262 1991 ‘mystcriorum
1292 1918 1668 1974 differentiam.

273 2011 467 2066 Petrus
491 2013 688 2081 itaque.
719 2013 820 2066 hoc
843 2021 928 2066 est
952 2013 1094 2066 actio
1112 2012 1370 2065 virtutum
1398 2051 1414 2076 ,
1445 2010 1538 2065 Dei
1563 2011 1780 2076 Filium,

200 2101 439 2156 mirabili
463 2112 516 2155 et
541 2100 790 2155 ineffabili
811 2103 970 2154 modo
991 2115 1153 2155 carne
1175 2102 1661 2170 circumscriptum,
1688 2115 1784 2170 per

200 2191 457 2245 virtutem
481 2190 603 2245 fidei
633 2198 690 2245 et
713 2191 941 2245 actionis
968 2191 1310 2261 conspicatur
1339 2189 1611 2246 :Joannes
1629 2207 1780 2257 vero,

203 2283 312 2338 hoc
338 2292 420 2337 est
445 2282 702 2338 altissima
730 2282 1111 2352 contemplatio
1135 2283 1399 2346 veritatis,
1429 2283 1523 2338 Dei
1549 2283 1784 2339 Verbum

204 2387 306 2442 per
335 2387 395 2425 se
429 2371 732 2426 absolutum
765 2382 820 2426 et
849 2371 1116 2426 infinitum
1149 2373 1201 2427 in
1227 2373 1490 2442 principio
1517 2387 1613 2428 suo
1637 2413 1652 2438 ,
1683 2374 1786 2428 hoc

207 2471 328 2527 est,
360 2463 413 2516 in
455 2462 615 2517 Patre
640 2477 738 2518 suo
770 2463 1019 2517 miratur.
1050 2464 1240 2518 Petrus
1268 2472 1487 2519 aeterna
1529 2464 1687 2519 simul
1719 2479 1785 2519 ae

207 2553 556 2622 temporalia,
582 2553 634 2607 in
673 2553 893 2608 Christo
941 2568 1107 2607 unum
1150 2553 1326 2619 facta,
1359 2553 1541 2608 divina
1583 2554 1787 2609 revela-

205 2643 354 2699 tione
383 2644 721 2698 introductus
744 2644 992 2714 inspicit:
1025 2643 1260 2700 Joannes
1290 2644 1403 2700 sola
1432 2653 1650 2700 aeterna
1672 2645 1788 2714 eius

206 2731 262 2787 in
293 2734 538 2787 notitiam
571 2733 804 2787 fidelium
825 2734 1126 2787 animarum
1155 2734 1464 2788 introducit.

278 2821 574 2891 Spirituale
599 2823 763 2894 igitur
785 2824 994 2883 πετηνὸν
1017 2826 1037 2855 ’
1061 2824 1359 2889 citivolum,
1383 2825 1674 2890 deividum,
1698 2825 1790 2880 Jo-

205 2929 406 2969 annem
445 2915 566 2969 dico
609 2914 913 2985 theologum
934 2955 949 2978 ,
987 2931 1201 2970 omnem
1229 2915 1498 2970 visibilem
1526 2925 1582 2971 et
1607 2917 1789 2971 invisi-

203 3005 370 3060 bilem
396 3014 696 3058 creaturam
729 3014 966 3074 superat,
991 3020 1204 3060 omnem
1232 3005 1557 3060 intellectum
1591 3015 1786 3072 tranat,

206 3102 262 3148 et
299 3092 610 3147 deificatum
640 3093 692 3147 in
741 3093 908 3148 Deum
954 3093 1121 3148 intrat
1160 3093 1517 3148 deificantem.
1552 3094 1597 3148 Ο
1635 3093 1790 3149 beate

1881 1919 2086 1988 inquit,
2106 1927 2216 1972 erat
2249 1915 2493 1969 Verbum.
2528 1915 2594 1969 Et
2622 1917 2914 1970 notandum
2932 1955 2948 1981 ,
2972 1917 3112 1985 quod
3139 1917 3190 1971 in
3222 1919 3322 1973 hoc
3341 1916 3462 1972 loco

1882 2025 1988 2062 non
2019 2007 2301 2076 temporis,
2325 2007 2417 2060 sed
2443 2005 2776 2060 substantiae
2795 2007 3243 2075 significationem
3269 2008 3462 2064 beatus

1881 2098 2207 2167 evangelista
2238 2097 2474 2151 insinuat
2511 2111 2607 2165 per
2631 2097 2768 2151 hanc
2802 2110 3010 2160 vocem,
3043 2112 3180 2166 quae
3213 2106 3296 2152 est
3323 2107 3458 2151 erat.

1833 2223 1836 2226 .
1883 2186 2016 2242 Nam
2045 2195 2098 2241 et
2143 2187 2338 2257 positio
2369 2185 2507 2254 ejus,
2539 2187 2590 2240 id
2634 2194 2717 2240 est
2739 2201 2855 2240 sum
2877 2225 2892 2250 ,
2935 2186 3080 2241 unde
3108 2185 3464 2256 inaequaliter

1884 2278 2142 2342 flectitur,
2190 2276 2457 2346 duplicem
2499 2276 2740 2331 continet
2780 2275 3130 2333 intellectum.
3158 2277 3464 2347 Aliquando

1884 2369 2098 2438 quidem
2119 2368 2520 2423 subsistentiam
2543 2367 2910 2437 cujuscunque
2942 2368 3053 2429 rei,
3083 2368 3149 2422 de
3178 2383 3281 2437 qua
3305 2382 3462 2438 prae-

1885 2460 2114 2523 dicatur,
2139 2460 2342 2528 absque
2366 2458 2472 2513 ullo
2497 2458 2773 2528 temporali
2806 2467 2950 2512 motu
2979 2459 3279 2526 signiﬁcat,
3312 2459 3466 2514 ideo-

1887 2565 1991 2620 que
2023 2551 2419 2605 substantivum
2446 2551 2668 2604 verbum
2697 2549 2992 2612 vocitatur;
3020 2549 3306 2620 aliquando
3330 2557 3467 2604 tem-

1887 2642 2102 2712 porales
2138 2653 2318 2698 motus
2357 2643 2650 2698 secundum
2701 2643 2928 2696 aliorum
2954 2643 3243 2697 verborum
3283 2641 3470 2696 analo-

1889 2735 2031 2805 giam
2059 2734 2322 2788 declarat.
2353 2733 2486 2789 Tale
2521 2749 2650 2804 ergo
2685 2743 2767 2788 est
2796 2733 2936 2802 quod
2967 2733 3042 2786 ait
3074 2750 3086 2787 :
3117 2733 3183 2787 In
3211 2734 3467 2804 principio

1890 2836 2002 2878 erat
2035 2825 2257 2880 Verbum
2278 2866 2293 2892 ,
2322 2841 2384 2880 ac
2407 2825 2450 2880 si
2482 2834 2667 2895 aperte
2695 2825 2897 2880 diceret
2922 2842 2934 2878 :
2959 2824 3015 2878 In
3039 2824 3195 2878 Patre
3221 2824 3469 2879 subsistit

1890 2917 2078 2972 Filius.
2111 2918 2244 2984 Quis
2277 2918 2421 2972 enim
2459 2933 2648 2972 sanum
2693 2917 2908 2987 sapiens
2929 2917 3154 2978 dixerit,
3185 2916 3378 2970 Filium
3409 2915 3468 2970 iit

1890 3005 2052 3061 Patre
2097 3006 2465 3076 temporaliter
2511 3021 2746 3076 unquam
2789 3004 3129 3060 substitisse?
3167 3003 3280 3059 lllic
3321 3003 3468 3058 enim

1894 3096 2003 3151 sola
2025 3097 2292 3166 cogitatur
2313 3096 2606 3152 aeternitas
2629 3137 2644 3162 ,
2668 3097 2762 3152 ubi
2794 3097 2905 3150 sola
2938 3094 3254 3165 intelligitur
3275 3093 3471 3148 immu-

207 3182 380 3238 Paule
398 3224 413 3247 ,
446 3192 630 3252 raptus
652 3198 711 3238 es
733 3223 748 3248 ,
773 3191 832 3238 ut
861 3192 914 3236 tu
947 3183 1060 3254 ipse
1088 3184 1284 3238 asseris
1304 3224 1319 3249 ,
1346 3182 1398 3237 in
1425 3185 1636 3238 tertium
1659 3199 1782 3239 cae-
1809 3185 1857 3251 C
1889 3188 2067 3243 tabilis
2091 3188 2312 3242 veritas.
2358 3188 2426 3242 Et
2476 3202 2544 3242 ne
2585 3188 2705 3258 quis
2743 3187 3106 3252 existimaret,
3135 3186 3206 3240 ita
3231 3183 3470 3240 Verbum

207 3274 342 3339 lum,
374 3275 470 3330 sed
501 3290 607 3329 non
651 3291 712 3330 es
736 3284 922 3345 raptus
951 3275 1089 3330 ultra
1132 3290 1292 3330 omne
1333 3275 1570 3341 caelum;
1603 3284 1792 3346 raptus

205 3379 268 3420 es
295 3363 350 3418 in
389 3365 739 3434 paradisum,
787 3365 880 3419 sed
907 3379 1012 3418 non
1054 3379 1114 3420 es
1159 3373 1347 3434 raptus
1374 3380 1534 3435 super
1574 3379 1791 3419 omnem

206 3455 543 3526 paradisum.
600 3453 834 3510 Joannes
867 3469 1029 3510 omne
1078 3455 1286 3510 caelum
1326 3457 1634 3521 conditum,
1670 3471 1791 3510 om-

208 3559 447 3614 nemque
465 3554 705 3600 creatum
727 3546 1033 3615 paradisum
1051 3588 1065 3611 ,
1100 3547 1202 3601 hoc
1221 3556 1304 3602 est
1323 3587 1338 3612 ,
1373 3562 1586 3602 omnem
1609 3549 1794 3602 huma-

208 3653 339 3692 nam
371 3637 778 3708 angelicamque
825 3639 1218 3709 transgreditur
1247 3648 1510 3694 naturam.
1540 3639 1596 3693 In
1635 3640 1794 3694 tertio

210 3732 367 3786 caelo
385 3772 400 3796 ,
423 3748 456 3786 ο
482 3745 576 3786 vas
604 3733 880 3790 electionis
922 3743 977 3789 et
1007 3734 1266 3804 magister
1292 3734 1531 3804 gentium
1553 3776 1567 3799 ,
1593 3735 1793 3789 audisti

211 3822 382 3875 verba
405 3819 689 3876 ineffabilia
710 3862 724 3886 ,
753 3838 890 3892 quae
915 3841 1019 3879 non
1043 3823 1168 3879 licet
1205 3825 1407 3879 homini
1441 3824 1604 3894 loqui.
1633 3825 1796 3878 Joan-

213 3931 316 3970 nes
339 3955 355 3979 ,
379 3915 598 3973 intimae
635 3920 882 3974 veritatis
910 3920 1208 3990 inspector,
1239 3919 1380 3974 ultra
1399 3935 1559 3976 omne
1585 3921 1794 3975 caelum

213 4007 270 4062 in
301 4007 560 4076 paradiso
584 4011 979 4079 paradisorum,
1009 4011 1111 4066 hoc
1137 4019 1217 4065 est
1242 4011 1295 4065 in
1323 4026 1484 4065 causa
1512 4012 1751 4064 omnium
1777 4052 1792 4076 ,

212 4097 425 4152 audivit
446 4112 610 4152 unum
637 4099 890 4166 Verbum,
915 4116 1013 4170 per
1035 4103 1177 4172 quod
1205 4101 1345 4156 facta
1375 4110 1500 4155 sunt
1517 4079 1728 4163 omnia:
1743 4110 1798 4155 et

212 4186 380 4244 libuit
401 4189 450 4242 ei
475 4187 602 4244 illud
624 4189 858 4246 Verbum
899 4191 1099 4256 dicere,
1145 4191 1558 4259 hominibusque
1583 4191 1796 4259 praedi.

211 4295 364 4347 care,
395 4291 656 4351 quantum
680 4284 985 4339 hominibus
1013 4285 1309 4356 praedicari
1341 4293 1538 4353 potest,
1565 4297 1628 4337 ac
1660 4282 1796 4337 fidu-

214 4371 428 4428 cialiter
450 4373 648 4429 clamat
678 4392 692 4429 :
727 4375 793 4430 In
815 4377 1068 4446 principio
1091 4385 1202 4430 erat
1235 4375 1476 4430 Verbum.

287 4463 407 4520 Non
452 4479 579 4537 ergo
626 4467 858 4523 Joannes
910 4477 1028 4524 erat
1080 4469 1270 4532 homo,
1318 4471 1412 4523 sed
1467 4468 1585 4536 plus
1631 4482 1794 4538 quam

1894 3279 1946 3333 in
1969 3279 2234 3348 principio
2255 3279 2549 3336 subsistere
2565 3318 2581 3344 ,
2609 3287 2668 3332 ut
2696 3278 2837 3332 nulla
2871 3276 3295 3332 substantiarum
3319 3273 3469 3330 difl‘e«

1894 3374 2071 3427 rentia
2093 3373 2528 3444 subiutelligalur
2556 3374 2752 3436 inesse,
2784 3371 3041 3426 continuo
3064 3367 3339 3436 subjunxit
3365 3385 3380 3422 :
3404 3366 3474 3421 Et

1906 3461 2127 3517 Verbum
2151 3473 2263 3517 erat
2294 3463 2435 3534 apud
2467 3463 2653 3528 Deum,
2687 3462 2789 3516 hoc
2815 3469 2897 3515 est
2917 3499 2932 3524 ,
2954 3468 3008 3513 et
3031 3457 3196 3512 Filius
3230 3457 3476 3511 subsistit

1894 3570 2014 3610 cum
2040 3554 2201 3609 Patre
2225 3555 2277 3610 in
2312 3554 2516 3609 unitate
2546 3553 2812 3608 essentiae
2833 3558 2890 3605 et
2921 3545 3260 3604 substantiali
3284 3546 3475 3601 distin-

1895 3653 2091 3708 ctione.
2121 3653 2187 3706 Et
2209 3653 2436 3716 iterum,
2459 3665 2527 3704 ne
2552 3649 2605 3704 in
2629 3648 2883 3720 quopiam
2905 3646 3029 3701 talis
3051 3652 3294 3715 serperet
3316 3657 3476 3698 venee

1896 3762 2028 3802 nosa
2066 3746 2359 3816 cogitatio,
2393 3745 2632 3799 Verbum
2664 3741 2999 3798 solummodo
3029 3739 3082 3794 in
3123 3737 3282 3792 Patre
3312 3750 3431 3790 esse
3455 3775 3471 3801 ,

1894 3845 1947 3891 et
1974 3853 2095 3890 cum
2119 3837 2230 3892 Deo
2250 3851 2396 3900 esse,
2426 3852 2531 3890 non
2555 3844 2736 3889 autem
2767 3833 2939 3902 ipsum
2969 3830 3199 3885 Verbum
3223 3827 3478 3882 substan-

1897 3927 2092 3982 tialiter
2117 3936 2172 3981 et
2211 3925 2640 3982 coessentialiter
2669 3921 2816 3976 Patri
2865 3921 3032 3975 Deum
3075 3919 3478 3975 subsistere.—

1894 4015 1984 4071 hic
2022 4030 2253 4085 namque
2294 4028 2451 4069 error
2492 4012 2726 4082 perfidos
2765 4010 2962 4066 invasit
3001 4009 3321 4063 Arianos—
3349 4019 3478 4074 pro-

1895 4103 2043 4159 tinus
2087 4101 2283 4172 adjecit
2318 4121 2330 4157 :
2365 4102 2436 4156 Et
2470 4101 2612 4156 Deus
2643 4110 2753 4155 erat
2789 4099 3034 4153 Verbum.
3067 4096 3266 4151 Videns
3291 4095 3418 4148 item
3453 4111 3470 4159 ,

1895 4194 2037 4265 quod
2067 4209 2170 4248 non
2201 4192 2436 4248 defuturi
2469 4199 2648 4246 essent
2673 4231 2688 4256 ,
2717 4189 2807 4261 qui
2842 4189 3116 4251 dicerent,
3148 4199 3253 4239 non
3277 4184 3344 4238 de
3366 4197 3476 4239 uno

1895 4284 2193 4352 eodemque
2216 4281 2391 4336 Verbo
2411 4281 2798 4350 evangelistam
2822 4277 3106 4348 scripsisse
3137 4289 3152 4328 :
3182 4273 3250 4328 In
3281 4272 3477 4343 prineio

1893 4374 1981 4444 pio
2010 4383 2121 4428 erat
2155 4371 2408 4436 Verbum,
2436 4381 2492 4427 et
2513 4371 2653 4425 Deus
2679 4379 2790 4424 erat
2819 4366 3079 4429 Verbum,
3107 4362 3201 4418 sed
3223 4362 3369 4416 aliud
3389 4365 3486 4416 vo?

1900 4464 2065 4519 luisse
2100 4462 2318 4518 Verbum
2347 4464 2402 4518 in
2431 4462 2708 4532 principio,
2739 4459 2883 4514 aliud
2910 4456 3052 4511 Deus
3072 4463 3182 4509 erat
3217 4450 3440 4506 Verbum
3458 4487 3475 4516 ,

215 4557 411 4621 homo,
441 4535 657 4628 quando
679 4571 735 4614 et
762 4561 996 4631 seipsum
1021 4601 1035 4622 ,
1068 4568 1122 4614 et
1140 4561 1340 4624 omnia,
1373 4535 1513 4630 quae
1535 4535 1662 4613 sunt
1676 4601 1690 4625 ,
1715 4576 1796 4613 su-
1825 4535 1874 4594 Ῐ)
1901 4554 2227 4608 haereticam
2251 4553 2562 4622 opinionem
2579 4551 2865 4605 destructis
2883 4588 2897 4612 ,
2919 4550 3314 4613 consequenter
3342 4541 3472 4596 sub«

213 4648 426 4718 perarit
445 4689 461 4712 ,
488 4658 543 4703 et
567 4649 820 4705 ineffabili
844 4651 1137 4720 sapientiae
1165 4652 1382 4713 virtute,
1403 4651 1797 4719 purissimaque

216 4739 419 4794 mentis
439 4741 687 4796 acumine
714 4743 1001 4796 subvectus
1019 4782 1034 4807 ,
1063 4742 1115 4796 in
1140 4756 1202 4795 ea
1220 4781 1234 4804 ,
1260 4756 1401 4810 quae
1437 4755 1598 4809 super
1615 4741 1796 4794 omnia

214 4838 367 4893 sum,
390 4839 598 4885 secreta
622 4832 872 4887 videlicet
898 4833 1057 4887 unius
1091 4833 1356 4887 essentiae
1394 4833 1446 4885 in
1477 4832 1646 4887 tribus
1673 4833 1801 4887 sub-

213 4917 468 4983 stantiis,
497 4927 553 4973 et
579 4919 740 4974 trium
776 4921 1198 4976 substantiarum
1231 4921 1284 4975 in
1307 4936 1412 4974 una
1440 4922 1696 4986 essentia,
1726 4923 1800 4975 in-

215 5023 438 5077 gressus
449 5018 554 5064 est.
571 5010 684 5064 Non
705 5011 847 5065 enim
865 5011 1021 5065 aliter
1033 5013 1205 5081 potuit
1216 5011 1507 5066 ascendere
1530 5011 1581 5064 in
1604 5010 1796 5076 Deum,

217 5099 324 5154 nisi
353 5101 503 5168 prius
537 5101 693 5157 fieret
717 5102 879 5158 Deus.
914 5101 984 5159 Ut
1013 5103 1154 5157 enim
1189 5102 1372 5156 radius
1395 5101 1672 5156 oculorum
1703 5117 1798 5156 no-

219 5201 460 5247 strorum
508 5195 715 5264 species
744 5210 921 5249 rerum
961 5193 1291 5248 sensibilium
1332 5191 1646 5260 coloresque
1689 5207 1796 5246 non

217 5283 374 5352 prius
401 5293 578 5354 potest
601 5284 832 5351 sentire,
872 5299 1032 5353 quam
1061 5297 1120 5338 se
1142 5282 1412 5338 solaribus
1435 5281 1600 5334 radiis
1621 5280 1796 5335 immi-

222 5383 392 5436 sceat,
421 5389 695 5446 unumque
725 5375 778 5430 in
807 5375 939 5445 ipsis
962 5383 1018 5428 et
1035 5388 1159 5429 cmn
1189 5373 1321 5442 ipsis
1343 5371 1458 5438 flat,
1481 5372 1555 5425 ita
1584 5371 1797 5427 animus

1901 4645 2068 4700 nectit
2088 4662 2101 4698 :

1975 4738 2091 4794 Hoc
2113 4748 2222 4793 erat
2246 4739 2301 4794 in
2327 4737 2581 4809 principio
2624 4735 2765 4805 apud
2802 4734 3001 4796 Deum,
3042 4745 3106 4785 ac
3134 4729 3182 4784 si
3229 4727 3475 4782 diceret:

1903 4830 2006 4884 hoc
2035 4828 2304 4893 Verbum,
2333 4829 2474 4898 quod
2498 4827 2639 4880 Deus
2658 4834 2741 4880 est
2761 4866 2776 4888 ,
2807 4822 2940 4893 apud
2969 4822 3138 4876 Deum
3164 4821 3337 4889 ipsum
3359 4824 3477 4882 est,

1899 4929 1957 4976 et
1987 4936 2092 4974 non
2124 4919 2265 4974 aliud
2292 4920 2420 4989 quid
2450 4927 2570 4974 erat
2621 4918 2673 4972 in
2704 4915 2990 4986 principio.
3029 4912 3136 4967 Sed
3167 4908 3479 4980 significan-

1905 5015 2012 5069 tius
2038 5029 2105 5068 ex
2136 5012 2466 5068 Graecorum
2491 5008 2889 5080 exemplaribus
2923 5013 3100 5075 potest
3143 5000 3389 5068 intelligi.
3415 4995 3478 5054 lu

1903 5105 1984 5160 eis
2009 5105 2149 5160 etaim
2180 5102 2327 5165 ot'rro;
2350 5103 2624 5165 scribitur,
2649 5102 2700 5155 id
2730 5108 2843 5162 est,
2870 5099 2973 5162 hie,
3007 5105 3062 5151 et
3084 5101 3260 5166 potest
3287 5090 3479 5145 referri

1903 5197 1970 5250 ad
1996 5206 2318 5265 utrumque,
2349 5195 2414 5249 ad
2451 5192 2686 5248 Verbum
2715 5191 2968 5246 videlicet
3013 5196 3069 5241 et
3116 5185 3316 5245 Deum;
3345 5180 3480 5234 haec

1901 5287 2098 5358 quippe
2126 5287 2231 5341 duo
2262 5285 2478 5340 nomina
2504 5283 2628 5344 Θιὸς
2659 5291 2714 5337 et
2750 5282 2893 5355 ὶὸγος
2925 5280 3063 5349 apud
3088 5276 3326 5332 Graecos
3363 5284 3478 5358 ma-

1901 5357 2094 5432 sculini
2121 5377 2333 5446 generis
2363 5374 2614 5430 sunt.-Ac
2637 5388 2734 5442 per
2763 5373 2863 5427 hoc
2891 5370 3168 5439 ita‘potest
3205 5357 3432 5426 intelligi
3459 5373 3478 5410 :

223 5475 540 5521 sanctorum
570 5482 761 5538 puram
810 5482 994 5523 rerum
1030 5465 1389 5536 spiritualium
1419 5505 1435 5531 ,
1476 5479 1799 5534 omnemque
1893 5477 1942 5522 et
1963 5467 2104 5522 Deus
2124 5478 2234 5521 erat
2270 5466 2511 5531 Verbum;
2539 5465 2622 5519 hic
2642 5474 2753 5519 erat
2773 5466 2826 5517 in
2845 5459 3100 5532 principio
3122 5455 3260 5524 apud
3287 5451 3480 5510 Deum,

225 5556 564 5614 intellectum
610 5559 980 5630 superantium
1028 5558 1387 5631 cognitionem
1444 5572 1551 5612 non
1610 5556 1800 5611 sutl‘ert

1897 5567 2150 5628 tanquam
2180 5559 2224 5614 si
2255 5559 2372 5615 luce
2415 5557 2618 5615 clarius
2661 5555 2861 5612 dixerit
2887 5570 2899 5607 :
2929 5552 3025 5606 llic
3067 5550 3210 5605 Deus
3235 5542 3480 5600 Verbum

1491 5646 1748 5703 VARIAE
1784 5648 2186 5708 LECTIONES.

298 5746 320 5776 ‘
347 5743 528 5814 Corn,
552 5747 616 5801 ιι.
644 5747 1044 5818 pervenientem.
1123 5744 1340 5817 ’,σοι-ι’..
1369 5743 1489 5801 cod.
1516 5751 1766 5801 uetulum.
