4028 6274
571 322 674 379 287

1940 310 2224 370 «ΙΟΑΝΜὸ
2263 312 2458 371 εεθτι

569 435 710 504 apud
745 433 910 488 Deum
930 473 944 498 ,
979 432 1094 502 ipse
1110 439 1229 499 est,
1257 431 1454 500 dequo
1476 430 1584 486 dixi
1611 449 1624 485 :
1659 431 1722 485 1η
1742 430 1998 502 principio
2025 441 2140 487 erat
2167 437 2214 496 Α
2246 447 2350 488 non
2377 433 2646 502 potuistis,
2676 433 2805 502 quid
2827 441 2982 490 extra
3013 449 3102 490 me
3129 433 3306 491 facere
3323 437 3592 507 potestis?
3609 439 3848 499 Name:

579 524 823 578 Verbum.

641 614 830 668 Omnia
856 630 948 684 per
967 614 1134 682 ipsum
1168 613 1309 682 facta
1328 622 1476 667 sunt.
1501 612 1604 667 Per
1628 612 1798 682 ipsum
1820 611 1989 667 Deum
2012 610 2143 666 Ver-

570 709 722 773 bum,
749 708 830 762 vel
853 723 950 778 per
976 708 1146 777 ipsum
1176 707 1410 762 Verbum
1439 707 1606 761 Deum
1625 707 1805 760 omnia
1829 706 1970 760 facta
1991 712 2141 760 sunt.

574 802 641 856 Et
667 801 792 870 quid
823 810 908 855 est
939 801 1117 854 omnia
1138 816 1230 869 per
1260 801 1427 868 ipsum
1449 800 1590 868 facta
1617 809 1767 863 sunt,
1792 799 1894 853 nisi
1921 817 1934 853 :
1963 813 2029 853 eo
2048 813 2116 852 na

576 905 760 952 secute
781 904 908 949 ante
947 893 1126 949 omnia
1152 908 1217 946 cx
1255 892 1414 946 Patre
1433 932 1450 958 ,
1490 894 1670 946 omnia
1694 907 1815 946 cum
1837 892 1954 962 ipso
1972 901 2026 946 et
2046 904 2144 960 per

574 991 748 1060 ipsum
799 988 938 1042 facta
999 987 1171 1041 sunt?
1219 984 1352 1040 Nam
1391 985 1557 1054 ipsius
1603 999 1670 1040 ex
1718 983 1879 1038 Patre
1925 998 2146 1053 genera-

568 1083 648 1136 tio
680 1083 793 1151 ipsa
829 1087 912 1135 est
957 1093 1242 1134 causarum
1280 1092 1520 1131 omnium
1559 1076 1833 1140 conditio,
1875 1075 2144 1131 omnium-

569 1188 713 1242 que,
758 1185 898 1241 quae
956 1183 1023 1225 ex
1080 1169 1258 1224 causis
1302 1169 1355 1222 in
1411 1181 1604 1239 genera
1654 1175 1710 1223 et
1759 1168 1966 1236 species
2021 1181 2147 1236 pro-

569 1261 805 1326 cedunt,
853 1259 1100 1330 operatio
1162 1267 1216 1313 et
1265 1256 1509 1312 effectus.
1576 1256 1679 1312 Per
1737 1257 2143 1327 generationem

565 1352 767 1423 quippe
816 1351 910 1406 Dei
963 1366 1030 1406 ex
1077 1349 1187 1404 Deo
1237 1349 1506 1418 principio
1562 1347 1703 1402 facta
1755 1357 1882 1403 sunt
1935 1349 2138 1402 omnia.

566 1442 708 1498 Audi
760 1442 999 1496 divinum
1045 1448 1102 1495 et
1153 1437 1421 1494 iucﬂ’abile
1460 1439 1840 1508 paradoxum,
1883 1438 2144 1491 irresera-

565 1535 670 1590 bile
694 1544 984 1599 secretum,
1009 1532 1294 1595 invisibile,
1316 1531 1661 1601 profundum,
1685 1531 2146 1601 incomprehensi-

464 1681 466 1685 .
565 1625 671 1681 bile
702 1625 1033 1696 mysterium.
1063 1622 1170 1677 Per
1191 1637 1295 1677 non
1322 1620 1654 1686 factum,sed
1678 1621 1938 1692 genitum,
1959 1619 2143 1674 omnia

565 1714 733 1781 facta,
759 1715 852 1771 sed
881 1729 985 1768 non
1007 1712 1208 1781 genita.
1239 1711 1670 1780 Principium,ex
1689 1725 1795 1779 quo
1817 1710 2020 1774 omnia,
2043 1709 2146 1763 Pa-

2245 522 2318 576 ibi
2343 537 2450 576 non
2485 521 2631 590 ἄνιν,
2657 524 2750 579 sed
2787 529 2973 604 χωρίς,
3000 527 3102 582 hoc
3122 536 3224 593 est,
3257 543 3363 584 non
3391 530 3533 595 sine,
3564 533 3846 590 sed-extre

2244 613 2437 670 Graeci
2469 610 2991 682 scribunt.)Facilius
3011 627 3190 674 autem
3213 627 3497 691 propterea
3521 623 3656 689 dixi,
3677 626 3843 694 quia,

2247 705 2371 760 dum
2411 705 2536 776 quis
2575 707 2723 761 audit
2751 708 2864 762 sine
2892 709 3034 777 ipso,
3067 717 3244 778 potest
3269 719 3463 778 putare
3505 713 3626 768 sine
3664 714 3845 783 ipsius

2242 793 2471 849 consilio
2516 795 2598 850 vel
2632 793 2920 864 adjutorio,
2968 813 3036 853 ac
3065 814 3162 868 per
3190 799 3294 855 hoc
3338 815 3445 856 non
3477 810 3673 869 totum,
3722 819 3843 860 non

2249 886 2431 942 omnia
2483 887 2572 941 'illi
2629 887 2934 953 distribuit;
2992 891 3216 945 audiens
3268 905 3398 946 vero
3455 903 3642 960 extra,
3694 895 3842 949 nihil

2211 979 2463 1046 omnino
2493 979 2767 1050 relinquit,
2806 983 2952 1051 quod
2979 982 3033 1037 in
3063 983 3180 1053 ipso
3205 992 3262 1040 et
3288 999 3390 1055 per
3422 985 3597 1056 ipsum
3621 986 3840 1043 factum

2243 1082 2351 1123 non
2379 1067 2470 1123 sit.

2312 1157 2468 1224 Quod
2493 1158 2688 1228 factum
2712 1169 2786 1214 est
2810 1160 2866 1213 in
2885 1160 2996 1229 ipso
3028 1161 3132 1216 vita
3152 1171 3286 1218 erat.
3327 1163 3617 1233 Postquam
3654 1182 3844 1221 rexno-

2245 1249 2454 1304 tissima
2497 1250 2646 1305 omni
2686 1251 2893 1306 ratione
2921 1260 2976 1305 et
2998 1252 3278 1309 intellectu
3316 1255 3506 1311 beatus
3547 1258 3840 1328 evangeli-

2245 1349 2357 1395 stes
2386 1341 2566 1396 divina
2605 1342 2863 1396 rcvelavit
2896 1345 3172 1412 mysteria,
3205 1345 3375 1401 Deum
3405 1347 3640 1404 Verbum
3679 1351 3842 1406 vide-

2245 1427 2372 1484 licet
2410 1429 2466 1486 in
2518 1430 2628 1484 Deo
2668 1431 2939 1501 loquente,
2989 1434 3042 1488 iu
3104 1433 3367 1490 ambobus
3415 1437 3842 1510 intelligentiam

2244 1520 2418 1576 sancti
2451 1519 2683 1591 Spiritus
2713 1522 2928 1579 divinae
2956 1524 3268 1596 Scripturae
3304 1529 3844 1598 contemplatoribus

2245 1612 2686 1683 relinquens-ut
2703 1614 2872 1680 enim,
2898 1615 2990 1685 qui
3007 1615 3263 1686 loquitur,
3293 1619 3345 1673 in
3366 1619 3552 1686 verbo,
3575 1623 3723 1692 quod
3760 1622 3844 1679 lo-

2245 1704 2456 1772 quitur,
2509 1704 2815 1760 necessario
2867 1707 3114 1774 spiritum
3176 1709 3390 1778 proﬂat,
3437 1710 3510 1765 ita
3552 1711 3694 1767 Dens
3738 1713 3842 1770 Pa-

564 1813 648 1860 ter
671 1814 790 1869 est;
823 1801 1180 1873 principium,
1208 1815 1309 1871 per
1333 1800 1475 1870 quod
1492 1800 1695 1863 omnia,
1722 1799 1888 1854 Filius
1907 1808 2007 1855 est.
2040 1799 2144 1854 Pa-
2176 1786 2221 1844 Β
2251 1805 2333 1852 ter
2392 1796 2552 1850 simul
2612 1804 2668 1886 et
2731 1797 2900 1853 semel
2958 1808 3014 1854 et
3069 1800 3265 1858 Filium
3325 1817 3480 1858 suum
3544 1805 3718 1876 gignit
3781 1817 3842 1864 et

563 1907 646 1954 tre
682 1895 933 1965 loquente
965 1893 1187 1948 verbum
1213 1906 1391 1955 suum,
1423 1891 1526 1946 hoc
1555 1900 1638 1946 est
1659 1931 1672 1953 ,
1709 1889 1869 1946 Patre
1894 1889 2148 1960 gignente

563 1985 884 2056 sapientiam
905 1999 1078 2047 suam,
1109 1981 1290 2037 omnia
1311 1981 1462 2035 fiunt.
1487 1979 1753 2050 Propheta
1777 1981 1884 2034 ait:
1906 1999 1924 2030 ε
1954 1979 2146 2036 Omnia

563 2095 614 2134 in
644 2075 907 2146 sapientia
955 2073 1130 2128 fecisti
1169 2091 1189 2124 ι
1219 2087 1234 2137 ;
1265 2079 1323 2128 et
1350 2071 1500 2135 alibi,
1527 2086 1812 2141 personam
1842 2068 2021 2124 Patris
2059 2069 2146 2123 in-

563 2167 853 2222 troducens
880 2181 894 2218 :
925 2183 944 2215 ι
979 2163 1260 2218 Eructavit
1280 2177 1378 2217 cor
1405 2177 1581 2216 meum
1612 2180 1655 2216 ι.
1688 2161 1754 2215 Et
1778 2160 1906 2231 quid
1935 2167 2147 2214 eructa-

563 2259 752 2314 vitcor
773 2255 966 2312 suum?
994 2254 1109 2325 Ipse
1132 2253 1352 2322 exponit
1383 2270 1396 2305 :
1420 2270 1439 2302 ι
1473 2253 1696 2308 verbum
1725 2251 1924 2306 bonum
1947 2250 2071 2304 dico
2100 2268 2145 2315 ι,

563 2351 786 2406 verbum
833 2349 1031 2403 bonum
1075 2347 1286 2416 loquor,
1336 2345 1527 2399 Filium
1571 2345 1770 2399 bonum
1817 2343 1993 2414 gigno.
2041 2342 2148 2398 Cor

563 2439 743 2493 Patris
772 2445 856 2492 est
880 2452 979 2492 sua
1009 2435 1226 2506 propria
1265 2433 1586 2497 substantia,
1615 2433 1681 2487 de
1713 2447 1820 2502 qua
1859 2431 2038 2504 genita
2063 2440 2147 2486 est

561 2529 683 2585 Filii
731 2529 947 2600 propria
997 2525 1328 2591 substantia;
1383 2527 1655 2597 praecedit
1708 2524 1870 2580 Pater
1908 2524 2143 2581 Verbum

561 2637 668 2677 non
691 2629 904 2685 natura,
933 2619 1030 2674 sed
1049 2632 1236 2674 causa.
1257 2616 1392 2671 Audi
1419 2617 1590 2688 ipsum
1619 2615 1812 2671 Filium
1833 2615 2102 2671 dicentem
2125 2631 2141 2671 :

566 2731 586 2763 ι
631 2710 793 2764 Pater
830 2707 1003 2778 major
1033 2715 1116 2761 est
1144 2721 1231 2762 me
1259 2725 1302 2770 ι,
1328 2706 1629 2762 substantia
1657 2705 1772 2776 ejus
1799 2719 1961 2760 causa
1989 2719 2144 2762 meae

562 2803 900 2861 substantiae
930 2809 1033 2856 est.
1082 2798 1392 2864 Praecedit,
1436 2799 1688 2869 inquam,
1718 2797 1880 2852 Pater
1908 2795 2142 2852 Verbum

2249 1886 2511 1957 Spiritum
2561 1903 2716 1944 suum
2773 1905 2870 1960 per
2923 1891 3159 1962 genitum
3215 1909 3371 1950 suum
3418 1897 3842 1965 producit-—et

2247 1988 2529 2048 postquam
2572 1993 2670 2048 per
2713 1979 2882 2035 Deum
2922 1981 3116 2038 Filium
3162 1985 3345 2040 omnia
3395 1985 3538 2040 facta
3567 2003 3723 2051 esse,
3783 1999 3842 2042 et

2246 2067 2382 2122 nihil
2401 2079 2556 2123 extra
2579 2068 2754 2139 ipsum
2777 2071 3073 2127 subsistere
3107 2075 3356 2140 astruxit,
3378 2075 3542 2131 veluti
3565 2076 3634 2131 ab
3657 2077 3842 2133 altero

2246 2156 2542 2226 primordio
2581 2173 2714 2213 suae
2755 2159 3055 2230 theologiae
3100 2163 3294 2217 seriem
3333 2164 3548 2232 direxit,
3588 2165 3790 2222 dicens
3821 2187 3837 2221 :

2250 2247 2402 2314 Quod
2425 2248 2623 2316 factum
2642 2259 2716 2303 est
2737 2251 2793 2304 in
2820 2251 2931 2320 ipso
2951 2251 3054 2306 vita
3073 2261 3206 2308 erat.
3225 2252 3502 2310 Praedixit
3526 2255 3685 2318 enim,
3718 2272 3841 2309 ont-

2247 2339 2337 2392 nia
2373 2355 2465 2407 per
2491 2338 2659 2407 ipsum
2687 2339 2829 2408 facta
2849 2351 2994 2406 sunt,
3030 2357 3094 2397 ac
3120 2342 3284 2398 veluti
3321 2359 3354 2398 a
3389 2345 3641 2415 quopiam
3663 2361 3840 2417 roga-

2248 2438 2334 2485 tus
2363 2431 2428 2486 de
2453 2431 2541 2495 iis,
2565 2446 2706 2500 quae
2729 2448 2830 2501 per
2855 2431 3023 2487 Deum
3056 2431 3290 2489 Verbum
3323 2433 3465 2490 facta
3489 2444 3654 2490 sunt:
3681 2451 3838 2513 quo-

2247 2521 2408 2576 modo
2445 2531 2502 2576 et
2533 2522 2660 2591 quid
2697 2522 2752 2576 in
2791 2523 2906 2592 ipso
2929 2534 3126 2589 erant,
3153 2539 3297 2594 quae
3324 2539 3420 2596 per
3456 2527 3629 2597 ipsum
3674 2524 3835 2582 facta

2246 2613 2407 2668 sunt?
2437 2613 2712 2681 respondit
2732 2623 2790 2668 et
2817 2614 2892 2667 ait
2921 2632 2934 2667 :
2975 2613 3127 2680 Quod
3158 2615 3356 2682 factum
3385 2626 3460 2670 est
3497 2617 3552 2670 in
3579 2617 3694 2684 ipso
3719 2619 3836 2676 vita

2244 2714 2374 2758 erat.
2406 2703 2554 2771 Quae
2584 2704 2848 2759 sententia
2877 2704 3162 2774 dupliciter
3197 2708 3602 2777 pronunciatur.
3635 2708 3832 2766 Potest

2247 2795 2390 2849 enim
2432 2795 2788 2864 subdistingui
2819 2803 2832 2850 ξ
2861 2796 3014 2861 Quod
3038 2797 3235 2866 factum
3257 2809 3353 2859 est.
3384 2815 3449 2855 ac
3480 2799 3670 2857 deinde
3700 2802 3830 2858 sub-

560 2896 854 2951 eausaliter
879 2935 892 2960 ,
933 2891 1212 2962 praecedit
1240 2889 1408 2946 Filius
1434 2890 1613 2944 omnia
1631 2929 1648 2954 ,
1679 2903 1817 2959 quae
1842 2903 1940 2958 per
1967 2887 2140 2957 ipsum
2239 2885 2388 2955 jungi
2414 2885 2596 2955 inipso
2627 2887 2729 2940 vita
2752 2897 2862 2940 erat
2880 2928 2894 2951 ,
2921 2896 3099 2956 potest
3127 2889 3290 2943 etiam
3313 2891 3394 2946 sic
3413 2907 3426 2944 :
3446 2890 3599 2957 Quod
3621 2892 3828 2961 factum

563 2985 702 3042 facta
735 2993 882 3050 sunt,
913 2981 1250 3038 naturaliter.
1285 2979 1596 3036 Substantia
1623 2979 1744 3034 Filii
1788 2977 1937 3033 Patri
1985 2991 2142 3034 coae-

563 3085 716 3131 terna
757 3084 858 3130 est.
901 3071 1214 3129 Substantia
1244 3085 1451 3134 eorum,
1485 3085 1624 3140 quae
1649 3085 1748 3140 per
1777 3069 1950 3139 ipsum
1997 3066 2140 3122 facta

2244 2986 2317 3030 eu
2346 2976 2401 3028 in
2425 2976 2560 3044 ipso,
2585 2990 2648 3029 ac
2672 2975 2866 3030 deinde
2886 2976 3174 3032 subinferri
3197 2979 3302 3033 vita
3332 2990 3464 3035 erat.
3497 2981 3575 3035 Ac
3605 2996 3702 3050 per
3724 2985 3832 3039 hoc

2246 3067 2299 3122 in
2321 3067 2527 3122 duabus
2547 3067 3074 3137 pronuntiationibus
3092 3070 3225 3125 duos
3245 3071 3584 3141 speculamur
3613 3073 3826 3129 intelle.

562 3175 710 3232 sunt,
749 3165 1020 3222 inchoavit
1047 3164 1102 3218 in
1133 3163 1248 3232 ipso
1287 3177 1408 3218 esse
1434 3170 1560 3216 ante
1589 3171 1827 3230 tempora
1857 3157 2140 3223 secularia,
2170 3135 2214 3198 Ο
2247 3168 2384 3214 ctus.
2417 3158 2534 3213 Non
2548 3135 2709 3214 enim
2739 3160 2926 3216 eadem
2957 3161 3164 3216 tlieoria
3198 3135 3302 3228 est,
3329 3177 3468 3232 quae
3487 3164 3614 3218 dicit
3643 3183 3656 3218 :
3681 3165 3828 3235 quod

563 3258 744 3312 nonin
775 3264 1038 3324 tempore,
1067 3253 1162 3306 sed
1186 3266 1309 3306 cum
1342 3251 1693 3320 temporibus.
1719 3249 1952 3319 Tempus
1969 3246 2140 3316 siqui-

563 3351 686 3405 dem
726 3347 868 3402 inter
905 3354 1083 3399 cetera
1102 3381 1122 3407 ,
1149 3355 1288 3410 quae
1321 3340 1459 3394 facta
1485 3347 1632 3404 sunt,
1664 3338 1864 3394 factum
1888 3346 2005 3404 est;
2034 3353 2142 3392 non

563 3449 746 3494 autem
774 3444 1136 3506 procreatum,
1165 3433 1259 3488 sed
1279 3440 1637 3486 concreatum.
1663 3429 1731 3484 Et
1750 3443 1889 3499 quae
1908 3435 1993 3484 est
2016 3442 2145 3483 con-

563 3527 842 3600 sequentia
873 3525 1046 3590 verbi,
1069 3523 1211 3595 quod
1227 3523 1462 3579 locutum
1484 3530 1570 3578 est
1595 3536 1659 3577 os
1691 3520 1994 3576 Altissimi?
2026 3517 2144 3576 Non

562 3621 707 3676 enim
747 3617 801 3673 in
842 3631 1034 3671 vanum
1077 3616 1288 3669 locutus
1312 3623 1396 3669 est
1429 3612 1609 3679 Pater,
1643 3628 1750 3667 non
1791 3610 2142 3676 infructuose,

561 3722 673 3762 non
700 3706 816 3762 sine
858 3719 1052 3776 magno
1095 3702 1318 3769 ell'eclu;
1344 3718 1470 3757 nam
1511 3711 1567 3757 et
1604 3701 1848 3756 homines
1876 3698 2063 3773 [inter]
2087 3713 2147 3756 se

561 3799 711 3868 ipsos
753 3796 1034 3866 loquentes
1081 3795 1282 3866 aliquid
1324 3794 1377 3848 in
1421 3792 1642 3847 auribus
1669 3790 2000 3845 audientium
2027 3787 2145 3844 elli-

561 3890 730 3946 ciunt.
771 3888 896 3943 Tria
945 3887 1128 3957 itaque
1174 3887 1397 3942 credere
1436 3896 1491 3940 et
1525 3883 1824 3955 intelligere
1863 3883 2143 3948 debemus,

561 3982 869 4053 loquentem
897 3981 1112 4036 Patrem
1133 4021 1149 4046 ,
1194 3979 1603 4051 pronunciatum
1626 3977 1883 4040 Verbum,
1913 3991 1978 4032 ea
2009 3991 2149 4047 quae

561 4075 866 4133 efﬁciuntur
893 4091 988 4145 per
1029 4075 1282 4130 Verbum.
1310 4073 1471 4129 Pater
1502 4072 1758 4142 loquitur,
1802 4071 2037 4127 Verbum
2064 4070 2146 4141 gi-

566 4170 768 4240 gnitur,
811 4169 994 4224 omnia
1033 4165 1358 4222 elliciuntur.
1402 4165 1542 4220 Audi
1589 4164 1934 4234 Prophetam,
1982 4177 2148 4231 quum

564 4262 680 4330 ipse
717 4261 872 4322 dixit,
909 4270 955 4313 et
999 4259 1140 4328 facta
1167 4267 1318 4320 sunt,
1353 4257 1454 4312 hoc
1477 4266 1580 4320 est,
1617 4255 1848 4310 Verbum
1873 4269 2030 4309 suum
2058 4269 2150 4324 ge-

564 4354 706 4416 nuit,
734 4367 830 4420 pcr
848 4351 990 4420 quod
1029 4349 1169 4403 facta
1204 4357 1330 4403 sunt
1359 4347 1560 4401 omnia.
1593 4347 1660 4400 Et
1695 4361 1762 4400 ne
1792 4345 1930 4400 forte
1959 4346 2148 4400 existi-

564 4457 746 4498 mares
765 4455 972 4505 eorum,
997 4455 1136 4508 quae
1165 4451 1312 4502 sunt,
1335 4439 1596 4506 quaedam
1620 4438 1833 4506 quidem
1857 4451 1951 4507 per
1973 4437 2146 4506 ipsum

2245 3248 2470 3314 factum,
2496 3249 2630 3305 locis
2673 3251 3113 3320 temporibusque
3159 3251 3471 3316 discretum,
3511 3254 3826 3324 generibus,

2242 3338 2434 3396 formis
2454 3339 2800 3408 numerisque
2831 3339 3141 3395 distinctum
3161 3381 3176 3407 ,
3208 3343 3551 3398 sensibilibus
3575 3345 3830 3415 intelligi-

2243 3429 2548 3499 bilibusque
2576 3430 2894 3485 substantiis
2939 3445 3034 3485 seu
3075 3443 3414 3504 compactum
3445 3450 3538 3490 seu
3577 3451 3832 3509 segrega-

2247 3529 2358 3576 tum
2381 3560 2397 3586 ,
2427 3522 2530 3576 hoc
2558 3529 2725 3576 totum
2748 3521 2805 3576 in
2833 3521 2949 3592 ipso
2970 3523 3082 3577 vita
3111 3533 3260 3589 erat;
3286 3534 3343 3580 et
3381 3541 3446 3581 ea
3473 3541 3615 3596 quae
3653 3528 3834 3583 decla-

2247 3622 2373 3670 rat:
2399 3614 2544 3685 quod
2581 3614 2784 3670 factum
2829 3624 2912 3670 est
2953 3615 3006 3669 in
3044 3616 3182 3686 ipso,
3215 3633 3323 3673 non
3371 3619 3519 3674 aliud
3557 3629 3681 3674 erat
3727 3613 3833 3676 nisi

2245 3705 2376 3770 vita,
2406 3713 2465 3760 ut
2503 3705 2573 3760 sit
2619 3720 2808 3761 sensus
2839 3723 2851 3760 :
2883 3704 3110 3772 Omnia,
3139 3723 3278 3778 quae
3323 3724 3419 3778 per
3465 3709 3642 3780 ipsum
3690 3709 3833 3766 facta

2244 3804 2392 3863 sunt,
2415 3796 2466 3849 in
2495 3797 2610 3866 ipso
2630 3797 2738 3850 vita
2771 3804 2894 3852 sunt
2919 3805 2972 3852 et
2992 3813 3157 3852 unum
3181 3807 3324 3854 sunt.
3349 3799 3519 3854 Erant
3537 3799 3710 3866 enim,
3734 3802 3835 3858 hoc

2245 3894 2329 3942 est
2358 3885 2658 3941 subsistunt
2684 3887 2737 3942 in
2774 3888 2890 3958 ipso
2915 3888 3225 3956 causaliter,
3265 3889 3581 3960 priusquam
3623 3890 3739 3944 sint
3781 3890 3834 3944 in

2247 3980 2554 4051 semetipsis
2587 3979 2862 4043 ell‘ective.
2901 3981 3072 4037 Aliter
3101 3982 3244 4037 enim
3287 3982 3384 4036 sub
3424 3981 3539 4051 ipso
3574 3992 3708 4038 sunt
3746 3997 3832 4050 ea,

2247 4086 2386 4140 quae
2428 4086 2525 4141 per
2568 4071 2742 4141 ipsum
2788 4071 2936 4128 facta
2979 4080 3124 4140 sunt,
3155 4072 3314 4129 aliter
3344 4073 3400 4127 in
3431 4072 3548 4143 ipso
3571 4080 3707 4129 sunt
3749 4089 3832 4139 ea,

2249 4179 2410 4232 quam
2458 4163 2570 4232 ipse
2599 4173 2700 4218 est.
2735 4163 2927 4220 Omnia
2962 4165 3166 4234 itaque,
3192 4179 3330 4235 quae
3369 4178 3464 4234 per
3492 4163 3735 4221 Verbum
3762 4165 3836 4220 fa-

2248 4263 2335 4306 cta
2377 4262 2526 4317 sunt,
2575 4254 2626 4307 in
2657 4255 2771 4324 ipso
2809 4255 2993 4308 vivunt
3036 4254 3568 4321 incommutabiliter,
3620 4264 3680 4310 et
3731 4257 3836 4311 vita

2250 4353 2374 4399 sunt
2399 4361 2412 4408 ;
2445 4345 2496 4399 in
2537 4361 2642 4414 quo
2671 4361 2842 4414 neque
2875 4344 3095 4401 fuerunt
3121 4346 3301 4402 omnia
3330 4345 3724 4417 temporalibus
3753 4346 3807 4401 in

2255 4434 2494 4489 tet-vallis
2521 4450 2613 4489 seu
2655 4435 2931 4500 localibus,
2967 4451 3065 4491 nec
3089 4435 3270 4491 futura
3304 4445 3453 4502 sunt,
3496 4437 3592 4491 sed
3635 4435 3838 4491 solum-

565 4533 662 4589 Dei
693 4531 929 4586 Verbum
976 4529 1118 4585 facta
1144 4545 1286 4594 esse,
1313 4529 1579 4599 quaedam
1621 4544 1749 4584 vero
1776 4497 1931 4584 extra
1979 4530 2148 4599 ipsum
2179 4497 2227 4568 Β
2255 4523 2414 4579 modo
2435 4540 2596 4594 super
2619 4525 2794 4578 omnii
2821 4533 3057 4594 ten-pora
3079 4535 3134 4582 et
3156 4526 3274 4581 loca
3293 4527 3347 4580 in
3371 4497 3488 4596 ipso
3516 4541 3686 4581 unum
3715 4535 3838 4582 sunt

566 4635 662 4679 aut
697 4623 840 4678 facta
883 4639 1005 4678 esse
1032 4632 1125 4678 aut
1168 4622 1456 4677 existentia
1489 4637 1583 4692 per
1613 4622 1921 4692 semetipsa,
1975 4622 2048 4676 ita
2092 4629 2154 4676 ut

566 4730 676 4770 non
703 4713 883 4769 omnia
902 4755 917 4778 ,
939 4728 1081 4783 quae
1106 4721 1266 4778 sunt,
1295 4723 1350 4767 et
1390 4727 1531 4781 quae
1559 4727 1663 4767 non
1701 4721 1860 4776 sunt,
1891 4713 1958 4766 ad
1988 4727 2153 4766 unum

566 4803 894 4875 principium
926 4805 1230 4858 referantur
1252 4844 1266 4866 ,
1297 4801 1696 4858 conclusionem
1738 4803 1900 4856 totius
1945 4802 2153 4857 theolo-

569 4893 692 4964 giae
729 4893 970 4948 subdidit
1010 4907 1026 4946 :
1057 4902 1104 4947 et
1131 4893 1241 4946 sine
1265 4894 1376 4962 ipso
1398 4892 1594 4960 factum
1618 4900 1692 4945 ut
1722 4890 1887 4955 nihil;
1918 4891 2021 4946 hoc
2048 4899 2153 4954 est,

571 4984 708 5040 nihil
735 4993 890 5039 extra
920 4985 1094 5054 ipsum
1133 4991 1214 5037 est
1242 4981 1467 5046 factum,
1495 4981 1623 5051 quia
1651 4981 1764 5051 ipse
1787 4981 1975 5042 ambit,
2016 4981 2156 5035 intra

569 5094 634 5134 se
673 5077 1139 5149 comprehendens
1166 5075 1368 5139 omnia,
1397 5083 1452 5129 et
1478 5074 1610 5128 nihil
1632 5074 1682 5128 ei
1701 5083 2047 5129 coaeternum
2076 5072 2158 5128 vel

509 5163 516 5168 ’
571 5169 1032 5227 consubstantiale
1070 5166 1386 5238 intelligitur
1419 5165 1500 5220 vel
1528 5165 1914 5230 coessentiale,
1940 5173 2159 5235 praeter

572 5280 731 5321 suum
768 5263 982 5318 Patrem
1010 5271 1067 5318 et
1103 5277 1258 5317 suum
1299 5259 1558 5330 Spiritum
1599 5275 1630 5312 a
1665 5258 1825 5313 Patre
1853 5273 1949 5327 per
1981 5257 2157 5328 ipsum

572 5339 1076 5430 procedentem."v.Et
1115 5355 1215 5410 hoc
1246 5351 1457 5410 facilius
1485 5351 1541 5405 in
1575 5350 1789 5406 Graeco
1816 5350 1973 5404 datur
1998 5347 2156 5403 intel-

575 5451 691 5522 ligi.
737 5449 838 5505 Ubi
877 5450 1021 5503 enim
1068 5445 1244 5500 Latini
1291 5451 1496 5514 ponunt
1533 5445 1646 5496 sine
1687 5443 1818 5511 ipso,
1861 5440 1932 5495 ibi
1966 5439 2158 5496 Graeci

578 5545 745 5617 χωρὶς
777 5543 930 5596 αὐτοῦ
957 5579 972 5603 ,
1039 5537 1142 5592 hoc
1201 5546 1284 5591 est
1335 5541 1490 5590 extra
1549 5533 1742 5602 ipsum.
1799 5531 2060 5586 Similiter
2105 5541 2161 5587 et

578 5634 694 5700 ipse
721 5631 979 5685 Dominus
1009 5629 1120 5684 suis
1148 5625 1425 5696 discipulis
1447 5624 1578 5680 dicit
1607 5642 1618 5678 :
1655 5642 1673 5674 ι
1711 5624 1878 5678 Extra
1906 5638 1992 5679 me
2024 5623 2160 5678 nihil

577 5723 801 5792 potestis
825 5720 1002 5777 facere
1035 5739 1082 5773 ι.
1111 5718 1212 5786 Qui
1251 5732 1348 5788 per
1373 5731 1488 5784 vos,
1532 5714 1723 5785 inquit,
1746 5722 1902 5768 extra
1933 5729 2017 5770 me
2044 5711 2158 5770 fleri

2256 4623 2310 4668 et
2337 4613 2712 4670 universaliter
2742 4617 3042 4670 subsistunt
3071 4615 3321 4682 visibilia,
3353 4615 3672 4681 invisibilia,
3719 4632 3838 4671 cor-

2256 4706 2495 4775 poralia,
2541 4705 2933 4774 incorporalia,
2997 4707 3310 4771 rationalia,
3347 4705 3686 4762 irrationalia
3712 4747 3730 4774 ,
3789 4715 3840 4762 et

2257 4795 2573 4866 simpliciter
2600 4795 2808 4850 caelum
2836 4807 2890 4850 et
2919 4805 3059 4849 terra
3081 4836 3095 4861 ,
3118 4798 3346 4867 abyssus
3362 4835 3378 4861 ,
3397 4805 3453 4850 et
3479 4811 3840 4866 quaecunque

2259 4886 2312 4937 in
2335 4885 2415 4939 eis
2452 4895 2598 4949 sunt,
2629 4885 2682 4939 in
2710 4885 2824 4954 ipso
2850 4886 3057 4951 vivunt,
3085 4898 3139 4942 et
3158 4887 3268 4940 vita
3293 4894 3439 4951 sunt,
3461 4895 3519 4942 et
3544 4887 3840 4942 aeternali-

2259 4981 2344 5027 ter
2367 4974 2687 5040 subsistunt,
2714 4985 2770 5029 et
2789 4991 2927 5044 quae
2949 4977 3104 5032 nobis
3125 4978 3272 5032 omni
3295 4986 3444 5032 motu
3469 4977 3622 5032 vitali
3650 4991 3840 5032 carere

2259 5067 2530 5134 videntur,
2563 5067 2615 5123 iu
2640 5069 2816 5125 Verbo
2845 5071 3050 5125 vivunt.
3089 5069 3195 5125 Sed
3217 5072 3261 5126 si
3288 5071 3506 5141 quaeris
3524 5112 3539 5136 ,
3567 5072 3841 5140 quomodo

2259 5158 2343 5214 vel
2369 5174 2474 5228 qua
2498 5160 2706 5216 ratione
2727 5161 2930 5226 omnia,
2970 5177 3108 5232 quae
3136 5176 3234 5232 per
3255 5163 3490 5218 Verbum
3520 5165 3663 5219 facta
3694 5173 3836 5222 sunt.

2258 5253 2313 5308 in
2344 5253 2460 5323 ipso
2493 5255 2730 5310 vitaliter
2773 5262 2830 5310 et
2875 5255 3219 5311 uniformiter
3256 5264 3313 5310 et
3336 5255 3628 5311 causaliter
3666 5257 3841 5311 subsi-

2258 5353 2430 5411 stunt,
2469 5347 2654 5416 accipe
2692 5346 3064 5417 paradigmata
3102 5360 3171 5401 ex
3211 5355 3589 5401 creaturarum
3623 5357 3839 5408 natura,

2258 5439 2406 5494 disce
2431 5439 2690 5494 factorem
2717 5455 2785 5494 ex
2810 5440 2894 5503 iis,
2919 5454 3060 5509 quae
3082 5439 3135 5494 in
3158 5438 3274 5508 ipso
3296 5447 3352 5494 et
3373 5453 3472 5508 per
3491 5440 3668 5509 ipsum
3700 5437 3840 5493 facta

2260 5541 2406 5586 sunt.
2436 5548 2456 5584 ι
2489 5529 2780 5586 lnvisibilia
2803 5531 2946 5585 enim
2967 5531 3083 5602 ejus
3113 5548 3160 5596 ι,
3185 5529 3670 5600 utaitApostolus,
3697 5549 3717 5581 ‹
3748 5543 3842 5600 per

2260 5636 2347 5686 ea,
2376 5635 2514 5690 quae
2536 5619 2674 5674 facta
2701 5631 2827 5674 sunt
2845 5660 2860 5685 ,
2886 5619 3157 5674 intellecta
3181 5620 3596 5690 conspiciuntur
3632 5637 3678 5672 ι.
3702 5617 3838 5673 Con-

2263 5713 2493 5783 spicare,
2518 5709 2789 5783 quomodo
2817 5711 3057 5767 omnium
3083 5725 3284 5777 rerum,
3311 5725 3451 5780 quas
3473 5708 3660 5766 mundi
3685 5709 3840 5780 hujus
