4028 6274
1561 174 1625 200 ρετ
1660 177 1778 197 ινν”ν.
1808 179 1845 193 ,ι

195 342 318 401 389
413 303 427 325 .

1194 336 1428 396 HOMIL.
1466 336 1535 395 IN
1571 334 1868 395 PROLOG.
1906 332 2165 394 EVANG.
2203 329 2354 390 SEC.
2392 332 2587 391 JOAN.

1950 209 1959 219 ι
1990 183 2039 251 ην

3362 334 3473 393 290

192 451 480 513 sensibilis
516 448 812 523 globositas
840 450 1272 522 comprehendit,
1315 465 1515 508 causae
1539 449 1698 507 simul
1724 456 1781 505 et
1806 451 1859 510 Α
1881 446 2189 517 phantasia,
2221 446 2315 502 sed
2338 446 2395 502 in
2418 447 2535 517 ipsa
2569 459 2693 501 vera
2716 444 3075 511 humanitate,
3102 458 3266 516 quam
3294 452 3465 502 tetam

193 545 551 604 uniformiter
579 544 635 601 in
657 543 764 600 isto
787 543 901 600 sole
919 583 934 608 ,
963 544 1056 614 qui
1084 545 1382 600 maximum
1411 542 1597 598 mundi
1626 542 1785 598 lumi-

193 656 343 699 nare
366 638 654 703 vocitatur,
682 637 1001 703 subsistunt.
1028 636 1156 691 Inde
1179 652 1413 706 namque
1443 635 1647 691 formae
1667 650 1784 691 om-

190 733 359 791 nium
384 744 672 803 corporum
699 728 1019 801 procedunt,
1050 728 1174 783 inde
1199 727 1511 783 distantium
1544 726 1784 782 colorum

192 822 571 897 pulchritudo,
610 830 666 877 et
690 828 891 885 cetera,
917 835 1054 890 quae
1073 818 1141 874 de
1160 818 1396 874 sensibili
1422 826 1610 872 natura
1634 831 1787 887 prae-
1816 814 1828 826 '

196 916 381 973 dicari
416 922 662 986 possunt.
691 912 988 969 Considera
1027 911 1381 982 multiplicem
1429 920 1486 967 et
1524 911 1787 966 inﬁnitam

194 1008 474 1065 seminum
504 1006 781 1069 virtutem,
805 1002 1075 1074 quomodo
1096 1002 1456 1058 numerositas
1475 1003 1785 1067 herbarum,

196 1099 478 1155 fructuum
497 1137 514 1162 ,
541 1095 860 1151 animalium
894 1095 950 1150 in
971 1094 1199 1167 singulis
1228 1094 1525 1150 seminibus
1545 1093 1791 1151 contine-

194 1202 318 1258 tur,
342 1188 614 1261 quomodo
636 1202 703 1241 ex
736 1187 816 1242 eis
839 1185 1013 1257 surgit
1040 1184 1267 1256 pulchra
1303 1184 1601 1240 formarum
1626 1193 1682 1241 et
1708 1185 1791 1241 in-

195 1277 565 1335 numerabilis
593 1275 992 1347 multiplicitas;
1034 1276 1246 1331 intuere
1273 1274 1625 1331 interioribus
1658 1290 1793 1330 ocu-

196 1369 291 1435 lis,
343 1367 612 1439 quomodo
655 1366 977 1436 multiplices
1028 1365 1246 1435 regulae
1297 1365 1353 1421 in
1395 1373 1514 1420 arte
1568 1366 1794 1422 artiﬁcis

1886 538 1985 594 sibi
2003 537 2056 592 in
2082 538 2341 594 unitatem
2356 538 2687 593 substantiae
2707 540 2961 607 suscepit,
2987 540 3265 609 apparuit,
3290 554 3473 593 suam-

1890 644 1996 699 que
2021 629 2386 700 cognitionem
2414 629 2664 686 omnibus
2689 631 3140 701 cognoscentibus
3161 647 3219 688 se
3244 631 3471 703 praesti-

1886 718 1970 772 tit.
1999 717 2114 773 Lux
2138 719 2318 788 itaque
2339 718 2610 774 hominum
2638 719 2899 774 Dominus
2927 729 3111 775 noster
3134 720 3291 777 Jesus
3310 719 3470 777 Chri-

1888 817 2023 877 stus,
2054 811 2145 880 qui
2168 811 2221 865 in
2247 813 2479 866 humana
2510 820 2701 866 natura
2728 812 2875 867 omni
2893 813 3141 867 rationali
3170 822 3225 870 et
3253 814 3471 870 intelle-

1889 903 2052 960 ctuali
2065 912 2348 960 creaturae
2361 904 2594 975 seipsum
2621 904 3003 968 manifestavit,
3022 920 3259 977 suaeque
3276 906 3473 963 divini-

1891 1001 2038 1066 tatis,
2053 1016 2157 1072 qua
2174 1001 2321 1056 Patri
2338 1002 2579 1072 aequalis
2597 1011 2702 1069 est,
2719 1003 2899 1058 abdita
2916 1003 3169 1059 revelavit
3189 1006 3469 1075 mysteria.

1961 1090 2032 1146 Et
2051 1090 2144 1147 tua:
2179 1093 2233 1147 in
2264 1093 2486 1147 tenebris
2527 1092 2683 1148 lucet.
2722 1093 2861 1149 Audi
2894 1094 3210 1165 Apostolum
3242 1109 3256 1149 :
3297 1115 3315 1149 ‹
3350 1094 3477 1151 Fui-

1891 1181 1993 1238 stis
2030 1200 2075 1246 ι,
2107 1182 2302 1251 inquit,
2330 1200 2347 1233 ι
2386 1181 2675 1252 aliquando
2704 1185 2980 1249 tenebrae,
3013 1200 3157 1241 nunc
3179 1194 3357 1242 autem
3384 1187 3479 1243 lux

1892 1271 1950 1328 in
1992 1272 2217 1328 Domino
2248 1290 2293 1327 ι.
2330 1271 2468 1328 Audi
2499 1272 2688 1328 Isaiam
2721 1288 2736 1328 :
2774 1292 2793 1326 ι
2823 1275 3146 1332 Sedentibus
3174 1277 3227 1331 in
3257 1278 3475 1350 regione

1893 1364 2121 1419 umbrae
2147 1364 2336 1420 mortis
2362 1363 2451 1417 lux
2474 1374 2593 1419 orta
2619 1371 2702 1420 est
2738 1384 2784 1420 ι.
2816 1363 2931 1421 Lux
2956 1367 3010 1422 in
3041 1368 3281 1424 tenebris
3312 1368 3478 1424 lucet.

196 1477 373 1516 unum
404 1468 554 1525 sunt,
578 1467 635 1515 et
661 1458 717 1515 in
743 1459 925 1513 animo
946 1457 1281 1528 disponentis
1304 1472 1399 1513 eas
1426 1458 1641 1524 vivunt;
1666 1473 1796 1528 quo-
1897 1453 2091 1510 Totum
2127 1470 2295 1526 genus
2326 1457 2620 1510 humanum
2648 1457 2842 1511 merito
2875 1458 3153 1528 originalis
3181 1459 3387 1529 peccati
3421 1459 3476 1514 in

196 1555 369 1611 modo
411 1552 654 1609 inﬁnitus
701 1551 966 1608 linearum
1009 1565 1268 1607 numerus
1323 1552 1379 1605 in
1440 1566 1549 1607 uno
1593 1562 1795 1622 puncto
1898 1545 2139 1601 tenebris
2156 1555 2306 1612 erat,
2338 1561 2445 1601 non
2467 1546 2795 1601 exteriorum
2816 1546 3114 1614 oculorum,
3132 1548 3328 1617 quibus
3353 1562 3480 1603 seu-

196 1662 375 1703 unum
428 1646 705 1712 subsistit,
760 1652 817 1700 et
867 1644 1173 1716 hujusmodi
1227 1642 1493 1699 naturalia
1545 1644 1796 1714 perapice
1898 1637 2137 1693 sibilium
2168 1635 2377 1692 formae
2407 1637 2724 1707 coloresque
2759 1636 3086 1702 sentiuntur,
3120 1637 3217 1693 sed
3258 1638 3480 1693 interio-

193 1738 484 1809 exempla;
527 1753 596 1796 ex
625 1738 818 1809 quibus
846 1734 1013 1792 veluti
1042 1735 1295 1806 physicae
1333 1734 1576 1791 theoriae
1604 1736 1795 1806 pennis
1820 1804 1860 1809 _
1897 1742 2042 1793 rum,
2073 1727 2270 1797 quibus
2300 1726 2717 1798 intelligibilium
2749 1727 2956 1798 species
2976 1736 3032 1784 et
3051 1728 3481 1803 pulchritudines

197 1831 347 1886 ultra
365 1804 550 1887 omnia
583 1804 892 1892 subvectus,
917 1804 1098 1884 divina
1116 1804 1297 1899 gratia
1322 1827 1556 1898 adjutus,
1585 1804 1788 1882 illumi-
1819 1804 1870 1865 Β
1896 1816 2309 1881 discernuntur;
2335 1832 2445 1872 non
2471 1817 2526 1871 in
2558 1816 2797 1873 tenebris
2821 1817 2980 1889 hujus
3007 1819 3289 1891 caliginosi
3313 1822 3477 1891 aeris,

197 1930 399 1986 natus,
438 1921 642 1992 poteris
675 1935 875 1977 arcana
904 1917 1067 1974 Verbi
1111 1917 1312 1973 mentis
1348 1918 1466 1973 acie
1496 1917 1785 1988 inspicere,

196 2023 281 2079 et,
314 2024 572 2083 quantum
594 2014 752 2068 datur
769 2010 1023 2068 humanis
1041 2011 1596 2082 argumentationibus
1618 2011 1788 2066 Deum

193 2122 362 2161 suum
392 2104 797 2176 quaerentibus,
842 2104 1047 2169 videre,
1092 2103 1361 2172 quomodo
1391 2103 1606 2168 omnia,
1647 2120 1789 2175 quae

194 2214 303 2269 per
330 2197 568 2254 Verbum
589 2195 732 2254 facta
750 2205 898 2262 sunt,
924 2195 979 2249 in
1004 2194 1122 2265 ipso
1142 2194 1328 2250 vivunt
1348 2203 1403 2250 et
1424 2195 1529 2249 vita
1553 2205 1698 2251 sunt.
1726 2194 1788 2252 In

196 2287 325 2359 ipso
351 2289 518 2354 enim,
538 2296 599 2341 ut
618 2302 682 2343 os
714 2286 955 2359 loquitur
988 2288 1248 2353 divinum,
1274 2286 1504 2342 vivimus
1528 2295 1584 2340 et
1610 2300 1789 2343 move-

197 2396 329 2437 mur
350 2387 407 2436 et
430 2395 645 2446 sumus;
679 2387 767 2447 et,
797 2390 858 2435 ut
881 2380 959 2434 ait
985 2394 1215 2452 magnus
1235 2378 1521 2450 Dionysius
1541 2377 1789 2450 Areopa-

195 2469 342 2542 gita,
383 2484 504 2526 esse
526 2469 768 2525 omnium
804 2478 890 2526 est
912 2469 1377 2542 superessentialis
1404 2469 1680 2526 divinitas.

276 2565 351 2622 Et
394 2568 501 2623 vita
537 2576 651 2623 erat
697 2567 791 2623 lux
827 2568 1115 2624 hominum.
1156 2568 1251 2624 Dei
1285 2567 1506 2635 Filium,
1541 2558 1792 2640 quemfo

196 2664 364 2720 bene
410 2661 674 2733 theologe,
717 2661 869 2732 prius
911 2662 1115 2718 vocasti
1158 2660 1416 2726 Verbum,
1452 2677 1595 2718 nunc
1621 2664 1790 2720 vitam

194 2753 455 2810 nominas
476 2762 533 2810 et
567 2752 760 2808 lucem.
801 2751 912 2808 Nec
940 2753 1208 2809 immerito
1234 2753 1454 2809 mutasti
1478 2754 1791 2825 appellatio-

198 2858 337 2908 nes,
388 2850 452 2897 ut
493 2842 751 2899 distantes
792 2842 948 2898 nobis
994 2842 1298 2899 insinuares
1339 2842 1786 2912 signiﬁcationes.

188 2932 449 2990 Verbum
490 2934 752 3006 siquidem
780 2935 877 2991 Dei
920 2934 1118 2991 Filium
1162 2938 1475 3003 nominasti,
1519 2938 1646 3008 quia
1692 2955 1792 3009 per

199 3025 387 3096 ipsum
416 3025 627 3083 locutus
661 3035 747 3083 est
774 3025 937 3083 Pater
959 3028 1172 3095 omnia,
1211 3044 1377 3101 quum
1418 3030 1533 3102 ipse
1572 3030 1708 3087 dixit
1736 3040 1791 3088 et

199 3118 348 3173 facta
376 3127 535 3185 sunt;
556 3119 732 3175 lucem
756 3134 883 3176 vero
905 3129 962 3176 et
982 3122 1168 3189 vitam,
1193 3122 1321 3193 quia
1347 3122 1488 3178 idem
1512 3122 1680 3179 Filius
1699 3122 1788 3179 lux

196 3218 288 3266 est
332 3218 392 3265 et
417 3210 526 3265 vita
555 3210 828 3277 omnium,
858 3226 998 3283 quae
1028 3228 1127 3284 per
1164 3212 1339 3284 ipsum
1380 3212 1519 3269 facta
1550 3223 1694 3270 sunt.
1726 3214 1795 3269 Et

198 3301 337 3373 quid
374 3300 675 3358 illuminat?
698 3300 814 3359 Non
854 3303 1028 3371 aliud,
1055 3304 1161 3360 nisi
1186 3306 1423 3377 seipsum
1446 3347 1461 3373 ,
1494 3315 1549 3362 et
1577 3307 1796 3365 Patrem

197 3407 388 3448 suum.
417 3391 536 3449 Lux
564 3393 746 3465 itaque
765 3402 867 3462 est,
897 3403 951 3451 et
978 3396 1213 3468 seipsum
1242 3398 1532 3465 illuminat,
1556 3399 1796 3469 seipsum

200 3485 412 3542 mundo
444 3485 702 3553 declarat,
756 3500 816 3542 se
862 3486 1038 3558 ipsum
1082 3488 1458 3560 ignorantibus
1481 3505 1540 3546 se
1567 3490 1797 3548 manife-

204 3584 343 3632 stat.
396 3575 514 3631 Lux
567 3577 783 3634 divinae
829 3579 1153 3650 cognitionis
1195 3581 1262 3636 de
1310 3582 1511 3638 mundo
1548 3583 1793 3649 recessit,

200 3668 338 3724 dum
397 3669 560 3724 homo
604 3668 779 3726 Deum
840 3670 1097 3727 deseruit.
1156 3671 1455 3742 Dupliciter
1518 3688 1647 3745 ergo
1701 3672 1796 3730 lux

201 3770 433 3816 aeterna
472 3774 531 3815 se
571 3760 743 3832 ipsam
778 3762 977 3817 mundo
1014 3762 1286 3829 declarat,
1328 3779 1426 3834 per
1456 3762 1797 3836 Scripturam

205 3851 464 3907 videlicet
486 3858 542 3907 et
568 3862 893 3909 creaturam.
930 3851 1047 3909 Non
1079 3854 1223 3910 enim
1254 3854 1411 3911 aliter
1441 3857 1494 3912 in
1525 3858 1680 3914 nobis
1713 3857 1796 3913 di-

203 3940 336 3995 vina
368 3942 604 4012 cognitio
631 3951 953 4010 renovatur,
978 3943 1081 4000 nisi
1106 3959 1203 4015 per
1226 3945 1439 4001 divinae
1481 3945 1797 4017 Scripturae

203 4032 394 4103 apices
418 4041 474 4087 et
497 4042 778 4090 creaturae
804 4035 1029 4106 species.
1058 4036 1287 4108 Eloquia
1319 4036 1467 4094 disce
1496 4039 1676 4095 divina
1698 4081 1713 4106 ,
1737 4048 1794 4096 et

203 4124 265 4179 in
293 4123 475 4179 animo
504 4132 595 4180 tuo
629 4140 818 4181 eorum
843 4127 1066 4198 concipe
1094 4128 1451 4197 intellectum,
1476 4130 1531 4185 in
1560 4147 1668 4203 quo
1696 4147 1791 4189 co-

201 4230 442 4289 gnosces
463 4216 717 4272 Verbum.
751 4217 924 4274 Sensu
946 4233 1206 4290 corporeo
1231 4220 1435 4277 formas
1461 4237 1524 4277 ac
1551 4221 1792 4293 pulchri-

205 4308 427 4365 tudines
446 4324 624 4366 rerum
646 4311 863 4382 percipe
886 4312 1246 4379 sensibilium,
1268 4314 1399 4369 etin
1422 4315 1503 4371 eis
1525 4314 1793 4388 intelliges

201 4400 380 4457 Deum
402 4399 655 4470 Verbum,
679 4403 810 4458 etin
834 4403 902 4459 iis
924 4403 1175 4460 omnibus
1199 4405 1272 4460 nil
1292 4404 1437 4461 aliud
1470 4406 1563 4460 tibi
1586 4407 1792 4463 veritas

201 4492 509 4549 declarabit
562 4503 779 4566 praeter
822 4496 1021 4565 ipsum,
1069 4496 1160 4567 qui
1211 4494 1341 4552 fecit
1379 4497 1585 4589 omnia:
1635 4506 1791 4553 extra
1814 4529 1871 4591 υ

208 4601 373 4655 quem
394 4586 528 4642 nihil
545 4587 1005 4659 contemplaturus
1041 4604 1130 4654 es,
1174 4588 1300 4659 quia
1330 4589 1443 4660 ipse
1475 4572 1788 4647 esfomnia.

200 4676 266 4735 In
290 4680 540 4736 omnibus
564 4680 709 4735 enim
726 4720 741 4748 ,
775 4695 915 4750 quae
937 4689 1091 4749 sunt,
1116 4681 1372 4752 quidquid
1402 4690 1504 4747 est,
1534 4681 1649 4752 ipse
1688 4691 1790 4738 est.

211 4773 279 4829 Ut
298 4776 442 4828 enim
465 4773 669 4828 nullum
695 4774 898 4829 bonum
924 4772 1302 4840 substantiale,
1333 4774 1405 4829 ita
1428 4774 1573 4830 nulla
1600 4788 1789 4830 essen-

208 4862 284 4916 tia
310 4869 525 4931 praeter
547 4863 721 4932 ipsum
750 4873 834 4919 est
858 4862 943 4919 vel
981 4862 1300 4919 substantia.
1334 4863 1402 4918 Et
1434 4864 1537 4919 vita
1558 4874 1669 4919 erat
1697 4862 1792 4919 luat

204 4949 499 5005 Matinum.
516 4950 696 5019 Quare
716 4951 809 5007 tua:
828 4951 1033 5008 addidit
1054 4952 1359 5007 hominum?
1380 4951 1543 5021 Quasi
1574 4953 1788 5023 specia-

206 5038 335 5099 liter
353 5056 421 5097 ac
444 5042 661 5113 proprie
681 5042 773 5097 lux
804 5043 874 5099 sit
898 5043 1197 5109 hominum,
1226 5044 1316 5113 qui
1343 5052 1425 5099 est
1452 5044 1545 5098 lux
1571 5044 1790 5115 angelo-

208 5147 355 5198 rum,
382 5131 475 5187 lux
496 5132 864 5189 universitatis
896 5133 1167 5199 conditae,
1189 5133 1279 5189 lux
1298 5134 1464 5190 totius
1486 5134 1712 5189 visibilis
1733 5143 1791 5192 et

208 5223 495 5281 invisibilis
521 5225 877 5281 existentiae?
913 5225 1000 5281 An
1042 5222 1182 5280 forte
1227 5222 1462 5280 Verbum
1507 5224 1789 5282 viviﬁcans

207 5317 394 5375 omnia
425 5318 734 5389 specialiter
774 5332 840 5373 ac
884 5316 1101 5388 proprie
1135 5315 1227 5371 lux
1256 5315 1535 5371 hominum
1564 5315 1786 5385 dicitur,

207 5410 339 5481 quia
368 5410 422 5464 in
442 5409 659 5465 homine
688 5424 793 5464 non
830 5410 1003 5465 solum
1036 5406 1378 5474 hominibus,
1408 5422 1598 5463 verum
1623 5408 1791 5465 etiam

158 5554 163 5555 ,
206 5500 436 5573 angelis,
482 5502 736 5573 omnique
780 5508 1084 5566 creaturae,
1137 5500 1348 5555 divinae
1397 5500 1793 5573 cognitionibus

203 5592 480 5665 particeps
501 5591 617 5648 ﬁeri
648 5592 865 5656 valenti,
896 5591 1131 5661 seipsum
1156 5590 1487 5646 declaravit?
1508 5590 1622 5647 Non
1646 5591 1789 5648 enim

203 5698 307 5755 per
330 5682 578 5755 angelum
602 5682 824 5754 angelis,
846 5698 1020 5753 neque
1048 5697 1147 5753 per
1176 5681 1426 5753 angelum
1454 5682 1789 5750 hominibus,

200 5775 305 5831 sed
346 5788 444 5846 per
486 5776 758 5831 hominem
792 5782 849 5830 et
886 5775 1193 5832 hominibus
1224 5782 1280 5830 et
1317 5775 1555 5846 angelis,
1591 5791 1702 5833 non
1735 5776 1791 5834 in

444 5869 718 5931 Panou.
748 5867 1009 5932 CXXII.

1889 1910 1987 1965 sed
2017 1908 2070 1963 in
2107 1908 2344 1964 tenebris
2389 1909 2730 1980 ignorantiae
2756 1910 3032 1978 veritatis;
3058 1927 3167 1967 non
3197 1912 3251 1967 in
3280 1914 3477 1970 absen-

1888 2002 1963 2058 tia
1984 2001 2141 2067 Iucis,
2171 2016 2310 2073 quae
2333 2002 2592 2057 mundum
2610 2017 2932 2073 corporeum
2960 2004 3221 2071 declarat,
3263 2007 3358 2063 sed
3414 2008 3475 2065 in

1890 2092 2136 2148 absentia
2163 2092 2318 2158 lucis,
2334 2106 2473 2162 quae
2497 2093 2757 2148 mundum
2784 2093 3161 2165 incorporeum
3183 2094 3474 2154 illuminat.

1888 2181 2019 2238 Post
2033 2182 2188 2252 cujus
2212 2192 2392 2239 ortum
2423 2198 2491 2238 ex
2523 2182 2729 2255 virgine
2756 2182 2849 2240 lux
2880 2185 2933 2239 in
2956 2186 3191 2243 tenebris
3216 2187 3389 2255 lucet,
3420 2189 3478 2244 in

1889 2271 2145 2330 cordibus
2156 2271 2404 2328 videlicet
2423 2286 2483 2328 se
2496 2272 2951 2344 cognoscentium.
2968 2273 3231 2343 Quoniam
3248 2292 3375 2333 vero
3397 2286 3480 2333 to-

1890 2374 2005 2422 tum
2068 2380 2237 2433 genus
2282 2365 2576 2419 humanum
2626 2363 2836 2419 induas
2887 2363 3050 2420 veluti
3104 2374 3287 2437 partes
3340 2367 3473 2423 divi-

1890 2459 2069 2525 ditur,
2122 2459 2178 2514 in
2232 2472 2327 2514 eos
2379 2457 2651 2523 videlicet,
2687 2472 2917 2527 quorum
2962 2460 3126 2514 corda
3166 2460 3476 2531 cognitione

1890 2550 2139 2607 veritatis
2190 2550 2491 2606 illuminata
2533 2559 2692 2617 sunt,
2753 2557 2809 2607 et
2844 2565 2968 2617 eos,
3019 2552 3112 2622 qui
3176 2553 3230 2607 in
3280 2554 3479 2609 obscu-

1892 2643 2124 2699 rissimis
2192 2643 2370 2697 adhuc
2429 2642 2722 2713 impietatis
2783 2650 2944 2714 atque
3002 2644 3261 2713 perﬁdiae
3333 2656 3480 2702 tene-

1892 2735 2007 2792 bris
2052 2744 2403 2805 permanent,
2453 2733 2786 2805 evangelista
2838 2733 3115 2804 subjunxit
3167 2754 3181 2791 :
3233 2746 3284 2792 et
3338 2748 3478 2796 tene-

1893 2828 2015 2883 brae
2066 2844 2185 2883 eum
2242 2845 2346 2882 non
2386 2828 2901 2899 comprehenderunt.
2956 2828 3035 2884 Ac
3088 2830 3132 2884 si
3198 2831 3478 2887 evidenter

1893 2923 2098 2978 diceret
2154 2939 2168 2977 :
2223 2921 2341 2976 Lux
2392 2922 2444 2975 in
2494 2920 2729 2975 tenebris
2775 2918 3010 2976 ﬁdelium
3059 2922 3362 2976 animarum
3405 2923 3455 2976 lu

1892 3026 2013 3083 cet,
2063 3025 2121 3073 et
2164 3014 2339 3086 magis
2378 3029 2444 3069 ac
2499 3013 2671 3084 magis
2714 3012 2888 3077 lucet,
2942 3028 2971 3067 a
3034 3012 3136 3067 ﬁde
3192 3015 3476 3080 iuchoans,

1895 3110 1963 3165 ad
1993 3110 2228 3182 speciem
2263 3108 2516 3173 tendens;
2549 3107 2835 3177 impiorum
2864 3121 2995 3162 vero
3024 3108 3266 3163 cordium
3309 3109 3475 3180 perﬁ-

1898 3203 1988 3259 dia
2016 3211 2071 3259 ct
2102 3203 2409 3277 ignorantia
2441 3201 2616 3257 lucem
2633 3199 2794 3256 Verbi
2832 3199 2927 3255 Dei
2958 3200 3009 3255 in
3042 3216 3203 3275 carne
3227 3200 3475 3273 fulgentis

1895 3312 2004 3353 non
2052 3294 2595 3367 comprehenderunt.
2656 3311 2674 3344 ι
2718 3290 3075 3348 Obscuratum
3112 3301 3197 3348 est
3238 3293 3381 3347 enim
3413 3314 3432 3347 ι
3461 3336 3478 3362 ,

1896 3394 1959 3441 ιιι
2009 3387 2086 3442 ait
2132 3385 2459 3457 Apostolus,
2500 3402 2519 3435 ι
2553 3382 2815 3453 insipiens
2855 3398 2951 3438 cor
3005 3396 3193 3438 eorum
3233 3403 3281 3449 ι,
3311 3392 3366 3438 et
3395 3398 3480 3439 sa-

1895 3479 2111 3549 pientes
2158 3492 2217 3534 se
2260 3492 2382 3531 csse
2426 3476 2670 3530 dicentes
2698 3474 2847 3530 stulti
2880 3472 3007 3529 facti
3047 3484 3190 3530 sunt.
3244 3473 3350 3530 Sed
3379 3475 3482 3531 iste

1895 3590 2091 3633 sensus
2121 3573 2363 3629 moralis.
2385 3571 2615 3645 Physica
2642 3585 2770 3625 vero
2797 3571 2991 3626 horum
3013 3571 3299 3627 verborum
3326 3570 3482 3627 theo-

1897 3666 1981 3723 ria
2030 3666 2151 3721 talis
2185 3673 2287 3720 est.
2344 3663 2588 3718 Humana
2621 3669 2853 3729 natura,
2896 3663 2999 3718 etsi
3049 3677 3155 3718 non
3206 3668 3479 3733 peccaret,

1896 3760 2011 3816 suis
2050 3757 2284 3830 propriis
2311 3754 2518 3810 viribus
2546 3754 2729 3811 lucere
2762 3769 2868 3809 non
2914 3763 3116 3826 posset.
3168 3752 3283 3809 Non
3331 3754 3479 3811 enim

1896 3851 2221 3908 naturaliter
2250 3849 2343 3905 lux
2366 3857 2488 3917 est,
2526 3849 2619 3905 sed
2653 3848 2927 3920 particeps
2974 3847 3129 3904 lucis.
3175 3847 3357 3919 Capax
3408 3847 3484 3904 si-

1895 3943 2115 4015 quidem
2165 3940 2465 4011 sapientiae
2495 3949 2609 4004 est,
2652 3954 2759 3993 non
2816 3940 2932 4008 ipsa
2974 3939 3232 4009 sapientia
3257 3979 3273 4005 ,
3326 3937 3482 4009 cujus

1895 4031 2312 4104 participatione
2361 4030 2577 4101 sapiens
2608 4029 2727 4084 ﬁeri
2757 4037 2952 4100 potest.
3004 4029 3159 4083 Sicut
3207 4044 3337 4101 ergo
3384 4045 3482 4085 aer

1862 4196 1865 4197 γ
1894 4123 1999 4179 iste
2031 4137 2129 4194 per
2159 4135 2217 4176 se
2252 4120 2427 4192 ipsum
2461 4135 2566 4175 non
2602 4120 2765 4186 lucet,
2811 4120 2905 4175 sed
2944 4121 3290 4175 tenebrarum
3314 4135 3479 4175 voca-

1893 4213 2021 4269 bulo
2048 4221 2412 4283 nuncupatus,
2453 4226 2625 4282 capax
2668 4220 2845 4267 tamen
2885 4210 3081 4266 solaris
3110 4212 3329 4267 luminis
3358 4223 3479 4279 est;

1895 4304 1969 4360 ita
2001 4312 2187 4359 nostra
2215 4312 2406 4359 natura
2428 4343 2443 4369 ,
2478 4303 2605 4357 dum
2634 4318 2731 4374 per
2768 4318 2828 4359 se
2859 4303 3031 4374 ipsam
3061 4304 3438 4359 consideratur
3461 4345 3480 4372 ,

1894 4395 2161 4467 quaedam
2193 4395 2485 4450 tenebrosa
2532 4394 2869 4461 substantia,
2912 4409 3084 4465 capax
3118 4408 3181 4450 ac
3207 4394 3482 4465 particeps

1896 4487 2033 4544 lucis
2071 4487 2389 4558 sapientiae.
2434 4486 2501 4540 Et
2550 4486 3001 4557 quemadmodum
3050 4485 3330 4556 praefatus
3359 4500 3477 4552 aer,

1895 4579 2025 4634 dum
2055 4578 2219 4634 solari
2258 4577 2410 4632 radio
2449 4576 2758 4648 participat,
2808 4592 2914 4631 non
2958 4576 3155 4632 dicitur
3183 4592 3282 4646 per
3306 4591 3364 4631 sc
3393 4576 3479 4632 lu-

1894 4682 2041 4735 cere,
2062 4669 2157 4724 sed
2181 4667 2312 4723 solis
2340 4666 2595 4738 splendor
2622 4667 2819 4721 dicitur
2838 4666 2894 4721 in
2915 4682 2981 4721 eo
3010 4682 3269 4738 apparere
3292 4667 3388 4735 ita,
3420 4674 3483 4724 ut

1894 4767 1951 4816 et
1975 4758 2278 4814 naturalem
2320 4773 2474 4813 suam
2504 4758 2891 4813 obscuritatem
2918 4773 3026 4812 non
3050 4758 3262 4829 perdat,
3292 4769 3349 4815 et
3394 4759 3481 4814 Iu-

1893 4866 2012 4908 cem
2057 4850 2527 4920 supervenientem
2571 4849 2624 4903 in
2674 4862 2734 4903 se
2770 4848 3035 4919 recipiat,
3080 4848 3155 4903 ita
3201 4850 3483 4906 rationalis

1892 4950 2115 4999 nostrae
2161 4950 2387 4995 naturae
2426 4954 2575 5011 pars,
2614 4939 2740 4994 dum
2769 4938 3128 5010 praesentiam
3171 4937 3268 4995 Dei
3316 4939 3482 4998 Verbi

1893 5034 2154 5107 possidet,
2183 5048 2288 5088 non
2314 5046 2412 5103 per
2442 5045 2500 5087 se
2524 5045 2611 5085 res
2635 5029 2998 5115 intelligi'biles
3020 5037 3075 5085 et
3102 5030 3269 5085 Deum
3294 5046 3477 5097 suum,

1894 5126 1989 5182 sed
2016 5139 2115 5195 per
2143 5123 2364 5179 insitum
2390 5122 2494 5177 sibi
2539 5121 2779 5175 divinum
2808 5119 2987 5175 lumen
3018 5125 3313 5194 cognoscit.
3335 5121 3481 5179 Audi

1895 5221 2071 5293 ipsum
2089 5218 2353 5275 Verbum:
2378 5235 2397 5269 ε
2426 5216 2542 5272 Non
2566 5230 2662 5272 vos
2682 5235 2730 5284 ι,
2759 5216 2955 5289 inquit,
2989 5235 3007 5269 ε
3028 5218 3159 5273 estis
3185 5219 3275 5288 qui
3302 5217 3481 5288 loqui-

1896 5313 2049 5379 mini,
2098 5311 2192 5368 sed
2235 5311 2469 5383 Spiritus
2511 5309 2677 5365 vestri
2725 5308 2933 5375 Patris,
2980 5311 3070 5382 qui
3126 5310 3363 5380 loquitur
3417 5311 3477 5370 in

1898 5405 2052 5460 vobis
2073 5423 2118 5458 ι.
2168 5401 2282 5457 Hac
2334 5418 2439 5457 una
2477 5401 2745 5456 sententia
2796 5400 2962 5455 voluit
3018 5414 3116 5456 nos
3175 5400 3371 5455 docere
3420 5400 3478 5458 id

1900 5496 2076 5567 ipsum
2129 5495 2184 5550 in
2252 5495 2449 5550 ceteris
2492 5493 2832 5565 intelligere,
2886 5506 2950 5547 ac
2997 5506 3209 5562 semper
3244 5492 3299 5547 in
3342 5507 3477 5549 aure

1898 5589 2078 5645 cordis
2121 5588 2291 5643 nostri
2324 5586 2579 5641 inell'abili
2609 5585 2766 5640 modo
2796 5598 2989 5639 sonare
3020 5599 3035 5638 :
3065 5600 3170 5638 non
3198 5600 3294 5639 vos
3319 5586 3471 5649 estis,

1898 5682 1989 5752 qui
2015 5681 2228 5746 lucetis,
2256 5679 2352 5735 sed
2378 5680 2615 5749 Spiritus
2656 5677 2833 5733 Patris
2864 5677 3063 5743 vestri,
3108 5677 3197 5748 qui
3245 5677 3387 5733 lucet
3418 5678 3475 5733 in

1897 5776 2069 5843 vobis,
2102 5777 2206 5833 hoc
2230 5784 2335 5844 est,
2362 5791 2449 5831 me
2481 5776 2534 5831 in
2577 5776 2728 5832 vobis
2757 5774 2939 5830 lucere
2964 5773 3118 5828 vobis
3143 5771 3475 5840 manifestat,

2966 5866 3041 5930 10
