4028 6274
590 327 694 386 291

1959 322 2239 381 JOANNIS
2279 318 2477 378 SCOTI

593 443 716 514 quia
753 455 852 511 ego
887 454 1004 494 sum
1055 439 1143 494 lux
1195 439 1548 509 intelligibilis
1577 439 1782 502 mundi,
1816 439 1919 494 hoc
1948 445 2051 500 est,
2091 451 2181 489 ra-
2212 440 2258 495 Α
2288 431 2548 487 discernit
2574 432 2643 488 ab
2670 447 2738 489 eo
2760 474 2775 500 ,
2804 433 2872 489 de
2899 447 3006 504 quo
3027 434 3392 494 testimonium
3425 434 3697 506 perhibet,
3730 437 3874 495 mis-

595 531 810 586 tionalis
847 539 902 585 et
935 529 1308 584 intellectualis
1341 539 1581 583 naturae.
1627 530 1739 583 Non
1782 545 1871 583 vos
1900 529 2047 588 estis,
2081 527 2177 595 qui

596 621 896 692 intelligitis
931 637 1045 682 me,
1088 620 1180 674 sed
1225 635 1322 689 ego
1364 619 1477 690 ipse
1515 620 1564 674 in
1607 619 1756 674 vobis
1788 633 1881 688 per
1911 617 2170 688 Spiritum

594 729 774 768 meum
821 728 906 767 me
947 712 1119 780 ipsum
1151 711 1420 780 intelligo;
1446 710 1569 781 quia
1608 726 1700 764 vos
1742 725 1844 763 non
1893 711 2024 763 estis
2052 708 2168 762 sub-

593 809 867 864 stantialis
914 809 1033 871 lux,
1077 808 1169 862 sed
1220 807 1564 877 participatio
1603 822 1699 876 per
1735 824 1792 860 se
1829 805 2173 861 subsistentis

591 893 831 956 luminis.
866 899 981 954 Lux
1016 901 1196 970 itaque
1219 901 1270 954 in
1302 901 1540 954 tenebris
1571 900 1732 961 lucet,
1764 901 1886 970 quia
1923 899 2014 954 Dei
2040 899 2177 954 Ver-

590 996 738 1056 bum,
774 996 881 1048 vita
915 1004 968 1048 et
999 995 1084 1047 lux
1115 994 1416 1060 hominum,
1457 994 1509 1048 in
1544 1002 1727 1048 nostra
1775 1003 1990 1058 natura,
2031 1006 2173 1064 quae

593 1099 690 1155 per
718 1099 774 1138 se
803 1084 1120 1154 investigata
1154 1092 1209 1137 et
1251 1084 1590 1138 considerata
1638 1082 1885 1139 informis
1908 1085 2171 1154 quaedam

592 1175 949 1228 tcnebrositas
978 1175 1242 1245 reperitur
1261 1216 1274 1239 ,
1309 1176 1487 1245 lucere
1524 1190 1630 1229 non
1656 1175 1874 1241 desinit,
1905 1191 2002 1229 nec
2029 1189 2171 1242 eam,

589 1269 839 1338 quamvis
869 1269 1290 1336 delinquentem,
1319 1269 1569 1323 deserere
1595 1267 1783 1332 voluit,
1807 1283 1904 1322 nec
1933 1281 2173 1336 unquam

589 1359 867 1424 deseruit,
933 1359 1168 1413 formans
1212 1373 1330 1412 eam
1376 1373 1471 1428 per
1517 1367 1764 1411 naturam
1813 1357 2169 1419 continendo,

587 1449 1000 1518 reformansque
1042 1463 1138 1516 per
1189 1448 1419 1519 gratiam
1474 1447 1790 1502 deificando.
1823 1446 1889 1500 Et
1915 1447 2172 1516 quoniam

588 1540 703 1609 ipse
745 1539 834 1593 lux
869 1539 1013 1593 onmi
1060 1548 1340 1593 creaturae
1372 1537 1935 1608 incomprehensibilis
1960 1547 2064 1600 est,
2095 1546 2175 1590 te-

587 1632 788 1686 nebrae
809 1646 930 1686 eum
959 1645 1062 1683 non
1088 1630 1653 1700 comprehcmierunt;
1687 1639 1904 1700 superat
1935 1644 2170 1698 namque

585 1725 729 1802 Deus
757 1739 971 1780 omnem
1018 1738 1237 1778 sensum
1274 1733 1329 1778 et
1357 1723 1708 1788 intellectum,
1737 1733 1790 1778 et
1820 1723 1965 1779 solus
2009 1724 2171 1778 habet

2287 542 2403 581 sum
2447 529 2514 582 ab
2541 543 2608 583 eo
2633 569 2646 592 ,
2685 529 2778 598 qui
2811 530 3008 584 emittit
3037 570 3048 591 ,
3097 529 3380 584 lucernam
3414 530 3796 588 incubantem
3839 550 3882 598 ι,

2287 618 2404 671 luce
2451 618 2755 672 clarissima
2798 620 3053 674 mundum
3107 619 3384 690 implente,
3441 622 3603 678 totius
3637 624 3872 683 humani

2284 715 2498 784 generis
2550 715 2799 769 tenebras
2847 714 3038 769 mortis
3075 725 3130 768 et
3169 716 3484 769 delictorum
3513 717 3868 778 dumoliente.

2282 804 2614 860 Praecursor
2661 806 2842 876 itaque
2889 807 3100 861 Domini
3140 808 3304 861 homo
3331 807 3468 872 fuit,
3517 823 3620 864 non
3674 810 3866 879 Deus;

2283 895 2545 951 Dominus
2576 907 2781 961 autem,
2818 897 2973 966 cujus
2997 912 3340 968 praecursor,
3383 900 3543 954 homo
3567 903 3730 962 sintut
3765 903 3870 959 fuit

2278 997 2334 1043 et
2370 989 2529 1044 Deus.
2563 989 2891 1044 Praecursor
2935 991 3096 1044 homo
3125 989 3226 1056 fuit
3254 993 3578 1048 transiturus
3607 994 3660 1047 in
3685 995 3870 1051 Dm

2278 1095 2378 1150 per
2408 1081 2636 1149 gratiam
2666 1099 2678 1144 ;
2722 1097 2882 1151 quem
2917 1073 3243 1150 praecurrit,
3297 1082 3439 1137 Dens
3467 1094 3584 1139 erat
3621 1099 3720 1153 per
3770 1102 3871 1141 na-

2279 1177 2488 1235 turam,
2537 1183 2860 1240 accepturus
2907 1172 3182 1229 hominem
3231 1188 3330 1243 per
3382 1176 3868 1242 humilitatem,et

2278 1270 2497 1316 nostrae
2539 1263 2729 1318 salutis
2782 1273 2835 1319 et
2861 1264 3640 1335 redemptionis,voluntatem.
3676 1269 3868 1325 Homo

2277 1363 2393 1409 erat
2424 1357 2633 1411 missus.
2664 1357 2708 1410 A
2742 1357 2888 1427 quo?
2909 1357 2954 1411 A
2983 1357 3093 1411 Deo
3124 1357 3323 1424 Verbo,
3355 1360 3498 1429 quod
3519 1363 3864 1428 praecurrit;

2276 1451 2463 1505 missio
2497 1452 2613 1522 ejus
2657 1453 2970 1522 praecursio
2997 1453 3150 1521 ejus;
3175 1451 3416 1508 clamans
3442 1455 3743 1522 praemittit
3770 1472 3867 1510 vo-

2277 1555 2416 1595 cem.
2457 1540 2574 1596 Vox
2603 1541 2880 1596 clamantis
2919 1543 2972 1595 in
3013 1543 3248 1607 deserto,
3300 1544 3524 1600 nuntius
3566 1557 3868 1616 praeparat

2277 1631 2491 1689 Domini
2524 1635 2835 1688 adventum.
2892 1627 2992 1688 Cui
3042 1650 3231 1689 nomen
3284 1642 3398 1690 erat
3443 1636 3710 1703 Joannes,
3773 1640 3861 1695 cui

2278 1726 2536 1781 donatum
2561 1733 2645 1781 est
2684 1743 2794 1796 regi
2828 1741 3014 1797 regum
3061 1726 3179 1780 fieri
3215 1736 3650 1796 praecursorem,
3675 1729 3867 1787 inca»

585 1818 1070 1872 immortalitatem.
1113 1816 1274 1885 Cujus
1306 1817 1396 1871 lux
1435 1833 1531 1887 per
1582 1816 1956 1872 excellentiam
2014 1826 2164 1870 tene-
2201 1807 2245 1866 B
2274 1820 2386 1874 nati
2417 1819 2577 1874 Verbi
2606 1819 3099 1884 ntanirestatorem,
3128 1829 3182 1872 et
3211 1819 3264 1873 in
3293 1821 3629 1891 spirituatem
3653 1819 3864 1878 ﬁlicu-

582 1911 715 1966 brae
741 1912 1072 1977 nominatur,
1101 1912 1354 1981 quoniam
1391 1926 1420 1964 a
1461 1909 1602 1964 nulla
1624 1920 1892 1976 creatura,
1926 1908 2052 1981 quid
2084 1909 2168 1963 vel

583 2002 759 2072 qualis
786 2004 878 2067 sit,
919 2003 1413 2074 comprehenditur.

654 2096 782 2149 Fuit
813 2097 965 2150 homo
995 2097 1183 2150 missus
1222 2114 1252 2150 (ι
1275 2096 1384 2150 Deo
1413 2095 1496 2150 cui
1541 2112 1726 2149 nomen
1761 2103 1870 2149 erat
1908 2091 2163 2147 Joannes.

582 2191 722 2246 Ecce
746 2189 946 2258 aquila,
981 2189 1047 2243 (le
1076 2189 1459 2243 sublimissimo
1487 2187 1690 2242 vertice
1716 2186 1914 2241 montis
1958 2185 2165 2239 theolo-

579 2281 701 2353 giae
737 2280 842 2333 leni
874 2279 1055 2332 volatu
1092 2279 1424 2334 descendens
1455 2277 1506 2331 in
1536 2276 2011 2350 profundissimam
2053 2275 2167 2330 val-

579 2373 686 2428 lem
739 2371 1016 2437 historiae,
1060 2371 1124 2426 de
1176 2370 1326 2428 caelo
1378 2369 1675 2441 spiritualis
1727 2367 1908 2422 mundi
1959 2382 2165 2437 pennas

579 2465 878 2522 altissimae
904 2463 1374 2533 contemplationis
1416 2461 1642 2517 relaxat.
1678 2459 1866 2514 Divina
1899 2459 2163 2529 siquidem

584 2556 867 2624 Scriptura
925 2555 1157 2609 mundus
1191 2553 1408 2622 quidam
1461 2561 1542 2605 est
1593 2549 1986 2620 intelligibilis,
2053 2549 2166 2603 suis

579 2658 816 2720 quatuor
842 2648 1119 2716 partibus,
1153 2646 1318 2701 veluti
1351 2654 1584 2715 quatuor
1625 2643 1904 2697 elementis
1957 2641 2160 2696 consti-

581 2748 745 2793 tutus.
777 2738 943 2806 Cujus
967 2748 1110 2793 terra
1141 2747 1223 2793 est
1250 2737 1412 2792 veluti
1441 2738 1492 2791 in
1517 2736 1694 2791 medio
1727 2735 1942 2806 imoque
1993 2734 2165 2787 instar

579 2832 752 2888 centri
795 2832 1053 2896 historia,
1113 2831 1256 2886 circa
1301 2845 1461 2901 quam
1508 2845 1768 2900 aquarum
1811 2827 2163 2883 similitudine

579 2925 805 2997 abyssus
836 2923 1288 2980 circumfunditur
1335 2924 1553 2978 moralis
1590 2922 1992 2994 intelligentiae,
2022 2937 2161 2991 quae

579 3033 610 3071 a
639 3016 861 3072 Graecis
890 3015 1079 3069 Ethice
1114 3015 1249 3070 solet
1293 3014 1570 3086 appellari.
1617 3013 1774 3070 Circa
1799 3005 1955 3083 quas,
1989 3013 2160 3066 histo-

578 3109 715 3163 riam
751 3109 870 3164 dico
913 3117 967 3161 et
1009 3108 1262 3171 ethicam,
1304 3108 1468 3162 veluti
1505 3108 1638 3161 duas
1686 3105 1914 3176 praefati
1971 3104 2154 3159 mundi

2271 1919 2379 1966 tem
2410 1911 2824 1980 baptizatorem,
2849 1910 3054 1966 aeterni
3086 1911 3303 1966 luminis
3333 1927 3463 1966 voce
3509 1919 3566 1967 et
3592 1914 3866 1986 martyrio

2278 2012 2418 2058 testa
2430 2011 2620 2058 torem.

2342 2092 2443 2148 Hic
2465 2094 2597 2148 venit
2625 2094 2676 2147 in
2709 2094 3060 2149 testimonium
3079 2135 3092 2159 ,
3117 2102 3172 2147 ut
3194 2094 3544 2148 testimonium
3563 2096 3860 2166 perhiberet

2228 2184 2333 2248 .de
2360 2183 2570 2237 lumine.
2618 2183 2691 2238 De
2725 2183 2946 2239 Christo
2994 2183 3264 2237 videlicet.
3310 2178 3452 2238 Audi
3483 2185 3860 2244 testimonium

2268 2275 2384 2347 ejus
2420 2295 2432 2331 :
2475 2295 2493 2328 ι
2529 2276 2668 2332 Ecce
2713 2277 2896 2347 Agnus
2941 2275 3078 2341 Dei,
3125 2289 3254 2332 ecce
3304 2277 3402 2348 qui
3450 2276 3588 2332 tollit
3632 2289 3859 2348 peccata

2267 2369 2454 2426 mundi
2493 2387 2551 2436 ›;
2585 2381 2639 2424 et
2667 2371 2862 2448 iterum
2893 2388 2906 2423 :
2943 2388 2962 2420 ι
2994 2369 3092 2436 Qui
3120 2376 3242 2438 post
3279 2379 3366 2424 me
3394 2370 3540 2424 venit
3565 2410 3580 2435 ,
3615 2380 3748 2427 ante
3775 2387 3859 2430 me

2266 2463 2444 2519 factus
2499 2472 2580 2516 est
2615 2449 2705 2537 »ξ
2700 2463 2854 2528 Quod
2907 2461 3207 2516 evidentius
3267 2462 3320 2516 in
3382 2462 3592 2518 Graeco
3657 2463 3858 2538 legitur

2265 2553 2545 2635 ἴμπροσθέν
2573 2547 2703 2626 pob,
2733 2554 2837 2636 hoc
2863 2562 2945 2609 est
2976 2567 3160 2608 coram
3199 2565 3313 2614 me,
3346 2560 3471 2608 ante
3496 2568 3854 2625 conspectum

2261 2661 2466 2710 meum,
2501 2644 2678 2699 factus
2707 2637 2827 2709 est.)
2843 2644 2920 2698 Ac
2965 2644 3008 2698 si
3043 2653 3227 2714 aperte
3257 2645 3460 2706 dicem
3492 2663 3508 2699 :
3545 2645 3652 2713 Qui
3683 2648 3740 2702 in
3770 2665 3855 2705 οιι.

2265 2736 2389 2792 dine
2422 2746 2720 2808 temporum
2754 2745 2877 2805 post
2902 2737 3241 2790 nativitatem
3280 2752 3456 2791 meam
3482 2748 3647 2795 natus
3679 2751 3767 2796 est
3802 2742 3853 2797 in

2263 2847 2448 2896 carne,
2481 2840 2606 2885 ante
2634 2835 2986 2901 conspectum
3035 2845 3239 2896 meum,
3279 2831 3416 2886 dum
3452 2825 3635 2890 adhuc
3673 2851 3852 2892 essent

2264 2921 2316 2974 in
2355 2922 2657 2975 visceribus
2695 2930 2850 2976 meae
2877 2921 3067 2975 matris
3097 2915 3330 2989 sterilis,
3376 2919 3704 2994 prophetico
3734 2927 3853 2988 visu

2259 3014 2368 3068 vidi
2402 3015 2548 3068 illum
2576 3029 2760 3070 coram
2793 3029 2878 3070 me
2899 3004 3221 3084 concreptum
3252 3023 3307 3070 et
3333 3015 3614 3072 hominem
3647 3018 3853 3075 factum

2263 3106 2317 3162 in
2350 3119 2506 3161 utero
2533 3107 2782 3178 virginis.

577 3199 864 3255 inferiores
889 3209 1073 3269 partes
1100 3215 1194 3254 aer
1222 3199 1311 3253 ille
1339 3199 1600 3253 naturalis
1634 3198 1891 3253 scientiae
1921 3197 2156 3250 circnm-
2184 3169 2229 3234 Ο
2336 3201 2460 3256 Non
2489 3211 2600 3256 erat
2628 3200 2716 3254 ille
2747 3200 2856 3262 lux,
2890 3198 2979 3253 sed
3005 3207 3063 3252 ut
3099 3199 3450 3253 testimonium
3478 3199 3852 3269 perhiberelde

577 3293 829 3348 volvitur.
859 3291 1064 3358 Quam,
1109 3290 1410 3344 naturalem
1445 3290 1564 3344 dico
1608 3288 1888 3343 scientiam
1916 3328 1931 3352 ,
1962 3285 2156 3342 Graeci

578 3395 776 3440 vocant
821 3383 1113 3454 Physicen.
1157 3382 1324 3436 Extra
1363 3382 1498 3436 haec
1543 3380 1724 3434 omnia
1758 3387 1812 3434 et
1840 3377 1979 3432 ultra
2007 3378 2156 3433 ethe-

576 3492 704 3534 reus
747 3476 836 3532 ille
888 3476 1184 3546 igneusque
1227 3473 1391 3528 ardor
1420 3473 1647 3547 empyrii
1675 3473 1847 3535 caeli,
1899 3473 2000 3526 hoc
2029 3477 2114 3525 est
2139 3510 2155 3535 ,

577 3580 806 3639 superae
868 3564 1340 3635 contemplationis
1399 3562 1612 3619 divinae
1676 3570 1934 3628 naturae,
1995 3576 2156 3631 quam

577 3658 768 3716 Graeci
785 3655 1130 3729 Theologiam
1161 3655 1462 3718 nominant,
1494 3652 1986 3722 circumglobatur;
2016 3649 2159 3706 ultra

576 3766 740 3822 quam
782 3749 961 3804 nullus
1007 3747 1282 3819 egreditur
1332 3744 1655 3802 intellectus.
1704 3743 1928 3813 Magnus
1976 3743 2158 3813 itaque

578 3843 893 3914 theologus,
939 3839 1202 3896 Joannem
1247 3837 1400 3904 dico,
1452 3837 1503 3892 in
1539 3835 1834 3908 primordio
1880 3832 2160 3904 Evangelii

576 3934 950 4012 excelsissimo
985 3932 1284 4006 theologiae
1311 3929 1592 3987 cacumina
1639 3938 1882 3999 tangens,
1915 3925 2158 3998 caelique

575 4028 850 4086 caelorum
880 4025 1243 4096 spiritualium
1271 4031 1475 4078 secreta
1505 4030 1794 4093 penetrans
1814 4062 1828 4087 ,
1864 4021 2004 4075 ultra
2042 4036 2159 4075 om-

578 4138 701 4178 nem
743 4120 1028 4176 historiam
1057 4127 1112 4172 et
1139 4117 1374 4171 ethicam
1427 4123 1483 4170 et
1531 4115 1808 4185 physicam
1857 4115 2159 4169 ascendens

575 4215 645 4270 ad
679 4230 764 4279 ea,
793 4228 934 4282 quae
983 4210 1140 4280 paulo
1178 4218 1303 4262 ante
1338 4206 1759 4261 incarnationem
1801 4203 1962 4260 Verbi
2017 4193 2160 4261 facta

576 4315 723 4370 sunt,
779 4305 833 4358 in
878 4302 1162 4358 historiam
1207 4299 1534 4354 narrandam
1582 4298 1745 4352 veluti
1790 4299 1843 4352 in
1884 4298 2157 4369 qttandam

577 4409 777 4456 terram
810 4412 967 4452 suum
1001 4393 1386 4464 intelligibilem
1419 4391 1651 4448 deflectit
1677 4391 1932 4458 volatum,
1966 4402 2021 4447 et
2044 4393 2156 4448 ait:

575 4487 703 4542 Fuit
744 4487 897 4540 homo
942 4485 1132 4538 missus
1179 4481 1355 4546 aDeo,
1393 4483 1475 4535 cui
1516 4498 1699 4536 nomen
1747 4490 1859 4536 erat
1902 4479 2158 4539 Joannes.

573 4579 837 4638 Joannem
873 4583 1267 4646 consequenter
1319 4569 1371 4628 in
1431 4591 1582 4629 suam
1625 4574 1916 4631 introducit
1951 4576 2154 4632 theolo-

576 4671 743 4744 giam.
790 4669 1030 4740 Abyssus
1070 4668 1322 4739 abyssum
1360 4665 1576 4722 invocat
1610 4667 1660 4721 in
1690 4651 1824 4722 voce,
1849 4667 2154 4725 divinorum

576 4763 978 4834 mysteriorum.
1006 4761 1344 4830 Evangelista
1374 4764 1745 4832 praecursoris
1775 4775 1961 4820 narrat
1985 4767 2158 4842 histo-

577 4857 751 4920 riam;
781 4854 908 4918 ille,
956 4853 1044 4908 cui
1093 4853 1346 4908 donatura
1400 4863 1482 4908 est
1530 4855 1764 4914 Verbum
1798 4857 1850 4924 in
1891 4860 2154 4930 principio

576 4960 922 5020 cognoscere,
957 4945 1130 5008 illum,
1157 4943 1242 5000 cui
1276 4944 1531 5000 donatum
1577 4955 1660 5002 est
1695 4947 1930 5004 Verbum
1978 4945 2156 5006 incar-

575 5050 766 5096 natum
787 5038 1019 5110 praeire,
1038 5046 1444 5094 commemorat.
1472 5035 1596 5092 Fuit
1615 5039 1788 5107 homo,
1816 5041 2020 5114 inquit;
2046 5058 2153 5099 non

576 5133 714 5188 dixit
745 5128 1095 5202 simpliciter,
1128 5130 1317 5184 missus
1348 5146 1382 5192 a
1419 5128 1561 5195 Deo;
1607 5131 1700 5186 sed
1742 5131 1840 5202 fuit
1874 5125 2026 5187 homo
2049 5175 2064 5201 ,
2096 5145 2156 5190 ut

575 5225 910 5282 discerneret
937 5221 1211 5278 hominem
1239 5220 1406 5275 solius
1437 5217 1791 5292 humanitatis
1814 5225 2149 5298 participem,

575 5318 665 5388 qui
690 5314 1017 5388 praecurrit,
1066 5312 1132 5368 ab
1174 5312 1394 5393 homine
1423 5311 1700 5380 divinitate
1729 5323 1784 5386 et
1818 5315 2156 5390 humanitate

527 5457 530 5461 .
574 5415 880 5470 coadunato
913 5420 970 5468 et
1007 5418 1306 5478 compacto,
1331 5410 1419 5480 qui
1448 5419 1568 5481 post
1592 5428 1713 5468 eutn
1741 5403 1924 5480 venit;
1971 5428 2029 5471 ut
2068 5432 2154 5474 se-

575 5513 826 5576 gregaret
848 5517 1034 5558 vocem
1066 5510 1432 5557 transeuntem
1461 5519 1492 5558 a
1520 5503 1697 5560 Verbo
1741 5522 1956 5578 semper
1989 5520 2042 5564 et
2072 5511 2155 5565 in-

527 5663 532 5666 _
577 5593 1033 5649 commutabiliter
1076 5600 1361 5659 manente;
1395 5605 1453 5649 ut
1484 5597 1785 5651 insinuaret
1832 5602 2151 5658 matutinam

524 5756 532 5768 .
577 5686 786 5740 stellam
822 5686 873 5739 in
900 5695 1020 5740 ortu
1053 5687 1201 5754 regni
1235 5687 1508 5742 caelorum
1543 5700 1912 5761 apparentem,
1959 5703 2014 5750 et
2055 5696 2151 5751 de-

548 5767 811 5831 elararet
866 5777 1036 5834 solem
1082 5778 1325 5848 justitiae
1389 5781 1876 5850 supervenientem.
1938 5783 2152 5844 Testem

2261 3291 2492 3358 lumine;
2546 3307 2578 3345 a
2623 3290 2996 3361 superioribus
3037 3283 3305 3354 subaudi,
3360 3296 3424 3345 et
3451 3291 3530 3345 sic
3559 3291 3848 3362 intelligo:

2260 3380 2379 3437 Non
2415 3391 2534 3438 erat
2563 3382 2652 3438 ille
2681 3383 2793 3449 lux,
2827 3383 2922 3438 sed
2957 3381 3161 3438 missus
3205 3391 3334 3449 est,
3378 3389 3438 3436 ut
3479 3377 3850 3437 testimonium

2260 3477 2576 3546 perhiberet
2609 3477 2676 3532 de
2722 3477 2943 3532 lumine.
2985 3467 3570 3532 Praecursorluminis
3593 3491 3707 3532 non
3738 3485 3854 3531 erat

2262 3559 2374 3623 lux.
2412 3565 2590 3635 Quare
2623 3582 2751 3640 ergo
2775 3554 2994 3622 lucerna
3022 3568 3216 3625 ardens
3242 3557 3553 3638 tis-turnique
3578 3568 3855 3622 vocitatur

2262 3655 2639 3715 matutinum?
2664 3645 2912 3715 Lucerna
2944 3647 3312 3723 ardens'erat,
3360 3653 3456 3713 sed
3488 3671 3600 3713 non
3627 3660 3852 3730 proprio

2261 3746 2388 3826 igne
2427 3751 2680 3808 incensus
2722 3741 2979 3817 ardebat,
3028 3763 3134 3806 non
3180 3751 3402 3820 proprio
3446 3751 3567 3807 luce
3613 3751 3848 3808 lucebat.

2262 3837 2430 3896 Stella
2481 3852 2599 3896 erat
2651 3843 2914 3896 matutina
2939 3882 2956 3908 ,
3007 3842 3100 3896 sed
3133 3855 3241 3896 non
3276 3853 3305 3895 a
3335 3842 3519 3912 seipse
3566 3846 3848 3914 proprium

2262 3931 2444 3990 lumen
2477 3938 2709 4006 accepit.
2754 3934 2941 3991 Gratia
2996 3937 3190 4008 ipsius,
3227 3951 3386 4006 quem
3416 3939 3806 4008 praecurrebat
3831 3981 3848 4007 ,

2263 4025 2318 4080 in
2349 4041 2415 4080 eo
2461 4027 2685 4082 ardebat
2729 4011 2783 4081 et
2822 4013 3156 4098 splendebat.
3190 4028 3305 4084 Non
3335 4031 3448 4084 erat
3478 4029 3567 4084 ille
3609 4030 3721 4092 lux,
3755 4030 3849 4085 sed

2259 4119 2534 4191 particeps
2574 4109 2824 4186 luminis;
2876 4137 3032 4176 suum
3065 4137 3171 4176 non
3203 4127 3339 4186 erat,
3390 4123 3534 4192 quod
3579 4123 3635 4176 in
3693 4135 3752 4178 se
3793 4130 3851 4178 et

2261 4220 2386 4283 post
2428 4227 2486 4267 se
2529 4211 2785 4282 fulgebat.
2824 4209 2895 4267 Ut
2935 4213 3078 4267 enim
3111 4215 3359 4283 superius
3388 4213 3646 4278 diximus.
3698 4212 3845 4270 nulla

2264 4319 2359 4360 seu
2392 4303 2671 4359 rationalis
2695 4319 2789 4359 seu
2813 4304 3193 4360 intellectualis
3213 4313 3461 4360 creatura
3491 4317 3591 4375 per
3611 4307 3850 4376 seipsam

2228 4415 2230 4418 '
2265 4397 2693 4453 substantialiter
2722 4397 2815 4450 lux
2851 4405 2967 4463 est,
2997 4397 3088 4452 sed
3118 4397 3535 4466 participatione
3578 4398 3741 4452 unius
3785 4412 3850 4454 ac

2267 4487 2380 4544 veri
2412 4483 2631 4555 luminis
2660 4486 3046 4551 substantialis,
3088 4488 3230 4556 quod
3259 4487 3458 4558 ubique
3487 4487 3541 4543 in
3571 4487 3849 4553 omnibus,

2229 4577 2240 4603 "
2268 4594 2405 4652 quae
2435 4577 2849 4650 intelligibiiiter
2875 4579 3076 4643 lucent,
3106 4579 3268 4634 lucet.

2334 4671 2626 4741 Propterea
2679 4670 2927 4724 subditur
2969 4685 2983 4724 :
3028 4670 3159 4724 Erat
3195 4679 3366 4726 autem
3397 4670 3490 4726 ina:
3517 4685 3662 4737 uera,
3714 4689 3847 4744 qua

2261 4755 2523 4816 illuminat
2575 4777 2776 4816 omnem
2826 4761 3087 4814 hominem
3133 4763 3414 4816 venientem
3464 4764 3519 4817 in
3567 4765 3844 4818 mundum.

2263 4855 2460 4910 Veram
2491 4854 2666 4909 lucem
2698 4853 2828 4909 dicit
2854 4854 2949 4908 Dei
2991 4843 3185 4908 Filium
3223 4869 3320 4924 per
3345 4871 3402 4911 se
3433 4857 3843 4924 subsistentem,

2221 4947 2228 4951 ⁷
2265 4961 2294 4999 a
2327 4943 2436 5001 Deo
2456 4943 2616 5000 Patre
2651 4961 2748 5016 per
2795 4960 2854 5000 se
2898 4945 3224 5000 subsistente
3265 4955 3390 5002 ante
3435 4943 3615 5003 omnia
3663 4946 3846 5005 secula

2220 5037 2230 5042 ’
2267 5036 2536 5108 genitum;
2565 5051 2748 5092 veram
2782 5036 2955 5090 lucem
3003 5036 3131 5092 dicit
3162 5039 3390 5093 eundem
3436 5038 3633 5094 Filium
3672 5041 3846 5096 homi-

2259 5142 2383 5182 nem
2433 5141 2497 5181 ex
2546 5127 2857 5183 hominibus
2905 5137 3127 5200 propter
3165 5129 3412 5187 homines
3450 5119 3674 5212 factum.
3725 5133 3844 5205 ipse

2261 5230 2344 5291 est
2387 5219 2480 5275 lux
2516 5235 2643 5274 vera
2670 5262 2684 5286 ,
2716 5221 2806 5306 qui
2847 5221 2912 5276 de
2951 5219 3028 5277 se
3063 5221 3178 5293 ipso
3222 5221 3297 5277 ait
3327 5239 3340 5276 :
3391 5242 3408 5274 ε
3447 5211 3568 5295 Ego
3598 5211 3718 5279 sum
3750 5224 3842 5282 lu

2217 5323 2222 5334 '
2262 5305 2446 5400 mundi
2465 5307 2486 5400 ζ.
2507 5305 2595 5385 qui
2621 5305 2862 5384 sequitur
2892 5330 3008 5390 me,
3033 5321 3137 5370 neu
3179 5317 3557 5372 morabiturin
3583 5307 3838 5381 tenebris,

2261 5393 2355 5462 sed
2392 5393 2613 5475 habebit
2653 5406 2832 5462 lumen
2871 5407 3012 5462 vitae
3056 5417 3308 5463 aeternae
3345 5428 3387 5462 ι.
3433 5408 3560 5463 Erat
3590 5409 3685 5465 lux
3715 5425 3841 5467 vera

2260 5513 2398 5580 quae
2426 5497 2692 5554 illuminat
2719 5516 2934 5555 omnem
2971 5499 3243 5556 hominem
3273 5501 3576 5556 venientem
3597 5501 3657 5556 in
3681 5518 3840 5559 mun-

2262 5589 2406 5646 dum.
2441 5591 2508 5646 Et
2553 5593 2680 5662 quid
2721 5601 2805 5648 est
2837 5594 3116 5648 venientem
3168 5595 3222 5648 in
3276 5594 3528 5648 mundum
3555 5594 3581 5648 ?
3619 5606 3674 5650 et
3718 5595 3842 5666 quis

2261 5689 2342 5734 est
2367 5682 2543 5735 omnis
2569 5681 2730 5737 homo
2766 5683 2987 5738 veniens
3029 5685 3080 5738 in
3121 5685 3422 5741 mundum?
3446 5693 3501 5739 et
3527 5686 3672 5743 unde
3694 5687 3842 5744 venit

2263 5769 2315 5823 in
2362 5771 2659 5826 mundum?
2692 5782 2745 5828 et
2779 5773 2832 5829 in
2864 5789 3029 5856 quem.
3062 5773 3322 5830 mundum
3361 5775 3508 5831 venit
3540 5775 3645 5833 7Βὶ
3682 5777 3750 5834 de
3775 5776 3846 5835 iis
