4028 6274
249 334 376 404 293

1229 337 1464 399 noutL.
1505 342 1570 398 IN
1607 295 1903 398 pnoLoc.
1944 341 2197 400 avsus.
2241 343 2388 402 suc.
2427 343 2615 402 JOAN.

3433 346 3541 402 994

253 462 360 534 qui
389 460 455 516 de
482 445 711 516 occultis
733 467 961 513 naturae
989 456 1195 512 sinibus
1219 456 1275 514 in
1305 457 1451 516 hunc
1480 463 1739 517 mundum
1763 478 1860 533 per
1889 463 1936 523 Α
1966 463 2295 519 nominasse.
2313 465 2446 520 Tres
2459 471 2639 520 tamen
2667 465 2897 522 mundos
2921 465 3182 526 debemus
3210 468 3540 542 intelligere.

252 553 672 625 generationem
726 551 858 604 locis
917 550 1364 624 timuporibusqne
1403 555 1627 607 vcniuut
1656 595 1668 616 ,
1708 570 1860 609 acce-

251 646 432 718 peris,
475 645 650 716 qualis
691 643 1020 700 illuminatio
1048 656 1131 702 est
1161 647 1212 699 in
1241 646 1345 700 hac
1375 648 1484 701 vita
1513 648 1862 702 nascentibus

251 748 323 792 ut
352 739 659 791 moriantur
679 776 692 796 .
738 740 1116 793 crescentibus
1148 746 1202 791 ut
1228 747 1683 807 corrumpantur,
1716 754 1859 792 com-

253 831 461 902 positis
491 837 551 885 ut
581 833 884 896 solvantur,
918 815 1004 884 de,
1027 830 1342 900 quietudine
1387 831 1596 885 silentis
1635 841 1859 884 naturae

255 921 317 978 in
361 922 791 993 inquietudinem
818 920 1195 974 tumultuantis
1218 921 1470 974 miseriae
1504 920 1857 974 cadentibus?

257 1016 388 1079 Dic,
423 1030 648 1085 quaeso,
677 1013 854 1082 qualis
880 1013 970 1066 lux
1002 1023 1120 1067 erat
1154 1011 1453 1080 spiritualis
1499 1021 1552 1065 et
1583 1028 1706 1065 vera
1733 1027 1859 1082 pro-

256 1107 467 1162 creatis
491 1111 542 1160 in
573 1107 681 1160 vita
709 1107 1022 1160 transitoria
1049 1114 1100 1159 ει
1123 1103 1294 1159 falsa?
1320 1105 1588 1175 Numquid
1625 1108 1857 1161 mundus

257 1199 370 1254 iste
424 1199 671 1252 alienatis
703 1213 734 1251 a
778 1213 906 1251 vero
955 1197 1162 1251 lumine
1214 1198 1542 1251 conveniens
1592 1190 1856 1254 habitatio

256 1292 390 1344 est?
423 1289 695 1358 Numquid
733 1290 881 1359 regio
909 1289 1133 1344 umbrae
1165 1290 1381 1353 mortis,
1413 1298 1467 1342 ct
1493 1289 1855 1359 lacrytnarum

260 1383 422 1437 vallis
446 1424 461 1447 ,
492 1391 547 1435 et
577 1381 913 1449 ignorantiae
960 1379 1321 1449 profundum,
1353 1387 1406 1434 et
1439 1389 1656 1433 terrena
1702 1381 1857 1434 habi-

260 1476 423 1538 tatio,
458 1476 750 1528 immanum
797 1475 1036 1527 animum
1078 1488 1415 1543 aggravans,
1449 1482 1502 1528 et
1531 1489 1597 1528 ex
1631 1474 1742 1527 veri
1775 1473 1856 1528 lu-

255 1568 431 1623 minis
460 1567 701 1621 contuitu
747 1566 1035 1620 interiores
1061 1565 1247 1618 oculos
1289 1565 1582 1629 elimitans,
1613 1581 1718 1619 non
1755 1566 1853 1618 im-

256 1662 463 1717 merito
498 1663 734 1716 dicitur?
784 1661 898 1715 Non
941 1677 1072 1732 ergo
1119 1661 1182 1714 de
1231 1662 1315 1722 iis,
1376 1641 1469 1730 qui
1519 1662 1584 1714 de
1621 1661 1852 1716 occultis

255 1752 531 1807 seminum
567 1753 750 1806 causis
777 1753 829 1804 in
857 1751 1064 1821 species
1087 1739 1378 1822 corporeus
1401 1753 1722 1820 procedunt,
1759 1753 1851 1806 de-

1966 555 2207 623 Quorum
2233 558 2440 627 primus
2464 566 2570 623 est,
2601 559 2692 628 qui
2719 558 2964 616 absolute
2997 561 3128 618 solis
3179 562 3537 622 invisibilibul

1963 658 2018 704 et
2063 649 2439 719 spiritualibus
2483 652 2742 706 virtutum
2777 652 3032 723 impletur
3075 654 3429 721 substantiis;
3480 656 3538 710 in

1962 754 2122 809 quem
2150 741 2458 810 quicunque
2487 743 2715 805 venerit,
2745 742 2960 810 plenam
3003 759 3162 799 verae
3191 743 3329 800 lucis
3356 745 3534 814 possi-

1961 829 2053 883 det
2080 831 2566 901 participationem.
2615 831 2924 895 Secundus,
2954 833 3044 902 qui
3080 833 3322 903 praefato
3371 849 3539 904 oppo~

1961 920 2104 974 nitur
2135 938 2166 975 e
2198 923 2430 986 diverso,
2481 924 2736 992 quoniam
2770 907 3014 979 absolute
3059 941 3122 981 ex
3179 927 3538 986 invisibilide

1961 1018 2016 1065 et
2079 1013 2452 1082 corporalibus
2509 1016 2856 1069 constituitur
2899 1018 3126 1074 naturis.
3175 1017 3242 1072 Et
3289 1019 3536 1088 quamvis

1961 1103 2330 1158 universitatis
2355 1106 2592 1159 intimam
2625 1108 2861 1160 obtineat
2895 1107 3323 1176 proportionem,
3370 1109 3426 1165 in
3468 1093 3538 1166 eo

1959 1204 2140 1249 tamen
2170 1206 2286 1249 erat
2319 1197 2576 1260 Verlnnn,
2617 1207 2673 1251 et
2710 1213 2806 1266 per
2849 1197 3080 1252 Verbum
3129 1198 3304 1254 factus
3339 1209 3442 1266 est,
3482 1209 3539 1260 et

1960 1299 2043 1344 est
2081 1292 2287 1358 primus
2328 1290 2526 1360 gradus
2557 1292 2622 1345 ad
2667 1283 3028 1358 cognitionem
3060 1294 3306 1348 veritatis
3349 1309 3540 1349 ascen—

1961 1381 2089 1434 dere
2129 1396 2223 1448 per
2266 1396 2458 1434 sensus
2499 1381 2826 1443 volentibus;
2884 1384 3092 1449 species
3128 1399 3360 1453 namque
3409 1385 3540 1438 visi-

1958 1471 2144 1526 bilittm
2194 1473 2260 1525 ad
2315 1473 2676 1542 cognitionem
2729 1473 3072 1527 invisibilium
3120 1475 3534 1530 ratiocinantem

1958 1563 2183 1618 attrahit
2213 1564 2470 1618 animum.
2506 1563 2719 1618 Tertius
2745 1565 2974 1617 ninndus
3017 1575 3121 1632 est,
3146 1567 3236 1637 qui
3269 1567 3535 1622 rationem

1957 1654 2266 1708 medietatis
2312 1654 2493 1717 habet,
2540 1665 2595 1709 et
2640 1655 2972 1723 superiorem
3004 1657 3345 1725 spiritalium,
3372 1667 3425 1712 et
3453 1659 3535 1714 in-

1956 1743 2209 1800 feriorem
2228 1745 2586 1814 corporalimn
2609 1747 2659 1798 in
2686 1763 2742 1800 se
2774 1747 2887 1814 ipso
2910 1748 3143 1818 copulat,
3164 1757 3218 1804 et
3241 1751 3305 1804 de
3326 1750 3536 1805 duobus

254 1840 456 1896 bemus
485 1841 786 1912 intelligere
819 1859 832 1894 :
865 1858 999 1912 quae;
1048 1841 1311 1896 illuminat
1343 1859 1545 1896 omnem
1593 1844 1850 1897 hominem
1883 1840 1929 1899 B
1959 1853 2122 1892 unum
2164 1837 2312 1902 facit,
2347 1848 2401 1891 et
2430 1838 2480 1891 in
2515 1838 2730 1892 homine
2771 1839 2885 1892 solo
2932 1839 3282 1910 intelligitur,
3327 1841 3380 1894 in
3426 1856 3533 1910 quo

254 1935 548 1988 venientem
582 1935 638 1987 in
665 1935 916 1994 mundum
944 1973 959 1997 ,
992 1932 1088 1988 sed
1131 1934 1197 1987 de
1236 1933 1332 1998 iis,
1364 1934 1454 2001 qui
1498 1933 1854 2002 spiritualiter

251 2038 364 2098 per
391 2025 793 2097 generationem
821 2028 1049 2094 gratiae,
1083 2039 1222 2094 quae
1245 2025 1403 2083 datur
1427 2025 1477 2078 in
1504 2025 1849 2094 baptismate,

251 2105 318 2172 in
375 2118 629 2170 mundum
681 2116 904 2170 veniunt
956 2114 1318 2178 invisibiletn,
1349 2114 1441 2184 qui
1485 2115 1851 2183 nativitatem,

251 2223 403 2281 quae
430 2209 725 2263 secundum
760 2207 1111 2277 corruptibile
1141 2223 1338 2281 corpus
1366 2218 1471 2274 est,
1511 2219 1848 2277 spernentes,

253 2302 626 2362 nativitatem,
654 2315 793 2369 quae
832 2309 914 2354 est
962 2279 1255 2354 secundum
1309 2298 1581 2368 spiritum,
1622 2299 1848 2369 eligunt,

255 2394 526 2450 mundum
554 2393 645 2462 qui
678 2394 932 2447 deorsum
965 2400 1047 2445 est
1077 2391 1381 2453 calcantes,
1412 2400 1464 2446 et
1493 2391 1544 2444 in
1591 2393 1850 2446 t'ntmdum

253 2488 360 2560 qui
389 2488 676 2542 desursum
703 2494 786 2541 est
814 2487 1205 2548 ascendentes,
1258 2484 1478 2538 umbras
1514 2485 1852 2552 ignorantiae

256 2589 322 2635 et
351 2581 540 2634 mortis
569 2579 884 2632 deserentes
905 2618 918 2640 ,
971 2576 1143 2630 lucem
1181 2577 1480 2646 sapientiae
1510 2585 1562 2630 et
1591 2577 1732 2631 vitae
1758 2594 1853 2647 ap-

253 2681 544 2744 petentes,
591 2670 685 2724 Iilii
740 2670 1016 2724 hominum
1068 2684 1188 2724 esse
1229 2669 1566 2732 desinentes,
1615 2671 1708 2724 lilii
1756 2672 1851 2725 Dei

242 2765 381 2822 ﬁeri
419 2766 756 2830 inchoantes,
789 2765 1049 2818 mundum
1087 2764 1340 2818 vitiorum
1369 2773 1752 2834 postponentes
1797 2774 1850 2819 et

257 2871 319 2911 In
350 2858 658 2926 semetipsis
691 2858 1031 2910 destruentes
1061 2895 1074 2920 ,
1123 2856 1384 2910 mundum
1419 2855 1677 2909 virtutum
1725 2866 1851 2912 ante

258 2949 454 3004 oculos
484 2949 683 3004 mentis
711 2948 1122 3010 constituentes,
1155 2957 1211 3000 et
1240 2947 1292 3000 in
1321 2961 1446 3000 eum
1488 2948 1617 3000 totis
1649 2948 1852 3002 viribus

261 3045 564 3098 ascendere
605 3043 895 3096 inhiantes.
932 3042 1037 3096 Eas
1070 3042 1251 3111 itaque
1272 3056 1400 3095 vera
1438 3040 1525 3093 lux
1559 3041 1847 3106 illuminat,

259 3135 354 3204 qui
399 3134 450 3187 in
493 3135 746 3188 mundum
798 3135 1055 3191 virtutum
1095 3133 1334 3197 veniunt,
1371 3149 1474 3186 non
1512 3149 1628 3198 eos,
1670 3135 1762 3202 qui
1795 3135 1846 3188 in

258 3227 526 3280 mundum
565 3226 814 3278 vitiorum
860 3232 1042 3277 ruunt.
1799 3295 1801 3298 p

337 3319 406 3374 In
435 3321 626 3372 mumlo
660 3328 789 3371 erat.
821 3318 874 3371 In
906 3317 1007 3371 hoc
1035 3316 1154 3371 loco
1182 3317 1440 3370 mundum
1481 3315 1712 3386 appellat
1740 3330 1842 3367 non

256 3414 440 3469 solum
470 3410 791 3483 generaliter
815 3410 1080 3464 visibilem
1104 3419 1434 3472 creaturam,
1464 3424 1650 3462 verum
1682 3408 1844 3461 etiam

257 3504 575 3574 Specialiter
616 3501 892 3555 rationalis
939 3510 1179 3561 naturae,
1233 3491 1372 3568 quae
1407 3499 1459 3552 in
1491 3499 1709 3552 homine
1739 3507 1844 3563 est,

261 3597 645 3652 substantiam.
687 3595 742 3648 In
786 3595 868 3648 his
908 3593 1176 3663 siquidem
1219 3593 1492 3656 omnibus,
1531 3601 1605 3654 et,
1634 3599 1693 3644 ut
1715 3593 1844 3646 sim-

260 3688 483 3760 pliciter
507 3687 706 3748 dicam,
745 3689 798 3741 in
837 3687 1188 3741 universitate
1241 3684 1459 3740 condita
1487 3682 1722 3737 Verbum
1754 3683 1843 3737 lux

263 3793 398 3835 vera
427 3788 562 3832 erat.
597 3778 738 3833 Idem
763 3778 1026 3841 subsistit,
1053 3786 1109 3832 et
1131 3793 1347 3848 semper
1381 3786 1519 3843 erat,
1559 3777 1685 3847 quia
1711 3793 1847 3834 nuu-

259 3885 432 3944 quam
463 3871 514 3924 in
544 3871 796 3925 onmibus
827 3869 1121 3926 subsistere
1153 3870 1391 3926 desistit;
1434 3869 1504 3925 Ut
1542 3870 1708 3934 enim,
1753 3869 1846 3941 qui

263 3965 524 4035 loquitur,
555 3964 677 4017 dum
706 3962 961 4032 loquitur,
986 3963 1184 4018 desiuit
1208 3975 1316 4018 vox
1341 3961 1457 4030 ejus
1478 3976 1624 4027 esse,
1651 3961 1851 4017 desinit

262 4067 324 4113 et
352 4056 667 4112 evanescit:
701 4056 780 4110 sic
825 4055 1074 4109 caelestis
1125 4055 1285 4109 Pater
1323 4056 1369 4110 si
1409 4057 1647 4113 Verbum
1690 4070 1846 4109 suum

264 4150 417 4218 loqui
449 4148 697 4209 cessarit,
738 4145 962 4201 ell‘ectus
996 4147 1177 4213 Verbi,
1233 4149 1334 4202 hoc
1374 4157 1478 4211 est,
1525 4147 1850 4201 universitas

265 4242 487 4297 condita
537 4259 639 4296 non
671 4241 994 4295 substiterit.
1031 4239 1410 4295 Universitatis
1441 4255 1676 4309 namque
1723 4255 1852 4294 con-

264 4333 418 4388 ditae
445 4332 752 4387 substitutio
784 4340 865 4384 est
888 4339 941 4385 et
963 4331 1273 4399 permansio
1303 4330 1396 4384 Dei
1427 4330 1603 4384 Patris
1627 4329 1851 4396 locutio,

262 4426 374 4482 hoc
410 4433 514 4488 est,
555 4433 774 4478 aeterna
814 4432 870 4477 et
913 4423 1372 4478 incommutabilis
1415 4423 1497 4476 sui
1555 4421 1716 4477 Verbi
1762 4435 1853 4490 ge-

263 4521 500 4576 neratio.
541 4517 722 4574 Potest
765 4519 930 4573 etiam
987 4532 1092 4572 non
1140 4517 1584 4573 irrationabiliter
1631 4519 1697 4572 de
1750 4519 1852 4572 hoc

1956 1931 2132 1984 omnis
2178 1939 2428 1983 creatura
2473 1929 2761 1984 adunatur.
2810 1929 3044 1999 Corpore
3071 1932 3217 1984 enim
3241 1940 3454 1986 constat
3479 1940 3534 1986 et

1955 2023 2156 2077 anima.
2202 2022 2409 2091 Corpus
2456 2023 2520 2077 de
2569 2023 2670 2076 hoc
2725 2024 2943 2084 mundo,
2984 2023 3218 2076 animam
3252 2023 3316 2078 de
3362 2022 3533 2077 altero

1954 2119 2155 2173 mundo
2207 2118 2487 2188 colligens,
2540 2133 2703 2170 unum
2751 2117 2877 2171 facit
2927 2127 3197 2171 ornatum.
3241 2118 3306 2172 Et
3338 2132 3532 2186 corpus

1955 2212 2170 2280 quidem
2213 2227 2427 2265 omnem
2464 2226 2804 2280 corpoream,
2838 2210 3018 2264 anima
3052 2226 3179 2264 vero
3207 2225 3422 2264 omnem
3450 2210 3531 2263 in-

1955 2316 2266 2370 corporeum
2297 2301 2536 2369 possidet
2563 2311 2830 2353 naturam.
2857 2301 3024 2365 Quae,
3053 2300 3178 2354 dum
3217 2301 3534 2370 compagine

1955 2407 2059 2445 una
2107 2392 2520 2462 conglobantur,
2553 2405 2712 2444 omne
2745 2393 3071 2444 mundanum
3106 2390 3339 2445 hominis
3371 2391 3537 2446 conii-

1953 2483 2106 2538 ciunt
2150 2491 2552 2536 ornatncntum.
2605 2481 2838 2549 Ideoque
2874 2483 3031 2534 homo
3075 2482 3273 2535 dicitur
3316 2481 3531 2546 omnis;

1953 2577 2128 2630 omnis
2180 2590 2411 2644 naun‘lue
2461 2582 2712 2628 creatura
2756 2590 2808 2626 Ill
2862 2576 2977 2642 ipso
3025 2573 3169 2627 velut
3214 2573 3264 2627 in
3320 2572 3534 2627 oﬁicina

1953 2672 2185 2742 quasla'm
2230 2668 2514 2722 conﬂatur.
2559 2667 2696 2722 Hinc
2727 2676 2781 2721 et
2815 2668 2928 2736 ipse
2960 2668 3216 2722 Dominus
3257 2667 3534 2735 praedica-

1954 2764 2090 2818 turis
2119 2764 2397 2832 discipulis
2427 2763 2703 2831 pra:,ccpit
2735 2779 2747 2814 :
2788 2780 2806 2812 ι
2845 2762 3159 2815 l’t'm::licate
3182 2759 3533 2830 Evangelium

1953 2857 2098 2910 omni
2131 2865 2412 2909 creaturae
2444 2875 2490 2908 ι.
2518 2855 2619 2908 lstc
2645 2855 2808 2920 igitur
2833 2853 3082 2916 mundus,
3114 2854 3215 2907 hoc
3243 2861 3326 2907 est
3349 2853 3531 2917 homo,

1955 2946 2273 3001 Creatorem
2306 2962 2462 3000 suum
2502 2964 2608 3000 non
2672 2946 2959 3014 cognovit,
3014 2962 3186 3013 neque
3241 2961 3336 3014 per
3401 2945 3534 3010 legis

1953 3039 2190 3108 scriptae
2235 3038 2501 3108 symbolo,
2549 3053 2727 3106 neque
2752 3054 2848 3106 per
2877 3037 3105 3091 visibilis
3127 3045 3405 3090 creaturae
3433 3052 3532 3107 pa-

1954 3132 2254 3201 radigmata
2289 3132 2456 3186 Deum
2486 3148 2641 3186 suum
2670 3131 2834 3184 voluit
2856 3146 3204 3200 cognoscere,
3231 3131 3530 3184 carnalitun

1875 3213 1920 3274 C
1953 3226 2342 3294 cogitationum
2370 3224 2599 3280 vinculis
2621 3225 2888 3279 detentus.
2927 3223 2994 3277 Et
3031 3224 3257 3276 nmndus
3286 3241 3402 3276 eum
3429 3241 3533 3277 non

1951 3322 2206 3389 cognorit.
2249 3318 2363 3374 Non
2405 3321 2656 3391 cognovit
2685 3321 2846 3374 homo
2873 3319 3040 3372 Deum
3072 3317 3327 3379 Verbum,
3359 3333 3535 3390 neque

1952 3428 2018 3466 an
2029 3423 2078 3467 te
2099 3412 2538 3468 humanationem
2554 3414 2671 3484 ejus
2691 3429 2788 3484 per
2802 3429 2859 3468 se
2876 3413 2989 3467 sola
3010 3413 3293 3466 divinitate
3308 3413 3531 3474 nudum,

1953 3518 2050 3557 nec
2082 3512 2201 3572 post
2231 3503 2670 3560 humanationem
2700 3503 2812 3558 sola
2857 3504 3226 3558 incarnatione
3258 3502 3531 3568 vestitun'i.

1950 3594 2279 3649 lnvisibilem
2344 3595 2654 3665 ignorabat,
2709 3595 2978 3650 visibilem
3040 3596 3291 3664 negabat.
3356 3593 3538 3648 Noluit

1953 3700 2217 3755 quaerere
2257 3693 2606 3755 quaerentem
2647 3701 2738 3750 se;
2772 3685 2941 3740 noluit
2983 3685 3168 3739 audire
3216 3693 3534 3750 vocantem;

1953 3776 2126 3832 noluit
2159 3775 2338 3830 colere
2383 3775 2756 3842 deiﬁcautem;
2789 3775 2958 3832 noluit
2999 3775 3240 3842 recipere
3275 3775 3538 3846 recipien-

1956 3877 2083 3924 tem.

2025 3960 2093 4015 In
2119 3957 2334 4033 pro'pria
2361 3963 2517 4028 venit,
2553 3962 2606 4017 in
2636 3976 2698 4017 ea
2745 3960 3025 4027 videlicet,
3064 3975 3204 4031 quae
3233 3973 3331 4032 per
3353 3959 3533 4032 ipsum

1953 4049 2096 4107 facta
2127 4063 2273 4118 sunt,
2309 4068 2373 4108 ac
2396 4068 2493 4124 per
2528 4055 2630 4107 hoc
2663 4051 2883 4123 propria
2934 4051 3077 4105 illius
3116 4067 3221 4106 non
3260 4051 3535 4126 immerito

1955 4151 2102 4198 sunt.
2136 4143 2204 4198 Et
2227 4145 2308 4198 sui
2337 4161 2454 4198 eum
2478 4142 2632 4216 [non]
2669 4145 2684 4174 ¹
2715 4152 3029 4211 receperunt.
3061 4140 3154 4195 Sui
3187 4149 3312 4194 sunt
3344 4155 3537 4198 omnes

1957 4235 2221 4299 homines,
2247 4250 2384 4305 quos
2405 4234 2570 4288 voluit
2601 4233 2867 4288 redimere
2895 4241 2950 4286 et
2982 4231 3229 4284 redemit.

2027 4326 2298 4401 Quotquot
2329 4339 2501 4382 autem
2533 4336 2827 4396 receperunt
2865 4341 3006 4390 cum,
3033 4323 3172 4377 dedit
3212 4324 3283 4377 eis
3313 4333 3539 4393 potesta-

1957 4442 2057 4485 tem
2087 4428 2225 4498 ﬁlios
2257 4425 2352 4480 Dei
2405 4423 2541 4492 ﬁeri,
2573 4421 2898 4476 credentibus
2931 4422 2982 4474 in
3014 4420 3220 4474 nomine
3249 4419 3385 4489 ejus.
3415 4418 3538 4475 Jant

1959 4522 2216 4577 dividitur
2246 4533 2351 4572 non
2393 4513 2702 4570 humanitas
2739 4511 3018 4566 rationalis
3061 4510 3266 4575 mundi,
3304 4512 3398 4564 sed
3440 4526 3537 4566 v0-

265 4609 473 4667 mundo
500 4610 742 4665 sensibili
771 4610 1110 4665 solummodo
1145 4609 1281 4664 haec
1321 4609 1591 4663 sententia
1637 4610 1851 4678 praedi-
1876 4597 1931 4656 D
1959 4616 2168 4678 lunias;
2203 4617 2556 4682 segregantur
2591 4616 2897 4675 receptores
2958 4603 3223 4658 incarnati
3285 4603 3442 4658 Verbi
3505 4617 3538 4657 a

264 4703 406 4767 cari,
434 4719 570 4772 quae
597 4704 670 4756 ait
704 4721 715 4755 :
750 4702 816 4756 In
843 4703 1037 4756 mundo
1063 4714 1196 4767 erat,
1233 4712 1280 4757 et
1308 4703 1534 4756 mundus
1559 4720 1650 4774 per
1677 4705 1847 4774 ipsum

265 4795 445 4866 factus
472 4804 565 4847 est.
601 4793 676 4847 Ne
699 4794 837 4848 forte
863 4795 983 4862 quis
1020 4802 1238 4862 putaret
1271 4794 1583 4849 Manicheae
1609 4795 1852 4850 haeresis

262 4903 518 4950 consors,
550 4887 803 4941 muluium
832 4888 1106 4957 corporeis
1127 4888 1376 4943 sensibus
1404 4889 1848 4944 succumbentem

264 4994 300 5034 a
323 4979 539 5033 diabolo
565 4979 728 5032 fuisse
756 4989 1017 5041 creatum,
1053 4988 1107 5033 et
1134 4994 1240 5033 non
1271 4995 1300 5032 a
1327 4979 1584 5033 Creatore
1607 4980 1848 5035 omnium

263 5072 564 5127 visibilium
591 5082 645 5125 et
677 5073 1053 5137 invisibilium,
1093 5072 1378 5142 theologus
1411 5074 1686 5129 subnectit
1735 5092 1747 5125 :
1782 5073 1849 5129 In

266 5165 466 5221 mundo
502 5177 637 5230 erat,
677 5167 780 5222 hoc
811 5174 912 5230 est,
958 5167 1012 5220 in
1066 5168 1168 5222 hoc
1197 5167 1398 5222 mundo
1439 5177 1558 5220 erat
1601 5166 1713 5231 ille,
1759 5167 1851 5236 qui

268 5259 513 5314 continet
549 5259 753 5322 omnia,
809 5267 856 5311 et
901 5258 1124 5310 mundus
1171 5273 1264 5326 per
1317 5260 1487 5327 ipsum
1531 5256 1702 5326 factus
1753 5268 1849 5312 est.

265 5347 390 5404 Non
418 5349 564 5404 enim
592 5350 645 5403 in
677 5349 868 5404 alienis
895 5349 1148 5418 operibus
1189 5347 1557 5403 universitatis
1606 5348 1855 5404 conditor

266 5438 502 5505 habitat,
545 5440 640 5496 sed
674 5441 728 5494 in
765 5439 878 5495 suis
915 5452 1056 5508 quae
1093 5437 1240 5493 fecit.
1278 5437 1730 5498 Animadvertere
1762 5439 1856 5495 tis-

265 5532 482 5606 bemus,
516 5537 734 5594 beatum
779 5533 1161 5604 evangelistam
1212 5531 1539 5601 generaliter
1595 5532 1854 5588 mundum

1962 4705 2339 4776 respuentibus
2383 4702 2527 4755 illud.
2558 4693 2768 4754 Fideles
2794 4699 3019 4752 credunt
3047 4697 3336 4750 adventum
3376 4693 3539 4750 Verbi

1959 4808 2016 4852 et
2043 4795 2272 4850 libenter
2301 4791 2566 4861 recipiunt
2606 4789 2891 4843 Dominum
2930 4787 3032 4840 sui.
3076 4786 3226 4854 lmpii
3259 4795 3457 4856 negant
3482 4794 3540 4841 et

1959 4888 2353 4946 contumaciter
2381 4894 2650 4945 renuunt,
2683 4881 2871 4936 Judaei
2901 4896 2996 4951 per
3023 4881 3310 4944 invidiam,
3343 4879 3540 4950 pagani

1957 4995 2057 5052 per
2107 4977 2484 5049 ignorantiam.
2538 4970 2942 5042 Recipicntibus
2999 4969 3146 5024 dedit
3215 4978 3540 5040 potestatem

1963 5071 2103 5126 ﬁlios
2155 5069 2250 5122 Dei
2292 5067 2433 5132 ﬁeri,
2476 5081 2584 5120 non
2615 5061 2998 5132 recipientibus
3048 5060 3139 5112 dat
3187 5059 3358 5112 adhuc
3406 5073 3558 5126 spa-s

1963 5165 2098 5220 tium
2131 5161 2446 5232 recipiendi.
2476 5159 2523 5212 A
2554 5155 2699 5212 nullo
2728 5154 2873 5210 enim
2919 5151 3159 5207 aufertur
3209 5148 3562 5220 possibilitas,

1957 5254 2210 5310 credendi
2239 5253 2292 5306 in
2324 5251 2426 5319 Dei,
2448 5248 2668 5312 Filium,
2697 5254 2753 5302 et
2790 5241 3120 5314 possibilitas
3149 5237 3410 5294 eilicicndi
3443 5236 3538 5292 Dei

1959 5347 2159 5411 lilium;
2195 5347 2298 5401 hoc
2349 5343 2494 5398 enim
2534 5345 2588 5395 in
2632 5339 2864 5396 arbitrio
2907 5334 3144 5391 hominis
3180 5341 3236 5390 et
3275 5344 3536 5401 coopera-

1959 5440 2104 5496 tione
2127 5438 2342 5511 gratiae
2361 5434 2720 5492 constitutum
2746 5439 2850 5485 est.
2894 5425 3100 5494 Quibus
3131 5423 3279 5488 dedit
3301 5429 3536 5492 potesta-

1961 5541 2068 5586 tem
2124 5530 2266 5586 tilio:
2311 5528 2408 5584 Dei
2469 5526 2621 5584 ﬁeri?
2672 5518 3079 5592 Recipientibus
3127 5530 3184 5584 se
3208 5556 3224 5582 ,
3284 5512 3536 5588 videlicet

1542 5665 1796 5725 vanus
1832 5649 2236 5752 LECTIONES.

350 5792 370 5827 ⁸
406 5808 509 5848 non
537 5806 645 5846 om.
677 5790 826 5857 cod.,
854 5787 977 5845 add.
1007 5802 1069 5843 ex
1105 5785 1247 5842 coni.
