4028 6274
1647 229 1684 254 ὃ.

540 347 650 410 295

1914 346 2200 409 JOA‘NNIS
2237 345 2436 407 SCOTI

543 465 888 521 credentibus
905 462 961 520 in
982 461 1204 520 nomine
1217 456 1355 532 ejus.
1369 461 1522 518 Multi
1545 461 2130 534 mcipiunthristum.
2153 465 2203 527 Α
2231 458 2575 516 ascendentis
2603 459 2669 516 ad
2694 459 2940 530 Patrem,
2972 462 3191 534 quando
3224 461 3293 520 ab
3329 463 3536 537 angelis
3567 479 3818 539 ωηερε

540 558 728 613 Ariani
778 555 1048 628 recipiunt
1088 572 1234 621 eum,
1267 557 1362 611 sed
1397 571 1503 610 non
1545 555 1772 610 credunt
1814 554 1868 609 in
1909 554 2127 609 nomine

541 648 684 718 ejus,
719 663 823 703 non
853 649 1083 703 credunt
1108 647 1449 718 unigenitum
1475 645 1570 700 Dei
1600 645 1793 701 Filium
1826 643 1974 700 Patri
1997 660 2128 700 con-

541 739 990 805 substantialem;
1020 737 1292 810 ὃμοοῦσιον
1313 752 1437 794 eum
1468 746 1688 808 negant,
1727 737 1829 792 hoc
1848 747 1954 801 εει,
1975 735 2125 790 Patri

541 831 983 898 coessentialem;
1022 833 1343 909 inpositam
1369 845 1494 885 eum
1534 828 1825 894 aﬁirmant,
1869 829 1974 884 hoc
2019 837 2124 893 est,

540 924 769 980 alterius
796 923 1069 980 essentiae
1107 925 1270 994 quam
1304 921 1467 976 Pater
1503 929 1607 976 est.
1648 920 1726 976 Ac
1755 934 1852 992 per
1889 919 1992 975 hoc
2017 933 2126 974 non

537 1019 766 1090 prodest
789 1019 869 1076 cis
889 1017 1166 1076 Christum
1199 1016 1478 1088 recipere,
1514 1015 1642 1071 dum
1671 1023 1942 1069 conantur
1985 1011 2128 1068 veri-

539 1121 708 1168 tatem
741 1111 859 1180 ejus
884 1126 1102 1184 negare.
1131 1110 1236 1178 Qui
1273 1125 1404 1166 vero
1437 1108 1705 1180 recipiunt
1728 1107 2004 1163 Christum
2031 1121 2126 1162 ve-

539 1220 661 1260 rum
710 1205 880 1262 Deum
931 1214 987 1261 et
1034 1219 1222 1260 verum
1271 1202 1568 1267 hominem,
1599 1209 1655 1257 et
1684 1202 1787 1256 hoc
1817 1200 2128 1256 ﬁrmissime

539 1296 788 1363 credunt,
818 1296 898 1352 eis
924 1295 1253 1367 possibilitas
1285 1295 1412 1350 data
1441 1302 1528 1348 est
1561 1291 1704 1348 ﬁlios
1733 1291 1828 1348 Dei
1865 1291 2003 1348 ﬁeri.

611 1383 718 1458 Qui
743 1407 843 1445 non
870 1407 935 1445 ea:
955 1389 1295 1461 sanguinibus
1319 1429 1334 1454 ,
1359 1403 1524 1459 neque
1549 1401 1614 1441 ea:
1642 1383 1906 1440 voluntate
1927 1384 2122 1450 carnis,

539 1497 702 1555 neque
728 1501 792 1538 ex
819 1483 1083 1538 voluntate
1109 1483 1226 1547 viri,
1265 1484 1356 1536 sed
1397 1495 1462 1535 ea:
1485 1478 1595 1532 Deo
1638 1477 1747 1531 nati
1777 1487 1920 1531 sunt.
1947 1475 2004 1531 ln
2028 1491 2127 1531 an-

539 1577 705 1649 tiquis
750 1575 1083 1632 Graecorum
1122 1573 1523 1645 exemplaribus
1557 1572 1894 1629 solummodo
1933 1573 2127 1629 scribi-

539 1677 628 1724 tur
663 1687 676 1723 :
711 1669 814 1735 Qui
843 1685 948 1724 non
985 1684 1049 1722 ex
1081 1668 1456 1738 sanguim'bus,
1483 1667 1574 1722 sed
1602 1683 1666 1722 ea:
1694 1666 1804 1722 Deo
1833 1668 1946 1722 nati
1978 1676 2122 1722 sunt.

538 1760 655 1817 Non
692 1777 761 1817 ex
806 1760 1182 1832 sanguinibus,
1212 1759 1404 1829 inquit,
1436 1759 1540 1814 hoc
1567 1767 1680 1823 est,
1727 1775 1834 1814 non
1865 1773 2126 1829 corpora-

537 1852 681 1908 libus
703 1829 1194 1924 procreatiOItibtts,
1229 1851 1319 1920 qui
1351 1849 1698 1922 adoptionem
1739 1847 1974 1903 ﬁliorum
2031 1849 2125 1905 Dei
2155 1829 2201 1890 Β

537 1946 738 2002 merito
764 1945 888 2002 ﬁdei
919 1943 1324 2015 adipiscuntur;
1359 1942 1453 1997 sed
1489 1957 1519 1996 a
1559 1942 1671 1997 Deo
1699 1940 1860 1996 Patre
1885 1956 1982 2011 per
2005 1941 2128 2012 Spi-

536 2041 700 2098 ritum
729 2049 976 2096 sanctum
1009 2039 1062 2093 in
1100 2035 1558 2094 cohaereditatem
1591 2034 1813 2097 Christi,
1860 2035 1965 2089 hoc
2003 2042 2086 2088 est
2107 2074 2124 2101 ,

537 2133 592 2188 in
622 2131 1049 2188 conﬁliolitatem
1074 2127 1334 2200 unigeniti
1364 2125 1457 2182 Dei
1481 2126 1602 2181 Filii
1628 2127 1738 2181 nati
1762 2135 1908 2181 sunt.
1944 2125 2128 2198 Neque

536 2240 604 2279 ea:
633 2223 897 2278 voluntate
925 2220 1134 2284 carnis,
1171 2233 1333 2290 neque
1359 2233 1424 2272 ea:
1457 2216 1721 2272 voluntate
1753 2217 1874 2270 viri.
1921 2216 2126 2286 Duplex

537 2313 905 2369 introducitur
951 2325 1146 2376 sexus,
1199 2324 1265 2364 ex
1322 2323 1431 2379 quo
1480 2308 1534 2362 in
1576 2322 1745 2363 carne
1786 2307 2126 2364 nascentium

537 2404 833 2462 carnaliter
863 2405 1225 2461 numerositas
1253 2412 1616 2477 propagatur;
1674 2403 1857 2460 carnis
1908 2403 2126 2473 quidem

536 2498 760 2554 nomine
789 2496 1105 2560 femineum,
1157 2497 1260 2553 viri
1313 2512 1442 2553 vero
1494 2496 1852 2554 masculinum
1892 2511 2126 2569 evange-

536 2589 663 2649 lista
691 2591 1018 2661 signiﬁcavit
1045 2591 1314 2647 habitum.
2018 2607 2026 2612 '

604 2681 675 2738 Et
717 2698 785 2738 ne
826 2681 963 2738 forte
1005 2682 1153 2740 dicas
1181 2699 1195 2736 :
1223 2679 1555 2754 impossibile
1601 2679 1835 2746 videtur,
1868 2677 2126 2735 mortales

533 2777 652 2834 ﬁeri
703 2775 1060 2841 immortales,
1099 2774 1481 2847 corruptibiles
1524 2772 1876 2844 corruptione
1912 2787 2124 2839 carere,

528 2882 695 2940 puros
728 2867 975 2923 homines
1003 2864 1141 2922 ﬁlios
1171 2865 1266 2921 Dei
1297 2879 1444 2932 esse,
1471 2861 1795 2936 temporales
1822 2861 2123 2917 aeternita-

528 2967 639 3018 tem
665 2961 963 3032 possidere,
985 2975 1053 3016 ει
1077 2959 1166 3026 iis,
1192 2973 1333 3030 quae
1357 2955 1562 3028 majora
1585 2964 1732 3022 sunt,
1761 2955 1946 3025 accipe
1965 2969 2126 3025 argu-

529 3061 806 3122 mentum,
855 3068 964 3124 quo
1011 3053 1112 3120 rei,
1165 3053 1232 3108 de
1278 3067 1384 3123 qua
1435 3051 1673 3117 dubitas,
1728 3049 1909 3120 possis
1961 3047 2124 3104 ﬁdem

531 3149 943 3204 accommodare
969 3165 982 3201 :
1013 3146 1080 3200 Et
1101 3145 1310 3201 verbum
1333 3161 1458 3199 caro
1481 3144 1682 3214 factum
1712 3152 1807 3198 est.
1837 3140 1892 3197 Si
1922 3141 2119 3211 itaque,

2232 563 2318 608 tus
2355 563 2439 610 est
2485 554 2537 610 in
2591 555 2824 613 caelum.
2867 556 2932 612 Et
2970 573 3134 629 super
3177 558 3314 614 haec
3341 560 3520 616 omnia
3551 559 3821 618 altissimo

2229 648 2429 703 mentis
2455 649 2700 704 contuitu
2729 652 3127 721 contemplatus
3155 667 3214 708 es
3238 652 3388 718 illud,
3413 653 3532 708 dico
3553 654 3818 723 Verbum,

2230 740 2283 796 in
2307 741 2572 814 principio
2600 758 2698 798 suo
2725 746 2866 815 apud
2898 744 3116 800 Patrem
3147 761 3328 811 suum,
3378 747 3467 802 ubi
3495 747 3673 804 vidisti
3711 747 3822 819 glo-

2231 832 2367 888 riam
2397 831 2513 900 ejus
2535 835 2689 906 quasi
2722 835 2984 906 unigeniti
3007 851 3036 891 a
3062 835 3243 892 Patre.
3289 834 3509 894 Plenum
3541 843 3753 910 gratiae
3775 849 3822 894 et

2228 926 2482 980 ueritatis.
2531 926 2736 998 Duplex
2785 927 2946 999 hujus
2967 927 3175 1000 periodi
3229 928 3532 987 intellectus
3573 940 3674 986 est.
3723 929 3822 986 Po-

2231 1017 2503 1072 testenim
2553 1018 2618 1073 de
2667 1019 3038 1084 humanitate,
3090 1035 3155 1076 ac
3217 1020 3497 1077 divinitate
3547 1021 3823 1079 incarnati

2232 1109 2394 1165 Verbi
2437 1109 2633 1180 accipi,
2681 1111 2756 1166 ita
2801 1121 2862 1166 ut
2899 1111 3180 1183 plenitudo
3219 1113 3430 1184 gratiae
3458 1114 3733 1170 referatur
3759 1113 3824 1172 ad

2228 1201 2645 1270 humanitatem,
2687 1203 2968 1275 plenitudo
3005 1221 3137 1262 vero
3171 1206 3422 1262 veritatis
3462 1208 3527 1262 ad
3561 1207 3822 1264 divinita-

2229 1305 2362 1351 tem.
2415 1296 2649 1353 Verhum
2699 1297 2898 1368 quippe
2948 1297 3290 1354 incarnatum
3331 1298 3590 1354 Dominus
3632 1309 3828 1356 noster

2228 1389 2389 1446 Jesus
2429 1389 2680 1446 Christus
2719 1389 3109 1460 plenitudinem
3147 1391 3354 1462 gratiae
3387 1391 3686 1446 secundum
3722 1391 3824 1446 bu-

2229 1480 2547 1538 manitatem
2584 1480 2816 1552 accepit,
2843 1480 3100 1552 quoniam
3131 1490 3297 1552 caput
3327 1481 3599 1537 Ecclesiae
3631 1491 3748 1547 est,
3773 1491 3826 1537 et

2227 1558 2626 1646 primogen'itus
2673 1572 2965 1628 universae
3011 1582 3318 1639 creaturae,
3365 1573 3469 1630 hoc
3504 1583 3606 1638 est,
3649 1574 3826 1630 totius

2231 1664 2611 1721 universaliter
2633 1664 3008 1729 humanitatis,
3037 1681 3178 1737 quae
3210 1665 3266 1722 in
3298 1665 3416 1737 ipso
3441 1675 3494 1720 et
3523 1681 3620 1738 per
3640 1667 3826 1738 ipsum

2229 1768 2416 1814 sanata
2463 1767 2520 1813 et
2574 1756 2880 1814 restdurata
2921 1767 3027 1815 est.
3078 1760 3134 1815 In
3183 1760 3303 1832 ipso
3347 1760 3468 1816 dico
3495 1801 3510 1828 ,
3554 1762 3823 1832 quoniam

2229 1850 2528 1907 maximum
2577 1859 2633 1905 et
2683 1851 2980 1922 principale
3029 1852 3337 1923 exemplum
3384 1852 3623 1925 gratiae,
3674 1866 3824 1923 qua,

2230 1945 2392 2000 nullis
2417 1943 2867 2015 praecedentibus
2907 1945 3140 2010 meritis,
3182 1945 3344 2000 homo
3387 1943 3616 2000 efﬁcitur
3649 1943 3824 2014 Deus,

2231 2037 2346 2106 ipse
2373 2047 2477 2105 est,
2507 2047 2564 2094 et
2592 2039 2645 2094 in
2672 2039 2792 2110 ipso
2814 2039 3242 2109 primordialiter
3273 2039 3679 2094 manifestatum
3714 2046 3820 2096 est.

2231 2128 2334 2185 Per
2369 2131 2544 2200 ipsum
2597 2146 2748 2198 vero,
2793 2131 3052 2202 quoniam
3093 2131 3160 2186 de
3199 2129 3530 2201 plenitudine
3573 2128 3696 2198 ejus
3727 2144 3825 2186 nos

2228 2236 2422 2278 omnes
2460 2222 2772 2292 accepimus
2797 2222 3028 2294 gratiam
3057 2221 3433 2289 deiﬁcationis,
3466 2236 3563 2293 per
3589 2222 3823 2292 gratiam

2231 2313 2377 2378 ﬁdei,
2406 2329 2512 2383 qua
2556 2315 2608 2368 in
2653 2329 2778 2369 eum
2819 2315 3116 2379 credimus,
3153 2322 3208 2368 et
3237 2313 3488 2380 actionis,
3518 2326 3632 2384 qua
3664 2328 3824 2367 man-

2230 2407 2352 2462 data
2383 2407 2502 2477 ejus
2536 2407 2896 2464 custodimus.
2945 2405 3133 2462 Potest
3174 2405 3339 2461 etiam
3383 2404 3666 2475 plenitudo
3683 2394 3824 2476 ἐι-ε-

2230 2499 2339 2554 tiae
2364 2499 2565 2554 Christi
2595 2499 2660 2553 de
2687 2497 2893 2568 Spiritu
2922 2505 3112 2554 sancto
3135 2496 3378 2566 intelligi.
3411 2495 3648 2552 Sanctus
3674 2511 3824 2550 nam-

2229 2604 2338 2661 que
2381 2587 2640 2661 Spiritus,
2697 2588 2788 2658 qui
2837 2587 3157 2644 distributor
3195 2595 3252 2642 et
3276 2595 3530 2658 operator
3567 2587 3821 2643 donatio-

2230 2698 2360 2737 num
2403 2681 2633 2751 gratiae,
2676 2680 2850 2752 gratia
2881 2679 3018 2736 solet
3045 2679 3326 2750 appellari.
3373 2677 3541 2747 Cujus
3568 2677 3823 2749 ,Spiritus

2228 2773 2560 2846 septiformis
2590 2772 2834 2844 operatio
2875 2769 3268 2827 humanitatem
3302 2768 3507 2826 Christi
3547 2769 3818 2840 implevit.

2228 2877 2284 2924 et
2309 2868 2363 2923 in
2391 2881 2458 2923 eo
2490 2865 2780 2936 requievit,
2809 2863 2952 2921 sicut
2981 2865 3059 2920 ait
3086 2863 3350 2934 propheta
3380 2880 3396 2917 :
3435 2880 3452 2912 ι
3477 2861 3548 2918 Ει
3573 2862 3813 2933 requies-

2228 2967 2506 3030 cetsuper
2535 2973 2658 3014 cum
2690 2957 2915 3028 spiritus
2959 2955 3197 3020 Domini,
3243 2954 3468 3025 spiritus
3513 2952 3822 3024 sapientiae

2227 3061 2282 3108 et
2309 3051 2640 3118 intellectus,
2670 3050 2905 3121 spiritus
2945 3048 3158 3105 consilii
3185 3057 3241 3104 et
3272 3046 3627 3113 fortitudinis,
3657 3047 3825 3119 spirio

2229 3153 2318 3200 tus
2345 3142 2609 3200 scientiae
2636 3154 2691 3198 ει
2717 3141 2958 3213 pietatis,
2989 3148 3042 3196 et
3075 3138 3301 3210 replebit
3328 3154 3452 3195 eum
3482 3137 3716 3208 spiritus
3757 3137 3825 3194 ti-

531 3239 678 3308 quod
716 3237 836 3308 plus
870 3245 974 3302 est,
1012 3235 1203 3306 procul
1225 3234 1390 3290 dubio
1415 3233 1738 3304 praecessit,
1767 3247 1866 3288 cur
1887 3231 2124 3288 incredi-
2149 3220 2196 3285 C
2226 3238 2396 3295 moris
2426 3236 2642 3292 Domini
2665 3255 2709 3290 ι.
2748 3234 2807 3291 Si
2835 3249 2967 3306 ergo
3009 3233 3076 3290 de
3126 3233 3344 3290 Christo
3389 3248 3485 3304 per
3529 3248 3592 3288 se
3641 3233 3820 3302 ipsum

528 3328 640 3388 bile
663 3328 896 3394 videtur,
945 3328 1090 3398 quod
1140 3327 1320 3382 minus
1365 3334 1471 3391 est,
1518 3339 1680 3394 posse
1726 3325 2023 3396 consequi?
2059 3323 2118 3380 Si
2220 3332 2306 3387 vis
2345 3331 2622 3401 accipere,
2674 3329 2820 3400 quod
2868 3329 3077 3386 dictum
3108 3337 3195 3384 est
3230 3327 3442 3400 plenum
3483 3328 3713 3399 gratiae,
3755 3328 3822 3383 de

529 3416 700 3476 Filius
728 3419 822 3474 Dei
851 3418 1028 3473 factus
1057 3425 1140 3473 est
1165 3417 1351 3483 homo,
1395 3417 1539 3488 quod
1585 3431 1746 3472 nemo
1785 3430 1996 3483 eorum,
2025 3415 2118 3487 qui

2225 3423 2564 3496 plenitudine
2604 3420 2968 3479 deiﬁcationis
3007 3421 3124 3492 ejus
3147 3431 3206 3476 et
3232 3419 3689 3476 sanctiﬁcationis
3738 3434 3823 3476 se-

528 3521 656 3565 eum
702 3508 991 3578 recipiunt,
1039 3505 1289 3577 ambigit,
1321 3505 1449 3577 quid
1479 3505 1698 3571 mirum,
1731 3505 1777 3562 si
1817 3506 1977 3562 homo
2001 3521 2121 3561 cre-

527 3601 665 3657 dens
705 3602 760 3656 in
797 3599 992 3656 Filium
1031 3599 1126 3656 Dei
1166 3599 1308 3655 ﬁlius
1350 3599 1442 3654 Dei
1487 3597 1699 3654 futurus
1751 3599 1856 3654 sit?
1891 3598 1970 3652 Ad
2013 3599 2118 3655 hoc

526 3693 796 3764 siquidem
839 3691 1074 3748 Verbum
1111 3691 1163 3746 in
1192 3705 1413 3746 carnem
1443 3689 1741 3755 descendit,
1773 3699 1832 3744 ut
1859 3690 1911 3744 in
1941 3690 2116 3761 ipsum

528 3805 678 3856 caro,
724 3791 778 3846 id
813 3799 921 3855 est,
951 3789 1114 3844 homo
1136 3787 1364 3844 credens
1392 3801 1489 3858 per
1518 3801 1737 3841 carnem
1778 3787 1833 3842 in
1881 3786 2116 3842 Verbum

527 3880 810 3947 ascendat,
833 3889 890 3933 ut
921 3894 1018 3950 per
1043 3877 1343 3934 naturalem
1369 3875 1563 3932 Filium
1597 3877 1932 3948 unigenitum
1961 3877 2114 3931 multi

529 3971 626 4028 ﬁlii
672 3971 976 4027 eﬁiciantur
1021 3969 1278 4042 adoptivi.
1323 3969 1442 4024 Non
1473 3978 1693 4041 propter
1723 3969 1955 4040 seipsum
1985 3969 2118 4024 Ver-

527 4065 658 4120 bum
681 4079 808 4119 caro
834 4063 1034 4120 factum
1059 4073 1159 4126 est,
1195 4064 1289 4119 sed
1325 4073 1545 4135 propter
1585 4079 1706 4129 nos,
1752 4065 1844 4135 qui
1886 4079 1988 4120 non
2014 4065 2117 4120 nisi

528 4169 628 4224 per
670 4153 832 4210 Verbi
873 4169 1099 4209 carnem
1138 4155 1506 4223 potuissemus
1547 4155 1599 4209 in
1641 4153 1733 4209 Dei
1769 4155 1907 4210 ﬁlios
1935 4164 2116 4210 trans-

531 4246 761 4311 mutari;
807 4245 953 4301 solus
999 4245 1301 4310 descendit,
1348 4261 1470 4301 cum
1514 4246 1698 4301 multis
1747 4247 2019 4312 ascendit;
2049 4247 2117 4302 de

504 4338 838 4394 'hominihus
889 4337 1019 4392 facit
1059 4337 1212 4401 deos,
1259 4337 1350 4406 qui
1392 4338 1458 4393 de
1506 4338 1616 4392 Deo
1656 4337 1784 4394 fecit
1818 4340 2113 4395 hominem.

528 4427 600 4483 Et
637 4429 888 4482 lmbitavit
919 4430 973 4483 in
1004 4429 1172 4494 nobis,
1209 4429 1313 4485 hoc
1342 4437 1427 4486 est
1455 4440 1703 4486 naturam
1731 4441 1972 4488 nostram
1997 4448 2119 4504 pos-

503 4519 693 4585 ‘sedit,
744 4528 804 4573 ut
847 4533 977 4575 suae
1022 4529 1252 4575 naturae
1290 4535 1389 4576 nos
1427 4522 1722 4594 participes
1767 4523 1992 4580 faceret.
2042 4523 2110 4579 Et

2220 3513 2458 3572 cundum
2487 3513 2886 3568 humanitatem
2917 3526 3210 3584 cognosce.
3237 3509 3607 3567 Deiﬁcationis
3631 3517 3818 3566 autem

2223 3606 2366 3670 dico,
2399 3621 2506 3675 qua
2537 3605 2700 3660 homo
2726 3612 2783 3660 et
2811 3603 2958 3660 Deus
2990 3604 3044 3658 in
3071 3603 3336 3658 unitatem
3373 3601 3533 3657 unius
3559 3601 3822 3658 substan-

2222 3697 2332 3752 tiae
2382 3697 2602 3752 adunati
2635 3704 2791 3763 sunt;
2843 3695 3295 3752 sanctiﬁcationis
3340 3709 3494 3760 vero,
3543 3709 3653 3764 qua
3707 3708 3818 3750 non

2221 3791 2395 3846 solum
2437 3790 2503 3846 de
2547 3788 2755 3860 Spiritu
2803 3798 2995 3846 sancto
3037 3795 3364 3859 conceptus,
3412 3801 3603 3842 verum
3645 3787 3817 3842 etiam

2221 3883 2558 3954 plenitudine
2588 3881 2940 3938 donationum
2971 3880 3090 3953 ejus
3125 3880 3370 3953 repletus
3398 3889 3516 3942 est;
3552 3895 3620 3936 ac
3643 3880 3820 3937 veluti

2223 3976 2276 4032 in
2305 3974 2618 4032 summitate
2648 3973 2862 4047 mystici
2887 3974 3151 4030 ecclesiae
3179 3973 3492 4030 candelabri
3513 3974 3814 4046 gratiarum

2221 4065 2499 4138 lampades
2526 4065 2578 4120 in
2608 4065 2725 4136 ipso
2746 4073 2802 4120 et
2823 4064 2892 4120 de
2921 4064 3040 4135 ipso
3071 4063 3292 4120 fulsere.
3333 4062 3391 4119 Si
3415 4078 3544 4118 vero
3579 4063 3814 4134 plenitu-

2222 4159 2404 4213 dinem
2445 4158 2657 4230 gratiae
2701 4166 2757 4212 et
2799 4157 3049 4212 veritatis
3081 4156 3353 4212 incarnati
3383 4156 3542 4212 Verbi
3567 4156 3638 4211 de
3663 4155 3814 4212 Novo

2223 4251 2576 4308 Testamento
2621 4252 2794 4307 mavis
2837 4251 3162 4321 intelligere,
3193 4250 3272 4306 sic
3305 4249 3446 4305 idem
3474 4250 3815 4322 evangelista

2219 4344 2382 4417 paulo
2421 4353 2544 4416 post
2585 4344 2802 4400 videtur
2847 4343 3106 4399 sensisse.
3149 4343 3241 4398 Ait
3285 4341 3474 4398 enim:
3508 4340 3665 4396 «Lex
3715 4357 3814 4412 per

2220 4437 2440 4509 Moysen
2467 4439 2589 4492 data
2623 4445 2739 4504 est;
2767 4437 2943 4507 gratia
2968 4443 3154 4491 autem
3183 4443 3240 4490 et
3265 4433 3474 4490 veritas
3497 4447 3598 4504 per
3624 4431 3814 4490 Iesum

2219 4528 2498 4586 Christum
2526 4529 2670 4586 facta
2708 4537 2794 4586 est
2821 4549 2868 4584 ι.
2906 4527 3023 4585 Non
3063 4529 3359 4601 incongrue
3403 4526 3809 4599 pronuntiahis.

527 4613 750 4680 viduatus
773 4611 995 4683 gloriam
1015 4613 1154 4684 ejus,
1176 4613 1399 4684 gloriam
1419 4615 1573 4685 quasi
1593 4617 1849 4688 unigeniti
1873 4635 1905 4672 a
1930 4615 2112 4672 Patre.
2143 4602 2196 4664 Ῑ)
2221 4620 2609 4693 plenitudinem
2635 4621 2844 4693 gratiae
2876 4618 3011 4676 Novi
3043 4619 3378 4677 Testamenti
3406 4634 3505 4691 per
3524 4619 3810 4676 Christum

533 4702 632 4760 Uhi
660 4703 879 4770 vidisti,
933 4719 966 4760 ο
1022 4704 1179 4760 beate
1227 4705 1514 4778 theologe,
1571 4707 1800 4778 gloriam
1852 4707 2118 4764 incarnati

527 4795 720 4862 Verbi,
749 4794 974 4866 gloriam
1011 4795 1292 4850 humanati
1334 4794 1452 4850 Filii
1482 4795 1612 4851 Dei?
1647 4797 1876 4864 Quando
1901 4798 2120 4855 vidisti?

526 4885 788 4953 Qualibus
809 4885 979 4941 oculis
999 4887 1359 4957 perspexisti?
1381 4888 1786 4959 Corporalihus,
1819 4898 1880 4945 ut
1900 4891 2115 4962 opinor,

527 4978 582 5032 in
631 4985 814 5033 monte
852 4975 1318 5034 lranformationis
1353 4987 1612 5050 tempore.
1648 4979 1799 5037 Tunc
1826 4981 1970 5036 enim
2009 4990 2118 5038 ler-

503 5071 636 5125 ‘tius
682 5069 878 5125 aderas
929 5069 1082 5124 testis
1125 5069 1339 5126 divinae
1385 5069 1809 5141 gloriﬁcationis.
1848 5070 2114 5128 Praesens

493 5174 674 5228 'eras,
722 5170 782 5216 ut
828 5160 1103 5227 existimo,
1151 5161 1208 5216 in
1255 5160 1580 5230 Jerusalem,
1615 5172 1670 5218 et
1694 5163 1892 5220 audisti
1923 5177 2110 5219 vocem

497 5251 710 5322 Patris
759 5250 957 5308 Filium
1011 5251 1367 5309 clariﬁcantis
1415 5253 1728 5310 dicentem:
1765 5253 2111 5310 «Clariﬁcavi

494 5349 581 5395 ἐι
627 5340 825 5398 iterum
872 5339 1254 5398 elariﬁcabo».
1300 5341 1514 5398 Audisti
1561 5351 1770 5398 turmas
1818 5343 2109 5399 infantium

491 5441 496 5444 '
521 5431 973 5503 proclamantium
999 5449 1015 5488 :
1047 5432 1330 5489 «Hosanna
1358 5433 1468 5490 ﬁlio
1495 5435 1723 5492 David».
1758 5434 1896 5504 Quid
1925 5436 2106 5494 dicam

491 5520 594 5580 δάε
631 5524 807 5598 gloria
845 5525 1302 5584 resurrectionis?
1337 5526 1532 5583 Vidisti
1564 5541 1688 5583 eum
1732 5537 2106 5600 resurgentem

523 5630 556 5668 a
603 5615 854 5683 mortuis,
898 5614 1028 5671 dum
1067 5616 1138 5672 ad
1183 5624 1237 5671 te
1282 5625 1600 5688 ceterosque
1627 5627 1750 5676 tuos
1774 5620 2116 5692 condiscipu-

519 5704 604 5762 los
659 5705 858 5766 clausis
901 5706 1083 5785 januis
1144 5709 1384 5776 intravit.
1450 5711 1645 5769 Vidisti
1699 5711 1932 5782 gloriam
1993 5713 2137 5785 ejus‘

2219 4729 2341 4770 esse
2392 4714 2671 4779 donatam,
2711 4722 2766 4768 et
2802 4713 3057 4784 legalium
3105 4711 3476 4785 symbolorum
3517 4713 3812 4769 veritatem

2222 4807 2278 4863 in
2308 4807 2426 4877 ipso
2460 4822 2582 4862 esse
2619 4805 2911 4877 implexatn
2939 4823 2954 4873 ;
3001 4806 3082 4862 sic
3108 4805 3186 4860 ait
3211 4804 3540 4875 Apostolus:
3573 4823 3593 4856 ι
3613 4805 3675 4861 In
3701 4819 3812 4878 quo

2221 4899 2432 4956 habitat
2461 4899 2734 4969 plenitudo
2765 4898 3068 4955 divinitatis
3095 4897 3455 4969 corporaliter
3481 4913 3539 4964 »ς
3568 4897 3809 4969 plenitu-

2219 4991 2402 5047 dinem
2449 4989 2702 5046 videlicet
2745 4989 3042 5046 divinitatis
3089 4990 3348 5062 mysticos
3390 4989 3644 5061 legalium
3691 5007 3812 5048 um-

2217 5082 2438 5138 brarum
2463 5081 2770 5139 intellectus
2792 5081 3092 5154 appellans,
3120 5098 3258 5154 quos
3279 5081 3532 5139 Christus
3558 5082 3614 5138 in
3640 5099 3810 5141 carne

2215 5175 2442 5232 veniens
2486 5175 2539 5231 in
2571 5191 2630 5232 se
2662 5175 2778 5248 ipso
2807 5176 3191 5248 corporaliter,
3236 5176 3343 5232 hoc
3387 5184 3494 5243 est,
3538 5176 3812 5234 veraciter

2215 5267 2495 5322 habitasse
2515 5274 2572 5322 et
2595 5267 2780 5322 docuit
2798 5275 2854 5322 et
2877 5265 3267 5332 manifestavit,
3293 5265 3551 5338 quoniam
3581 5267 3701 5339 ipse
3724 5274 3811 5323 est

2213 5358 2337 5414 fons
2383 5367 2439 5414 et
2480 5358 2758 5429 plenitudo
2803 5359 3125 5432 gratiarum,
3182 5357 3386 5415 veritas
3429 5357 3808 5435 symbolorum

2213 5448 2502 5523 legalium,
2549 5449 2674 5507 ﬁnis
2716 5450 3115 5522 prophetalium
3153 5449 3448 5518 visionum,
3495 5448 3583 5505 cui
3629 5448 3808 5522 gloria

2214 5560 2337 5602 cum
2363 5544 2528 5600 Patre
2564 5553 2623 5600 et
2662 5554 2852 5603 sancto
2888 5545 3095 5622 Spiritu
3123 5558 3220 5616 per
3263 5542 3448 5600 omnia
3491 5542 3676 5602 secula
3720 5557 3809 5600 se-

2214 5635 2484 5694 culorum.
2517 5636 2710 5692 Amen.
