3984 5528
193 389 309 449 997

1259 401 1614 460 COMMENT.
1656 404 1723 461 IN
1763 405 2016 463 EVANG.
2061 406 2208 465 SEC.
2248 407 2441 464 JOAN.

200 518 3423 567 Ἦ

1133 657 1934 790 ιῒΟΔΝΠῙΒ
2007 676 2524 795 SGO'I‘I

1431 902 1557 983 C0
1576 905 1640 980 Μ
1654 901 2117 984 ΜΕΝΤΑΒΙ
2130 903 2258 984 US

307 1093 461 1211 IN
549 1094 668 1213 S.
766 1097 1693 1220 EVANGELIUM
1780 1102 2553 1228 SECUNDUM
2633 1104 3338 1226 JOANNEM.

189 1310 433 1394 11⁸03ρλ
451 1317 678 1394 938.1.
704 1318 825 1394 bibl.
863 1319 1236 1394 Laudunensis,‘
1272 1324 1565 1394 mem-bram,
1599 1337 1703 1375 sec.
1729 1338 1807 1394 rx,
1826 1323 1906 1389 ιος
1936 1326 2120 1394 primus
2144 1324 2272 1394 edid.
2308 1326 2371 1377 Ii.
2400 1325 2549 1394 F_élix
2578 1327 3083 1394 l_t3_vaissoninllbro,
3108 1331 3470 1394 quiiuscnbltn

270 1376 535 1445 δίκαιος-ε
556 1380 757 1445 generat
787 1383 876 1435 ἀει
897 1386 1183 1437 monuerit:
1203 1376 1289 1437 de:
1312 1376 1650 1450 bibliothequer
1671 1376 1925 1452 pubt'tqués
1938 1376 2027 1439 2m
2049 1376 2411 1451 dtpartementr
2424 1376 2564 1440 Tolli.
2587 1389 2604 1440 l
2633 1376 2799 1442 paris;
2815 1376 3140 1457 ξειςζῑοῖρῖ
3148 1376 3381 1460 Βοῖεἷιξίζ

580 1631 1302 1701 FBAGMENTUM
1346 1640 1395 1701 Ι.

783 1722 914 1780 CAP.
937 1723 979 1791 1,
1018 1726 1189 1783 Ηο29

260 1903 328 1961 In
362 1906 580 1977 propria
624 1923 745 1978 ergo
769 1908 905 1963 venit
925 1950 941 1975 ,
973 1910 1076 1966 hoc
1105 1920 1207 1978 est,
1241 1912 1294 1968 in
1326 1912 1559 1970 humana
1588 1927 1779 1973 natura

182 1998 509 2056 incarnatus
546 2009 649 2057 est.
692 1999 761 2056 Et
791 2004 873 2057 sui
911 2020 1028 2058 eum
1061 2021 1166 2060 non
1198 2018 1517 2077 receperunt.
1558 2008 1671 2065 lloc
1698 2011 1779 2065 di-

178 2099 336 2148 ctum
361 2102 446 2148 est
469 2092 537 2147 de
566 2091 788 2163 perﬁdis
816 2091 1035 2150 Judaeis
1069 2106 1126 2151 et
1175 2098 1425 2154 omnibus
1450 2101 1652 2171 impiis,
1685 2102 1778 2174 qui

181 2181 480 2238 noluerunt
519 2184 616 2239 Dei
644 2181 880 2240 Verbum
928 2188 1192 2258 recipere,
1229 2189 1330 2245 hoc
1370 2199 1474 2256 est,
1520 2208 1697 2264 neque
1724 2194 1777 2249 in

179 2287 312 2328 eum
359 2276 615 2341 credere,
648 2292 823 2347 neque
867 2293 991 2334 eum
1034 2279 1332 2353 intelligere
1377 2284 1678 2341 voluerunt.
1713 2287 1779 2343 Et

180 2378 258 2420 ne
282 2366 403 2435 quis
427 2375 660 2437 putaret,
688 2382 878 2424 omnes
908 2369 1157 2429 homines
1177 2388 1301 2428 eum
1330 2390 1435 2430 non
1467 2378 1739 2448 recepisse
1759 2419 1777 2446 ,

179 2472 315 2512 nam
363 2460 432 2514 ab
473 2460 630 2515 initio
674 2462 859 2517 mundi
910 2463 1113 2519 nullum
1146 2474 1358 2537 tempus
1402 2478 1539 2534 erat,
1575 2470 1627 2525 iu
1670 2487 1779 2541 quo

178 2558 501 2620 receptores
568 2551 737 2608 divini
809 2551 979 2612 Verbi
1031 2572 1137 2614 non
1215 2569 1431 2630 essent,
1493 2574 1777 2636 propterea

180 2644 395 2700 addidit
428 2663 441 2699 :

262 2730 525 2807 Quotquot
561 2747 738 2793 autem
780 2752 1082 2814 receperunt
1104 2760 1244 2810 eum,
1271 2745 1375 2802 hoc
1403 2756 1503 2812 est,
1533 2749 1779 2819 quicum-

176 2841 294 2899 que
328 2829 675 2886 crediderunt
713 2832 766 2886 in
797 2848 953 2900 eum,
1001 2835 1145 2891 dedit
1191 2838 1264 2892 eis
1309 2848 1611 2908 potestatem
1639 2841 1779 2911 ﬁlios

177 2919 289 2974 Dei
328 2920 463 2991 ﬁeri.
494 2920 613 2977 Non
647 2923 823 2979 dixit:
860 2926 1009 2981 dedit
1050 2928 1131 2984 eis
1173 2937 1495 2999 potestatem
1538 2934 1775 3002 salvari,

181 3026 286 3069 aut
309 3014 364 3069 in
392 3015 684 3085 pristinum
716 3028 915 3074 statum
947 3030 1003 3077 et
1028 3022 1341 3092 dignitatem
1383 3026 1649 3082 humanae
1676 3044 1772 3082 na-
1805 3003 1851 3063 Β

181 3112 343 3160 turae
377 3105 522 3162 dedit
547 3109 629 3163 eis
656 3118 978 3180 potestatem
1010 3115 1289 3181 redeundi,
1317 3118 1432 3183 sed,
1467 3120 1609 3189 quod
1641 3120 1777 3175 inef-

181 3196 353 3253 fabile
380 3208 482 3266 est,
512 3209 565 3255 et
590 3203 737 3256 omni
763 3212 986 3259 naturae
1011 3220 1108 3277 per
1130 3222 1188 3261 se
1224 3209 1393 3278 ipsam
1427 3210 1774 3280 impossibile,

184 3293 339 3347 dedit
379 3293 459 3349 eis
501 3310 599 3365 per
630 3297 1014 3355 sublimitatem
1066 3316 1196 3358 suae
1240 3306 1448 3375 gratiae
1499 3307 1638 3364 ﬁlios
1681 3311 1777 3365 Dei

183 3379 329 3436 ﬁeri.
362 3380 465 3438 His
499 3385 591 3455 qui
617 3387 832 3443 credunt
876 3391 934 3444 in
978 3392 1185 3447 nomine
1223 3394 1358 3464 ejus,
1407 3396 1510 3453 hoc
1539 3408 1639 3464 est,
1670 3400 1775 3467 his,

183 3470 280 3561 qui
328 3474 588 3541 credunt,
627 3478 875 3534 notitiam
913 3480 1031 3552 ejus
1080 3482 1097 3514 ι
1129 3492 1185 3537 ει
1229 3484 1635 3559 intelligentiam
1681 3506 1780 3561 per

184 3558 353 3614 ﬁdem
384 3561 438 3616 in
470 3563 573 3620 hac
612 3565 741 3633 vita,
793 3575 850 3624 et
891 3582 988 3642 per
1033 3571 1267 3641 speciem
1298 3572 1354 3630 in
1386 3558 1555 3633 altera
1593 3593 1652 3640 se
1681 3558 1779 3636 re-

183 3660 463 3722 cepturos.

263 3745 369 3813 Qui
400 3765 503 3806 non
525 3768 593 3806 ea:
612 3755 975 3825 sanguinibus,
1002 3756 1107 3815 hoc
1134 3768 1239 3827 est,
1267 3762 1359 3831 qui
1383 3778 1489 3819 non
1519 3778 1586 3820 ex
1615 3765 1778 3822 semi-

186 3837 379 3906 nibus;
408 3858 572 3914 neque
599 3861 665 3900 ex
698 3846 963 3904 voluntate
1004 3852 1200 3918 carnis,
1228 3853 1332 3909 hoc
1374 3864 1476 3921 est,
1508 3872 1684 3929 neque
1709 3873 1777 3913 ex

187 3947 326 3988 sexu
360 3934 621 4007 femineo;
652 3955 780 3997 caro
824 3945 1018 4016 quippe
1066 3945 1357 4004 femineum
1401 3966 1588 4007 sexum
1618 3969 1779 4026 saepe

1808 1642 1865 1706 Α
1887 1639 2123 1705 mireris,
2148 1653 2394 1705 carnem,
2422 1639 2474 1694 id
2496 1648 2579 1695 est
2600 1640 2878 1698 mortalem
2900 1642 3198 1708 hominem,
3227 1643 3279 1698 in
3302 1642 3472 1700 ﬁlium

1880 1731 1973 1787 Dei
2005 1746 2163 1801 posse
2187 1731 2419 1787 transire
2443 1745 2540 1801 per
2558 1732 2809 1803 gratiam,
2829 1749 2951 1789 cum
2980 1732 3205 1804 majoris
3227 1735 3473 1791 miraculi

1879 1824 1948 1879 sit
1964 1823 2197 1879 Verbum
2225 1841 2352 1881 caro
2366 1824 2586 1881 factum.
2605 1825 2739 1881 Nam
2756 1828 2821 1892 si,
2840 1829 2981 1898 quod
3004 1828 3251 1899 superius
3279 1838 3380 1895 est,
3399 1829 3470 1886 ad

1880 1915 2104 1970 inferius
2136 1917 2429 1983 descendit,
2456 1918 2584 1988 quid
2612 1918 2912 1985 mirum,si,
2945 1919 3085 1990 quod
3114 1920 3341 1977 inferius
3362 1928 3467 1987 est,

1878 2009 1933 2063 in
1958 2010 2030 2073 id,
2056 2012 2197 2081 quod
2226 2012 2493 2082 superius,
2532 2013 2825 2083 superioris
2854 2014 3023 2085 gratia
3052 2023 3243 2085 agente
3280 2030 3469 2071 ascen-

1879 2099 1991 2165 dat,
2021 2103 2336 2170 praesertim
2364 2116 2485 2157 cum
2516 2103 2583 2157 ad
2611 2103 2713 2158 hoc
2750 2102 2973 2158 Verbum
3001 2121 3123 2159 caro
3150 2105 3347 2175 {actum
3376 2107 3467 2173 sit,

1878 2208 1939 2253 ut
1959 2199 2121 2255 homo
2157 2198 2298 2253 ﬁlius
2322 2198 2414 2254 Dei
2445 2199 2628 2255 ﬁeret!
2657 2198 2949 2254 Descendit
2973 2199 3114 2254 enim
3150 2198 3381 2255 Verbum
3411 2200 3469 2255 in

1880 2290 2173 2356 hominem,
2204 2300 2264 2346 ut
2297 2306 2393 2362 per
2418 2290 2593 2361 ipsum
2637 2290 2953 2347 ascenderet
2996 2291 3156 2346 homo
3196 2291 3248 2345 in
3276 2290 3464 2347 Deum.

1880 2382 2033 2439 Sicut
2074 2385 2217 2440 enim
2268 2384 2539 2440 dicimus:
2577 2382 2807 2439 Verbum
2854 2399 2983 2439 caro
3025 2384 3223 2439 factum
3252 2395 3365 2450 est,
3395 2386 3470 2442 ita

1878 2490 2163 2551 possumus
2187 2476 2367 2531 dicere
2393 2490 2407 2529 :
2441 2484 2495 2533 et
2517 2491 2644 2531 caro
2675 2473 2909 2531 Verbum
2945 2476 3083 2532 facta
3110 2486 3212 2532 est.
3241 2475 3309 2531 Et
3345 2476 3471 2531 Ver-

1880 2567 1999 2620 bum
2026 2583 2148 2621 caro
2178 2567 2373 2636 factum
2400 2576 2494 2631 est,
2526 2567 2660 2622 haec
2696 2566 3004 2638 evangelica
3037 2569 3307 2623 sententia
3336 2583 3469 2638 pro-

1880 2655 2181 2727 loquiorum
2214 2672 2364 2712 more
2401 2658 2652 2712 recurrit.
2684 2656 2750 2711 Et
2783 2658 3034 2712 habitavit
3066 2659 3121 2712 in
3153 2658 3322 2724 nobis,
3365 2658 3470 2715 hoc

1880 2760 1984 2816 est,
2031 2760 2405 2806 conversatum
2452 2756 2539 2805 est
2581 2748 2725 2804 inter
2762 2764 2860 2804 uos
2897 2749 3178 2815 homines;
3228 2748 3468 2804 Verbum

1880 2843 2143 2899 habitavit
2174 2843 2226 2898 in
2256 2843 2429 2907 nobis,
2463 2843 2564 2897 hoc
2587 2850 2692 2906 est,
2727 2851 2977 2896 naturam
3007 2852 3250 2897 nostram
3279 2857 3470 2911 posse-

1881 2937 1980 2991 dit.
2015 2937 2081 2991 Et
2110 2937 2335 2991 vidimus
2359 2936 2579 3007 gloriam
2602 2935 2747 3005 ejus;
2778 2950 2876 2989 nos
2898 2933 3173 3000 videlicet,
3200 2949 3336 3004 quos
3358 2932 3470 2990 ele-

1878 3031 1957 3101 git
1985 3032 2051 3083 de
2090 3030 2309 3093 mundo,
2342 3028 2572 3081 vidimus
2603 3026 2828 3095 gloriam
2860 3024 2975 3094 ejus
3018 3027 3070 3080 in
3098 3023 3449 3081 manifestissi

1878 3120 1983 3175 mis
2001 3119 2299 3184 miraculis,
2317 3118 2369 3172 in
2394 3118 2867 3187 transﬁguratione
2895 3117 2948 3171 in
2972 3124 3156 3171 monte
3178 3114 3470 3187 spirituali,

1880 3211 1933 3265 in
1961 3211 2209 3266 claritate
2254 3208 2707 3275 resurrectionis;
2752 3217 2808 3264 et
2856 3224 2963 3263 non
3003 3207 3165 3262 aliam
3215 3207 3465 3279 gloriam,

1878 3308 1971 3359 sed
1992 3304 2213 3375 gloriam
2235 3302 2488 3374 unigeniti
2509 3319 2539 3356 a
2566 3301 2745 3356 Patre.
2776 3299 3001 3357 Plenum
3025 3302 3247 3372 gratiae,
3268 3300 3469 3355 subau-

1878 3397 2027 3453 ditur
2056 3396 2309 3467 :plenum
2340 3394 2574 3450 vidimus
2598 3394 2807 3466 gratiae
2829 3393 3126 3450 secundum
3158 3392 3473 3448 humanita-

1878 3497 2008 3553 tem,
2034 3497 2081 3544 et
2112 3488 2339 3543 veritatis
2369 3487 2663 3543 secundum
2693 3486 2971 3542 deitatem.

1946 3576 2180 3633 Joannes
2209 3586 2431 3632 testatur
2458 3577 2523 3631 de
2568 3576 2702 3647 ipso,
2730 3574 2905 3633 Verbo
2933 3575 3224 3642 videlicet,
3252 3586 3302 3632 et
3353 3573 3471 3633 eta-

1876 3679 2009 3735 mat,
2034 3669 2116 3723 vel
2141 3668 2278 3723 sicut
2311 3668 2363 3722 in
2390 3666 2599 3723 Graeco
2626 3666 2825 3738 legitur
2850 3686 2863 3722 :
2892 3676 2940 3723 et
2968 3666 3213 3722 clamavit
3248 3666 3468 3724 dicens:

1880 3759 1985 3816 Hic
1998 3770 2106 3815 erat
2127 3776 2279 3831 quem
2300 3759 2432 3826 dixi,
2448 3759 2553 3821 vel,
2569 3758 2710 3814 sicut
2736 3759 2788 3814 in
2811 3757 3020 3815 Graeco
3038 3758 3272 3814 habetur
3286 3773 3302 3813 :
3315 3773 3469 3830 quem

1879 3853 2133 3920 dicebam,
2165 3855 2307 3924 quod
2336 3853 2504 3909 multo
2529 3852 2923 3925 significantius
2946 3863 3049 3909 est.
3075 3852 3211 3908 Nam
3234 3853 3279 3908 si
3314 3867 3471 3925 praev-

1879 3947 2098 4004 teritum
2120 3946 2442 4016 perfectum,
2464 3946 2609 4015 quod
2641 3954 2725 4001 est
2754 3945 2887 4011 dixi,
2912 3954 3159 4015 poneret,
3186 3953 3469 4015 peractum

186 4027 488 4096 signiﬁcat;
517 4049 682 4105 neque
710 4051 776 4090 ea:
808 4037 1074 4095 voluntate
1099 4042 1218 4107 viri,
1242 4043 1344 4098 hoc
1373 4052 1478 4111 est,
1513 4061 1686 4117 neque
1708 4063 1776 4104 ex
1872 4040 1985 4111 jam
2012 4039 2429 4111 praedicationis
2452 4040 2571 4110 ejus
2600 4039 2666 4094 de
2692 4038 2910 4095 Christo
2933 4055 3069 4109 Opus
3097 4037 3465 4109 signiﬁcaret;

188 4121 399 4177 semine
426 4125 584 4180 virili.
623 4126 810 4186 Potest
832 4132 995 4187 etiam
1033 4133 1113 4190 sic
1146 4135 1367 4207 intelligi
1396 4155 1559 4210 neque
1593 4156 1657 4196 ea:
1690 4158 1779 4196 vo-

186 4210 610 4283 luntate'carnis,
641 4228 702 4275 ut
721 4224 985 4292 expositio
1017 4227 1120 4291 sit,
1150 4229 1292 4297 quod
1321 4232 1584 4300 sequitur,
1614 4249 1778 4304 neque

186 4318 258 4361 ea
282 4306 549 4365 voluntate
577 4312 697 4367 viri.
731 4312 845 4369 Non
874 4318 1019 4371 enim
1056 4318 1270 4386 desunt,
1298 4321 1390 4391 qui
1434 4322 1779 4381 irrationabi-

185 4391 297 4453 lem
328 4406 551 4467 motum,
582 4417 690 4473 quo
718 4402 964 4463 homines
986 4410 1361 4479 concipiuntur
1393 4412 1443 4467 in
1468 4429 1653 4481 carne,
1677 4415 1777 4472 soli

188 4490 344 4543 carni
391 4492 713 4557 attribuunt.
757 4497 913 4566 quasi
938 4499 1073 4554 nihil
1105 4501 1173 4555 ad
1211 4502 1445 4556 animam
1487 4505 1776 4575 pertineat,

190 4577 317 4633 dum
362 4596 491 4638 caro
532 4585 650 4639 sine
695 4588 876 4643 anima
926 4590 1062 4646 nihil
1111 4591 1164 4646 in
1208 4592 1402 4650 talibus
1446 4594 1775 4664 praevaleat.

189 4667 423 4743 ideoque
458 4678 726 4746 sequitur,
780 4697 941 4752 neque
982 4700 1048 4738 ea:
1072 4682 1335 4740 voluntate
1367 4686 1495 4753 viri,
1526 4688 1630 4744 hoc
1671 4698 1773 4756 est,

188 4775 364 4857 neque
389 4778 463 4857 εξ
485 4766 766 4857 voluntate
793 4771 959 4828 totius
988 4772 1243 4831 hominis.
1295 4774 1469 4847 Saepe
1503 4779 1776 4850 sapientes

188 4848 291 4903 viri
316 4854 577 4910 vocabulo
605 4856 881 4915 hominem
913 4862 1087 4918 solent
1115 4864 1405 4936 appellare.
1441 4865 1547 4923 Sed
1565 4848 1640 4924 ea:
1665 4869 1777 4925 Deo

188 4943 302 5031 nati
331 4955 478 5013 sunt,
504 4962 604 5018 per
625 4950 857 5018 gratiam
896 4954 1145 5012 videlicet
1186 4957 1551 5026 baptismatis,
1584 4961 1637 5016 in
1666 4976 1777 5031 quo

188 5030 453 5105 incipiunt
479 5040 767 5096 credentes
795 5042 847 5097 in
890 5044 1163 5103 Christum
1208 5063 1275 5103 ex
1330 5048 1436 5103 Deo
1465 5051 1636 5107 nasci.
1669 5030 1778 5110 Sed

186 5136 259 5179 ne
285 5127 407 5195 quis
427 5128 765 5200 impossibile
789 5134 1145 5207 existimaret,
1162 5138 1438 5196 hominem
1469 5141 1772 5208 mortalem,

186 5220 479 5288 carnalem,
498 5222 768 5296 fragilem,
788 5233 1215 5302 eorruptibilem,
1241 5233 1296 5288 in
1322 5240 1528 5288 tantam
1548 5234 1772 5307 gloriam

184 5312 435 5381 exaltari,
468 5324 530 5372 ut
559 5318 703 5375 illius
725 5319 817 5376 Dei
847 5321 1018 5391 ﬁeret,
1040 5329 1205 5385 veluti
1239 5326 1570 5396 evangelista
1604 5331 1775 5400 respi-

183 5415 314 5447 mng
365 5408 705 5462 mellllimun
753 5411 1036 5450 ἴηΒιΙοΙῖιη...
1083 5438 1107 5446 .,
1183 5422 1196 5430 ·
1290 5418 1303 5424 ⁸
1386 5417 1415 5422 "

1876 4130 2231 4202 praeteritum
2263 4143 2391 4184 vero
2417 4125 2814 4197 imperfectum,
2842 4127 2986 4198 quod
3016 4135 3101 4181 est
3126 4125 3385 4190 dicebam,
3410 4132 3467 4181 et

1878 4225 2277 4280 inchoationem
2314 4222 2734 4293 praedicationis
2772 4222 2972 4279 Christi
3016 4221 3085 4276 ab
3131 4219 3339 4276 Joanne
3393 4219 3468 4275 si-

1882 4316 2124 4388 gniﬁcat,
2155 4325 2210 4371 et
2248 4315 2422 4371 adhuc
2450 4315 2503 4369 in
2532 4314 2646 4384 ipsa
2678 4314 3082 4386 praedicatione
3109 4326 3466 4385 perseveran-

1883 4411 2036 4466 tiam.
2074 4408 2176 4465 Hic
2205 4418 2351 4473 erat;
2393 4408 2483 4463 hic
2526 4422 2821 4478 pronomen
2860 4415 2944 4461 est
2982 4404 3464 4461 demonstrativum

1880 4501 2183 4573 praesentis
2210 4515 2502 4571 personae;
2535 4514 2599 4554 ac
2624 4514 2724 4569 per
2761 4499 2864 4555 hoc
2888 4500 3050 4555 datur
3087 4496 3333 4568 intelligi,
3367 4496 3467 4550 ad-

1880 4592 2048 4650 fuisse
2072 4591 2348 4649 Christum
2388 4590 2441 4645 in
2484 4589 2574 4645 illo
2612 4590 2751 4657 loco,
2790 4590 2844 4644 in
2893 4605 3001 4661 quo
3027 4588 3265 4645 Joannes
3302 4586 3465 4642 talem

1880 4685 1948 4741 de
1992 4700 2058 4742 eo
2087 4682 2604 4739 demonstrationem
2633 4690 2819 4752 aperte
2858 4680 3174 4737 declaravit.
3218 4678 3333 4734 Nec
3361 4678 3467 4733 hoc

1880 4773 2111 4840 mirum;
2143 4786 2305 4844 saepe
2328 4770 2474 4827 enim
2501 4771 2616 4841 ipse
2641 4769 2921 4837 Dominus,
2945 4769 3123 4825 adhuc
3150 4767 3266 4825 fere
3294 4767 3441 4821 omni

1879 4866 1983 4923 bus
2028 4867 2271 4939 ignotus,
2300 4863 2613 4934 priusquam
2655 4863 3044 4933 baptizaretur,
3071 4870 3125 4916 et
3151 4859 3468 4931 praedicare

1878 4956 2183 5021 inchoaret,
2219 4955 2287 5010 ad
2324 4951 2588 5010 Joannem
2623 4951 2812 5008 solitus
2840 4961 2958 5007 erat
2981 4952 3188 5007 venire.
3231 4949 3467 5018 Ideoque

1884 5047 1963 5103 ait
2008 5049 2283 5106 Joannes:
2322 5043 2427 5099 Hic
2456 5055 2569 5100 erat
2591 5060 2742 5116 quem
2766 5044 2896 5099 dixi.
2938 5044 2996 5100 ln
3027 5045 3132 5100 hoc
3157 5042 3302 5109 loco,
3329 5042 3468 5095 sicut

1881 5136 2196 5211 frequenter
2216 5146 2270 5193 et
2299 5137 2353 5192 in
2384 5135 2774 5207 superioribus,
2796 5134 3019 5189 verbum
3050 5132 3193 5208 quod
3220 5142 3305 5189 est
3331 5138 3465 5192 erat,

1882 5247 1994 5288 non
2023 5229 2478 5305 signiﬁcationem
2510 5226 2787 5296 temporis,
2816 5229 2912 5281 sed
2935 5223 3268 5283 substantiae
3291 5217 3468 5275 decla-

1882 5334 1986 5389 rat,
2021 5326 2096 5381 ita
2121 5333 2181 5379 ut
2206 5318 2572 5387 intelligamus
2609 5318 2692 5371 hic
2717 5327 2849 5382 erat,
2878 5334 2945 5373 ac
2967 5318 3013 5373 si
3049 5323 3232 5386 aperte
3262 5311 3466 5367 diceret

2063 5430 2075 5440 -
2122 5418 2200 5438 ’γει
2241 5412 2481 5454 π-ιῑιθῖςιίῐ
2552 5426 2710 5452 nnnm
2740 5410 2988 5448 dinohom
3016 5409 3169 5448 vnhic
3229 5404 3302 5444 ΔιΙ
3334 5414 3467 5440 Illinc
