4028 6274
542 260 650 318 299

1883 234 2166 327 JOANNIS
2201 271 2401 330 SCOTI

3698 279 3807 337 300

542 374 773 429 strabat.
816 373 968 442 Quod
1020 374 1072 428 in
1105 378 1457 447 sequentibus
1494 377 1889 448 manifestatur,
1920 380 2009 438 ubi
2041 364 2196 449 ait
2224 386 2385 443 tionis
2409 364 2935 458 ejus-confessionis,
2960 360 3065 449 hoc
3091 381 3195 457 est,
3230 380 3463 462 gratiam
3484 393 3681 463 speciei
3706 382 3807 464 pro

540 466 818 537 discipulis
838 468 953 524 suis
983 488 996 523 :
1025 465 1163 524 Ecce
1183 469 1364 541 Agnus
1396 471 1490 528 Dei
1508 466 1600 545 qui
1633 485 1748 549 post
1767 492 1850 530 me
1872 486 2118 532 uenturus

535 568 648 625 est,
689 559 972 639 vel,'_sicut
1011 561 1065 615 in
1111 558 1233 617 aliis
1259 564 1535 619 codicibus
1564 567 1821 622 scribitur
1848 583 1861 622 :
1889 571 1979 639 qui
2002 576 2116 637 post

535 667 618 706 me
636 651 770 706 venit
780 624 939 723 ﬁdam
965 654 1107 722 quod
1129 653 1182 707 in
1205 653 1413 711 Graeco
1430 656 1689 747 scriptum
1710 671 1792 743 ρει
1814 661 2137 743 iplagam,

533 749 589 796 et
611 744 889 811 praeteriti
921 745 1180 814 temporis
1210 744 1553 818 participium
1583 759 1747 805 estet
1772 744 2116 810 futuri.Ante

529 848 613 889 me
663 833 836 904 factus
881 845 977 891 est.
1026 837 1106 893 Ac
1150 838 1196 893 si
1231 848 1416 909 aperte
1440 842 1647 898 diceret
1680 861 1692 896 :
1731 843 1831 912 Qui
1866 855 1987 916 post
2025 861 2131 913 me.

528 926 721 983 ordine
750 935 1052 998 temporum
1096 931 1149 986 in
1181 933 1536 1003 conceptione
1563 945 1617 989 et
1652 930 1934 992 nativitate
1962 924 2129 995 venit

526 1018 579 1073 in
617 1018 897 1085 mundum,
930 1030 1054 1097 ante
1080 1037 1166 1078 me
1205 1023 1385 1080 factus
1423 1034 1526 1092 est,
1555 1027 1684 1081 mihi
1716 1030 1991 1097 praelatus
2022 1046 2111 1085 or—

524 1109 659 1171 dine
691 1083 1151 1186 dignitatisJEgo
1186 1114 1331 1171 enim
1377 1083 1545 1187 purus
1594 1126 1649 1173 ct
1693 1083 1917 1190 simplex
1946 1083 2110 1178 homo

521 1218 665 1270 sum,
693 1204 783 1260 ille
807 1206 929 1276 plus
958 1224 1119 1279 quam
1144 1211 1329 1275 homo,
1359 1226 1424 1265 ex
1456 1213 1790 1269 humanitate
1826 1226 1880 1269 ct
1914 1217 2108 1271 divini-

518 1302 630 1349 tate
657 1299 1020 1367 compositus;
1051 1298 1139 1354 ille
1169 1300 1445 1368 Dominus,
1471 1318 1571 1375 ego
1598 1319 1816 1372 servus;
1848 1304 1936 1361 illc
1969 1323 2062 1364 rex
2085 1347 2101 1375 ,

520 1399 621 1455 ego
666 1376 1012 1456 praecursor.
1058 1378 1293 1460 Ideoque
1340 1386 1626 1463 sequitur:
1659 1395 1796 1461 Quia
1838 1400 1983 1467 prior
2022 1416 2104 1455 me

514 1488 649 1547 erat,
681 1495 788 1535 non
811 1481 985 1536 solum
1016 1486 1338 1541 aeternitate
1363 1488 1687 1554 divinitatis,
1718 1504 1903 1544 verum
1937 1491 2100 1547 etiam
2126 1490 2129 1491 ⁷

514 1571 872 1629 humanitatis
900 1575 1183 1646 dignitate.
1218 1576 1323 1633 Sed
1350 1579 1393 1634 si
1426 1580 1547 1650 quis
1583 1582 1821 1637 intentus
1845 1599 2098 1654 graecum

510 1681 818 1724 sermonem
851 1669 1164 1739 inspexerit,
1211 1671 1318 1727 alio
1346 1674 1507 1728 modo
1528 1675 1790 1746 intelliget
1816 1680 1957 1747 quod
1981 1680 2095 1734 ait:

2220 482 2395 553 gratia
2446 482 2605 551 ﬁdei,
2661 485 2894 554 gratiam
2946 486 3303 541 deilica‘tionis
3352 486 3407 540 in
3458 484 3674 552 futuro,
3704 494 3807 558 pro

2177 568 2192 577 ”
2220 576 2393 647 gratia
2424 576 2651 632 actionis
2679 585 2734 633 e't
2759 577 3018 635 scientiae
3048 579 3102 634 in
3144 579 3434 649 praesenti.
3460 579 3530 635 Et
3569 596 3639 636 ne
3677 582 3805 652 quis

2198 686 2426 740 “eorum,
2451 675 2542 745 qui
2566 690 2625 732 se
2645 676 2949 746 gloriantur
2976 678 3029 732 in
3056 677 3190 750 lege,
3216 678 3572 745 existimaret,
3599 694 3657 734 se
3678 694 3808 750 gra-

2218 764 2346 818 tiam
2374 774 2432 820 et
2463 768 2752 823 veritatem
2788 784 2856 825 ex
2901 769 3018 843 lege
3063 771 3372 842 accepisse,
3398 771 3649 827 continuo
3673 773 3807 829 sub-

2207 852 2341 923 jecit
2367 874 2380 910 :
2898 932 2901 933 ν
3092 934 3095 935 ν
3506 931 3515 935 ν

2286 943 2425 1011 Quia
2464 946 2548 1002 (ea:
2572 965 2663 1017 per
2684 948 2903 1021 Moysen
2924 944 3051 1029 data
3073 961 3168 1007 est.
3200 952 3280 1008 Ac
3302 941 3352 1008 si
3374 951 3633 1010 dixisset:
3658 950 3803 1010 Pro-

2210 1044 2399 1107 pterea
2426 1037 2552 1094 dico
2585 1054 2650 1094 ex
2689 1040 3024 1110 plenitudine
3050 1041 3255 1099 Christi
3286 1058 3385 1098 nos
3419 1058 3613 1107 omnes
3636 1057 3804 1098 ncce-

2192 1160 2197 1167 -
2209 1128 2354 1197 pisse
2374 1132 2610 1200 gratiam
2641 1141 2696 1186 et
2723 1133 3028 1197 veritatem,
3063 1132 3116 1189 ct
3158 1151 3268 1191 non
3296 1135 3527 1206 exlege,
3555 1134 3688 1205 quia
3722 1135 3807 1191 lex

2210 1222 2583 1276 tantummodo
2610 1238 2709 1293 per
2736 1224 2953 1296 Moysen
2982 1225 3106 1278 data
3140 1235 3253 1291 est,
3276 1241 3416 1295 quae
3439 1227 3638 1281 nullam
3678 1242 3807 1297 gra-

2208 1308 2339 1365 tiam
2362 1312 2750 1385 accipientibus
2765 1330 2884 1369 eam
2903 1318 3197 1371 secundum
3219 1317 3453 1374 litteram
3467 1308 3803 1390 impertituii,

2206 1406 2462 1472 quoniam
2513 1407 2643 1460 nihil
2693 1407 2836 1462 aliud
2885 1416 3007 1474 est,
3059 1410 3161 1464 nisi
3212 1410 3401 1464 umbra
3449 1413 3805 1481 quaedamet

2204 1496 2508 1566 symbolum
2542 1497 2673 1552 Novi
2705 1499 3057 1555 Testamenti.
3093 1498 3277 1555 Gratia
3305 1513 3351 1555 et
3375 1503 3565 1556 veritas
3588 1519 3684 1572 per
3704 1503 3803 1558 Je-

2202 1604 2318 1642 sum
2348 1587 2615 1643 Christum
2644 1589 2786 1659 facta
2821 1601 2918 1647 est.
2952 1592 3137 1649 Putest
3164 1603 3220 1648 et
3260 1596 3339 1651 sic
3372 1594 3595 1666 intelligi
3625 1614 3639 1650 :
3667 1596 3803 1666 quia

2198 1676 2305 1743 lex,
2326 1680 2451 1733 dum
2468 1680 2845 1737 consideratur
2868 1683 2920 1736 in
2943 1682 3137 1754 Moysi,
3156 1684 3205 1739 id
3228 1693 3329 1749 est,
3348 1686 3401 1738 in
3428 1685 3607 1740 littera
3630 1688 3798 1754 nuda,

509 1761 599 1829 qui
623 1770 738 1831 post
783 1748 864 1817 uie
906 1773 1152 1819 venturus
1177 1775 1284 1830 est,
1316 1766 1418 1820 hoc
1443 1775 1547 1832 est,
1578 1769 1667 1836 qui
1698 1778 1820 1839 post
1849 1785 1936 1826 me
1966 1785 2096 1826 ven-
2125 1758 2170 1817 Β
2201 1770 2541 1826 solummodo
2586 1772 2674 1827 lex
2717 1782 2830 1839 est;
2867 1762 2993 1830 dum
3025 1748 3153 1830 vero
3181 1775 3234 1830 in
3269 1776 3507 1842 Christo,
3538 1778 3723 1845 gratia
3748 1787 3803 1838 et

509 1857 663 1906 turus
692 1850 866 1921 foret,
895 1853 981 1909 vel
1007 1856 1097 1925 qui
1132 1866 1256 1925 post
1283 1871 1369 1912 me
1399 1860 1546 1913 venit
1575 1860 1624 1914 in
1657 1862 1948 1928 mundum,
1975 1874 2096 1919 ante

412 1964 417 1969 -
509 1958 587 1997 me
616 1945 787 2013 {actus
811 1955 907 2012 est,
941 1947 1064 2014 hoc,
1087 1957 1172 2004 est
1198 1964 1381 2005 coram
1411 1967 1496 2005 me
1523 1954 1801 2022 apparuit;
1830 1964 1884 2011 et
1905 1972 2097 2027 quem-

508 2035 795 2091 admodum
846 2040 1165 2115 prophetavi
1216 2050 1272 2095 et
1316 2044 1541 2111 cognovi
1571 2060 1693 2099 cum
1724 2046 2095 2116 spiritualibus

506 2126 674 2181 oculis
702 2168 716 2193 ,
761 2128 886 2182 dum
919 2144 1094 2185 essem
1128 2132 1179 2186 in
1209 2141 1384 2198 utero,
1420 2135 1491 2188 ita
1531 2149 1582 2189 et
1615 2152 1757 2192 nunc
1786 2140 2094 2197 carnalibus

504 2218 672 2272 oculis
701 2235 884 2274 coram
909 2236 995 2276 me
1022 2222 1247 2287 factum,
1274 2224 1325 2277 id
1354 2233 1434 2280 est
1458 2228 1759 2281 venientem
1784 2230 2090 2300 conspicor.

503 2308 656 2376 Quod
688 2312 829 2367 enim
877 2313 931 2368 in
978 2314 1187 2372 Graeco
1217 2318 1477 2387 scriptum
1516 2329 1599 2374 est
1646 2320 1931 2401 ἔμπροσθέν
1953 2345 2089 2398 μου,

501 2405 720 2480 proprie
766 2406 1197 2476 interpretatur:
1240 2427 1416 2466 coram
1466 2430 1581 2478 me,
1637 2416 1738 2470 hoc
1786 2426 1896 2482 est,
1963 2427 2091 2475 ante

499 2495 684 2551 oculos
711 2513 878 2554 meos.
910 2499 976 2554 Et
1005 2501 1133 2571 quid
1179 2503 1231 2556 in
1268 2520 1333 2559 eo
1359 2508 1630 2576 perspicio
1649 2550 1661 2571 ,
1693 2509 1808 2564 sive
1833 2512 2091 2581 spiritua-

497 2584 637 2641 tibus
669 2587 783 2643 sive
812 2591 1186 2661 corporalibus
1213 2594 1423 2651 oculis?
1466 2597 1580 2651 Non
1626 2599 1791 2664 aliud,
1827 2602 1929 2657 nisi
1960 2603 2085 2672 quia

494 2679 646 2750 prior
674 2697 760 2737 me
785 2693 922 2749 erat,
953 2701 1067 2751 seu,
1096 2696 1155 2742 ut
1180 2688 1573 2760 signiﬁcantius
1607 2696 1657 2750 in
1681 2695 1913 2763 Graeco,
1959 2701 2084 2769 quia

492 2772 836 2839 primusmei
865 2787 1000 2832 erat.
1032 2779 1115 2835 Ad
1160 2782 1260 2838 hoc
1304 2784 1487 2854 itaque
1518 2787 1570 2841 in
1619 2793 1929 2858 praesentia
1963 2809 2084 2849 mea

496 2862 675 2922 factus
704 2875 807 2933 est,
844 2878 903 2924 nt
926 2884 1308 2942 cognoscerem
1349 2877 1496 2933 illum
1526 2880 1758 2948 primum
1800 2899 1943 2947 esse,
1978 2886 2082 2943 hoc

492 2965 597 3024 cst,
630 2958 684 3015 in
712 2962 962 3018 omnibus
991 2979 1078 3019 me
1109 2969 1456 3034 praecedere.
1498 2971 1777 3029 Praecedit
1811 2977 1953 3032 enim
1993 2993 2080 3034 me

489 3050 545 3106 in
570 3052 900 3123 plenitudine
921 3057 1145 3128 gratiae.
1175 3059 1446 3131 Quidquid
1473 3066 1647 3134 gratia
1673 3070 1941 3137 possideo,
1970 3088 2077 3127 non

2200 1866 2402 1923 veritas
2427 1876 2532 1922 est.
2568 1867 2805 1938 Spiritus
2847 1870 2992 1924 enim
3029 1869 3163 1943 legis
3191 1872 3364 1941 gratia
3394 1880 3447 1928 et
3487 1874 3694 1931 veritas
3718 1884 3804 1932 est

2200 1956 2256 2011 in
2286 1956 2507 2014 Christo
2548 1956 2699 2015 Iesu.
2731 1960 2843 2015 Lex
2874 1962 3077 2032 itaque,
3109 1963 3455 2017 considerata
3505 1965 3560 2018 in
3599 1964 3797 2036 Moyﬁ

2198 2063 2306 2103 non
2334 2059 2416 2104 est
2450 2050 2626 2120 gratia
2649 2060 2704 2106 et
2729 2052 2951 2115 veritas,
2983 2053 3038 2108 in
3065 2053 3284 2110 Christo
3311 2063 3490 2109 autem
3529 2057 3713 2127 gratia
3741 2064 3800 2113 et

2196 2142 2402 2197 veritas
2430 2152 2535 2199 est.
2571 2143 2770 2200 Beatus
2800 2145 3138 2215 Augustinus
3179 2147 3251 2202 ita
3283 2145 3450 2203 Vetus
3479 2146 3799 2206 Testamen-

2196 2242 2311 2288 tum
2344 2236 2606 2291 discernit
2646 2251 2675 2291 a
2712 2236 2893 2303 Novo;
2934 2239 3012 2293 ait
3049 2239 3194 2294 enim
3229 2259 3242 2295 :
3273 2239 3386 2295 Lex
3436 2241 3559 2296 data
3591 2250 3703 2308 est,
3738 2250 3798 2298 It

2196 2330 2371 2400 gratia
2417 2339 2811 2400 quaereretur,
2861 2332 3034 2402 gratia
3066 2340 3248 2386 autem
3296 2333 3418 2387 data
3462 2342 3568 2396 est,
3603 2342 3665 2387 ut
3708 2333 3797 2389 lex

2196 2419 2530 2490 impleretur.
2571 2420 2699 2476 Tria
2744 2422 2931 2491 itaque
2978 2422 3487 2494 proponitzlegem,
3534 2424 3793 2492 gratiam,

2192 2512 2517 2576 veritatem;
2546 2520 2658 2569 tres
2692 2513 2993 2569 ierarchias
3032 2513 3332 2576 insinuans,
3380 2529 3542 2569 unam
3570 2515 3794 2585 quidem

2193 2602 2247 2654 in
2278 2584 2858 2669 Veteri‘Tcstamento,
2884 2604 2938 2657 in
2966 2604 3365 2658 obscurissimis
3390 2605 3796 2674 aenigmatibus

2195 2692 2487 2759 traditam;
2526 2694 2846 2759 secundam,
2873 2709 3036 2762 quam
3067 2699 3124 2748 et
3168 2693 3401 2750 mediam
3449 2695 3705 2761 dicimus,
3738 2695 3793 2749 in

2189 2779 2341 2837 Novo
2394 2782 2866 2850 Testamento,'in
2912 2801 3020 2855 quo
3068 2786 3397 2841 abundantia
3445 2788 3691 2858 gratiae,
3737 2795 3795 2844 et

2190 2888 2405 2942 eorum,
2439 2891 2579 2945 quae
2611 2878 2836 2948 mystice
2864 2877 2919 2932 in
2957 2876 3070 2948 lege
3104 2886 3158 2933 et
3189 2878 3331 2933 dicta
3362 2887 3417 2933 et
3452 2877 3603 2934 facta
3626 2888 3788 2947 sunt,

2190 2966 2534 3036 apertissima
2564 2968 2858 3023 declaratio
2884 2977 3006 3034 est;
3040 2969 3279 3034 tertiam,
3312 2969 3609 3025 caelestem
3638 2971 3789 3037 dico,

2183 3056 2295 3124 jam
2329 3057 2382 3111 in
2419 3058 2519 3113 hac
2544 3059 2650 3112 vita
2681 3059 3049 3124 inchoantem,
3091 3068 3148 3113 et
3181 3060 3234 3113 in
3269 3058 3439 3113 altera
3472 3060 3581 3113 vita
3612 3058 3788 3128 perli-

487 3138 726 3209 aliunde,
758 3145 862 3199 nisi
902 3161 970 3200 ex
1014 3146 1350 3218 plenitudine
1380 3155 1589 3223 gratiae
1628 3156 1800 3225 ipsius
1843 3162 2075 3231 accipio.

2187 3150 2463 3216 ciendam,
2493 3151 2546 3205 in
2576 3166 2681 3220 qua
2707 3166 2877 3221 purae
2898 3151 3147 3206 veritatis
3176 3150 3564 3221 contemplatio
3585 3151 3643 3206 in
3676 3152 3787 3219 his;

487 3229 612 3289 ideo
636 3246 1032 3307 consequenter
1057 3238 1303 3308 adjunxit
1328 3262 1340 3297 :

560 3325 629 3380 Et
651 3328 715 3381 de
744 3327 1067 3397 plenitudine
1094 3331 1208 3402 ejus
1234 3351 1327 3389 uos
1348 3352 1525 3394 onmes
1558 3345 1875 3412 accepimus.
1906 3348 2078 3414 Quam

487 3414 877 3484 plenitudinem
929 3420 1096 3475 dicit?
1140 3422 1255 3478 Non
1307 3427 1503 3495 aliam,
1541 3432 1644 3487 nisi
1688 3450 1831 3502 eam,
1861 3440 1926 3494 de
1972 3459 2079 3513 qua

488 3508 739 3580 superius
752 3509 888 3566 dixit
905 3528 919 3566 :
938 3510 1005 3566 Et
1034 3513 1257 3570 vidimus
1274 3518 1497 3588 gloriam
1519 3524 1654 3593 ejus,
1680 3526 1900 3595 gloriam
1926 3508 2079 3603 quasi

489 3599 743 3669 unigeniti
772 3617 805 3655 a
832 3598 1017 3671 Patre,
1048 3605 1259 3676 plenum
1291 3611 1493 3679 gratiae
1526 3623 1577 3668 et
1604 3618 1852 3676 veritatis.
1891 3598 2075 3679 Pleni-

486 3690 615 3746 tudo
633 3692 830 3763 quippe
855 3696 1065 3767 gratiae
1091 3701 1390 3756 secundutn
1430 3703 1818 3766 humanitatem
1840 3754 1855 3777 ,
1883 3722 1938 3768 et
1962 3717 2077 3786 ple-

484 3782 674 3840 nitudo
700 3788 1123 3862 veritatisjuxta
1147 3792 1483 3851 divinitatem
1514 3799 1565 3852 in
1595 3800 1811 3857 Christo
1843 3782 2069 3864 habitat.

482 3874 637 3933 Unde
692 3878 769 3935 ait
822 3881 1239 3953 Apostoluszin
1284 3902 1394 3957 quo
1444 3890 1723 3960 plenitudo
1773 3896 2073 3970 divinitatis

479 3970 857 4041 corporaliter,
887 3974 990 4032 hoc
1011 3986 1113 4046 est,
1146 3979 1415 4035 veraciter
1427 3981 1653 4039 habitat.
1677 3986 1783 4043 Sed
1798 3991 2071 4059 quomodo

478 4061 536 4118 in
568 4063 786 4123 Christo
813 4067 1091 4138 plenitudo
1118 4075 1326 4144 gratiae
1350 4078 1645 4133 secundum
1674 4080 2067 4143 humanitatem

475 4151 762 4212 habitat“?
811 4156 927 4214 Non
970 4159 1149 4229 aliter,
1194 4164 1300 4219 nisi
1348 4167 1492 4236 quod
1523 4168 1634 4237 ipse
1659 4171 1731 4226 sit
1754 4174 1988 4242 primum
2011 4187 2069 4234 et

474 4248 773 4305 maximum
819 4251 1034 4309 divinae
1078 4260 1289 4325 gratiae
1331 4260 1670 4329 exemplum,
1717 4265 1772 4319 in
1813 4281 1880 4323 eo
1919 4271 2065 4339 quod

472 4339 634 4399 homo
670 4344 954 4413 Christus,
999 4347 1164 4405 nullis
1210 4353 1660 4421 praecedentibus
1707 4360 1954 4425 meritis,
2006 4363 2060 4418 in

2184 3245 2279 3312 qui
2332 3241 2682 3307 dedicantur,
2751 3242 2957 3313 absque
3017 3242 3122 3296 ulla
3173 3242 3404 3311 caligine
3466 3239 3785 3297 donabitur.

2182 3333 2368 3389 Prima
2398 3334 2581 3405 itaque
2618 3335 2884 3391 ierarchia
2933 3335 3066 3406 legis
3118 3335 3368 3400 nomine,
3393 3334 3629 3390 secunda
3658 3349 3788 3406 gra-

2185 3428 2315 3492 tiae,
2344 3427 2504 3481 tertia
2534 3427 2777 3483 veritatis
2801 3426 3162 3499 appellatione
3188 3427 3512 3483 insinuatur.
3546 3424 3626 3480 De
3654 3426 3784 3496 qui-

2181 3524 2284 3580 bus
2314 3524 2489 3578 tribus
2519 3523 2807 3580 ierarchiis
2852 3522 3100 3592 quisquis
3138 3521 3353 3592 plenius
3398 3521 3543 3577 scire
3569 3519 3785 3575 deside-

2182 3624 2290 3680 rat,
2321 3615 2466 3686 legat
2493 3625 2736 3671 sanctum
2768 3615 3085 3687 Dionysium
3111 3614 3499 3685 Areopagitam
3525 3615 3568 3667 ’.

2254 3708 2423 3763 Deum
2468 3726 2618 3764 nemo
2667 3708 2792 3764 vidit
2835 3726 3085 3780 unquam.
3150 3710 3231 3765 Ad
3281 3708 3559 3765 cumulum
3597 3707 3778 3764 laudis

2177 3797 2525 3869 plenitudinis
2570 3799 2775 3857 Christi
2815 3800 3032 3856 additur
3069 3802 3218 3871 quod
3256 3802 3371 3857 ait:
3407 3801 3577 3857 Deum
3610 3815 3777 3857 nemo

2176 3891 2312 3945 vidit
2375 3905 2643 3962 unquam,
2706 3900 2764 3948 et
2823 3893 2980 3964 quasi
3035 3893 3139 3950 hac
3199 3894 3486 3951 occasione
3552 3894 3775 3950 divinae

2176 3984 2567 4040 invisibilitatis
2604 3986 2751 4042 omni
2794 3986 3132 4044 beatitudine
3177 3987 3415 4043 humana
3460 3988 3776 4059 privaretur

2173 4086 2369 4133 natura
2401 4079 2664 4150 —-ipsius
2728 4094 2964 4150 namque
3034 4079 3419 4150 contemplatio
3487 4093 3622 4135 vera
3684 4086 3777 4137 est

2171 4166 2450 4225 beatitudo
2478 4199 2549 4210 —
2577 4169 2625 4225 si
2678 4184 2785 4226 non
2813 4172 3144 4227 succurrerit
3186 4172 3368 4228 divina
3414 4170 3635 4228 bonitas
3672 4185 3770 4243 per

2171 4258 2601 4319 incarnationem
2653 4263 2916 4334 unigeniti
2957 4262 3077 4320 Filii
3129 4263 3227 4321 Dei
3252 4305 3267 4331 ,
3321 4263 3414 4334 qui
3464 4264 3521 4320 in
3568 4274 3771 4331 carne.

2168 4352 2273 4409 hoc
2339 4363 2445 4421 est,
2510 4355 2562 4410 in
2632 4364 2747 4412 toto
2784 4355 3002 4411 homine
3030 4397 3044 4421 ,
3116 4371 3274 4425 quem
3344 4355 3588 4425 accepit,
3656 4367 3767 4413 non

470 4433 737 4490 unitatem
780 4438 1119 4497 substantiae
1138 4480 1155 4506 ,
1194 4442 1313 4507 vel,
1342 4452 1400 4497 ut
1428 4445 1681 4504 usitatius
1705 4450 1906 4519 dicam,
1937 4470 2060 4526 per—
2086 4483 2143 4544 Β
2168 4447 2340 4502 solum
2368 4464 2427 4505 se
2468 4448 2645 4518 ipsum
2679 4450 2914 4520 aperuit,
2943 4450 3039 4506 sed
3071 4450 3293 4505 omnino
3320 4456 3481 4504 antea
3514 4447 3767 4519 incognic

470 4541 636 4583 sonae
679 4538 988 4599 assumptus
1026 4543 1128 4589 est.
1177 4533 1460 4593 Plenitudo
1495 4549 1676 4597 autem
1720 4546 1963 4606 veritatis
2004 4552 2060 4609 in

470 4617 590 4687 ipso
619 4619 940 4676 naturaliter
973 4631 1087 4690 est,
1120 4627 1245 4694 quia
1288 4626 1404 4695 ipse
1450 4639 1531 4685 est
1576 4635 1798 4703 veritas,
1833 4639 1949 4709 ipso
1977 4653 2057 4698 te-

469 4718 652 4768 stante
680 4730 695 4767 :
728 4732 748 4765 ι
780 4714 895 4785 Ego
926 4730 1043 4772 sum
1086 4718 1197 4785 via,
1233 4721 1439 4778 veritas
1466 4733 1523 4779 et
1545 4726 1654 4782 vita
1691 4749 1735 4783 ι.
1768 4730 1845 4788 De
1878 4736 2056 4805 pleni.

467 4802 656 4861 tudine
680 4804 847 4876 igitur
872 4807 989 4878 ejus
1030 4811 1324 4866 secundum
1354 4813 1746 4876 humanitatem
1784 4834 1838 4879 et
1870 4802 2062 4887 divini-

463 4900 635 4953 tatem
661 4912 760 4953 nos
786 4913 977 4957 omnes
1002 4903 1334 4973 accepimus.
1365 4905 1480 4962 Nos
1504 4925 1681 4967 omnes
1705 4914 1853 4984 dicit,
1879 4923 1971 4989 qui
1994 4927 2064 4981 de

466 4987 767 5047 Israelitico
788 4993 989 5064 populo
1015 5008 1139 5051 eum
1178 4999 1508 5071 recepimus,
1535 5011 1590 5058 et
1638 5008 1731 5076 qui
1762 5010 1828 5064 de
1862 4987 2060 5075 ceteris

464 5081 635 5137 totius
662 5081 844 5137 mundi
874 5084 1180 5143 nationibus
1206 5088 1259 5142 in
1282 5103 1406 5144 eum
1432 5092 1800 5165 crediderunt,
1823 5104 2052 5172 gratiam

464 5172 793 5242 accepimus,
831 5190 938 5245 qua
964 5176 1021 5231 in
1051 5191 1174 5233 eum
1201 5180 1497 5248 credimus,
1524 5192 1579 5239 et
1608 5188 1922 5262 veritatem,
1943 5212 2049 5268 qua

463 5262 643 5334 ipsum
677 5265 1049 5340 intelligimus.
1076 5270 1145 5326 Et
1171 5271 1273 5329 hoc
1301 5284 1384 5330 est
1415 5278 1559 5346 quod
1591 5282 1841 5350 sequitur
1871 5304 1886 5342 :
1915 5262 2053 5347 Gra-

461 5360 592 5410 tiam
611 5373 706 5429 pro
726 5359 930 5429 gratia,
969 5370 1029 5417 ut
1052 5362 1408 5447 subaudiatur
1441 5386 1452 5422 :
1485 5370 1550 5424 de
1572 5371 1909 5441 plenitudine
1933 5381 2050 5451 ejus

460 5448 771 5517 accepimus
815 5451 1044 5521 gratiam
1094 5470 1192 5525 pro
1247 5459 1453 5527 gratia;
1519 5462 1749 5531 gratiam
1802 5448 2050 5530 videlicet

461 5540 934 5611 contemplationis
957 5544 1205 5603 veritatis
1243 5564 1343 5619 pro
1366 5551 1542 5621 gratia
1574 5552 1696 5611 tidei
1725 5556 2048 5621 inhumana-

2170 4550 2285 4597 tnm
2332 4541 2502 4598 Deum
2544 4541 2763 4598 Patrem
2812 4543 3122 4599 hominibus
3169 4541 3575 4607 manifestavit,
3618 4540 3766 4596 sicut

2166 4637 2244 4691 ait
2271 4635 2414 4705 ipse:
2446 4655 2465 4688 ‹
2493 4635 2832 4697 Manifestavi
2863 4651 3058 4692 nomen
3087 4647 3234 4693 tuum
3266 4636 3599 4699 hominibus,
3620 4649 3763 4705 quos

2168 4730 2363 4785 dedisti
2402 4730 2535 4785 mihi
2569 4750 2616 4797 ι,
2658 4740 2712 4784 et
2755 4729 2951 4786 iterum
2993 4729 3240 4801 Philippo
3277 4727 3560 4800 quaerenti
3595 4736 3653 4784 et
3680 4726 3762 4784 di-

2166 4824 2329 4888 centi,
2365 4842 2383 4876 c
2415 4822 2652 4880 Ostende
2699 4823 2858 4880 nobis
2897 4822 3134 4888 Patrem,
3177 4830 3233 4877 et
3277 4818 3472 4877 suﬂicit
3521 4820 3681 4875 nobis
3704 4832 3759 4888 ι,

2163 4915 2557 4984 respondetur:
2599 4934 2618 4968 ι
2646 4913 2912 4986 Philippe,
2960 4915 3054 4986 qui
3091 4929 3179 4970 me
3220 4913 3399 4979 videt,
3439 4921 3499 4969 et
3540 4920 3758 4984 patre.

2159 5005 2310 5062 videt
2351 5020 2530 5062 meum
2570 5022 2618 5073 ›;
2652 5015 2708 5062 et
2734 5006 2933 5062 iterum
2960 5024 2974 5060 :
3007 5026 3026 5057 ι
3053 5004 3223 5060 Nemo
3249 5005 3382 5060 vidit
3407 5003 3604 5059 Filium
3649 5002 3757 5059 nisi

2162 5096 2346 5166 Pater,
2400 5112 2579 5170 neque
2625 5097 2843 5154 Patrem
2892 5099 2997 5154 nisi
3041 5097 3242 5163 Filius,
3288 5106 3346 5152 et
3386 5097 3475 5161 cui
3525 5096 3758 5152 voluerit

2162 5192 2333 5250 Filius
2368 5194 2675 5250 revelare».
2710 5192 2821 5250 Nec
2854 5193 3028 5250 solum
3058 5196 3162 5249 hoc
3186 5193 3254 5248 de
3289 5192 3623 5256 hominibus,
3660 5205 3756 5247 ve-

2159 5302 2278 5343 rum
2321 5289 2484 5343 etiam
2520 5288 2586 5343 de
2626 5286 2834 5358 angelis
2863 5285 3284 5358 intelligendum.
3313 5286 3449 5341 Nam
3477 5296 3535 5340 et
3572 5283 3751 5355 angeli

2157 5378 2325 5435 Deum
2363 5396 2542 5447 suum,
2585 5380 2677 5450 qui
2711 5395 2928 5436 omnem
2969 5378 3303 5435 intellectum
3339 5387 3653 5448 exsuperat,
3694 5377 3751 5432 ill

2157 5491 2250 5530 sua
2299 5484 2490 5529 natura
2523 5490 2852 5547 cognoscere
2896 5491 3002 5531 non
3046 5476 3357 5546 potuerunt,
3400 5473 3525 5542 quia
3562 5470 3737 5527 invisi-

2153 5567 2275 5622 bilis
2300 5576 2356 5623 et
2397 5568 2701 5640 incognitus
2734 5578 2840 5635 est,
2875 5569 3051 5625 Verbo
3086 5582 3219 5624 vero
3256 5566 3539 5625 incarnato
3577 5562 3751 5623 domi-

1739 5650 1992 5716 VARIAE
2026 5657 2429 5717 LECTIONES.

533 5727 551 5760 ⁸
578 5724 709 5823 Cod.
738 5727 990 5815 possidet.
1065 5730 1087 5763 ³
1117 5729 1251 5790 Cod.
1285 5733 1665 5815 Ariopagitam.
