4028 6274
231 313 338 368 501

1296 325 1648 383 COMMENT.
1690 327 1758 383 1N
1797 298 2048 386 mm.
2091 331 2234 390 sec.
2273 333 2462 391 JOAN.

3385 346 3493 401 502

231 412 369 485 num
395 445 552 488 suum
579 435 974 502 intellexerunt,
1008 438 1101 494 Dei
1131 441 1381 498 videlicet
1423 444 1637 509 Filium,
1681 457 1734 501 et
1765 433 1815 504 in
1845 447 1889 508 Α
1923 449 2092 517 ipsum
2142 451 2257 506 ei».
2308 453 2362 507 ln
2414 455 2639 524 epistola
2703 472 2799 512 sua
2865 457 3098 517 Joannes
3137 481 3146 514 :
3206 481 3223 511 ί
3257 462 3470 518 Scimus

233 523 360 593 ipso
395 529 455 581 et
489 543 585 597 per
623 530 792 598 ipsum
833 539 1000 587 totam
1029 544 1288 590 remotam
1333 537 1400 592 ab
1425 539 1673 594 omnibus
1699 537 1818 594 Tri-

235 616 489 673 nitatem.
537 620 928 678 Universaliter
966 626 1147 696 itaque
1184 635 1242 683 et
1278 629 1522 684 rationali
1569 627 1621 685 et
1657 631 1818 685 intel-

227 706 461 764 lectuali
514 720 796 768 creaturae
849 715 1051 786 profuit
1089 716 1184 772 Del
1215 716 1378 774 Verbi
1419 719 1814 788 inhumanatio,

233 800 493 855 rationali
541 803 794 860 videlicet
839 809 904 861 ad
935 809 1242 865 libertatem
1287 811 1514 867 naturae
1551 831 1612 869 ex
1647 803 1819 872 morie

235 897 297 945 et
317 892 544 948 servitio
563 895 848 963 diabolica,
875 908 929 953 et
952 915 1017 954 ex
1041 899 1344 971 ignorantia
1374 908 1636 974 veritatis,
1668 909 1821 964 intel-

238 981 460 1039 lectuali
483 982 617 1041 ﬁam
644 987 710 1042 ad
733 996 1156 1060 cognoscendam
1187 1011 1336 1051 suam
1376 1013 1612 1066 causam,
1658 1011 1819 1072 quam

237 1075 395 1143 prius
417 1076 720 1148 ignarahat.
745 1081 878 1137 Hinc
900 1085 1187 1154 Apostolus
1215 1107 1226 1138 :
1261 1109 1278 1139 ι
1307 1081 1363 1144 lii
1387 1101 1493 1162 quo
1521 1103 1821 1149 restaurata

237 1174 372 1222 sunt
413 1170 622 1232 omnia,
667 1185 805 1241 quae
846 1175 901 1228 in
945 1177 1096 1232 Caelo
1135 1187 1190 1234 et
1227 1181 1280 1234 in
1324 1171 1468 1237 terra
1495 1205 1540 1238 ι.
1574 1185 1681 1241 Sed
1716 1205 1822 1244 non

237 1258 516 1316 immerito
537 1266 832 1333 quaeritur,
859 1281 956 1323 cur
977 1261 994 1302 ί
1034 1271 1085 1326 in
1108 1269 1289 1330 Veteri
1323 1277 1666 1335 Testamento
1687 1289 1740 1335 et
1768 1281 1822 1336 in

238 1350 394 1407 Novo
437 1352 752 1426 frequenter
789 1359 1001 1431 legatur
1045 1363 1110 1419 (le
1142 1365 1269 1433 Deo,
1317 1367 1626 1426 hominibus
1657 1388 1824 1442 appa-

238 1444 440 1510 ruisse,
481 1448 594 1503 sive
633 1450 914 1506 visihiiiter
952 1458 1257 1514 carnalibus
1301 1462 1502 1528 oculis,
1543 1465 1655 1521 sive
1690 1466 1827 1522 iuvi-

233 1535 478 1593 sibiliter
496 1541 825 1611 propheticis
851 1545 1164 1612 visionibus,
1191 1553 1315 1607 dum
1332 1555 1682 1627 Evangelium
1709 1560 1785 1614 ait
1808 1578 1820 1614 :

241 1645 264 1681 c
291 1627 460 1683 Deum
496 1645 654 1687 nemo
695 1634 826 1690 vidit
865 1653 1097 1708 unquam
1124 1661 1167 1693 ι.
1207 1633 1311 1698 Sed
1345 1646 1387 1700 si
1430 1648 1493 1700 de
1523 1649 1635 1704 solo
1668 1648 1827 1706 Patre

235 1720 544 1787 diceretur,
590 1725 731 1794 quod
771 1743 890 1782 eum
944 1747 1101 1787 nemo
1142 1736 1308 1801 vidit,
1358 1737 1610 1795 facillime
1654 1743 1828 1799 solve-

1920 543 2042 613 quia
2082 541 2172 598 filii
2225 531 2317 602 Dei
2368 547 2582 614 Sumus,
2641 551 2734 604 sed
2785 551 3016 606 uetulum
3069 556 3313 624 apparuit
3364 554 3492 626 quid

1919 635 2138 690 erimus.
2183 627 2394 695 Scimus
2431 653 2606 696 autem
2636 645 2796 713 quia,
2838 662 2956 698 cum
3002 647 3110 713 ipse
3154 647 3494 714 apparuerit,

1919 727 2220 783 'videbimtis
2244 748 2386 796 eum,
2413 733 2565 786 sicuti
2595 743 2675 788 est
2695 755 2738 787 ι.
2771 735 2963 789 Paulus
2992 720 3117 789 item
3147 756 3158 790 :
3193 757 3208 787 ι
3244 737 3498 793 Videmus

1923 835 2194 892 nuncper
2240 823 2513 894 speculum
2563 825 2613 879 in
2663 829 2984 896 aenigmate,
3024 838 3147 882 tunc
3189 838 3368 882 autem
3418 828 3499 882 fa-

1924 915 2058 969 ciem
2108 915 2172 969 ad
2220 913 2411 970 facient
2451 939 2492 980 ι,
2541 928 2823 989 ceteraque
2875 920 2921 973 id
2976 937 3161 989 genus.
3210 921 3372 987 Quid,
3420 920 3501 1000 in:

1925 1011 2105 1076 quam,
2135 1007 2316 1064 vident
2364 1012 2607 1068 homines
2651 1023 2704 1069 et
2749 1014 2956 1084 angeli,
2997 1013 3081 1069 vel
3128 1016 3294 1070 visuri
3342 1024 3501 1079 sunt,

1924 1101 2049 1156 dum
2082 1103 2417 1172 apertissime
2445 1117 2500 1160 et
2534 1117 2752 1163 sanctus
2781 1109 3097 1163 Ambrosius
3129 1118 3182 1162 et
3214 1110 3503 1178 Dionysius

1925 1189 2244 1262 Arenpagita
2269 1194 2472 1263 absque
2497 1195 2600 1249 ulla
2626 1199 2970 1253 cunctatione
2997 1198 3285 1261 inculcant,
3310 1200 3504 1266 Deum,

1929 1295 2193 1336 smnmam
2241 1284 2361 1338 dico
2389 1285 2732 1351 Trinitatem,
2783 1288 2910 1343 nulli
2961 1303 3057 1359 per
3095 1304 3152 1342 se
3190 1288 3360 1356 ipsam
3408 1303 3509 1342 un-

1929 1388 2087 1442 quam
2122 1378 2454 1447 apparuisse,
2498 1395 2770 1448 nunquam
2802 1396 3080 1451 apparere,
3113 1395 3383 1447 nunquam
3416 1394 3510 1452 ape

1927 1468 2267 1536 parituram?
2313 1467 2605 1540 Apparebit
2652 1471 2832 1541 itaque
2885 1473 2936 1525 in
2988 1473 3325 1542 theophauiis
3371 1471 3507 1540 suis,

1929 1555 2034 1612 hoc
2064 1567 2145 1614 est
2185 1559 2380 1615 divinis
2412 1562 2854 1632 apparitionibus,
2887 1562 2936 1615 in
2971 1563 3162 1633 quibus
3197 1564 3349 1633 juxta
3388 1563 3513 1644 alti?

1931 1650 2168 1705 tudinem
2221 1653 2469 1721 puritatis
2522 1662 2572 1706 et
2631 1653 2842 1707 virtutis
2890 1654 3311 1725 uniuscujusque
3369 1656 3513 1710 Deus

1934 1743 2231 1812 apparebit.
2264 1743 2645 1815 Theophaniae
2697 1754 2872 1801 autem
2922 1757 3044 1801 sunt
3076 1763 3260 1800 omnes
3299 1755 3512 1802 creatu-

239 1817 398 1865 retur
438 1817 701 1882 quaestio,
751 1826 810 1871 ut
860 1831 1088 1889 persona
1131 1821 1253 1880 Filii
1293 1837 1347 1881 et
1385 1827 1619 1899 Spiritus
1649 1835 1821 1890 sancti
1854 1834 1899 1893 B
1929 1849 2021 1889 rae
2069 1835 2306 1891 visibiles
2347 1846 2400 1892 et
2448 1838 2767 1904 invisibiles,
2817 1855 2913 1908 per
2959 1854 3091 1908 quas
3146 1841 3304 1901 Deus,
3355 1847 3409 1894 et
3454 1838 3513 1896 in

235 1913 404 1970 saepe
431 1902 796 1976 intelligantur
822 1911 1104 1968 visibiliter
1134 1920 1465 1988 apparuisse,
1497 1923 1668 1980 solum
1700 1942 1827 1985 vero

217 1989 458 2047 Patrem
507 2010 773 2053 remotum
821 2003 889 2057 ab
931 2007 1080 2061 omni
1125 2009 1345 2066 visione.
1395 2013 1660 2081 Quoniam
1700 2035 1828 2075 vero

237 2101 352 2142 non
375 2090 441 2144 de
468 2104 570 2145 una
592 2107 839 2161 persona,
874 2097 966 2152 sed
991 2102 1053 2154 de
1083 2103 1196 2156 sola
1220 2103 1500 2173 Trinitate,
1526 2126 1662 2180 quae
1687 2113 1828 2169 Deus

235 2196 384 2236 unus
430 2193 540 2249 est,
584 2185 684 2242 hoc
743 2188 1061 2261 intelligitur
1120 2190 1352 2262 dictum,
1409 2201 1626 2257 iDeum
1672 2220 1830 2260 nemo

235 2271 380 2326 vidit
421 2289 654 2345 unquam
682 2298 725 2343 ι,
768 2284 1055 2337 essentiam
1099 2285 1348 2344 videlicet
1383 2301 1436 2346 et
1472 2294 1828 2351 substantiam

235 2365 407 2421 unius
445 2366 743 2434 Trinitatis,
790 2376 1044 2444 quoniam
1102 2389 1319 2449 superat
1361 2398 1575 2440 onmem
1619 2387 1829 2442 intelle—

240 2463 398 2510 ctum
435 2460 711 2516 rationalis
737 2471 792 2519 et
828 2464 1203 2527 intellectualis
1237 2485 1540 2542 creaturae,
1585 2496 1688 2533 non
1739 2481 1832 2537 im-

239 2551 443 2606 merito
498 2554 924 2626 investigandum
988 2572 1107 2629 est,
1168 2566 1308 2635 quod
1365 2571 1651 2638 apparuit,
1706 2573 1832 2627 dum

241 2643 448 2699 dicitur
477 2645 618 2702 Deus
659 2650 771 2706 sive
813 2654 1095 2710 visibiliter
1135 2658 1246 2713 sive
1288 2660 1630 2719 invisibiliter
1670 2682 1834 2736 appa-

242 2731 444 2789 ruisse.
469 2735 665 2794 Beatus
679 2741 1007 2814 Augustinus
1026 2746 1399 2805 incunctanter
1420 2755 1611 2824 aperit,
1640 2749 1832 2812 Filium

245 2829 566 2895 apparuisse
604 2831 657 2884 in
688 2831 868 2889 Veteri
917 2835 1283 2908 Testamento,
1317 2860 1422 2898 non
1467 2852 1645 2899 tamen
1689 2849 1739 2901 in
1772 2859 1835 2903 ea

243 2919 572 2984 substantia,
614 2938 718 2993 qua
767 2927 912 2982 Patri
959 2931 1198 3000 aequalis
1246 2941 1359 2998 est,
1403 2935 1495 2990 sed
1549 2937 1598 2992 iu
1654 2940 1834 3009 aliqua

245 3011 492 3082 subjecta
522 3026 790 3082 creatura,
834 3020 946 3075 sive
984 3021 1181 3077 visi'bili
1212 3023 1324 3079 sive
1365 3026 1639 3082 invisibili.
1678 3029 1836 3084 Sillll-

247 3103 382 3158 liter
409 3107 620 3174 quando
645 3101 956 3178 apparuisse
979 3103 1212 3182 $piritus
1237 3115 1453 3189 legitur,
1484 3121 1629 3173 verbi
1662 3122 1835 3190 gratia

248 3193 308 3249 in
352 3196 532 3266 specie
569 3195 865 3267 columbae,
911 3217 1015 3256 non
1055 3219 1151 3273 per
1191 3221 1248 3260 se
1283 3206 1455 3276 ipsum
1503 3209 1555 3263 in
1597 3225 1658 3264 ea
1711 3212 1837 3266 sub-
1864 3202 1910 3264 C

251 3287 474 3353 stantia,
510 3304 614 3360 qua
643 3289 790 3345 Patri
821 3302 875 3348 et
902 3293 1038 3350 Filio
1078 3297 1446 3354 coesscntialis
1487 3310 1599 3364 est,
1644 3304 1738 3356 sed
1781 3303 1837 3357 in

251 3377 497 3445 subjecta
543 3390 790 3436 creatura
841 3394 924 3439 est
969 3385 1407 3443 existimandum.
1454 3389 1509 3444 ld
1552 3390 1724 3460 ipsum
1772 3393 1838 3448 de

247 3467 420 3522 Patre
446 3471 702 3543 intellige.
730 3471 979 3532 Visiones
999 3479 1162 3532 etiam
1207 3470 1612 3550 prophetarum,
1641 3487 1836 3555 quibus

245 3563 548 3633 prophetae
586 3567 754 3622 Deum
807 3569 1006 3626 vidisse
1062 3572 1431 3642 perhibentur,
1483 3577 1549 3631 de
1599 3578 1839 3647 subjecta

255 3655 488 3725 quadam
519 3657 783 3727 spirituali
814 3671 1059 3717 creatura
1095 3664 1267 3720 factae
1298 3675 1453 3735 sunt;
1482 3659 1839 3728 substantiam

247 3759 390 3816 vero
411 3746 644 3803 divinam
671 3765 766 3821 per
787 3763 842 3806 se
871 3753 1040 3823 ipsam
1074 3755 1216 3811 nullo
1240 3757 1396 3812 modo
1420 3762 1498 3815 eis
1525 3763 1840 3831 apparuisse

245 3836 549 3910 Dionysius
587 3841 964 3900 incunctanter
1000 3849 1222 3915 astruit,
1249 3855 1321 3906 'ne
1361 3851 1646 3910 invisibilis
1673 3863 1726 3908 et
1759 3857 1843 3910 in-

253 3935 755 4003 comprehensibilis
792 3939 972 4008 aliquo
1018 3943 1176 4018 modo
1230 3925 1397 3998 videri
1445 3930 1536 4000 aut
1588 3964 1840 4018 compre-

252 4022 416 4078 hendi
444 4039 599 4094 posse
630 4027 986 4083 existimetur.
1011 4017 1300 4098 Quaeritur
1321 4037 1502 4100 etiam,
1532 4017 1842 4098 utrumhoc

255 4112 499 4187 [dicatur
543 4116 629 4191 de]
671 4113 981 4186 hominibus
1029 4117 1366 4181 solummodo
1411 4121 1584 4184 adhuc
1636 4132 1687 4186 in
1742 4134 1843 4189 hac

251 4206 369 4262 vita
392 4207 725 4279 degentibus,
752 4227 856 4268 non
889 4213 1066 4270 autem
1096 4217 1160 4271 de
1189 4219 1478 4276 virtutibus
1499 4221 1840 4289 caelestibus,

253 4307 399 4369 quae
417 4311 630 4372 semper
649 4301 703 4357 in
737 4299 913 4358 divina
939 4293 1392 4379 contemplatione
1414 4315 1736 4370 consistunt.
1761 4310 1843 4376 Ad

255 4385 366 4446 hoc
403 4389 707 4460 dicendum,
737 4394 860 4464 quia
899 4395 1076 4453 imitus
1119 4399 1384 4456 humanae
1427 4419 1520 4457 seu
1568 4399 1845 4478 angelicae

254 4489 486 4537 naturae
513 4486 780 4557 particeps
805 4481 979 4558 ipsum
1022 4483 1187 4546 Deum
1229 4495 1324 4576 per
1350 4507 1407 4549 se
1435 4493 1610 4567 ipsum
1657 4498 1710 4552 in
1742 4515 1840 4554 sua

1930 1926 2126 1996 quibus
2174 1944 2332 1997 saepe
2376 1931 2659 1999 apparuit,
2699 1939 2752 1983 et
2794 1941 3040 2000 apparet,
3083 1939 3138 1984 et
3169 1930 3514 2000 appariturtIl

1933 2029 2034 2075 est.
2083 2018 2218 2075 Item
2281 2021 2482 2076 virtute
2549 2022 3052 2094 purgatissimarum
3114 2022 3414 2075 animarum
3454 2022 3516 2076 et

1931 2111 2298 2167 intellectuum
2348 2113 2704 2183 theophauiae
2734 2123 2886 2176 sunt,
2935 2121 2988 2167 et
3032 2113 3083 2166 iu
3132 2113 3211 2166 eis
3250 2125 3514 2182 quaeren-

1937 2206 2077 2276 tibus
2119 2216 2171 2259 et
2211 2205 2556 2276 diligentibus
2601 2221 2660 2260 sc
2705 2206 2845 2261 Deus
2875 2206 3205 2268 manifestat,
3237 2205 3288 2258 in
3319 2203 3516 2272 quibus

1932 2273 2097 2354 veluti
2147 2296 2466 2368 quihusdam
2517 2299 2748 2353 nubibus
2787 2299 3066 2368 rapiuntur
3093 2297 3264 2351 sancti
3302 2295 3518 2349 obviam

1934 2391 2166 2454 Christo,
2197 2393 2334 2446 sicut
2361 2381 2433 2444 ait
2453 2385 2739 2460 Apostolus
2765 2408 2777 2443 :
2817 2410 2841 2466 ¢_
2865 2375 3158 2459 Rapiemur
3185 2389 3237 2441 in
3284 2386 3516 2440 nubibus

1935 2481 2148 2539 obviam
2195 2484 2476 2548 Christo»,
2525 2485 2694 2538 nubes
2741 2484 3016 2554 appellans
3060 2481 3370 2536 altitudines
3408 2478 3521 2532 cla-

1937 2575 2182 2628 rissimas
2201 2574 2412 2628 divinae
2435 2575 2693 2640 theoriae,
2723 2576 2770 2628 in
2797 2590 2900 2644 qua
2925 2589 3136 2643 semper
3157 2589 3277 2626 eum
3302 2571 3520 2625 Christo

1936 2673 2114 2718 erunt.
2149 2651 2286 2719 lliuc
2337 2674 2447 2728 est,
2492 2665 2634 2734 quod
2681 2665 2966 2734 Dionysius
3010 2664 3129 2716 ait:
3172 2681 3190 2714 ι
3217 2662 3356 2716 Etsi
3400 2659 3522 2731 quis

1939 2772 2085 2820 Cllln,
2111 2755 2277 2810 Deum
2308 2755 2573 2820 videlicet,
2602 2755 2800 2809 vidisse
2829 2754 3046 2818 dixerit,
3073 2767 3178 2808 non
3212 2768 3334 2806 eum
3364 2751 3521 2814 vidit,

1939 2847 2032 2900 sed
2064 2846 2264 2916 aliquid
2297 2845 2365 2900 ab
2394 2862 2457 2900 eo
2489 2846 2704 2899 factum.
2738 2845 2854 2914 Ipse
2895 2844 3036 2898 enim
3075 2843 3295 2897 onmiuo
3343 2840 3524 2894 invisi-

1941 2937 2063 2991 bilis
2093 2946 2194 3002 est,
2226 2937 2314 3006 qui
2348 2936 2538 2991 melius
2567 2935 2855 2990 llCSClt‘llth
2887 2935 3076 2998 st'itur,
3105 2943 3158 2986 et
3190 2933 3342 3002 cujus
3372 2931 3521 2998 igno-

1943 3032 2116 3086 rantia
2144 3047 2266 3084 vera
2295 3045 2377 3084 εει
2406 3029 2669 3099 sapientia
2692 3048 2734 3081 ι.
2763 3025 3072 3096 Unigenitus
3102 3021 3296 3089 Filius,
3335 3022 3423 3091 qui
3449 3028 3524 3074 est

1944 3127 1997 3178 in
2035 3126 2154 3178 sinu
2202 3117 2410 3188 Putris;
2439 3122 2521 3176 vel
2558 3129 2616 3175 ut
2657 3121 2711 3175 iu
2743 3118 2949 3173 Graeco
2993 3116 3286 3173 scribitur:
3319 3115 3411 3184 qui
3441 3123 3526 3169 est

1944 3216 1997 3269 in
2031 3216 2204 3270 simnn
2239 3212 2432 3278 Patris,
2463 3212 2547 3267 vel
2584 3212 2634 3265 in
2663 3211 2868 3265 sinibus
2894 3209 3089 3263 Patris.
3116 3207 3174 3261 In
3203 3205 3525 3294 quibusdam
3590 3230 3597 3234 -

1945 3307 2223 3362 codicibus
2268 3305 2597 3360 Graecorum
2647 3303 2992 3374 singulariter
3034 3301 3184 3356 sinus
3227 3297 3405 3353 Patris
3446 3294 3527 3388 di:

1944 3399 2106 3461 citur,
2141 3397 2193 3450 in
2225 3395 2549 3466 quibusdam
2598 3394 2900 3466 pluraliter,
2941 3393 3093 3463 quasi
3127 3392 3277 3446 sinus
3328 3387 3525 3442 multos

1944 3487 2107 3544 Pater
2163 3488 2383 3542 habeat.
2436 3485 2556 3556 Ipse
2607 3486 2892 3539 enarravit.
2955 3483 3275 3552 llnigenitus
3343 3479 3525 3550 itaque

1942 3582 2115 3637 Filius
2152 3579 2322 3636 Deum
2375 3580 2633 3643 narravit,
2683 3580 2785 3633 hoc
2832 3585 2942 3642 est,
2991 3576 3045 3629 in
3097 3591 3153 3629 se
3206 3574 3322 3643 ipso
3356 3569 3528 3625 mani-

1945 3678 2186 3741 festavit,
2222 3693 2328 3732 non
2380 3676 2434 3730 in
2470 3683 2729 3746 quantmn
2763 3672 3016 3728 divinitas
3064 3670 3204 3740 ejus,
3235 3681 3372 3738 quae
3417 3681 3530 3719 om-

1948 3771 2080 3826 nino
2143 3768 2432 3824 invisibilis
2470 3774 2583 3832 est,
2640 3766 2732 3820 sed
2788 3766 2840 3818 in
2889 3771 3149 3832 quantum
3197 3760 3528 3838 humanitas,

1946 3861 2138 3933 quam,
2187 3871 2247 3916 ut
2290 3876 2347 3915 se
2396 3862 2566 3929 ipsum
2619 3869 2670 3912 et
2715 3857 2928 3911 Patrem
2979 3871 3163 3919 suum,
3217 3869 3423 3906 necnon
3475 3853 3531 3904 et

1950 3942 2212 4023 Spiritum
2245 3961 2491 4008 sanetum
2522 3965 2677 4004 suum
2710 3948 3020 4002 hominibus
3065 3942 3437 3999 niauifestaret
3474 3949 3529 4022 et

1950 4045 2175 4116 angelis,
2211 4044 2440 4114 accepit.
2485 4041 2618 4096 Nam
2664 4043 2896 4095 humanm
2929 4040 3130 4101 anima,
3169 4037 3294 4089 dum
3340 4049 3433 4101 per
3474 4037 3532 4084 se

1949 4125 2118 4207 ipsam
2151 4133 2434 4190 invisibilis
2461 4135 2550 4199 sit,
2586 4147 2681 4203 per
2710 4143 2887 4186 motus
2917 4146 3043 4184 suos
3073 4140 3387 4196 eorporeos,
3419 4137 3526 4207 non

1949 4205 2076 4299 quid
2105 4230 2195 4292 sit,
2226 4229 2318 4281 sed
2349 4227 2472 4295 quia
2511 4227 2602 4291 Sit,
2637 4223 2962 4280 manifestat.
2997 4221 3061 4290 Et
3082 4218 3222 4310 quid
3249 4225 3352 4310 est,
3383 4205 3529 4310 quod

1951 4321 2064 4375 ait:
2102 4339 2118 4370 ι
2148 4309 2248 4392 Qui
2281 4329 2364 4373 est
2391 4315 2443 4372 iu
2488 4317 2606 4372 sinu
2643 4314 2820 4371 Patris
2843 4334 2858 4365 ι
2913 4311 2994 4366 vel
3029 4330 3045 4361 (
3076 4309 3129 4363 iu
3181 4306 3389 4362 sinibus
3430 4302 3532 4392 Pa;

1950 4410 2052 4464 tris
2078 4410 2137 4464 »ἲ
2166 4394 2361 4464 Utrum
2414 4407 2558 4463 aliud
2603 4415 2686 4460 est
2717 4406 2866 4460 sinus
2916 4401 3111 4464 Patris,
3159 4396 3302 4453 aliud
3346 4394 3533 4472 unigef

1950 4503 2099 4557 nitus
2124 4497 2292 4556 Filius
2322 4497 2531 4554 Patris?
2559 4497 2676 4552 Non
2707 4495 2876 4562 aliud,
2908 4495 2998 4549 sed
3027 4490 3336 4562 uuigenitus
3363 4485 3533 4540 Filius

255 4575 479 4644 propria
524 4585 715 4633 natura
760 4567 940 4662 ροτεέὶ
975 4567 1555 4664 ὀοιήειῇβιείι-ῖὶίῖὶιιοά
1586 4591 1730 4645 enim
1784 4593 1838 4648 in
1867 4569 1920 4630 Ῑ)
1952 4596 2068 4666 ipse
2113 4605 2198 4650 est
2245 4594 2395 4648 sinus
2429 4591 2626 4646 Patris.
2675 4589 2838 4643 Sinus
2887 4589 3064 4640 autem
3117 4580 3294 4637 Patris
3337 4577 3535 4632 dicitur

255 4667 432 4724 latino
491 4661 674 4727 codice
722 4657 1022 4746 scriptum,
1075 4661 1288 4733 tbeiiiii
1337 4693 1494 4737 nemo
1523 4683 1655 4737 vidit
1693 4703 1736 4751 ›,
1785 4679 1841 4742 in

259 4759 462 4832 graeco
487 4782 505 4814 ι
547 4754 714 4819 neum
741 4757 923 4834 nullus
950 4755 1083 4822 vidit
1110 4777 1128 4822 δ
1153 4767 1183 4837 ;’
1202 4761 1365 4836 οὐδ.εᾶ⁵
1393 4774 1589 4845 quippe
1615 4785 1667 4830 et
1698 4783 1845 4832 nemo

258 4863 320 4912 et
365 4857 540 4913 nullus
579 4850 1175 4937 i'nterpretatur.'_‘Quid
1219 4869 1347 4940 ergo
1383 4878 1602 4926 sanctae
1634 4872 1848 4932 animae

249 4940 542 5006 hominum
588 4962 646 5009 et
692 4956 864 5010 sancti
910 4957 1213 5014 intellectus
1273 4961 1584 5030 angelorum
1632 4965 1844 5032 vident,

249 5041 391 5103 dum
422 5047 588 5105 Deum
615 5051 816 5118 vident,
845 5053 887 5110 si
916 5054 1088 5125 ipsum
1119 5051 1287 5111 Deum
1315 5073 1421 5111 non
1458 5058 1660 5122 vident,
1686 5074 1848 5127 quem

257 5136 450 5199 videre
485 5143 874 5216 perhibentur?
899 5149 1060 5204 Verbi
1095 5150 1289 5221 gratia,
1318 5159 1378 5202 ut
1405 5166 1571 5220 pauca
1599 5149 1844 5221 exempla

262 5232 331 5289 de
357 5234 538 5289 multis
563 5252 848 5308 ponamus,
874 5237 1060 5296 Esaias
1092 5240 1219 5295 vidit
1256 5239 1535 5294 Dominum
1571 5233 1844 5298 sedentem

261 5339 431 5394 super
459 5327 648 5382 solium
675 5330 967 5384 excelsum.
995 5319 1253 5385 Dominus
1279 5329 1408 5384 dicit
1430 5329 1482 5383 in
1515 5319 1806 5412 Evangelio
1829 5347 1843 5384 :

269 5435 289 5468 ι
320 5413 509 5486 Angeli
551 5431 734 5474 eorum
771 5419 982 5490 semper
1024 5421 1206 5476 vident
1252 5418 1446 5474 faciem
1491 5417 1671 5475 Patris
1708 5419 1843 5490 mei,
1876 5463 1878 5465 μ

255 5508 359 5576 'qui
389 5507 443 5561 in
469 5509 635 5566 caelis
657 5518 791 5566 est».
819 5511 980 5567 item:
1020 5531 1037 5563 ι
1069 5511 1168 5579 Qui
1201 5511 1374 5583 diligit
1404 5527 1507 5578 me,
1533 5511 1784 5583 diligetur
1817 5513 1846 5567 ἐι

1949 4684 2139 4748 Filius,
2173 4684 2296 4754 quia
2327 4683 2541 4739 Patrem
2581 4678 2874 4736 insinuavit
2915 4674 3131 4729 llllllldO.
3166 4670 3333 4726 Sinus
3369 4667 3534 4722 etiam

1950 4779 2131 4834 Patris
2167 4777 2473 4847 unigenitus
2518 4773 2687 4830 Filius
2734 4779 2846 4837 est,
2897 4770 3021 4839 quia
3071 4767 3122 4822 in
3166 4763 3397 4864 secretis
3435 4775 3533 4864 pa-

1951 4877 2138 4925 ternae
2168 4878 2391 4923 naturae
2420 4873 2632 4935 semper
2661 4873 2766 4931 est,
2799 4864 2939 4918 sicut
2970 4862 3084 4931 ipse
3129 4859 3204 4914 ait
3230 4877 3241 4911 :
3279 4875 3296 4907 ι
3327 4855 3438 4923 Ego
3479 4855 3533 4905 in

1950 4961 2136 5026 Patre,
2170 4970 2223 5016 et
2269 4961 2433 5015 Pater
2460 4961 2512 5014 in
2545 4967 2631 5014 me
2663 4967 2745 5012 est
2773 4977 2815 5010 ι.
2864 4951 3325 5022 Quemadmodum
3371 4946 3535 5015 igitur

1955 5055 2146 5108 domus
2170 5051 2348 5106 Patris
2381 5050 2688 5120 unigenitus
2731 5047 2900 5102 Filius
2940 5054 3043 5110 est,
3073 5046 3212 5100 sicut
3257 5042 3370 5110 ipse
3418 5038 3531 5091 ait:

1963 5164 1981 5197 ι
2008 5146 2065 5201 ln
2094 5145 2251 5200 domo
2282 5141 2458 5198 Patris
2490 5144 2593 5196 mei
2634 5142 2945 5196 mansiones
2976 5137 3175 5195 multae
3215 5143 3424 5197 sunt»;

1954 5240 1998 5295 si
2025 5239 2227 5294 diceret
2253 5255 2264 5289 :
2290 5237 2349 5292 lu
2377 5252 2479 5300 me,
2512 5236 2562 5289 in
2595 5251 2700 5304 quo
2733 5234 2886 5288 Pater
2919 5231 3080 5288 veluti
3111 5231 3160 5283 in
3193 5245 3285 5281 sua
3317 5231 3534 5294 propria

1955 5329 2114 5386 domo
2150 5321 2374 5392 habitat,
2425 5326 2621 5381 multae
2668 5325 2976 5380 mansiones
3005 5331 3167 5385 sunt;
3203 5319 3254 5371 in
3283 5331 3345 5371 ea
3388 5314 3534 5368 enim

1955 5420 2322 5489 unusquisque
2356 5433 2510 5472 suam
2558 5418 2918 5486 receptionem
2956 5429 3052 5483 pro
3086 5411 3198 5466 Suis
3233 5405 3440 5461 merilis
3481 5409 3537 5457 εἴ

1952 5511 2125 5582 ipsius
2146 5511 2318 5581 gratia
2368 5509 2750 5578 possidebunt:
2781 5508 2855 5560 ita
2885 5513 2939 5560 et
2971 5506 3120 5559 sinus
3143 5499 3318 5554 Patris
3339 5505 3421 5552 est
3444 5493 3536 5548 Fi-

261 5597 434 5655 Patre
469 5615 613 5668 meo,
652 5611 708 5656 et
732 5617 832 5673 ego
855 5602 1072 5672 diligam
1100 5617 1254 5671 eum,
1299 5611 1354 5658 et
1380 5603 1736 5660 manifestabo
1764 5617 1850 5659 me
1954 5603 2090 5669 lius;
2125 5605 2178 5657 in
2213 5604 2328 5672 ipso
2348 5602 2495 5658 enim
2518 5600 2708 5674 recipit
2734 5599 2912 5683 Pater,
2938 5604 2993 5653 et
3013 5592 3239 5664 colligit,
3263 5605 3402 5663 quos
3423 5585 3536 5643 vult

346 5770 362 5801 ¹
393 5767 526 5828 Cod.
552 5784 647 5836 cur
667 5784 806 5830 cum.

1603 5698 1862 5764 VARIAE
1893 5697 2305 5760 LECTIONES.

3147 5811 3198 5822 ιω-

3147 5825 3154 5832 ο
3176 5829 3182 5836 .
