4028 6274
549 357 659 420 303

1925 369 2210 432 JOANNIS
2248 376 2447 438 SCOTI

3701 393 3819 452 304

549 479 800 550 recipere
826 465 898 533 et.
930 473 1203 551 colligere.
1247 473 1566 551 Enarraoit;
1593 480 1699 542 hoc
1721 494 1848 555 est,
1879 489 2123 547 doctrina
2148 493 2202 554 Α
2227 509 2322 552 seu
2353 516 2373 548 ‹
2415 513 2516 570 ego
2538 513 2656 556 sum
2703 498 2940 560 Joannes
2966 503 3106 562 ﬁlius
3130 504 3424 567 Zachariae
3440 528 3487 578 ι,
3514 511 3613 570 sed
3641 514 3819 574 dixit:

550 579 610 628 et
631 570 1062 627 manifestatione
1088 571 1111 604 ⁸
1149 587 1280 630 suae
1322 574 1714 636 incarnationis
1749 579 1917 640 Deum
1941 583 2131 642 invisi-

546 659 712 716 bilem
741 661 1132 718 demonstravit
1153 671 1209 720 et
1228 664 1565 722 demonstrat
1586 678 1640 724 et
1663 670 2130 732 demonstraturus

547 762 662 818 est;
691 754 828 809 sicut
849 756 925 811 ait
953 755 1010 811 in
1036 757 1152 828 ipsa
1177 761 1443 816 sententia
1461 802 1476 828 ,
1506 778 1668 832 quam
1696 766 1856 835 paulo
1881 770 2128 840 superius

544 843 974 904 introduximus:
997 869 1016 903 ι
1044 849 1146 919 Qui
1167 852 1340 925 diligit
1366 869 1468 918 me,
1498 855 1738 927 diligitur
1754 874 1785 913 a
1800 858 1959 916 Patre
1980 877 2123 930 meo,

545 946 604 995 et
638 955 738 1012 ego
777 941 993 1014 diligam
1033 961 1180 1014 eum,
1221 956 1276 1004 et
1305 949 1666 1008 manifestabo
1686 969 1774 1010 me
1803 955 1977 1027 ipsum
2005 960 2054 1015 ei
2075 979 2122 1016 ι.

618 1029 690 1085 Et
736 1032 834 1088 hoc
869 1044 944 1088 est
980 1037 1332 1094 testimonium
1363 1039 1607 1096 Joannis.
1648 1042 1731 1098 Ac
1781 1045 1827 1100 si
1879 1047 2120 1107 diceret:

544 1119 663 1177 Hoc
709 1130 878 1178 totum
900 1165 916 1190 ,
961 1126 1104 1196 quod
1165 1128 1435 1196 diximus,
1472 1132 1540 1186 ab
1576 1148 1642 1189 eo
1679 1133 1797 1191 loco
1846 1155 1866 1189 ι
1891 1134 2124 1197 Joannes

543 1211 910 1269 testimonium
936 1209 1184 1295 perhibet
1212 1239 1230 1270 ι
1262 1235 1430 1291 usque
1467 1225 1534 1278 ad
1566 1225 1618 1279 id
1651 1227 1792 1295 quod
1831 1237 1932 1296 est,
1961 1248 1981 1282 ι
2034 1231 2124 1288 ille

547 1304 893 1371 enarravit»,
943 1308 1310 1366 testimonium
1367 1310 1591 1370 Joannis
1629 1325 1712 1372 est
1753 1324 2122 1388 praecursoris

468 1453 476 1463 λ
542 1392 613 1450 de
644 1409 730 1461 eo,
777 1398 930 1469 cujus
969 1413 1290 1470 praecursor
1319 1413 1421 1460 est.
1455 1405 1659 1464 Deinde
1702 1410 1864 1467 veluti
1905 1427 1973 1470 ex
2013 1415 2121 1476 alio

540 1485 848 1554 primordio
878 1493 1208 1548 narrationis
1236 1495 1456 1566 incipit,
1499 1497 1722 1556 dicens:
1752 1502 1977 1568 Quando
2020 1509 2120 1562 mi-

538 1586 723 1632 serunt
760 1576 956 1634 Judaei
991 1581 1056 1635 ab
1095 1580 1425 1642 Jerosolimis
1453 1596 1560 1644 cet.
1611 1589 1680 1646 Et
1718 1601 1801 1649 est
1839 1595 1974 1652 ordo
1995 1609 2120 1653 ver-

536 1667 731 1725 borum
755 1689 770 1729 :
803 1671 872 1727 Et
898 1675 1163 1746 confessus
1183 1687 1280 1744 est,
1303 1688 1352 1733 et
1393 1696 1495 1734 non
1530 1684 1752 1754 negavit,
1782 1688 1993 1757 quando
2021 1690 2118 1744 mi-

536 1767 720 1813 serunt
731 1759 926 1817 Judaei
937 1764 1000 1817 ab
1013 1763 1344 1823 Jerosolimis
1358 1771 1652 1828 sacerdotes
1663 1783 1712 1829 et
1728 1773 1930 1843 levitas,
1953 1785 2008 1834 et
2029 1794 2115 1836 re-

2240 607 2260 641 ‹
2285 587 2398 660 Ego
2418 605 2537 646 sum
2561 608 2665 648 vox
2684 612 2729 649 ι.
2753 594 2869 650 Non
2896 596 3041 652 enim
3071 598 3125 654 in
3153 615 3212 655 se
3241 601 3530 658 humanam
3560 606 3823 662 substan-

2233 679 2364 736 tiam
2393 683 2776 752 consideravit,
2819 701 2923 743 nec
2948 687 3239 746 humanam
3277 694 3703 762 generationem,
3745 698 3823 751 si-

2232 771 2449 841 quidem
2487 774 2628 831 ultra
2673 777 2808 835 haec
2847 779 3030 836 omnia
3073 780 3341 839 exaltatus
3365 793 3450 840 est
3486 800 3821 857 praecursor

2231 861 2414 918 Verbi.
2447 864 2695 922 Deseruit
2731 869 2932 934 omnia,
2974 884 3114 941 quae
3156 870 3299 928 intra
3328 874 3588 931 mundum
3625 877 3820 934 conti-

2229 963 2446 1022 nentur,
2473 959 2715 1015 ascendit
2741 960 2796 1016 in
2822 961 3012 1028 altum,
3038 960 3214 1020 factus
3261 972 3345 1020 est
3373 980 3477 1021 vox
3507 966 3694 1033 Verbi,
3734 969 3814 1023 ita

2228 1052 2288 1098 ut
2318 1045 2520 1101 nullam
2571 1048 2624 1104 in
2668 1063 2730 1104 se
2770 1047 3129 1107 substantiam
3172 1052 3451 1120 fateretur,
3501 1065 3727 1126 praeter
3766 1058 3821 1113 id

2227 1137 2369 1206 quod
2392 1141 2548 1192 extra
2569 1153 2784 1196 omnem
2813 1149 3120 1197 creaturam
3144 1158 3213 1198 ex
3247 1143 3573 1202 abundantia
3597 1148 3818 1218 gratiae

2226 1230 2457 1302 accepit,
2485 1246 2604 1288 esse
2632 1232 2884 1290 videlicet
2912 1250 3016 1290 vox
3045 1234 3229 1292 Verbi.
3259 1236 3375 1294 Hoc
3401 1247 3579 1294 autem
3607 1254 3820 1297 nomen

2223 1336 2332 1376 non
2377 1339 2407 1378 a
2437 1339 2496 1378 se
2531 1323 2668 1395 ipso,
2715 1325 2811 1382 sed
2857 1325 3014 1398 longe
3045 1335 3172 1384 ante
3216 1329 3285 1385 ab
3313 1329 3475 1386 Esaia
3523 1331 3814 1401 propheta,

2225 1413 2335 1470 imo
2384 1429 2414 1468 a
2464 1413 2667 1486 Spiritu
2721 1430 2908 1474 sancto
2947 1434 3044 1490 per
3085 1420 3298 1477 Esaiam
3336 1422 3440 1478 sibi
3471 1430 3556 1479 est
3582 1423 3817 1494 imposi-

2225 1511 2358 1560 tum.
2396 1503 2582 1576 Itaque
2619 1521 2720 1579 ego
2761 1524 2881 1564 sum
2922 1523 3064 1576 vox,
3094 1527 3202 1566 non
3232 1527 3350 1568 mea
3380 1528 3509 1580 vox,
3551 1512 3648 1569 sed
3695 1514 3816 1569 cla.

2221 1598 2423 1653 mantis
2465 1613 2600 1664 vox;
2643 1614 2748 1654 vox
2791 1599 2936 1655 enim
2972 1601 3198 1658 relative
3246 1603 3459 1660 dicitur.
3510 1603 3818 1660 Clamantis

2221 1685 2385 1757 igitur
2419 1688 2600 1755 Verbi,
2640 1689 2744 1746 hoc
2772 1700 2875 1757 est,
2921 1707 3021 1761 per
3054 1708 3275 1748 carnem
3307 1695 3678 1766 praedicantis
3706 1712 3816 1752 vox

2220 1788 2305 1834 est
2348 1779 2602 1837 Joannes.
2642 1782 2710 1837 Et
2738 1782 2828 1838 ubi
2874 1783 3078 1840 clamat
3115 1785 3378 1852 Verbum,
3406 1785 3561 1856 cujus
3589 1803 3697 1842 vox
3731 1797 3818 1845 est

534 1847 704 1920 liqua.
733 1853 872 1921 Quid
896 1863 1078 1913 autem
1095 1874 1200 1914 non
1217 1862 1452 1932 negavit,
1468 1866 1666 1935 etquid
1694 1867 1980 1926 confessus
1997 1871 2117 1926 est?
2145 1860 2194 1923 Β
2219 1869 2488 1928 Joannes?
2532 1871 2602 1928 In
2663 1874 2884 1930 deserto.
2952 1875 3065 1932 Hoc
3110 1847 3381 1932 desertum
3429 1847 3584 1933 niuLti
3622 1879 3817 1936 volunt

607 1941 746 2009 Quia
791 1961 894 2001 non
926 1964 1043 2003 sum
1087 1966 1180 2022 ego
1223 1950 1482 2010 Christus.
1514 1955 1784 2014 Putabant
1827 1961 1972 2016 enim
2016 1961 2114 2018 Ju-

533 2033 652 2088 daei
693 2032 953 2092 Joannem
987 2038 1291 2110 Baptistam
1337 2042 1612 2101 Christum
1660 2047 1848 2115 fuisse,
1882 2051 2008 2121 quia
2059 2053 2114 2108 in

532 2128 814 2196 prOphetis
847 2131 1215 2200 praedictum,
1268 2137 1413 2206 quod
1459 2138 1514 2193 in
1557 2141 1815 2196 mundum
1856 2155 2117 2204 venturus

536 2227 703 2274 esset.
768 2219 1036 2279 Putabant
1084 2240 1299 2296 quoque
1354 2243 1479 2283 eum
1527 2229 1736 2287 Heliam
1788 2231 2113 2305 Thesbiten,

533 2319 763 2380 propter
791 2310 1012 2368 nimiam
1044 2316 1127 2371 sui
1171 2316 1582 2389 abstinentiam,
1609 2331 1665 2378 et
1691 2325 2030 2393 castitatem,
2060 2336 2116 2386 et

528 2400 829 2458 solitariam
855 2405 1042 2472 vitam,
1069 2415 1124 2464 et
1161 2410 1520 2480 asperrimam
1567 2412 1885 2472 delictorum
1933 2433 2116 2489 repre-

526 2491 870 2562 hensionem,
912 2505 969 2552 et
1014 2499 1362 2557 durissimum
1409 2503 1682 2562 vindictae
1727 2506 1945 2566 futurae
1996 2519 2113 2567 ter-

531 2596 734 2638 rorem.
773 2585 841 2640 Et
899 2598 1118 2659 praeter
1159 2592 1262 2648 hoc
1322 2596 1612 2664 putabant,
1657 2613 1803 2666 eum,
1847 2599 2112 2659 Joannem

528 2672 668 2739 dico,
718 2691 883 2732 unum
931 2679 1165 2751 aliquem
1217 2697 1287 2741 ex
1339 2689 1620 2758 prophetis
1675 2691 1873 2748 iterum
1921 2709 2109 2752 surre-

527 2764 694 2834 xisse,
719 2767 964 2827 videntes
1001 2775 1292 2832 maximam
1324 2781 1641 2850 prOphetiae
1688 2784 1918 2856 gratiam
1945 2786 2001 2842 in
2043 2803 2111 2845 eo

525 2858 839 2953 profecisse.
873 2881 892 2914 ‹
927 2863 1042 2920 Νοη
1066 2882 1184 2923 sum
1211 2884 1313 2942 ego
1335 2890 1380 2938 ι,
1407 2873 1604 2944 inquit,
1634 2893 1652 2928 ‹
1685 2875 1957 2948 Christus,
1984 2883 2111 2953 quia

529 2948 732 3007 Christi
752 2968 1075 3024 praecursor
1097 2975 1215 3016 sum
1234 2971 1290 3017 et
1309 2978 1414 3019 vox
1437 2965 1726 3026 clamantis
1753 2970 1806 3025 in
1822 2948 2038 3031 deserto
2061 2993 2110 3031 ι.

599 3040 786 3099 Helias
819 3063 874 3101 es
907 3049 1012 3105 tu?
1051 3049 1120 3104 Et
1166 3052 1345 3108 dixit:
1369 3054 1493 3112 Non
1536 3075 1673 3114 sum.
1721 3059 1866 3119 Haec
1892 3067 2109 3137 negatio

526 3135 737 3193 duobus
771 3140 946 3196 modis
992 3143 1329 3214 intelligitur.
1373 3146 1488 3204 Non
1521 3165 1665 3219 sum,
1694 3152 1852 3220 dixit,
1899 3135 2101 3223 Helias,

521 3227 621 3284 sed
649 3227 706 3284 in
743 3230 936 3302 spiritu
963 3242 1019 3289 et
1068 3235 1266 3293 virtute
1308 3237 1426 3294 Heli
1468 3243 1612 3296 veni.
1659 3243 1792 3300 Item
1825 3261 1935 3302 non
1981 3222 2102 3305 sum
2133 3222 2180 3289 θ

521 3320 735 3390 Helias;
779 3323 867 3380 ille
909 3325 1055 3383 enim
1101 3327 1443 3388 solummodo
1488 3336 1775 3406 propheta,
1822 3353 1923 3410 ego
1973 3357 2104 3401 vero

521 3427 633 3469 non
677 3414 848 3472 solum
880 3419 1165 3490 propheta,
1214 3422 1309 3478 sed
1349 3433 1405 3479 et
1430 3440 1776 3495 praecursor.
1810 3429 1928 3488 Non
1958 3433 2104 3505 quod

527 3511 1073 3580 omnee.proplietae
1125 3528 1513 3584 praecursores
1568 3519 1769 3577 Christi
1807 3539 1914 3580 non
1971 3527 2105 3596 sint,

521 3602 620 3658 sed
669 3604 813 3674 quod
851 3605 1028 3663 nullus
1069 3611 1456 3680 prophetarum
1508 3614 1670 3678 simul
1711 3631 1833 3672 cum
1882 3617 2102 3676 Christo

520 3710 634 3753 uno
657 3697 956 3769 eodemque
982 3717 1124 3757 anno
1155 3713 1316 3760 natus
1341 3715 1445 3772 est,
1479 3695 1569 3777 Qui
1599 3707 1752 3765 fieret
1779 3726 2102 3781 praecursor

517 3801 691 3858 parvo
716 3790 892 3860 spatio
916 3791 1252 3864 interposito.
1284 3794 1550 3866 Propheta
1580 3815 1634 3854 es
1660 3800 1754 3855 tu?
1779 3799 2100 3872 Respondit:

517 3876 665 3937 Non.
682 3881 813 3938 Item
828 3883 1115 3956 dupliciter
1136 3888 1455 3962 intelligitur
1478 3911 1490 3948 :
1514 3900 1629 3960 aut,
1650 3896 1778 3964 quia
1800 3894 2098 3967 plusquam

514 3975 781 4046 pr0pheta
811 3987 922 4042 est,
968 3979 1108 4035 sicut
1141 3980 1209 4037 de
1236 3998 1302 4038 eo
1352 3981 1600 4042 Christus
1627 3987 1929 4058 praedicat,
1976 3988 2102 4047 ideo

518 4075 680 4136 negat
707 4081 766 4121 sc
795 4068 1114 4139 prophetam
1140 4087 1285 4140 esse,
1314 4086 1409 4129 aut
1455 4077 1599 4146 quod
1637 4079 1880 4149 opinioni
1910 4095 2101 4138 eorum

516 4159 816 4228 respondit.
840 4159 1109 4219 Putabant
1131 4165 1296 4231 enim,
1312 4164 1574 4224 Joannem
1603 4185 1767 4225 unum
1788 4187 1855 4227 ex
1872 4172 2103 4230 mortuis

514 4249 798 4320 prophetis
813 4254 1092 4322 praeteriti
1108 4257 1365 4328 temporis
1377 4256 1800 4332 fuisse.Aitergo
1817 4280 1830 4317 :
1846 4261 1963 4318 Non
1980 4280 2101 4320 sum

517 4355 661 4398 unus
682 4359 750 4399 ex
776 4345 908 4416 ipsis
931 4349 1235 4420 prophetis,
1249 4351 1317 4407 de
1328 4366 1558 4421 quorum
1572 4369 1799 4411 numero
1823 4357 2104 4413 existima-

513 4429 588 4486 tis
616 4447 701 4487 me
727 4437 1052 4505 surrexisse,
1075 4446 1130 4494 et
1151 4441 1586 4510 praesentialiter
1597 4444 1749 4501 vobis
1761 4447 2098 4518 praedicare.

589 4520 848 4579 Dixerunt
887 4543 1008 4598 ergo
1037 4528 1085 4583 ei
1116 4546 1136 4584 .'
1167 4529 1297 4596 Quis
1325 4533 1422 4586 es?
1457 4531 1517 4589 Si
1557 4533 1827 4604 Christus,
1872 4553 1966 4594 seu
1990 4536 2095 4595 He-

509 4613 637 4683 lias,
681 4631 776 4673 seu
817 4619 1012 4690 aliquis
1048 4623 1433 4694 prophetarum
1463 4641 1569 4683 non
1609 4642 1691 4696 es,
1723 4629 1832 4696 dic,
1862 4630 1984 4701 quis
2009 4645 2092 4698 es,

511 4723 583 4764 ne
634 4707 837 4781 absque
887 4728 1147 4784 responso
1195 4724 1359 4788 atque
1405 4715 1512 4772 ulla
1568 4719 1873 4791 cognitione
1918 4719 1988 4776 de
2039 4728 2095 4778 te

508 4802 577 4858 ad
616 4817 732 4870 eos,
776 4806 868 4876 qui
915 4823 1014 4864 nos
1075 4809 1370 4878 miserunt,
1415 4813 1734 4879 redeamus,
1781 4811 2098 4886 nullumque

507 4910 826 4967 responsum
863 4901 944 4956 eis
993 4902 1222 4959 reddere
1261 4905 1560 4961 valeamus.
1606 4905 1749 4973 Quid
1780 4907 1912 4964 dicis
1951 4909 2017 4966 de
2049 4919 2099 4967 te

504 4987 667 5056 ipso?
705 4987 1022 5048 Audivimns
1063 4993 1230 5060 enim,
1273 5004 1326 5051 te
1355 4995 1422 5050 de
1466 4995 1684 5054 Christo
1728 4999 2096 5069 praedicasse,

507 5078 576 5136 de
604 5089 655 5136 te
686 5092 865 5137 antem
897 5083 1014 5154 ipso
1050 5085 1126 5141 nil
1159 5086 1504 5144 manifestum
1532 5090 1756 5148 asseris.
1788 5090 1930 5160 Quid
1964 5106 2095 5164 ergo

506 5173 645 5230 dicis
679 5175 746 5231 de
775 5185 828 5232 te
863 5176 1015 5247 ipso?

583 5265 700 5338 Ego
723 5283 840 5322 sum
883 5285 981 5323 vox
1024 5267 1300 5326 clamantis
1335 5270 1390 5326 in
1422 5271 1645 5328 deserto.
1701 5271 1757 5327 Si
1802 5273 2090 5344 quaeritis,

504 5354 704 5426 inquit,
733 5359 862 5428 quid
910 5359 975 5414 de
1022 5376 1108 5415 me
1142 5360 1260 5430 ipso
1294 5360 1534 5432 profero,
1583 5361 1914 5433 cognoscite,
1961 5362 2089 5433 quia

503 5459 604 5519 ego
642 5463 762 5504 sum
800 5464 924 5507 vox.
963 5450 1079 5506 Non
1110 5451 1269 5518 dixit,
1327 5469 1344 5502 ι
1389 5451 1515 5521 quia
1564 5465 1665 5523 ego
1705 5468 1824 5507 sum
1852 5452 2016 5510 homo
2041 5473 2093 5522 ι,

2220 1961 2447 2034 intelligi
2477 1963 2543 2020 de
2571 1962 2794 2029 Judaea,
2823 1965 2996 2036 deque
3024 1973 3137 2022 toto
3163 1966 3349 2024 Israel.
3373 1967 3576 2024 Judaea
3609 1970 3816 2040 quippe

2219 2053 2275 2109 in
2323 2055 2596 2110 desertum
2644 2058 2866 2112 redacta
2907 2065 3021 2125 est,
3069 2058 3217 2114 omni
3265 2060 3448 2116 divino
3492 2061 3643 2118 cultu
3677 2078 3813 2117 eva-

2218 2157 2401 2213 cuata,
2422 2147 2868 2220 idololatriaeque
2887 2151 3136 2208 sordibus
3157 2153 3545 2218 contaminata,
3569 2153 3808 2224 legalem

2218 2236 2453 2293 litteram
2491 2237 2848 2306 solummodo,
2883 2241 3030 2297 omni
3069 2241 3338 2312 spirituali
3373 2258 3535 2298 sensu
3566 2258 3810 2299 evacua-

2218 2323 2330 2386 tam
2350 2372 2365 2398 ,
2395 2332 2624 2388 diversis
2652 2335 3127 2404 superstitionibus
3159 2336 3417 2408 pollutam
3448 2353 3720 2408 sequens;
3759 2346 3814 2394 et

2216 2438 2357 2494 quae
2384 2423 2535 2494 prius
2564 2423 2834 2481 confessio
2870 2426 3013 2482 dicta
3043 2437 3158 2494 est,
3191 2426 3396 2484 Judaea
3422 2430 3565 2484 enim
3597 2431 3809 2499 confes-

2214 2516 2294 2571 sio
2316 2516 2703 2587 interpretatur
2725 2530 2750 2558 α
2781 2559 2796 2584 ,
2821 2517 2877 2572 in
2927 2519 3265 2589 negationem
3318 2521 3537 2576 omnino
3563 2521 3813 2578 veritatis

2214 2621 2374 2663 versa
2404 2615 2507 2663 est.
2547 2607 2604 2662 In
2647 2607 2750 2663 hac
2790 2609 2969 2681 itaque
3001 2607 3286 2666 solitudine
3326 2619 3380 2665 et
3413 2626 3518 2666 vox
3549 2612 3717 2666 Verbi
3757 2620 3813 2668 et

2214 2698 2390 2770 ipsum
2422 2700 2653 2756 Verbum
2682 2700 2860 2773 primo
2885 2701 3234 2773 praedicavit.
3269 2700 3374 2757 Sed
3405 2718 3505 2758 cur
3530 2704 3684 2758 vocis
3710 2720 3806 2774 ap-

2212 2791 2505 2864 pellatione
2557 2803 2878 2863 praecursor
2921 2793 3086 2850 Verbi
3139 2793 3492 2866 signiﬁcatur,
3540 2811 3652 2851 non
3705 2797 3808 2850 im-

2213 2885 2410 2940 merito
2448 2884 2745 2954 quaeritur.
2797 2884 2894 2939 Est
2934 2883 3097 2956 igitur
3141 2899 3246 2940 vox
3294 2885 3563 2954 interpres
3614 2886 3806 2940 animi.

2213 2973 2386 3031 Omne
2413 2975 2582 3043 enim,
2610 2975 2755 3045 quod
2783 2975 2922 3030 intra
2951 2976 3299 3048 semetipsum
3328 2977 3479 3048 prius
3507 2977 3729 3032 animus
3755 2986 3810 3032 et

2211 3068 2414 3140 cogitat
2444 3076 2500 3124 et
2529 3068 2746 3124 ordinat
2779 3067 3142 3136 invisibiliter,
3179 3083 3278 3142 per
3303 3084 3492 3125 vocem
3527 3069 3580 3123 in
3613 3084 3811 3126 sensus

2212 3161 2545 3218 audientium
2589 3161 2918 3218 sensibiliter
2961 3160 3185 3233 profert.
3229 3162 3455 3220 Animus
3499 3164 3706 3233 itaque,
3758 3165 3808 3220 id

2209 3262 2319 3318 est,
2371 3252 2678 3310 intellectus
2721 3252 2994 3319 omnium,
3045 3249 3141 3310 Dei
3184 3253 3352 3309 Filius
3397 3263 3498 3309 est.
3547 3255 3669 3325 Ipse
3723 3263 3809 3310 est

2208 3345 2389 3413 enim,
2433 3353 2497 3401 ut
2538 3346 2616 3401 ait
2661 3354 2881 3401 sanctus
2923 3345 3284 3418 Augustinus,
3329 3347 3634 3403 intellectus
3685 3364 3809 3404 om-

2207 3436 2392 3503 nium,
2437 3436 2545 3492 imo
2587 3436 2788 3491 omnia.
2831 3435 2997 3506 Cujus
3035 3453 3359 3508 praecursor
3395 3437 3618 3509 pulchre
3650 3440 3809 3498 vocis

2207 3526 2471 3584 vocabulo
2500 3527 2834 3593 nominatur,
2871 3527 2996 3598 quia
3033 3527 3209 3598 primo
3237 3543 3334 3600 per
3372 3528 3545 3598 ipsum
3577 3529 3807 3586 demon-

2203 3626 2410 3675 Stratus
2435 3627 2518 3674 est
2543 3619 2763 3686 mundo,
2797 3618 2980 3676 dicens
3013 3639 3031 3672 ι
3069 3619 3213 3676 Ecce
3236 3635 3406 3691 agnus
3435 3621 3529 3676 Dei
3566 3640 3586 3672 ι
3619 3630 3678 3676 ει
3720 3638 3808 3678 re-

2205 3707 2372 3779 liqua.
2412 3708 2604 3765 Altiori
2637 3725 2765 3765 vero
2805 3710 3014 3766 theoria
3056 3710 3331 3766 desertum
3372 3710 3693 3782 intelligitur
3725 3712 3806 3766 di-

2203 3799 2363 3855 vinae
2403 3807 2632 3856 naturae
2671 3799 2740 3855 ab
2780 3801 3033 3857 omnibus
3074 3811 3316 3858 remotae
3355 3801 3639 3857 ineﬂ'abilis
3682 3804 3806 3858 atti-

2203 3890 2352 3946 tudo.
2383 3888 2664 3946 Deseritur
2688 3890 2834 3946 enim
2856 3892 2924 3947 ab
2950 3891 3096 3947 omni
3122 3902 3394 3960 creatura,
3421 3894 3551 3964 quia
3576 3903 3803 3965 supcrat

2201 3997 2419 4039 omnem
2452 3981 2803 4049 intellectum,
2827 3997 2951 4038 cum
2979 3983 3186 4039 nullum
3213 3983 3543 4041 intellectum
3572 3985 3798 4042 deserit.

2203 4072 2272 4128 Et
2309 4074 2411 4129 hoc
2441 4088 2638 4144 graeco
2667 4072 2905 4140 nomine,
2929 4074 3075 4142 quod
3103 4083 3189 4129 est
3215 4073 3421 4153 ἔρημος,
3451 4073 3572 4131 luce
3599 4073 3802 4132 clarius

2203 4164 2556 4238 significatur.
2589 4165 2808 4243 ἐρημια
2833 4166 3031 4238 quippe
3065 4165 3452 4238 interpretatur
3483 4169 3720 4225 remotio
3747 4177 3802 4225 et

2203 4257 2558 4326 excelsitudo,
2589 4259 2733 4330 quod
2766 4258 2987 4314 omnino
3013 4259 3229 4315 divinae
3258 4262 3512 4316 convenit
3545 4270 3797 4318 naturae.

2201 4349 2261 4406 In
2299 4350 2415 4420 ipso
2458 4350 2640 4422 itaque
2680 4349 2896 4406 deserto
2933 4348 3152 4407 divinae
3189 4350 3524 4408 celsitudinis
3556 4352 3798 4408 Verbum

2203 4441 2430 4508 clamat,
2468 4457 2567 4513 per
2599 4442 2743 4512 quod
2771 4441 2911 4498 facta
2938 4450 3064 4497 sunt
3093 4443 3294 4498 omnia.
3321 4441 3458 4498 Audi
3491 4443 3712 4516 Moysen
3745 4446 3798 4499 in

2203 4529 2402 4589 Genesi
2444 4531 2712 4588 dicentem
2752 4550 2767 4588 :
2809 4552 2828 4585 ι
2865 4532 3012 4588 Dixit
3053 4533 3195 4590 Deus
3224 4532 3384 4590 :Fiat
3427 4534 3517 4590 lux
3556 4555 3616 4602 ι,
3660 4536 3798 4593 dixit

2201 4625 2373 4682 Deus:
2395 4645 2414 4680 ε
2441 4626 2870 4685 Firmamentum
2900 4646 2920 4682 ι
2951 4643 2966 4695 ;
2995 4627 3244 4684 similiter
3271 4627 3324 4684 in
3345 4627 3601 4684 omnibus
3617 4627 3798 4699 operi.

2201 4718 2302 4776 bus
2330 4734 2425 4776 sex
2449 4720 2658 4776 dierum
2686 4720 2963 4793 praecedit
2995 4738 3010 4776 :
3047 4739 3068 4774 ι
3102 4720 3238 4777 dixit
3289 4721 3434 4777 Deus
3472 4739 3518 4776 ι.
3558 4719 3663 4777 Ubi
3703 4721 3798 4778 Dei

2205 4814 2426 4871 nomine
2447 4813 2662 4870 Patrem
2685 4813 3052 4887 intelligimus,
3080 4832 3100 4866 ι
3129 4814 3265 4870 dixit
3293 4832 3312 4868 ι
3339 4823 3519 4870 autem
3543 4813 3641 4869 Dei
3667 4814 3798 4870 Vero

2205 4907 2333 4964 bum
2361 4907 2651 4980 significat.
2682 4905 2895 4963 Clamat
2920 4909 3100 4976 itaque
3125 4905 3360 4962 Verbum
3391 4907 3485 4962 Dei
3519 4905 3575 4961 in
3616 4920 3797 4961 remo-

2207 4997 2418 5056 tissima
2445 4998 2657 5055 divinae
2685 4999 2942 5056 bonitatis
2967 4997 3277 5054 solitudine.
3308 4996 3525 5053 Clamor
3549 4996 3670 5065 ejus
3700 5012 3796 5051 na-

2205 5099 2452 5146 turarum
2482 5091 2722 5146 omnium
2748 5090 2988 5146 conditio
3015 5097 3117 5146 est.
3167 5088 3287 5160 Ipse
3323 5089 3466 5144 enim
3508 5097 3671 5143 vocat
3706 5103 3791 5154 ea,

2198 5197 2338 5257 quae
2365 5193 2520 5252 sunt,
2559 5181 2830 5255 tanquam
2843 5197 2982 5255 quae
3009 5199 3116 5238 non
3145 5190 3302 5248 sunt,
3333 5181 3457 5253 quia
3487 5195 3586 5250 per
3611 5180 3792 5252 ipsum

2199 5275 2344 5332 Deus
2382 5274 2546 5334 Pater
2582 5275 2856 5343 clamavit,
2897 5274 2950 5330 id
2989 5283 3102 5342 est,
3147 5275 3352 5331 creavit
3389 5281 3606 5339 cuncta,
3651 5285 3791 5343 quae

2199 5367 2318 5423 fieri
2369 5367 2558 5424 voluit.
2611 5367 2876 5424 Clamavit
2923 5367 3015 5426 ille
3061 5368 3420 5433 invisibiliter,
3471 5366 3788 5439 priusquam

2203 5458 2356 5514 fieret
2387 5457 2638 5528 mundus,
2666 5460 2927 5516 mundum
2957 5458 3094 5516 fieri.
3127 5457 3411 5526 Clamavit,
3443 5457 3496 5515 in
3525 5458 3787 5514 mundum

1710 5568 1964 5625 VARIAE
2001 5571 2402 5630 LECTIONES.

572 5781 608 5817 ι
642 5771 1003 5850 Hieronymus
1039 5792 1056 5834 :
1105 5776 1252 5835 Juda
1270 5818 1289 5848 ,
1349 5778 1623 5852 laudatio,
1671 5781 1947 5855 confessio.
2003 5711 2343 5857 myrin-iv
2362 5791 2575 5850 ducitur
2593 5806 2624 5848 a
2648 5791 2814 5852 verbo
2833 5797 2932 5879 rm
2967 5787 3124 5847 Hum.
3148 5783 3303 5877 min,
3325 5787 3380 5848 id
3397 5797 3502 5860 est,
3522 5785 3779 5857 conﬁteri.

583 5631 604 5664 ⁸
633 5632 752 5688 cod.
785 5634 1074 5690 doctrinam
1096 5645 1143 5692 et
1171 5635 1665 5708 manifestationem.
