  <div class='ocr_page' id='page_1' title='image "/cluster/home/n/w/nwhite01/storage/ocr_20150623/122/hvd.32044015471659/190.png"; bbox 0 0 4028 6274; ppageno 0'>
   <div class='ocr_carea' id='block_1_1' title="bbox 1223 323 2391 392">
    <p class='ocr_par' dir='ltr' id='par_1_1' title="bbox 1223 323 2391 392">
     <span class='ocr_line' id='line_1_1' title="bbox 1223 323 2391 392; baseline -0.009 0"><span class='ocrx_word' id='word_1_1' title='bbox 1223 328 1578 392; x_wconf 73' lang='lat' dir='ltr'><strong>COMMENT.</strong></span> <span class='ocrx_word' id='word_1_2' title='bbox 1615 330 1684 388; x_wconf 83' lang='lat' dir='ltr'><strong>IN</strong></span> <span class='ocrx_word' id='word_1_3' title='bbox 1720 328 1974 389; x_wconf 78' lang='lat' dir='ltr'><strong>EVANG.</strong></span> <span class='ocrx_word' id='word_1_4' title='bbox 2016 327 2164 386; x_wconf 84' lang='lat' dir='ltr'><strong>SEC.</strong></span> <span class='ocrx_word' id='word_1_5' title='bbox 2201 323 2391 384; x_wconf 82' lang='lat' dir='ltr'><strong>JOAN.</strong></span> 
     </span>
    </p>
   </div>
   <div class='ocr_carea' id='block_1_2' title="bbox 3369 315 3476 378">
    <p class='ocr_par' dir='ltr' id='par_1_2' title="bbox 3369 315 3476 378">
     <span class='ocr_line' id='line_1_2' title="bbox 3369 315 3476 378; baseline 0 0"><span class='ocrx_word' id='word_1_6' title='bbox 3369 315 3476 378; x_wconf 72' lang='lat'><strong>506</strong></span> 
     </span>
    </p>
   </div>
   <div class='ocr_carea' id='block_1_3' title="bbox 190 433 3476 520">
    <p class='ocr_par' dir='ltr' id='par_1_3' title="bbox 190 433 3476 520">
     <span class='ocr_line' id='line_1_3' title="bbox 190 433 3476 520; baseline -0.009 -4"><span class='ocrx_word' id='word_1_7' title='bbox 190 456 445 520; x_wconf 79' lang='lat' dir='ltr'><strong>veniens,</strong></span> <span class='ocrx_word' id='word_1_8' title='bbox 473 449 758 508; x_wconf 87' lang='lat' dir='ltr'><strong>visibiliter</strong></span> <span class='ocrx_word' id='word_1_9' title='bbox 781 448 1044 507; x_wconf 90' lang='lat' dir='ltr'><strong>mundum</strong></span> <span class='ocrx_word' id='word_1_10' title='bbox 1081 449 1302 506; x_wconf 87' lang='lat' dir='ltr'><strong>salvari.</strong></span> <span class='ocrx_word' id='word_1_11' title='bbox 1341 448 1500 504; x_wconf 87' lang='lat' dir='ltr'><strong>Prius</strong></span> <span class='ocrx_word' id='word_1_12' title='bbox 1527 443 1782 504; x_wconf 73' lang='lat' dir='ltr'><strong>clamavit</strong></span> <span class='ocrx_word' id='word_1_13' title='bbox 1806 444 1860 507; x_wconf 73' lang='grc' dir='ltr'><strong>Α</strong></span> <span class='ocrx_word' id='word_1_14' title='bbox 1885 444 2092 500; x_wconf 83' lang='lat' dir='ltr'><strong>rexisse</strong></span> <span class='ocrx_word' id='word_1_15' title='bbox 2131 457 2197 496; x_wconf 91' lang='lat' dir='ltr'><strong>ac</strong></span> <span class='ocrx_word' id='word_1_16' title='bbox 2235 440 2564 511; x_wconf 83' lang='lat' dir='ltr'><strong>baptizasse.</strong></span> <span class='ocrx_word' id='word_1_17' title='bbox 2614 438 2693 495; x_wconf 82' lang='lat' dir='ltr'><strong>Ac</strong></span> <span class='ocrx_word' id='word_1_18' title='bbox 2740 452 2837 510; x_wconf 89' lang='lat' dir='ltr'><strong>per</strong></span> <span class='ocrx_word' id='word_1_19' title='bbox 2871 436 2983 520; x_wconf 83' lang='lat' dir='ltr'><strong>hoc</strong></span> <span class='ocrx_word' id='word_1_20' title='bbox 3029 450 3138 493; x_wconf 88' lang='lat' dir='ltr'><strong>non</strong></span> <span class='ocrx_word' id='word_1_21' title='bbox 3175 433 3476 506; x_wconf 83' lang='lat' dir='ltr'><strong>interroga-</strong></span> 
     </span>
    </p>
   </div>
   <div class='ocr_carea' id='block_1_4' title="bbox 194 527 1782 615">
    <p class='ocr_par' dir='ltr' id='par_1_4' title="bbox 194 527 1782 615">
     <span class='ocr_line' id='line_1_4' title="bbox 194 527 1782 615; baseline -0.008 -9"><span class='ocrx_word' id='word_1_22' title='bbox 194 545 554 606; x_wconf 84' lang='lat' dir='ltr'><strong>aeternaliter</strong></span> <span class='ocrx_word' id='word_1_23' title='bbox 577 559 674 615; x_wconf 90' lang='lat' dir='ltr'><strong>per</strong></span> <span class='ocrx_word' id='word_1_24' title='bbox 701 541 876 598; x_wconf 89' lang='lat' dir='ltr'><strong>solam</strong></span> <span class='ocrx_word' id='word_1_25' title='bbox 903 556 1054 598; x_wconf 91' lang='lat' dir='ltr'><strong>suam</strong></span> <span class='ocrx_word' id='word_1_26' title='bbox 1085 540 1420 597; x_wconf 78' lang='lat' dir='ltr'><strong>divinitatem</strong></span> <span class='ocrx_word' id='word_1_27' title='bbox 1450 549 1574 594; x_wconf 90' lang='lat' dir='ltr'><strong>ante</strong></span> <span class='ocrx_word' id='word_1_28' title='bbox 1600 527 1782 594; x_wconf 78' lang='lat' dir='ltr'><strong>incar-</strong></span> 
     </span>
    </p>
   </div>
   <div class='ocr_carea' id='block_1_5' title="bbox 192 627 1788 706">
    <p class='ocr_par' dir='ltr' id='par_1_5' title="bbox 192 627 1788 706">
     <span class='ocr_line' id='line_1_5' title="bbox 192 627 1788 706; baseline -0.01 -6"><span class='ocrx_word' id='word_1_29' title='bbox 192 641 508 706; x_wconf 77' lang='lat' dir='ltr'><strong>nationem;</strong></span> <span class='ocrx_word' id='word_1_30' title='bbox 565 635 817 693; x_wconf 88' lang='lat' dir='ltr'><strong>clamavit</strong></span> <span class='ocrx_word' id='word_1_31' title='bbox 864 644 1052 706; x_wconf 90' lang='lat' dir='ltr'><strong>postea</strong></span> <span class='ocrx_word' id='word_1_32' title='bbox 1091 647 1188 704; x_wconf 91' lang='lat' dir='ltr'><strong>per</strong></span> <span class='ocrx_word' id='word_1_33' title='bbox 1232 647 1385 688; x_wconf 87' lang='lat' dir='ltr'><strong>suam</strong></span> <span class='ocrx_word' id='word_1_34' title='bbox 1431 645 1668 687; x_wconf 87' lang='lat' dir='ltr'><strong>carnem.</strong></span> <span class='ocrx_word' id='word_1_35' title='bbox 1719 627 1788 684; x_wconf 87' lang='lat' dir='ltr'><strong>Et</strong></span> 
     </span>
    </p>
   </div>
   <div class='ocr_carea' id='block_1_6' title="bbox 193 722 1786 806">
    <p class='ocr_par' dir='ltr' id='par_1_6' title="bbox 193 722 1786 806">
     <span class='ocr_line' id='line_1_6' title="bbox 193 722 1786 806; baseline -0.008 -17"><span class='ocrx_word' id='word_1_36' title='bbox 193 734 330 806; x_wconf 83' lang='lat' dir='ltr'><strong>quid</strong></span> <span class='ocrx_word' id='word_1_37' title='bbox 354 732 444 786; x_wconf 89' lang='lat' dir='ltr'><strong>illa</strong></span> <span class='ocrx_word' id='word_1_38' title='bbox 465 746 568 785; x_wconf 79' lang='lat' dir='ltr'><strong>vox</strong></span> <span class='ocrx_word' id='word_1_39' title='bbox 592 728 728 798; x_wconf 86' lang='lat' dir='ltr'><strong>ejus,</strong></span> <span class='ocrx_word' id='word_1_40' title='bbox 757 729 861 784; x_wconf 90' lang='lat' dir='ltr'><strong>hoc</strong></span> <span class='ocrx_word' id='word_1_41' title='bbox 884 735 968 783; x_wconf 90' lang='lat' dir='ltr'><strong>est</strong></span> <span class='ocrx_word' id='word_1_42' title='bbox 993 741 1318 797; x_wconf 86' lang='lat' dir='ltr'><strong>praecursor</strong></span> <span class='ocrx_word' id='word_1_43' title='bbox 1331 723 1470 794; x_wconf 84' lang='lat' dir='ltr'><strong>ejus,</strong></span> <span class='ocrx_word' id='word_1_44' title='bbox 1487 722 1786 778; x_wconf 78' lang='lat' dir='ltr'><strong>vociferat?</strong></span> 
     </span>
    </p>
   </div>
   <div class='ocr_carea' id='block_1_7' title="bbox 191 817 1784 894">
    <p class='ocr_par' dir='ltr' id='par_1_7' title="bbox 191 817 1784 894">
     <span class='ocr_line' id='line_1_7' title="bbox 191 817 1784 894; baseline -0.008 -12"><span class='ocrx_word' id='word_1_45' title='bbox 191 826 361 882; x_wconf 75' lang='lat' dir='ltr'><strong>Audi.</strong></span> <span class='ocrx_word' id='word_1_46' title='bbox 394 823 613 894; x_wconf 84' lang='lat' dir='ltr'><strong>Dirigite</strong></span> <span class='ocrx_word' id='word_1_47' title='bbox 639 821 776 875; x_wconf 85' lang='lat' dir='ltr'><strong>viam</strong></span> <span class='ocrx_word' id='word_1_48' title='bbox 805 819 1034 874; x_wconf 82' lang='lat' dir='ltr'><strong>Domini.</strong></span> <span class='ocrx_word' id='word_1_49' title='bbox 1063 818 1203 887; x_wconf 85' lang='lat' dir='ltr'><strong>Quid</strong></span> <span class='ocrx_word' id='word_1_50' title='bbox 1227 826 1310 875; x_wconf 91' lang='lat' dir='ltr'><strong>est</strong></span> <span class='ocrx_word' id='word_1_51' title='bbox 1341 835 1359 869; x_wconf 73' lang='grc' dir='ltr'><strong>ε</strong></span> <span class='ocrx_word' id='word_1_52' title='bbox 1394 817 1619 886; x_wconf 85' lang='lat' dir='ltr'><strong>Dirigite</strong></span> <span class='ocrx_word' id='word_1_53' title='bbox 1642 817 1784 871; x_wconf 91' lang='lat' dir='ltr'><strong>viam</strong></span> 
     </span>
    </p>
   </div>
   <div class='ocr_carea' id='block_1_8' title="bbox 194 910 1784 984">
    <p class='ocr_par' dir='ltr' id='par_1_8' title="bbox 194 910 1784 984">
     <span class='ocr_line' id='line_1_8' title="bbox 194 910 1784 984; baseline -0.006 -11"><span class='ocrx_word' id='word_1_54' title='bbox 194 917 414 974; x_wconf 87' lang='lat' dir='ltr'><strong>Domini</strong></span> <span class='ocrx_word' id='word_1_55' title='bbox 461 916 524 970; x_wconf 72' lang='lat' dir='ltr'><strong>si</strong></span> <span class='ocrx_word' id='word_1_56' title='bbox 562 915 753 971; x_wconf 79' lang='lat' dir='ltr'><strong>Nonne</strong></span> <span class='ocrx_word' id='word_1_57' title='bbox 777 914 920 984; x_wconf 91' lang='lat' dir='ltr'><strong>quod</strong></span> <span class='ocrx_word' id='word_1_58' title='bbox 951 913 1213 984; x_wconf 87' lang='lat' dir='ltr'><strong>sequitur,</strong></span> <span class='ocrx_word' id='word_1_59' title='bbox 1251 931 1271 964; x_wconf 78' lang='lat' dir='ltr'><strong>r</strong></span> <span class='ocrx_word' id='word_1_60' title='bbox 1305 921 1483 966; x_wconf 90' lang='lat' dir='ltr'><strong>rectas</strong></span> <span class='ocrx_word' id='word_1_61' title='bbox 1510 910 1667 966; x_wconf 83' lang='lat' dir='ltr'><strong>facile</strong></span> <span class='ocrx_word' id='word_1_62' title='bbox 1695 925 1784 965; x_wconf 78' lang='lat' dir='ltr'><strong>se-</strong></span> 
     </span>
    </p>
   </div>
   <div class='ocr_carea' id='block_1_9' title="bbox 193 1001 1786 1076">
    <p class='ocr_par' dir='ltr' id='par_1_9' title="bbox 193 1001 1786 1076">
     <span class='ocr_line' id='line_1_9' title="bbox 193 1001 1786 1076; baseline -0.005 -13"><span class='ocrx_word' id='word_1_63' title='bbox 193 1010 362 1063; x_wconf 88' lang='lat' dir='ltr'><strong>mitas</strong></span> <span class='ocrx_word' id='word_1_64' title='bbox 391 1005 453 1060; x_wconf 83' lang='lat' dir='ltr'><strong>s?</strong></span> <span class='ocrx_word' id='word_1_65' title='bbox 483 1005 706 1076; x_wconf 88' lang='lat' dir='ltr'><strong>Dirigite</strong></span> <span class='ocrx_word' id='word_1_66' title='bbox 737 1019 868 1075; x_wconf 89' lang='lat' dir='ltr'><strong>ergo</strong></span> <span class='ocrx_word' id='word_1_67' title='bbox 897 1004 1041 1058; x_wconf 91' lang='lat' dir='ltr'><strong>viam</strong></span> <span class='ocrx_word' id='word_1_68' title='bbox 1070 1001 1314 1066; x_wconf 89' lang='lat' dir='ltr'><strong>Domini,</strong></span> <span class='ocrx_word' id='word_1_69' title='bbox 1358 1001 1460 1056; x_wconf 92' lang='lat' dir='ltr'><strong>hoc</strong></span> <span class='ocrx_word' id='word_1_70' title='bbox 1494 1008 1606 1066; x_wconf 91' lang='lat' dir='ltr'><strong>est,</strong></span> <span class='ocrx_word' id='word_1_71' title='bbox 1641 1007 1786 1055; x_wconf 87' lang='lat' dir='ltr'><strong>recte</strong></span> 
     </span>
    </p>
   </div>
   <div class='ocr_carea' id='block_1_10' title="bbox 192 1092 1788 1167">
    <p class='ocr_par' dir='ltr' id='par_1_10' title="bbox 192 1092 1788 1167">
     <span class='ocr_line' id='line_1_10' title="bbox 192 1092 1788 1167; baseline -0.004 -15"><span class='ocrx_word' id='word_1_72' title='bbox 192 1097 510 1167; x_wconf 77' lang='lat' dir='ltr'><strong>praedicata</strong></span> <span class='ocrx_word' id='word_1_73' title='bbox 548 1105 607 1152; x_wconf 93' lang='lat' dir='ltr'><strong>et</strong></span> <span class='ocrx_word' id='word_1_74' title='bbox 645 1095 851 1151; x_wconf 85' lang='lat' dir='ltr'><strong>credite</strong></span> <span class='ocrx_word' id='word_1_75' title='bbox 889 1093 1194 1158; x_wconf 92' lang='lat' dir='ltr'><strong>Dominum,</strong></span> <span class='ocrx_word' id='word_1_76' title='bbox 1243 1093 1335 1164; x_wconf 89' lang='lat' dir='ltr'><strong>qui</strong></span> <span class='ocrx_word' id='word_1_77' title='bbox 1375 1092 1460 1147; x_wconf 90' lang='lat' dir='ltr'><strong>via</strong></span> <span class='ocrx_word' id='word_1_78' title='bbox 1501 1100 1604 1158; x_wconf 92' lang='lat' dir='ltr'><strong>est,</strong></span> <span class='ocrx_word' id='word_1_79' title='bbox 1648 1092 1788 1147; x_wconf 86' lang='lat' dir='ltr'><strong>sicut</strong></span> 
     </span>
    </p>
   </div>
   <div class='ocr_carea' id='block_1_11' title="bbox 193 1183 1785 1259">
    <p class='ocr_par' dir='ltr' id='par_1_11' title="bbox 193 1183 1785 1259">
     <span class='ocr_line' id='line_1_11' title="bbox 193 1183 1785 1259; baseline -0.003 -16"><span class='ocrx_word' id='word_1_80' title='bbox 193 1188 316 1259; x_wconf 76' lang='lat' dir='ltr'><strong>ipse</strong></span> <span class='ocrx_word' id='word_1_81' title='bbox 341 1189 416 1242; x_wconf 88' lang='lat' dir='ltr'><strong>ait</strong></span> <span class='ocrx_word' id='word_1_82' title='bbox 445 1204 459 1241; x_wconf 90' lang='lat'><strong>:</strong></span> <span class='ocrx_word' id='word_1_83' title='bbox 495 1205 515 1238; x_wconf 71' lang='grc' dir='ltr'><strong><em>ι</em></strong></span> <span class='ocrx_word' id='word_1_84' title='bbox 548 1186 660 1258; x_wconf 85' lang='lat' dir='ltr'><strong>Ego</strong></span> <span class='ocrx_word' id='word_1_85' title='bbox 685 1201 806 1241; x_wconf 90' lang='lat' dir='ltr'><strong>sum</strong></span> <span class='ocrx_word' id='word_1_86' title='bbox 835 1185 923 1241; x_wconf 89' lang='lat' dir='ltr'><strong>via</strong></span> <span class='ocrx_word' id='word_1_87' title='bbox 951 1194 1006 1241; x_wconf 92' lang='lat' dir='ltr'><strong>et</strong></span> <span class='ocrx_word' id='word_1_88' title='bbox 1031 1185 1233 1242; x_wconf 89' lang='lat' dir='ltr'><strong>veritas</strong></span> <span class='ocrx_word' id='word_1_89' title='bbox 1261 1184 1436 1241; x_wconf 89' lang='lat' dir='ltr'><strong>etvita</strong></span> <span class='ocrx_word' id='word_1_90' title='bbox 1461 1183 1704 1240; x_wconf 68' lang='lat' dir='ltr'><strong>».Potest</strong></span> <span class='ocrx_word' id='word_1_91' title='bbox 1729 1190 1785 1240; x_wconf 91' lang='lat' dir='ltr'><strong>et</strong></span> 
     </span>
    </p>
   </div>
   <div class='ocr_carea' id='block_1_12' title="bbox 191 1278 1786 1352">
    <p class='ocr_par' dir='ltr' id='par_1_12' title="bbox 191 1278 1786 1352">
     <span class='ocr_line' id='line_1_12' title="bbox 191 1278 1786 1352; baseline 0.001 -18"><span class='ocrx_word' id='word_1_92' title='bbox 191 1280 280 1336; x_wconf 85' lang='lat' dir='ltr'><strong>sic</strong></span> <span class='ocrx_word' id='word_1_93' title='bbox 305 1279 562 1351; x_wconf 72' lang='lat' dir='ltr'><strong>intelligi:</strong></span> <span class='ocrx_word' id='word_1_94' title='bbox 590 1297 610 1331; x_wconf 69' lang='grc' dir='ltr'>ι</span> <span class='ocrx_word' id='word_1_95' title='bbox 637 1278 862 1352; x_wconf 80' lang='lat' dir='ltr'><strong>Dirigjte</strong></span> <span class='ocrx_word' id='word_1_96' title='bbox 887 1278 1031 1333; x_wconf 89' lang='lat' dir='ltr'><strong>viam</strong></span> <span class='ocrx_word' id='word_1_97' title='bbox 1059 1278 1270 1334; x_wconf 87' lang='lat' dir='ltr'><strong>Domini</strong></span> <span class='ocrx_word' id='word_1_98' title='bbox 1297 1297 1342 1344; x_wconf 80' lang='grc' dir='ltr'><strong>ι,</strong></span> <span class='ocrx_word' id='word_1_99' title='bbox 1375 1278 1478 1335; x_wconf 89' lang='lat' dir='ltr'><strong>hoc</strong></span> <span class='ocrx_word' id='word_1_100' title='bbox 1503 1287 1604 1344; x_wconf 91' lang='lat' dir='ltr'><strong>est,</strong></span> <span class='ocrx_word' id='word_1_101' title='bbox 1636 1285 1786 1335; x_wconf 89' lang='lat' dir='ltr'><strong>recte</strong></span> 
     </span>
    </p>
   </div>
   <div class='ocr_carea' id='block_1_13' title="bbox 190 1369 1782 1442">
    <p class='ocr_par' dir='ltr' id='par_1_13' title="bbox 190 1369 1782 1442">
     <span class='ocr_line' id='line_1_13' title="bbox 190 1369 1782 1442; baseline -0.001 -16"><span class='ocrx_word' id='word_1_102' title='bbox 190 1371 407 1428; x_wconf 83' lang='lat' dir='ltr'><strong>credite</strong></span> <span class='ocrx_word' id='word_1_103' title='bbox 437 1372 490 1426; x_wconf 93' lang='lat' dir='ltr'><strong>in</strong></span> <span class='ocrx_word' id='word_1_104' title='bbox 526 1371 832 1426; x_wconf 90' lang='lat' dir='ltr'><strong>Dominum.</strong></span> <span class='ocrx_word' id='word_1_105' title='bbox 862 1369 978 1426; x_wconf 84' lang='lat' dir='ltr'><strong>Non</strong></span> <span class='ocrx_word' id='word_1_106' title='bbox 1011 1370 1155 1426; x_wconf 90' lang='lat' dir='ltr'><strong>enim</strong></span> <span class='ocrx_word' id='word_1_107' title='bbox 1186 1386 1283 1442; x_wconf 89' lang='lat' dir='ltr'><strong>per</strong></span> <span class='ocrx_word' id='word_1_108' title='bbox 1313 1369 1474 1425; x_wconf 90' lang='lat' dir='ltr'><strong>aliam</strong></span> <span class='ocrx_word' id='word_1_109' title='bbox 1504 1369 1644 1425; x_wconf 89' lang='lat' dir='ltr'><strong>viam</strong></span> <span class='ocrx_word' id='word_1_110' title='bbox 1676 1369 1782 1425; x_wconf 81' lang='lat' dir='ltr'><strong>Do-</strong></span> 
     </span>
    </p>
   </div>
   <div class='ocr_carea' id='block_1_14' title="bbox 190 1461 1782 1532">
    <p class='ocr_par' dir='ltr' id='par_1_14' title="bbox 190 1461 1782 1532">
     <span class='ocr_line' id='line_1_14' title="bbox 190 1461 1782 1532; baseline -0.001 -15"><span class='ocrx_word' id='word_1_111' title='bbox 190 1462 382 1518; x_wconf 84' lang='lat' dir='ltr'><strong>minus</strong></span> <span class='ocrx_word' id='word_1_112' title='bbox 421 1462 586 1518; x_wconf 89' lang='lat' dir='ltr'><strong>corda</strong></span> <span class='ocrx_word' id='word_1_113' title='bbox 635 1462 912 1517; x_wconf 89' lang='lat' dir='ltr'><strong>hominum</strong></span> <span class='ocrx_word' id='word_1_114' title='bbox 957 1462 1272 1531; x_wconf 72' lang='lat' dir='ltr'><strong>ingreditur,</strong></span> <span class='ocrx_word' id='word_1_115' title='bbox 1317 1461 1418 1516; x_wconf 90' lang='lat' dir='ltr'><strong>nisi</strong></span> <span class='ocrx_word' id='word_1_116' title='bbox 1465 1476 1560 1532; x_wconf 92' lang='lat' dir='ltr'><strong>pcr</strong></span> <span class='ocrx_word' id='word_1_117' title='bbox 1600 1462 1782 1528; x_wconf 89' lang='lat' dir='ltr'><strong>ﬁdem,</strong></span> 
     </span>
    </p>
   </div>
   <div class='ocr_carea' id='block_1_15' title="bbox 189 1552 1780 1624">
    <p class='ocr_par' dir='ltr' id='par_1_15' title="bbox 189 1552 1780 1624">
     <span class='ocr_line' id='line_1_15' title="bbox 189 1552 1780 1624; baseline 0.001 -17"><span class='ocrx_word' id='word_1_118' title='bbox 189 1568 339 1624; x_wconf 85' lang='lat' dir='ltr'><strong>quae</strong></span> <span class='ocrx_word' id='word_1_119' title='bbox 388 1554 472 1608; x_wconf 87' lang='lat' dir='ltr'><strong>via</strong></span> <span class='ocrx_word' id='word_1_120' title='bbox 515 1562 599 1610; x_wconf 88' lang='lat' dir='ltr'><strong>est</strong></span> <span class='ocrx_word' id='word_1_121' title='bbox 643 1553 877 1609; x_wconf 89' lang='lat' dir='ltr'><strong>Domini.</strong></span> <span class='ocrx_word' id='word_1_122' title='bbox 921 1552 1072 1608; x_wconf 81' lang='lat' dir='ltr'><strong>Sicut</strong></span> <span class='ocrx_word' id='word_1_123' title='bbox 1115 1553 1249 1608; x_wconf 76' lang='lat' dir='ltr'><strong>dixit</strong></span> <span class='ocrx_word' id='word_1_124' title='bbox 1281 1552 1470 1608; x_wconf 81' lang='lat' dir='ltr'><strong>Esaias</strong></span> <span class='ocrx_word' id='word_1_125' title='bbox 1511 1553 1780 1623; x_wconf 80' lang='lat' dir='ltr'><strong>propheta.</strong></span> 
     </span>
    </p>
   </div>
   <div class='ocr_carea' id='block_1_16' title="bbox 190 1642 1785 1715">
    <p class='ocr_par' dir='ltr' id='par_1_16' title="bbox 190 1642 1785 1715">
     <span class='ocr_line' id='line_1_16' title="bbox 190 1642 1785 1715; baseline 0.002 -17"><span class='ocrx_word' id='word_1_126' title='bbox 190 1642 404 1700; x_wconf 74' lang='lat' dir='ltr'><strong>Videas</strong></span> <span class='ocrx_word' id='word_1_127' title='bbox 427 1644 756 1715; x_wconf 76' lang='lat' dir='ltr'><strong>evangelista</strong></span> <span class='ocrx_word' id='word_1_128' title='bbox 787 1645 1108 1700; x_wconf 89' lang='lat' dir='ltr'><strong>sententiam</strong></span> <span class='ocrx_word' id='word_1_129' title='bbox 1119 1645 1310 1700; x_wconf 89' lang='lat' dir='ltr'><strong>Esaiae</strong></span> <span class='ocrx_word' id='word_1_130' title='bbox 1337 1644 1402 1699; x_wconf 92' lang='lat' dir='ltr'><strong>de</strong></span> <span class='ocrx_word' id='word_1_131' title='bbox 1431 1659 1785 1715; x_wconf 89' lang='lat' dir='ltr'><strong>praecursore</strong></span> 
     </span>
    </p>
   </div>
   <div class='ocr_carea' id='block_1_17' title="bbox 191 1737 1784 1812">
    <p class='ocr_par' dir='ltr' id='par_1_17' title="bbox 191 1737 1784 1812">
     <span class='ocr_line' id='line_1_17' title="bbox 191 1737 1784 1812; baseline -0.001 -18"><span class='ocrx_word' id='word_1_132' title='bbox 191 1737 415 1794; x_wconf 89' lang='lat' dir='ltr'><strong>Domini</strong></span> <span class='ocrx_word' id='word_1_133' title='bbox 459 1739 514 1795; x_wconf 91' lang='lat' dir='ltr'><strong>in</strong></span> <span class='ocrx_word' id='word_1_134' title='bbox 560 1738 852 1812; x_wconf 83' lang='lat' dir='ltr'><strong>Evangelia</strong></span> <span class='ocrx_word' id='word_1_135' title='bbox 893 1739 1186 1796; x_wconf 87' lang='lat' dir='ltr'><strong>secundum</strong></span> <span class='ocrx_word' id='word_1_136' title='bbox 1230 1738 1430 1796; x_wconf 87' lang='lat' dir='ltr'><strong>Lucam</strong></span> <span class='ocrx_word' id='word_1_137' title='bbox 1474 1739 1784 1810; x_wconf 85' lang='lat' dir='ltr'><strong>plenissime</strong></span> 
     </span>
    </p>
   </div>
   <div class='ocr_carea' id='block_1_18' title="bbox 191 1815 1860 1904">
    <p class='ocr_par' dir='ltr' id='par_1_18' title="bbox 191 1815 1860 1904">
     <span class='ocr_line' id='line_1_18' title="bbox 191 1815 1860 1904; baseline 0 -16"><span class='ocrx_word' id='word_1_138' title='bbox 191 1833 457 1903; x_wconf 86' lang='lat' dir='ltr'><strong>scriptam</strong></span> <span class='ocrx_word' id='word_1_139' title='bbox 478 1874 494 1899; x_wconf 97' lang='lat'><strong>,</strong></span> <span class='ocrx_word' id='word_1_140' title='bbox 538 1832 899 1889; x_wconf 89' lang='lat' dir='ltr'><strong>intermittere</strong></span> <span class='ocrx_word' id='word_1_141' title='bbox 931 1833 1132 1900; x_wconf 89' lang='lat' dir='ltr'><strong>voluit,</strong></span> <span class='ocrx_word' id='word_1_142' title='bbox 1175 1850 1245 1891; x_wconf 90' lang='lat' dir='ltr'><strong>ne</strong></span> <span class='ocrx_word' id='word_1_143' title='bbox 1282 1835 1559 1890; x_wconf 80' lang='lat' dir='ltr'><strong>videretur</strong></span> <span class='ocrx_word' id='word_1_144' title='bbox 1591 1849 1780 1904; x_wconf 90' lang='lat' dir='ltr'><strong>supcr-</strong></span> <span class='ocrx_word' id='word_1_145' title='bbox 1809 1815 1860 1878; x_wconf 78' lang='grc' dir='ltr'><strong>Β</strong></span> 
     </span>
    </p>
   </div>
   <div class='ocr_carea' id='block_1_19' title="bbox 193 1926 1785 1999">
    <p class='ocr_par' dir='ltr' id='par_1_19' title="bbox 193 1926 1785 1999">
     <span class='ocr_line' id='line_1_19' title="bbox 193 1926 1785 1999; baseline 0.003 -19"><span class='ocrx_word' id='word_1_146' title='bbox 193 1927 398 1992; x_wconf 83' lang='lat' dir='ltr'><strong>linum,</strong></span> <span class='ocrx_word' id='word_1_147' title='bbox 431 1926 654 1982; x_wconf 89' lang='lat' dir='ltr'><strong>eandem</strong></span> <span class='ocrx_word' id='word_1_148' title='bbox 687 1929 1010 1983; x_wconf 91' lang='lat' dir='ltr'><strong>sententiam</strong></span> <span class='ocrx_word' id='word_1_149' title='bbox 1039 1928 1413 1999; x_wconf 88' lang='lat' dir='ltr'><strong>recapitulare.</strong></span> <span class='ocrx_word' id='word_1_150' title='bbox 1449 1929 1504 1984; x_wconf 86' lang='lat' dir='ltr'><strong>In</strong></span> <span class='ocrx_word' id='word_1_151' title='bbox 1537 1931 1640 1985; x_wconf 91' lang='lat' dir='ltr'><strong>hoc</strong></span> <span class='ocrx_word' id='word_1_152' title='bbox 1669 1929 1785 1985; x_wconf 91' lang='lat' dir='ltr'><strong>loco</strong></span> 
     </span>
    </p>
   </div>
   <div class='ocr_carea' id='block_1_20' title="bbox 192 2017 1786 2092">
    <p class='ocr_par' dir='ltr' id='par_1_20' title="bbox 192 2017 1786 2092">
     <span class='ocr_line' id='line_1_20' title="bbox 192 2017 1786 2092; baseline 0.002 -19"><span class='ocrx_word' id='word_1_153' title='bbox 192 2018 265 2073; x_wconf 86' lang='lat' dir='ltr'><strong>de</strong></span> <span class='ocrx_word' id='word_1_154' title='bbox 295 2017 540 2088; x_wconf 82' lang='lat' dir='ltr'><strong>mysticis</strong></span> <span class='ocrx_word' id='word_1_155' title='bbox 581 2021 952 2089; x_wconf 80' lang='lat' dir='ltr'><strong>praecursoris</strong></span> <span class='ocrx_word' id='word_1_156' title='bbox 985 2021 1294 2078; x_wconf 88' lang='lat' dir='ltr'><strong>nominibus</strong></span> <span class='ocrx_word' id='word_1_157' title='bbox 1332 2037 1501 2092; x_wconf 89' lang='lat' dir='ltr'><strong>pauca</strong></span> <span class='ocrx_word' id='word_1_158' title='bbox 1547 2021 1786 2077; x_wconf 87' lang='lat' dir='ltr'><strong>inserere</strong></span> 
     </span>
    </p>
   </div>
   <div class='ocr_carea' id='block_1_21' title="bbox 193 2115 1784 2189">
    <p class='ocr_par' dir='ltr' id='par_1_21' title="bbox 193 2115 1784 2189">
     <span class='ocr_line' id='line_1_21' title="bbox 193 2115 1784 2189; baseline 0.002 -20"><span class='ocrx_word' id='word_1_159' title='bbox 193 2130 307 2169; x_wconf 88' lang='lat' dir='ltr'><strong>non</strong></span> <span class='ocrx_word' id='word_1_160' title='bbox 336 2124 421 2170; x_wconf 89' lang='lat' dir='ltr'><strong>est</strong></span> <span class='ocrx_word' id='word_1_161' title='bbox 450 2115 854 2181; x_wconf 86' lang='lat' dir='ltr'><strong>inconveniens,</strong></span> <span class='ocrx_word' id='word_1_162' title='bbox 889 2125 946 2170; x_wconf 92' lang='lat' dir='ltr'><strong>ut</strong></span> <span class='ocrx_word' id='word_1_163' title='bbox 974 2117 1187 2189; x_wconf 85' lang='lat' dir='ltr'><strong>opinor.</strong></span> <span class='ocrx_word' id='word_1_164' title='bbox 1218 2116 1333 2174; x_wconf 79' lang='lat' dir='ltr'><strong>Vox</strong></span> <span class='ocrx_word' id='word_1_165' title='bbox 1361 2127 1603 2180; x_wconf 85' lang='lat' dir='ltr'><strong>vocatur,</strong></span> <span class='ocrx_word' id='word_1_166' title='bbox 1637 2117 1784 2188; x_wconf 89' lang='lat' dir='ltr'><strong>quia,</strong></span> 
     </span>
    </p>
   </div>
   <div class='ocr_carea' id='block_1_22' title="bbox 194 2207 1789 2282">
    <p class='ocr_par' dir='ltr' id='par_1_22' title="bbox 194 2207 1789 2282">
     <span class='ocr_line' id='line_1_22' title="bbox 194 2207 1789 2282; baseline 0.003 -20"><span class='ocrx_word' id='word_1_167' title='bbox 194 2207 341 2262; x_wconf 86' lang='lat' dir='ltr'><strong>sicut</strong></span> <span class='ocrx_word' id='word_1_168' title='bbox 366 2222 468 2261; x_wconf 79' lang='lat' dir='ltr'><strong>vox</strong></span> <span class='ocrx_word' id='word_1_169' title='bbox 497 2208 771 2278; x_wconf 86' lang='lat' dir='ltr'><strong>praecedit</strong></span> <span class='ocrx_word' id='word_1_170' title='bbox 803 2209 1000 2264; x_wconf 87' lang='lat' dir='ltr'><strong>mentis</strong></span> <span class='ocrx_word' id='word_1_171' title='bbox 1030 2220 1348 2282; x_wconf 74' lang='lat' dir='ltr'><strong>conceptum</strong></span> <span class='ocrx_word' id='word_1_172' title='bbox 1370 2251 1384 2274; x_wconf 96' lang='lat'><strong>,</strong></span> <span class='ocrx_word' id='word_1_173' title='bbox 1426 2211 1499 2264; x_wconf 85' lang='lat' dir='ltr'><strong>ita</strong></span> <span class='ocrx_word' id='word_1_174' title='bbox 1551 2209 1789 2267; x_wconf 81' lang='lat' dir='ltr'><strong>Joannes</strong></span> 
     </span>
    </p>
   </div>
   <div class='ocr_carea' id='block_1_23' title="bbox 192 2296 1789 2378">
    <p class='ocr_par' dir='ltr' id='par_1_23' title="bbox 192 2296 1789 2378">
     <span class='ocr_line' id='line_1_23' title="bbox 192 2296 1789 2378; baseline 0.004 -27"><span class='ocrx_word' id='word_1_175' title='bbox 192 2297 499 2370; x_wconf 89' lang='lat' dir='ltr'><strong>praecessit</strong></span> <span class='ocrx_word' id='word_1_176' title='bbox 542 2298 638 2353; x_wconf 90' lang='lat' dir='ltr'><strong>Dei</strong></span> <span class='ocrx_word' id='word_1_177' title='bbox 683 2296 940 2354; x_wconf 84' lang='lat' dir='ltr'><strong>Verbum.</strong></span> <span class='ocrx_word' id='word_1_178' title='bbox 993 2299 1279 2378; x_wconf 74' lang='grc' dir='ltr'><strong>Πρὸδρομος</strong></span> <span class='ocrx_word' id='word_1_179' title='bbox 1323 2311 1568 2365; x_wconf 86' lang='lat' dir='ltr'><strong>vocatur,</strong></span> <span class='ocrx_word' id='word_1_180' title='bbox 1613 2301 1663 2356; x_wconf 88' lang='lat' dir='ltr'><strong>id</strong></span> <span class='ocrx_word' id='word_1_181' title='bbox 1704 2310 1789 2358; x_wconf 87' lang='lat' dir='ltr'><strong>est</strong></span> 
     </span>
    </p>
   </div>
   <div class='ocr_carea' id='block_1_24' title="bbox 193 2389 1789 2463">
    <p class='ocr_par' dir='ltr' id='par_1_24' title="bbox 193 2389 1789 2463">
     <span class='ocr_line' id='line_1_24' title="bbox 193 2389 1789 2463; baseline 0.004 -21"><span class='ocrx_word' id='word_1_182' title='bbox 193 2405 541 2460; x_wconf 84' lang='lat' dir='ltr'><strong>praecursor,</strong></span> <span class='ocrx_word' id='word_1_183' title='bbox 563 2389 690 2459; x_wconf 89' lang='lat' dir='ltr'><strong>quia</strong></span> <span class='ocrx_word' id='word_1_184' title='bbox 719 2405 823 2445; x_wconf 93' lang='lat' dir='ltr'><strong>non</strong></span> <span class='ocrx_word' id='word_1_185' title='bbox 853 2391 1027 2446; x_wconf 93' lang='lat' dir='ltr'><strong>solum</strong></span> <span class='ocrx_word' id='word_1_186' title='bbox 1068 2389 1303 2448; x_wconf 89' lang='lat' dir='ltr'><strong>Joannes</strong></span> <span class='ocrx_word' id='word_1_187' title='bbox 1359 2393 1412 2447; x_wconf 92' lang='lat' dir='ltr'><strong>in</strong></span> <span class='ocrx_word' id='word_1_188' title='bbox 1438 2393 1789 2463; x_wconf 89' lang='lat' dir='ltr'><strong>conceptione</strong></span> 
     </span>
    </p>
   </div>
   <div class='ocr_carea' id='block_1_25' title="bbox 191 2483 1790 2559">
    <p class='ocr_par' dir='ltr' id='par_1_25' title="bbox 191 2483 1790 2559">
     <span class='ocr_line' id='line_1_25' title="bbox 191 2483 1790 2559; baseline 0.003 -20"><span class='ocrx_word' id='word_1_189' title='bbox 191 2496 253 2540; x_wconf 83' lang='lat' dir='ltr'><strong>et</strong></span> <span class='ocrx_word' id='word_1_190' title='bbox 284 2483 593 2550; x_wconf 88' lang='lat' dir='ltr'><strong>nativitatc,</strong></span> <span class='ocrx_word' id='word_1_191' title='bbox 626 2499 812 2540; x_wconf 83' lang='lat' dir='ltr'><strong>verum</strong></span> <span class='ocrx_word' id='word_1_192' title='bbox 852 2485 1017 2540; x_wconf 88' lang='lat' dir='ltr'><strong>etiam</strong></span> <span class='ocrx_word' id='word_1_193' title='bbox 1062 2486 1114 2540; x_wconf 89' lang='lat' dir='ltr'><strong>in</strong></span> <span class='ocrx_word' id='word_1_194' title='bbox 1150 2487 1410 2559; x_wconf 89' lang='lat' dir='ltr'><strong>mysterio</strong></span> <span class='ocrx_word' id='word_1_195' title='bbox 1451 2487 1790 2559; x_wconf 88' lang='lat' dir='ltr'><strong>baptismatis</strong></span> 
     </span>
    </p>
   </div>
   <div class='ocr_carea' id='block_1_26' title="bbox 194 2572 1791 2650">
    <p class='ocr_par' dir='ltr' id='par_1_26' title="bbox 194 2572 1791 2650">
     <span class='ocr_line' id='line_1_26' title="bbox 194 2572 1791 2650; baseline 0.006 -23"><span class='ocrx_word' id='word_1_196' title='bbox 194 2580 254 2627; x_wconf 87' lang='lat' dir='ltr'><strong>et</strong></span> <span class='ocrx_word' id='word_1_197' title='bbox 313 2572 736 2644; x_wconf 84' lang='lat' dir='ltr'><strong>praedicationis</strong></span> <span class='ocrx_word' id='word_1_198' title='bbox 792 2577 1154 2646; x_wconf 89' lang='lat' dir='ltr'><strong>poenitentiae</strong></span> <span class='ocrx_word' id='word_1_199' title='bbox 1199 2578 1486 2634; x_wconf 88' lang='lat' dir='ltr'><strong>Dominum</strong></span> <span class='ocrx_word' id='word_1_200' title='bbox 1540 2595 1791 2650; x_wconf 87' lang='lat' dir='ltr'><strong>praeces-</strong></span> 
     </span>
    </p>
   </div>
   <div class='ocr_carea' id='block_1_27' title="bbox 194 2665 1792 2744">
    <p class='ocr_par' dir='ltr' id='par_1_27' title="bbox 194 2665 1792 2744">
     <span class='ocr_line' id='line_1_27' title="bbox 194 2665 1792 2744; baseline 0.007 -27"><span class='ocrx_word' id='word_1_201' title='bbox 194 2665 293 2718; x_wconf 87' lang='lat' dir='ltr'><strong>sit.</strong></span> <span class='ocrx_word' id='word_1_202' title='bbox 350 2665 604 2744; x_wconf 64' lang='grc' dir='ltr'><strong>οὸσφορος</strong></span> <span class='ocrx_word' id='word_1_203' title='bbox 644 2667 862 2734; x_wconf 89' lang='lat' dir='ltr'><strong>dicitur,</strong></span> <span class='ocrx_word' id='word_1_204' title='bbox 915 2668 1016 2724; x_wconf 91' lang='lat' dir='ltr'><strong>hoc</strong></span> <span class='ocrx_word' id='word_1_205' title='bbox 1065 2677 1148 2724; x_wconf 89' lang='lat' dir='ltr'><strong>est</strong></span> <span class='ocrx_word' id='word_1_206' title='bbox 1194 2669 1370 2726; x_wconf 87' lang='lat' dir='ltr'><strong>lucem</strong></span> <span class='ocrx_word' id='word_1_207' title='bbox 1406 2670 1613 2735; x_wconf 81' lang='lat' dir='ltr'><strong>ferens,</strong></span> <span class='ocrx_word' id='word_1_208' title='bbox 1663 2673 1792 2744; x_wconf 82' lang='lat' dir='ltr'><strong>quia</strong></span> 
     </span>
    </p>
   </div>
   <div class='ocr_carea' id='block_1_28' title="bbox 196 2758 1788 2828">
    <p class='ocr_par' dir='ltr' id='par_1_28' title="bbox 196 2758 1788 2828">
     <span class='ocr_line' id='line_1_28' title="bbox 196 2758 1788 2828; baseline 0.004 -17"><span class='ocrx_word' id='word_1_209' title='bbox 196 2758 317 2828; x_wconf 89' lang='lat' dir='ltr'><strong>ipse</strong></span> <span class='ocrx_word' id='word_1_210' title='bbox 348 2758 523 2828; x_wconf 92' lang='lat' dir='ltr'><strong>primo</strong></span> <span class='ocrx_word' id='word_1_211' title='bbox 555 2758 729 2815; x_wconf 91' lang='lat' dir='ltr'><strong>lucem</strong></span> <span class='ocrx_word' id='word_1_212' title='bbox 760 2760 942 2815; x_wconf 89' lang='lat' dir='ltr'><strong>mundi</strong></span> <span class='ocrx_word' id='word_1_213' title='bbox 985 2761 1037 2816; x_wconf 91' lang='lat' dir='ltr'><strong>in</strong></span> <span class='ocrx_word' id='word_1_214' title='bbox 1072 2762 1318 2817; x_wconf 85' lang='lat' dir='ltr'><strong>notitiam</strong></span> <span class='ocrx_word' id='word_1_215' title='bbox 1352 2764 1553 2818; x_wconf 87' lang='lat' dir='ltr'><strong>mundo</strong></span> <span class='ocrx_word' id='word_1_216' title='bbox 1589 2764 1788 2828; x_wconf 87' lang='lat' dir='ltr'><strong>attulit,</strong></span> 
     </span>
    </p>
   </div>
   <div class='ocr_carea' id='block_1_29' title="bbox 194 2849 1788 2924">
    <p class='ocr_par' dir='ltr' id='par_1_29' title="bbox 194 2849 1788 2924">
     <span class='ocr_line' id='line_1_29' title="bbox 194 2849 1788 2924; baseline 0.005 -20"><span class='ocrx_word' id='word_1_217' title='bbox 194 2855 254 2904; x_wconf 91' lang='lat' dir='ltr'><strong>et</strong></span> <span class='ocrx_word' id='word_1_218' title='bbox 288 2849 343 2903; x_wconf 92' lang='lat' dir='ltr'><strong>in</strong></span> <span class='ocrx_word' id='word_1_219' title='bbox 375 2865 432 2904; x_wconf 88' lang='lat' dir='ltr'><strong>se</strong></span> <span class='ocrx_word' id='word_1_220' title='bbox 461 2849 580 2920; x_wconf 90' lang='lat' dir='ltr'><strong>ipso</strong></span> <span class='ocrx_word' id='word_1_221' title='bbox 605 2851 855 2921; x_wconf 79' lang='lat' dir='ltr'><strong>gestavit.</strong></span> <span class='ocrx_word' id='word_1_222' title='bbox 889 2850 1053 2906; x_wconf 86' lang='lat' dir='ltr'><strong>Stella</strong></span> <span class='ocrx_word' id='word_1_223' title='bbox 1084 2853 1345 2908; x_wconf 89' lang='lat' dir='ltr'><strong>matutina</strong></span> <span class='ocrx_word' id='word_1_224' title='bbox 1365 2895 1380 2920; x_wconf 93' lang='lat'><strong>,</strong></span> <span class='ocrx_word' id='word_1_225' title='bbox 1409 2871 1570 2924; x_wconf 88' lang='lat' dir='ltr'><strong>quam</strong></span> <span class='ocrx_word' id='word_1_226' title='bbox 1596 2853 1788 2912; x_wconf 81' lang='lat' dir='ltr'><strong>Graeci</strong></span> 
     </span>
    </p>
   </div>
   <div class='ocr_carea' id='block_1_30' title="bbox 195 2937 1790 3018">
    <p class='ocr_par' dir='ltr' id='par_1_30' title="bbox 195 2937 1790 3018">
     <span class='ocr_line' id='line_1_30' title="bbox 195 2937 1790 3018; baseline 0.004 -24"><span class='ocrx_word' id='word_1_227' title='bbox 195 2937 398 3016; x_wconf 76' lang='grc' dir='ltr'><strong>ἄστρον</strong></span> <span class='ocrx_word' id='word_1_228' title='bbox 436 2941 650 3018; x_wconf 61' lang='lat' dir='ltr'><strong>«pulvis</strong></span> <span class='ocrx_word' id='word_1_229' title='bbox 696 2940 995 3012; x_wconf 86' lang='lat' dir='ltr'><strong>appellant,</strong></span> <span class='ocrx_word' id='word_1_230' title='bbox 1040 2941 1276 2999; x_wconf 85' lang='lat' dir='ltr'><strong>Joannes</strong></span> <span class='ocrx_word' id='word_1_231' title='bbox 1346 2945 1582 3012; x_wconf 89' lang='lat' dir='ltr'><strong>dicitur,</strong></span> <span class='ocrx_word' id='word_1_232' title='bbox 1629 2946 1790 3017; x_wconf 84' lang='lat' dir='ltr'><strong>quia,</strong></span> 
     </span>
    </p>
   </div>
   <div class='ocr_carea' id='block_1_31' title="bbox 196 3033 1789 3107">
    <p class='ocr_par' dir='ltr' id='par_1_31' title="bbox 196 3033 1789 3107">
     <span class='ocr_line' id='line_1_31' title="bbox 196 3033 1789 3107; baseline 0.002 -18"><span class='ocrx_word' id='word_1_233' title='bbox 196 3033 344 3089; x_wconf 83' lang='lat' dir='ltr'><strong>sicut</strong></span> <span class='ocrx_word' id='word_1_234' title='bbox 386 3033 474 3089; x_wconf 91' lang='lat' dir='ltr'><strong>illa</strong></span> <span class='ocrx_word' id='word_1_235' title='bbox 515 3033 692 3101; x_wconf 87' lang='lat' dir='ltr'><strong>stella,</strong></span> <span class='ocrx_word' id='word_1_236' title='bbox 733 3050 894 3106; x_wconf 89' lang='lat' dir='ltr'><strong>quam</strong></span> <span class='ocrx_word' id='word_1_237' title='bbox 938 3035 1192 3107; x_wconf 87' lang='lat' dir='ltr'><strong>astrologi</strong></span> <span class='ocrx_word' id='word_1_238' title='bbox 1236 3035 1519 3092; x_wconf 82' lang='lat' dir='ltr'><strong>luciferum</strong></span> <span class='ocrx_word' id='word_1_239' title='bbox 1563 3045 1789 3104; x_wconf 88' lang='lat' dir='ltr'><strong>vocant,</strong></span> 
     </span>
    </p>
   </div>
   <div class='ocr_carea' id='block_1_32' title="bbox 195 3126 1791 3202">
    <p class='ocr_par' dir='ltr' id='par_1_32' title="bbox 195 3126 1791 3202">
     <span class='ocr_line' id='line_1_32' title="bbox 195 3126 1791 3202; baseline 0.003 -20"><span class='ocrx_word' id='word_1_240' title='bbox 195 3135 384 3182; x_wconf 91' lang='lat' dir='ltr'><strong>ortum</strong></span> <span class='ocrx_word' id='word_1_241' title='bbox 415 3126 542 3184; x_wconf 85' lang='lat' dir='ltr'><strong>solis</strong></span> <span class='ocrx_word' id='word_1_242' title='bbox 583 3129 892 3199; x_wconf 88' lang='lat' dir='ltr'><strong>praecedit,</strong></span> <span class='ocrx_word' id='word_1_243' title='bbox 933 3129 1004 3184; x_wconf 90' lang='lat' dir='ltr'><strong>ita</strong></span> <span class='ocrx_word' id='word_1_244' title='bbox 1050 3146 1372 3201; x_wconf 89' lang='lat' dir='ltr'><strong>praecursor</strong></span> <span class='ocrx_word' id='word_1_245' title='bbox 1401 3132 1609 3188; x_wconf 90' lang='lat' dir='ltr'><strong>Domini</strong></span> <span class='ocrx_word' id='word_1_246' title='bbox 1642 3132 1791 3202; x_wconf 86' lang='lat' dir='ltr'><strong>prius</strong></span> 
     </span>
    </p>
   </div>
   <div class='ocr_carea' id='block_1_33' title="bbox 197 3219 1788 3293">
    <p class='ocr_par' dir='ltr' id='par_1_33' title="bbox 197 3219 1788 3293">
     <span class='ocr_line' id='line_1_33' title="bbox 197 3219 1788 3293; baseline 0.004 -19"><span class='ocrx_word' id='word_1_247' title='bbox 197 3235 334 3274; x_wconf 90' lang='lat' dir='ltr'><strong>mun</strong></span> <span class='ocrx_word' id='word_1_248' title='bbox 358 3219 409 3274; x_wconf 76' lang='lat' dir='ltr'><strong>io</strong></span> <span class='ocrx_word' id='word_1_249' title='bbox 433 3221 704 3290; x_wconf 86' lang='lat' dir='ltr'><strong>apparuit,</strong></span> <span class='ocrx_word' id='word_1_250' title='bbox 733 3237 893 3292; x_wconf 89' lang='lat' dir='ltr'><strong>quem</strong></span> <span class='ocrx_word' id='word_1_251' title='bbox 935 3222 1013 3277; x_wconf 91' lang='lat' dir='ltr'><strong>sol</strong></span> <span class='ocrx_word' id='word_1_252' title='bbox 1058 3222 1305 3293; x_wconf 87' lang='lat' dir='ltr'><strong>justitiae</strong></span> <span class='ocrx_word' id='word_1_253' title='bbox 1337 3225 1656 3281; x_wconf 89' lang='lat' dir='ltr'><strong>subsecutus</strong></span> <span class='ocrx_word' id='word_1_254' title='bbox 1686 3235 1788 3281; x_wconf 90' lang='lat' dir='ltr'><strong>est.</strong></span> 
     </span>
    </p>
   </div>
   <div class='ocr_carea' id='block_1_34' title="bbox 198 3308 1796 3389">
    <p class='ocr_par' dir='ltr' id='par_1_34' title="bbox 198 3308 1796 3389">
     <span class='ocr_line' id='line_1_34' title="bbox 198 3308 1796 3389; baseline 0.003 -22"><span class='ocrx_word' id='word_1_255' title='bbox 198 3308 474 3367; x_wconf 87' lang='lat' dir='ltr'><strong>Similiter</strong></span> <span class='ocrx_word' id='word_1_256' title='bbox 515 3327 547 3366; x_wconf 90' lang='lat' dir='ltr'><strong>a</strong></span> <span class='ocrx_word' id='word_1_257' title='bbox 587 3311 812 3368; x_wconf 87' lang='lat' dir='ltr'><strong>Graecis</strong></span> <span class='ocrx_word' id='word_1_258' title='bbox 838 3311 1310 3389; x_wconf 75' lang='grc' dir='ltr'><strong>δαριδομιλιτροφός</strong></span> <span class='ocrx_word' id='word_1_259' title='bbox 1343 3317 1634 3382; x_wconf 87' lang='lat' dir='ltr'><strong>vocitatur,</strong></span> <span class='ocrx_word' id='word_1_260' title='bbox 1669 3332 1796 3387; x_wconf 81' lang='lat' dir='ltr'><strong>pro-</strong></span> 
     </span>
    </p>
   </div>
   <div class='ocr_carea' id='block_1_35' title="bbox 197 3402 1794 3476">
    <p class='ocr_par' dir='ltr' id='par_1_35' title="bbox 197 3402 1794 3476">
     <span class='ocr_line' id='line_1_35' title="bbox 197 3402 1794 3476; baseline 0.004 -20"><span class='ocrx_word' id='word_1_261' title='bbox 197 3408 332 3476; x_wconf 82' lang='lat' dir='ltr'><strong>pter</strong></span> <span class='ocrx_word' id='word_1_262' title='bbox 377 3418 526 3458; x_wconf 90' lang='lat' dir='ltr'><strong>suam</strong></span> <span class='ocrx_word' id='word_1_263' title='bbox 572 3402 953 3459; x_wconf 89' lang='lat' dir='ltr'><strong>abstinentiam</strong></span> <span class='ocrx_word' id='word_1_264' title='bbox 1003 3420 1032 3459; x_wconf 93' lang='lat' dir='ltr'><strong>a</strong></span> <span class='ocrx_word' id='word_1_265' title='bbox 1083 3406 1459 3460; x_wconf 88' lang='lat' dir='ltr'><strong>communibus</strong></span> <span class='ocrx_word' id='word_1_266' title='bbox 1514 3406 1794 3462; x_wconf 84' lang='lat' dir='ltr'><strong>hominum</strong></span> 
     </span>
    </p>
   </div>
   <div class='ocr_carea' id='block_1_36' title="bbox 200 3491 1796 3572">
    <p class='ocr_par' dir='ltr' id='par_1_36' title="bbox 200 3491 1796 3572">
     <span class='ocr_line' id='line_1_36' title="bbox 200 3491 1796 3572; baseline 0.003 -23"><span class='ocrx_word' id='word_1_267' title='bbox 200 3491 502 3549; x_wconf 72' lang='lat' dir='ltr'><strong>alimentis.</strong></span> <span class='ocrx_word' id='word_1_268' title='bbox 542 3498 705 3572; x_wconf 75' lang='grc' dir='ltr'><strong>’Δκρὶς</strong></span> <span class='ocrx_word' id='word_1_269' title='bbox 747 3495 944 3565; x_wconf 88' lang='lat' dir='ltr'><strong>quippe</strong></span> <span class='ocrx_word' id='word_1_270' title='bbox 987 3495 1376 3566; x_wconf 86' lang='lat' dir='ltr'><strong>interpretatur</strong></span> <span class='ocrx_word' id='word_1_271' title='bbox 1417 3498 1643 3562; x_wconf 83' lang='lat' dir='ltr'><strong>locusta,</strong></span> <span class='ocrx_word' id='word_1_272' title='bbox 1683 3499 1796 3568; x_wconf 74' lang='grc' dir='ltr'><strong><em>μελὶ</em></strong></span> 
     </span>
    </p>
   </div>
   <div class='ocr_carea' id='block_1_37' title="bbox 201 3583 1798 3668">
    <p class='ocr_par' dir='ltr' id='par_1_37' title="bbox 201 3583 1798 3668">
     <span class='ocr_line' id='line_1_37' title="bbox 201 3583 1798 3668; baseline 0.004 -28"><span class='ocrx_word' id='word_1_273' title='bbox 201 3583 312 3640; x_wconf 71' lang='lat' dir='ltr'><strong>use!</strong></span> <span class='ocrx_word' id='word_1_274' title='bbox 327 3627 342 3650; x_wconf 91' lang='lat'><strong>,</strong></span> <span class='ocrx_word' id='word_1_275' title='bbox 369 3592 528 3661; x_wconf 75' lang='grc' dir='ltr'><strong><em>τροφή</em></strong></span> <span class='ocrx_word' id='word_1_276' title='bbox 557 3585 574 3618; x_wconf 81' lang='grc'>¹</span> <span class='ocrx_word' id='word_1_277' title='bbox 601 3603 753 3652; x_wconf 87' lang='lat' dir='ltr'><strong>esca;</strong></span> <span class='ocrx_word' id='word_1_278' title='bbox 783 3585 1251 3668; x_wconf 56' lang='lat' dir='ltr'><strong>éxptdolultrpttpoc</strong></span> <span class='ocrx_word' id='word_1_279' title='bbox 1274 3588 1454 3660; x_wconf 89' lang='lat' dir='ltr'><strong>itaque</strong></span> <span class='ocrx_word' id='word_1_280' title='bbox 1482 3587 1718 3646; x_wconf 89' lang='lat' dir='ltr'><strong>locustas</strong></span> <span class='ocrx_word' id='word_1_281' title='bbox 1743 3597 1798 3646; x_wconf 87' lang='lat' dir='ltr'><strong>et</strong></span> 
     </span>
    </p>
   </div>
   <div class='ocr_carea' id='block_1_38' title="bbox 205 3675 1334 3748">
    <p class='ocr_par' dir='ltr' id='par_1_38' title="bbox 205 3675 1334 3748">
     <span class='ocr_line' id='line_1_38' title="bbox 205 3675 1334 3748; baseline 0.002 -16"><span class='ocrx_word' id='word_1_282' title='bbox 205 3675 319 3732; x_wconf 88' lang='lat' dir='ltr'><strong>mel</strong></span> <span class='ocrx_word' id='word_1_283' title='bbox 346 3676 590 3733; x_wconf 85' lang='lat' dir='ltr'><strong>silvestre</strong></span> <span class='ocrx_word' id='word_1_284' title='bbox 613 3678 900 3733; x_wconf 90' lang='lat' dir='ltr'><strong>comedens</strong></span> <span class='ocrx_word' id='word_1_285' title='bbox 927 3679 1334 3748; x_wconf 62' lang='lat' dir='ltr'><strong>interpretatur.</strong></span> 
     </span>
    </p>
   </div>
   <div class='ocr_carea' id='block_1_39' title="bbox 282 3767 1798 3842">
    <p class='ocr_par' dir='ltr' id='par_1_39' title="bbox 282 3767 1798 3842">
     <span class='ocr_line' id='line_1_39' title="bbox 282 3767 1798 3842; baseline 0.003 -18"><span class='ocrx_word' id='word_1_286' title='bbox 282 3767 354 3824; x_wconf 83' lang='lat' dir='ltr'><strong>Et</strong></span> <span class='ocrx_word' id='word_1_287' title='bbox 374 3771 461 3840; x_wconf 72' lang='lat' dir='ltr'><strong>qui</strong></span> <span class='ocrx_word' id='word_1_288' title='bbox 485 3770 630 3825; x_wconf 89' lang='lat' dir='ltr'><strong>missi</strong></span> <span class='ocrx_word' id='word_1_289' title='bbox 667 3771 898 3841; x_wconf 81' lang='lat' dir='ltr'><strong>fuerunt,</strong></span> <span class='ocrx_word' id='word_1_290' title='bbox 930 3781 1078 3826; x_wconf 85' lang='lat' dir='ltr'><strong>erant</strong></span> <span class='ocrx_word' id='word_1_291' title='bbox 1122 3789 1187 3826; x_wconf 80' lang='lat' dir='ltr'><strong>ea:</strong></span> <span class='ocrx_word' id='word_1_292' title='bbox 1217 3769 1522 3827; x_wconf 86' lang='lat' dir='ltr'><strong>Pharisaeis</strong></span> <span class='ocrx_word' id='word_1_293' title='bbox 1551 3775 1592 3828; x_wconf 79' lang='grc'><strong>³.</strong></span> <span class='ocrx_word' id='word_1_294' title='bbox 1623 3773 1798 3842; x_wconf 80' lang='lat' dir='ltr'><strong>Quae-</strong></span> 
     </span>
    </p>
   </div>
   <div class='ocr_carea' id='block_1_40' title="bbox 208 3861 1798 3932">
    <p class='ocr_par' dir='ltr' id='par_1_40' title="bbox 208 3861 1798 3932">
     <span class='ocr_line' id='line_1_40' title="bbox 208 3861 1798 3932; baseline 0.001 -12"><span class='ocrx_word' id='word_1_295' title='bbox 208 3861 374 3927; x_wconf 81' lang='lat' dir='ltr'><strong>ritur,</strong></span> <span class='ocrx_word' id='word_1_296' title='bbox 404 3878 571 3932; x_wconf 89' lang='lat' dir='ltr'><strong>qnare</strong></span> <span class='ocrx_word' id='word_1_297' title='bbox 593 3861 870 3919; x_wconf 84' lang='lat' dir='ltr'><strong>Pharisaei</strong></span> <span class='ocrx_word' id='word_1_298' title='bbox 903 3863 1051 3919; x_wconf 90' lang='lat' dir='ltr'><strong>missi</strong></span> <span class='ocrx_word' id='word_1_299' title='bbox 1079 3873 1204 3918; x_wconf 92' lang='lat' dir='ltr'><strong>sunt</strong></span> <span class='ocrx_word' id='word_1_300' title='bbox 1252 3864 1319 3920; x_wconf 90' lang='lat' dir='ltr'><strong>ad</strong></span> <span class='ocrx_word' id='word_1_301' title='bbox 1369 3862 1664 3920; x_wconf 85' lang='lat' dir='ltr'><strong>Joannem?</strong></span> <span class='ocrx_word' id='word_1_302' title='bbox 1691 3865 1798 3922; x_wconf 87' lang='lat' dir='ltr'><strong>Sed</strong></span> 
     </span>
    </p>
   </div>
   <div class='ocr_carea' id='block_1_41' title="bbox 208 3953 1796 4027">
    <p class='ocr_par' dir='ltr' id='par_1_41' title="bbox 208 3953 1796 4027">
     <span class='ocr_line' id='line_1_41' title="bbox 208 3953 1796 4027; baseline 0.001 -15"><span class='ocrx_word' id='word_1_303' title='bbox 208 3957 282 4012; x_wconf 84' lang='lat' dir='ltr'><strong>ad</strong></span> <span class='ocrx_word' id='word_1_304' title='bbox 310 3955 413 4010; x_wconf 87' lang='lat' dir='ltr'><strong>hoc</strong></span> <span class='ocrx_word' id='word_1_305' title='bbox 459 3955 740 4010; x_wconf 88' lang='lat' dir='ltr'><strong>dicendum</strong></span> <span class='ocrx_word' id='word_1_306' title='bbox 785 3973 798 4010; x_wconf 90' lang='lat'>:</span> <span class='ocrx_word' id='word_1_307' title='bbox 840 3953 964 4012; x_wconf 85' lang='lat' dir='ltr'><strong>Ideo</strong></span> <span class='ocrx_word' id='word_1_308' title='bbox 1010 3956 1313 4027; x_wconf 89' lang='lat' dir='ltr'><strong>specialiter</strong></span> <span class='ocrx_word' id='word_1_309' title='bbox 1354 3957 1665 4025; x_wconf 80' lang='lat' dir='ltr'><strong>Pharisaei,</strong></span> <span class='ocrx_word' id='word_1_310' title='bbox 1697 3975 1796 4014; x_wconf 88' lang='lat' dir='ltr'><strong>au-</strong></span> 
     </span>
    </p>
   </div>
   <div class='ocr_carea' id='block_1_42' title="bbox 209 4047 1798 4121">
    <p class='ocr_par' dir='ltr' id='par_1_42' title="bbox 209 4047 1798 4121">
     <span class='ocr_line' id='line_1_42' title="bbox 209 4047 1798 4121; baseline 0.001 -16"><span class='ocrx_word' id='word_1_311' title='bbox 209 4049 425 4106; x_wconf 83' lang='lat' dir='ltr'><strong>dientes</strong></span> <span class='ocrx_word' id='word_1_312' title='bbox 453 4048 906 4120; x_wconf 83' lang='lat' dir='ltr'><strong>praedicationem</strong></span> <span class='ocrx_word' id='word_1_313' title='bbox 941 4047 1166 4105; x_wconf 90' lang='lat' dir='ltr'><strong>Joannis</strong></span> <span class='ocrx_word' id='word_1_314' title='bbox 1218 4049 1527 4121; x_wconf 83' lang='lat' dir='ltr'><strong>generalem</strong></span> <span class='ocrx_word' id='word_1_315' title='bbox 1556 4053 1798 4107; x_wconf 88' lang='lat' dir='ltr'><strong>omnium</strong></span> 
     </span>
    </p>
   </div>
   <div class='ocr_carea' id='block_1_43' title="bbox 207 4141 1801 4212">
    <p class='ocr_par' dir='ltr' id='par_1_43' title="bbox 207 4141 1801 4212">
     <span class='ocr_line' id='line_1_43' title="bbox 207 4141 1801 4212; baseline 0.001 -13"><span class='ocrx_word' id='word_1_316' title='bbox 207 4141 671 4199; x_wconf 80' lang='lat' dir='ltr'><strong>resurrectionem</strong></span> <span class='ocrx_word' id='word_1_317' title='bbox 711 4156 778 4196; x_wconf 82' lang='lat' dir='ltr'><strong>ex</strong></span> <span class='ocrx_word' id='word_1_318' title='bbox 815 4141 1042 4196; x_wconf 89' lang='lat' dir='ltr'><strong>mortuis</strong></span> <span class='ocrx_word' id='word_1_319' title='bbox 1081 4141 1280 4212; x_wconf 91' lang='lat' dir='ltr'><strong>populo</strong></span> <span class='ocrx_word' id='word_1_320' title='bbox 1309 4143 1568 4210; x_wconf 87' lang='lat' dir='ltr'><strong>suasisse,</strong></span> <span class='ocrx_word' id='word_1_321' title='bbox 1597 4151 1653 4199; x_wconf 92' lang='lat' dir='ltr'><strong>et</strong></span> <span class='ocrx_word' id='word_1_322' title='bbox 1686 4159 1801 4200; x_wconf 81' lang='lat' dir='ltr'><strong>ma-</strong></span> 
     </span>
    </p>
   </div>
   <div class='ocr_carea' id='block_1_44' title="bbox 206 4230 1801 4306">
    <p class='ocr_par' dir='ltr' id='par_1_44' title="bbox 206 4230 1801 4306">
     <span class='ocr_line' id='line_1_44' title="bbox 206 4230 1801 4306; baseline 0.001 -16"><span class='ocrx_word' id='word_1_323' title='bbox 206 4234 360 4290; x_wconf 81' lang='lat' dir='ltr'><strong>xime</strong></span> <span class='ocrx_word' id='word_1_324' title='bbox 388 4248 452 4287; x_wconf 82' lang='lat' dir='ltr'><strong>eo</strong></span> <span class='ocrx_word' id='word_1_325' title='bbox 494 4231 632 4298; x_wconf 93' lang='lat' dir='ltr'><strong>loci,</strong></span> <span class='ocrx_word' id='word_1_326' title='bbox 664 4230 756 4287; x_wconf 88' lang='lat' dir='ltr'><strong>ubi</strong></span> <span class='ocrx_word' id='word_1_327' title='bbox 797 4231 910 4299; x_wconf 89' lang='lat' dir='ltr'><strong>ait,</strong></span> <span class='ocrx_word' id='word_1_328' title='bbox 943 4251 962 4284; x_wconf 72' lang='lat' dir='ltr'><strong>c</strong></span> <span class='ocrx_word' id='word_1_329' title='bbox 997 4231 1268 4303; x_wconf 91' lang='lat' dir='ltr'><strong>genimina</strong></span> <span class='ocrx_word' id='word_1_330' title='bbox 1300 4233 1603 4303; x_wconf 89' lang='lat' dir='ltr'><strong>viperarum</strong></span> <span class='ocrx_word' id='word_1_331' title='bbox 1624 4276 1639 4302; x_wconf 94' lang='lat'><strong>,</strong></span> <span class='ocrx_word' id='word_1_332' title='bbox 1680 4235 1801 4306; x_wconf 85' lang='lat' dir='ltr'><strong>quis</strong></span> 
     </span>
    </p>
   </div>
   <div class='ocr_carea' id='block_1_45' title="bbox 208 4323 1804 4399">
    <p class='ocr_par' dir='ltr' id='par_1_45' title="bbox 208 4323 1804 4399">
     <span class='ocr_line' id='line_1_45' title="bbox 208 4323 1804 4399; baseline 0.004 -25"><span class='ocrx_word' id='word_1_333' title='bbox 208 4340 309 4379; x_wconf 82' lang='lat' dir='ltr'><strong>vos</strong></span> <span class='ocrx_word' id='word_1_334' title='bbox 351 4323 602 4378; x_wconf 89' lang='lat' dir='ltr'><strong>liberabit</strong></span> <span class='ocrx_word' id='word_1_335' title='bbox 638 4339 669 4377; x_wconf 91' lang='lat' dir='ltr'><strong>a</strong></span> <span class='ocrx_word' id='word_1_336' title='bbox 711 4332 1103 4399; x_wconf 85' lang='lat' dir='ltr'><strong>superventura</strong></span> <span class='ocrx_word' id='word_1_337' title='bbox 1144 4323 1224 4378; x_wconf 89' lang='lat' dir='ltr'><strong>ira</strong></span> <span class='ocrx_word' id='word_1_338' title='bbox 1258 4343 1304 4390; x_wconf 70' lang='grc' dir='ltr'><strong>ι,</strong></span> <span class='ocrx_word' id='word_1_339' title='bbox 1333 4323 1388 4378; x_wconf 92' lang='lat' dir='ltr'><strong>in</strong></span> <span class='ocrx_word' id='word_1_340' title='bbox 1423 4324 1629 4395; x_wconf 89' lang='lat' dir='ltr'><strong>judicio</strong></span> <span class='ocrx_word' id='word_1_341' title='bbox 1653 4325 1804 4382; x_wconf 84' lang='lat' dir='ltr'><strong>vide-</strong></span> 
     </span>
    </p>
   </div>
   <div class='ocr_carea' id='block_1_46' title="bbox 209 4414 1805 4486">
    <p class='ocr_par' dir='ltr' id='par_1_46' title="bbox 209 4414 1805 4486">
     <span class='ocr_line' id='line_1_46' title="bbox 209 4414 1805 4486; baseline 0.003 -17"><span class='ocrx_word' id='word_1_342' title='bbox 209 4414 337 4471; x_wconf 87' lang='lat' dir='ltr'><strong>licet</strong></span> <span class='ocrx_word' id='word_1_343' title='bbox 358 4423 484 4486; x_wconf 92' lang='lat' dir='ltr'><strong>post</strong></span> <span class='ocrx_word' id='word_1_344' title='bbox 505 4415 978 4480; x_wconf 89' lang='lat' dir='ltr'><strong>resurrectionem,</strong></span> <span class='ocrx_word' id='word_1_345' title='bbox 1009 4415 1390 4471; x_wconf 87' lang='lat' dir='ltr'><strong>desiderabant</strong></span> <span class='ocrx_word' id='word_1_346' title='bbox 1412 4417 1604 4472; x_wconf 91' lang='lat' dir='ltr'><strong>audire</strong></span> <span class='ocrx_word' id='word_1_347' title='bbox 1643 4415 1805 4473; x_wconf 86' lang='lat' dir='ltr'><strong>Joan-</strong></span> 
     </span>
    </p>
   </div>
   <div class='ocr_carea' id='block_1_47' title="bbox 212 4507 1800 4578">
    <p class='ocr_par' dir='ltr' id='par_1_47' title="bbox 212 4507 1800 4578">
     <span class='ocr_line' id='line_1_47' title="bbox 212 4507 1800 4578; baseline 0.001 -15"><span class='ocrx_word' id='word_1_348' title='bbox 212 4523 371 4572; x_wconf 90' lang='lat' dir='ltr'><strong>nem;</strong></span> <span class='ocrx_word' id='word_1_349' title='bbox 406 4524 529 4562; x_wconf 89' lang='lat' dir='ltr'><strong>nam</strong></span> <span class='ocrx_word' id='word_1_350' title='bbox 554 4515 607 4562; x_wconf 88' lang='lat' dir='ltr'><strong>et</strong></span> <span class='ocrx_word' id='word_1_351' title='bbox 630 4507 730 4578; x_wconf 89' lang='lat' dir='ltr'><strong>ipsi</strong></span> <span class='ocrx_word' id='word_1_352' title='bbox 758 4507 1209 4563; x_wconf 87' lang='lat' dir='ltr'><strong>resurrectionem</strong></span> <span class='ocrx_word' id='word_1_353' title='bbox 1235 4517 1572 4564; x_wconf 90' lang='lat' dir='ltr'><strong>mortuorum</strong></span> <span class='ocrx_word' id='word_1_354' title='bbox 1603 4509 1800 4566; x_wconf 88' lang='lat' dir='ltr'><strong>ﬁrmis-</strong></span> 
     </span>
    </p>
   </div>
   <div class='ocr_carea' id='block_1_48' title="bbox 209 4599 1800 4670">
    <p class='ocr_par' dir='ltr' id='par_1_48' title="bbox 209 4599 1800 4670">
     <span class='ocr_line' id='line_1_48' title="bbox 209 4599 1800 4670; baseline 0.003 -16"><span class='ocrx_word' id='word_1_355' title='bbox 209 4599 349 4654; x_wconf 86' lang='lat' dir='ltr'><strong>sime</strong></span> <span class='ocrx_word' id='word_1_356' title='bbox 375 4599 746 4656; x_wconf 90' lang='lat' dir='ltr'><strong>credebantet</strong></span> <span class='ocrx_word' id='word_1_357' title='bbox 769 4599 1169 4670; x_wconf 88' lang='lat' dir='ltr'><strong>praedicabant,</strong></span> <span class='ocrx_word' id='word_1_358' title='bbox 1199 4614 1263 4656; x_wconf 89' lang='lat' dir='ltr'><strong>ac</strong></span> <span class='ocrx_word' id='word_1_359' title='bbox 1286 4613 1384 4670; x_wconf 88' lang='lat' dir='ltr'><strong>per</strong></span> <span class='ocrx_word' id='word_1_360' title='bbox 1409 4601 1590 4656; x_wconf 91' lang='lat' dir='ltr'><strong>hocin</strong></span> <span class='ocrx_word' id='word_1_361' title='bbox 1615 4600 1800 4659; x_wconf 91' lang='lat' dir='ltr'><strong>multis</strong></span> 
     </span>
    </p>
   </div>
   <div class='ocr_carea' id='block_1_49' title="bbox 209 4690 1802 4767">
    <p class='ocr_par' dir='ltr' id='par_1_49' title="bbox 209 4690 1802 4767">
     <span class='ocr_line' id='line_1_49' title="bbox 209 4690 1802 4767; baseline 0.004 -22"><span class='ocrx_word' id='word_1_362' title='bbox 209 4691 555 4746; x_wconf 86' lang='lat' dir='ltr'><strong>consensisse</strong></span> <span class='ocrx_word' id='word_1_363' title='bbox 599 4690 816 4748; x_wconf 87' lang='lat' dir='ltr'><strong>Christo</strong></span> <span class='ocrx_word' id='word_1_364' title='bbox 864 4691 1253 4762; x_wconf 90' lang='lat' dir='ltr'><strong>perhibentur,</strong></span> <span class='ocrx_word' id='word_1_365' title='bbox 1305 4692 1533 4749; x_wconf 90' lang='lat' dir='ltr'><strong>Paulum</strong></span> <span class='ocrx_word' id='word_1_366' title='bbox 1586 4709 1802 4767; x_wconf 88' lang='lat' dir='ltr'><strong>quoque</strong></span> 
     </span>
    </p>
   </div>
   <div class='ocr_carea' id='block_1_50' title="bbox 210 4779 1183 4854">
    <p class='ocr_par' dir='ltr' id='par_1_50' title="bbox 210 4779 1183 4854">
     <span class='ocr_line' id='line_1_50' title="bbox 210 4779 1183 4854; baseline 0.002 -20"><span class='ocrx_word' id='word_1_367' title='bbox 210 4782 517 4852; x_wconf 89' lang='lat' dir='ltr'><strong>apostolum</strong></span> <span class='ocrx_word' id='word_1_368' title='bbox 549 4779 863 4852; x_wconf 81' lang='lat' dir='ltr'><strong>frequenter</strong></span> <span class='ocrx_word' id='word_1_369' title='bbox 895 4781 1183 4854; x_wconf 88' lang='lat' dir='ltr'><strong>adjuvisse.</strong></span> 
     </span>
    </p>
   </div>
   <div class='ocr_carea' id='block_1_51' title="bbox 285 4874 1805 4950">
    <p class='ocr_par' dir='ltr' id='par_1_51' title="bbox 285 4874 1805 4950">
     <span class='ocr_line' id='line_1_51' title="bbox 285 4874 1805 4950; baseline 0.003 -22"><span class='ocrx_word' id='word_1_370' title='bbox 285 4875 431 4940; x_wconf 82' lang='lat' dir='ltr'><strong>Quid</strong></span> <span class='ocrx_word' id='word_1_371' title='bbox 463 4892 584 4946; x_wconf 86' lang='lat' dir='ltr'><strong>ergo</strong></span> <span class='ocrx_word' id='word_1_372' title='bbox 623 4875 881 4946; x_wconf 78' lang='lat' dir='ltr'><strong>baptizas,</strong></span> <span class='ocrx_word' id='word_1_373' title='bbox 924 4876 970 4930; x_wconf 88' lang='lat' dir='ltr'><strong>si</strong></span> <span class='ocrx_word' id='word_1_374' title='bbox 1014 4885 1068 4929; x_wconf 86' lang='lat' dir='ltr'><strong>tu</strong></span> <span class='ocrx_word' id='word_1_375' title='bbox 1106 4891 1209 4930; x_wconf 90' lang='lat' dir='ltr'><strong>non</strong></span> <span class='ocrx_word' id='word_1_376' title='bbox 1247 4892 1301 4930; x_wconf 90' lang='lat' dir='ltr'><strong>es</strong></span> <span class='ocrx_word' id='word_1_377' title='bbox 1340 4874 1602 4944; x_wconf 75' lang='lat' dir='ltr'><strong>Christus,</strong></span> <span class='ocrx_word' id='word_1_378' title='bbox 1643 4893 1805 4950; x_wconf 84' lang='lat' dir='ltr'><strong>neque</strong></span> 
     </span>
    </p>
   </div>
   <div class='ocr_carea' id='block_1_52' title="bbox 211 4966 1804 5041">
    <p class='ocr_par' dir='ltr' id='par_1_52' title="bbox 211 4966 1804 5041">
     <span class='ocr_line' id='line_1_52' title="bbox 211 4966 1804 5041; baseline 0.004 -19"><span class='ocrx_word' id='word_1_379' title='bbox 211 4966 424 5033; x_wconf 81' lang='lat' dir='ltr'><strong>Helias,</strong></span> <span class='ocrx_word' id='word_1_380' title='bbox 475 4986 637 5041; x_wconf 85' lang='lat' dir='ltr'><strong>neque</strong></span> <span class='ocrx_word' id='word_1_381' title='bbox 682 4970 971 5041; x_wconf 82' lang='lat' dir='ltr'><strong>propheta?</strong></span> <span class='ocrx_word' id='word_1_382' title='bbox 1021 4968 1332 5037; x_wconf 84' lang='lat' dir='ltr'><strong>Quaeritur,</strong></span> <span class='ocrx_word' id='word_1_383' title='bbox 1382 4986 1482 5026; x_wconf 89' lang='lat' dir='ltr'><strong>cur</strong></span> <span class='ocrx_word' id='word_1_384' title='bbox 1525 4970 1804 5029; x_wconf 87' lang='lat' dir='ltr'><strong>Pharisaei</strong></span> 
     </span>
    </p>
   </div>
   <div class='ocr_carea' id='block_1_53' title="bbox 211 5061 1805 5134">
    <p class='ocr_par' dir='ltr' id='par_1_53' title="bbox 211 5061 1805 5134">
     <span class='ocr_line' id='line_1_53' title="bbox 211 5061 1805 5134; baseline 0.002 -16"><span class='ocrx_word' id='word_1_385' title='bbox 211 5061 504 5118; x_wconf 86' lang='lat' dir='ltr'><strong>tribuerint</strong></span> <span class='ocrx_word' id='word_1_386' title='bbox 537 5062 914 5119; x_wconf 88' lang='lat' dir='ltr'><strong>auctoritatem</strong></span> <span class='ocrx_word' id='word_1_387' title='bbox 955 5063 1296 5134; x_wconf 88' lang='lat' dir='ltr'><strong>baptismatis</strong></span> <span class='ocrx_word' id='word_1_388' title='bbox 1328 5062 1532 5129; x_wconf 84' lang='lat' dir='ltr'><strong>Heliae,</strong></span> <span class='ocrx_word' id='word_1_389' title='bbox 1565 5075 1657 5120; x_wconf 90' lang='lat' dir='ltr'><strong>aut</strong></span> <span class='ocrx_word' id='word_1_390' title='bbox 1690 5065 1805 5122; x_wconf 89' lang='lat' dir='ltr'><strong>cui-</strong></span> 
     </span>
    </p>
   </div>
   <div class='ocr_carea' id='block_1_54' title="bbox 213 5155 1804 5228">
    <p class='ocr_par' dir='ltr' id='par_1_54' title="bbox 213 5155 1804 5228">
     <span class='ocr_line' id='line_1_54' title="bbox 213 5155 1804 5228; baseline 0.002 -18"><span class='ocrx_word' id='word_1_391' title='bbox 213 5155 363 5228; x_wconf 84' lang='lat' dir='ltr'><strong>piam</strong></span> <span class='ocrx_word' id='word_1_392' title='bbox 412 5157 829 5226; x_wconf 90' lang='lat' dir='ltr'><strong>prophetarum;</strong></span> <span class='ocrx_word' id='word_1_393' title='bbox 879 5157 1162 5212; x_wconf 89' lang='lat' dir='ltr'><strong>audierant</strong></span> <span class='ocrx_word' id='word_1_394' title='bbox 1208 5156 1352 5210; x_wconf 91' lang='lat' dir='ltr'><strong>enim</strong></span> <span class='ocrx_word' id='word_1_395' title='bbox 1400 5156 1452 5210; x_wconf 93' lang='lat' dir='ltr'><strong>in</strong></span> <span class='ocrx_word' id='word_1_396' title='bbox 1503 5155 1804 5227; x_wconf 87' lang='lat' dir='ltr'><strong>prophetis,</strong></span> 
     </span>
    </p>
   </div>
   <div class='ocr_carea' id='block_1_55' title="bbox 215 5246 1802 5319">
    <p class='ocr_par' dir='ltr' id='par_1_55' title="bbox 215 5246 1802 5319">
     <span class='ocr_line' id='line_1_55' title="bbox 215 5246 1802 5319; baseline -0.001 -15"><span class='ocrx_word' id='word_1_397' title='bbox 215 5247 495 5304; x_wconf 88' lang='lat' dir='ltr'><strong>Christum</strong></span> <span class='ocrx_word' id='word_1_398' title='bbox 545 5247 597 5301; x_wconf 93' lang='lat' dir='ltr'><strong>in</strong></span> <span class='ocrx_word' id='word_1_399' title='bbox 646 5246 904 5303; x_wconf 85' lang='lat' dir='ltr'><strong>mundum</strong></span> <span class='ocrx_word' id='word_1_400' title='bbox 949 5258 1234 5304; x_wconf 88' lang='lat' dir='ltr'><strong>venturum</strong></span> <span class='ocrx_word' id='word_1_401' title='bbox 1284 5257 1339 5303; x_wconf 88' lang='lat' dir='ltr'><strong>et</strong></span> <span class='ocrx_word' id='word_1_402' title='bbox 1385 5248 1802 5319; x_wconf 85' lang='lat' dir='ltr'><strong>baptizaturnm.</strong></span> 
     </span>
    </p>
   </div>
   <div class='ocr_carea' id='block_1_56' title="bbox 219 5335 1808 5410">
    <p class='ocr_par' dir='ltr' id='par_1_56' title="bbox 219 5335 1808 5410">
     <span class='ocr_line' id='line_1_56' title="bbox 219 5335 1808 5410; baseline 0.001 -18"><span class='ocrx_word' id='word_1_403' title='bbox 219 5335 475 5392; x_wconf 88' lang='lat' dir='ltr'><strong>Scientes</strong></span> <span class='ocrx_word' id='word_1_404' title='bbox 506 5337 708 5407; x_wconf 86' lang='lat' dir='ltr'><strong>itaque,</strong></span> <span class='ocrx_word' id='word_1_405' title='bbox 737 5335 1028 5393; x_wconf 88' lang='lat' dir='ltr'><strong>Jordanem</strong></span> <span class='ocrx_word' id='word_1_406' title='bbox 1058 5338 1285 5410; x_wconf 88' lang='lat' dir='ltr'><strong>ﬁguram</strong></span> <span class='ocrx_word' id='word_1_407' title='bbox 1319 5337 1661 5408; x_wconf 88' lang='lat' dir='ltr'><strong>baptismatis</strong></span> <span class='ocrx_word' id='word_1_408' title='bbox 1690 5354 1808 5410; x_wconf 84' lang='lat' dir='ltr'><strong>ges-</strong></span> 
     </span>
    </p>
   </div>
   <div class='ocr_carea' id='block_1_57' title="bbox 215 5429 1811 5502">
    <p class='ocr_par' dir='ltr' id='par_1_57' title="bbox 215 5429 1811 5502">
     <span class='ocr_line' id='line_1_57' title="bbox 215 5429 1811 5502; baseline 0.003 -18"><span class='ocrx_word' id='word_1_409' title='bbox 215 5430 381 5494; x_wconf 83' lang='lat' dir='ltr'><strong>sisse,</strong></span> <span class='ocrx_word' id='word_1_410' title='bbox 430 5443 660 5500; x_wconf 84' lang='lat' dir='ltr'><strong>eumque</strong></span> <span class='ocrx_word' id='word_1_411' title='bbox 709 5429 916 5485; x_wconf 80' lang='lat' dir='ltr'><strong>Heliam</strong></span> <span class='ocrx_word' id='word_1_412' title='bbox 961 5437 1017 5486; x_wconf 90' lang='lat' dir='ltr'><strong>et</strong></span> <span class='ocrx_word' id='word_1_413' title='bbox 1063 5430 1329 5488; x_wconf 87' lang='lat' dir='ltr'><strong>Elisaeum</strong></span> <span class='ocrx_word' id='word_1_414' title='bbox 1383 5431 1540 5488; x_wconf 89' lang='lat' dir='ltr'><strong>siccis</strong></span> <span class='ocrx_word' id='word_1_415' title='bbox 1585 5433 1811 5502; x_wconf 83' lang='lat' dir='ltr'><strong>pedibus</strong></span> 
     </span>
    </p>
   </div>
   <div class='ocr_carea' id='block_1_58' title="bbox 218 5520 1810 5593">
    <p class='ocr_par' dir='ltr' id='par_1_58' title="bbox 218 5520 1810 5593">
     <span class='ocr_line' id='line_1_58' title="bbox 218 5520 1810 5593; baseline 0.005 -19"><span class='ocrx_word' id='word_1_416' title='bbox 218 5520 528 5585; x_wconf 76' lang='lat' dir='ltr'><strong>transiissc,</strong></span> <span class='ocrx_word' id='word_1_417' title='bbox 571 5521 793 5592; x_wconf 79' lang='lat' dir='ltr'><strong>ﬁgurata</strong></span> <span class='ocrx_word' id='word_1_418' title='bbox 838 5522 1174 5593; x_wconf 80' lang='lat' dir='ltr'><strong>baptismatis</strong></span> <span class='ocrx_word' id='word_1_419' title='bbox 1216 5524 1267 5578; x_wconf 92' lang='lat' dir='ltr'><strong>in</strong></span> <span class='ocrx_word' id='word_1_420' title='bbox 1312 5523 1462 5579; x_wconf 82' lang='lat' dir='ltr'><strong>Helia</strong></span> <span class='ocrx_word' id='word_1_421' title='bbox 1505 5534 1558 5580; x_wconf 92' lang='lat' dir='ltr'><strong>et</strong></span> <span class='ocrx_word' id='word_1_422' title='bbox 1595 5523 1810 5582; x_wconf 80' lang='lat' dir='ltr'><strong>Elisaeo</strong></span> 
     </span>
    </p>
   </div>
   <div class='ocr_carea' id='block_1_59' title="bbox 217 5614 1810 5690">
    <p class='ocr_par' dir='ltr' id='par_1_59' title="bbox 217 5614 1810 5690">
     <span class='ocr_line' id='line_1_59' title="bbox 217 5614 1810 5690; baseline 0.003 -23"><span class='ocrx_word' id='word_1_423' title='bbox 217 5629 329 5667; x_wconf 80' lang='lat' dir='ltr'><strong>non</strong></span> <span class='ocrx_word' id='word_1_424' title='bbox 378 5614 697 5668; x_wconf 88' lang='lat' dir='ltr'><strong>dubitabant</strong></span> <span class='ocrx_word' id='word_1_425' title='bbox 749 5616 1142 5684; x_wconf 88' lang='lat' dir='ltr'><strong>praecessisse,</strong></span> <span class='ocrx_word' id='word_1_426' title='bbox 1189 5625 1282 5672; x_wconf 92' lang='lat' dir='ltr'><strong>aut</strong></span> <span class='ocrx_word' id='word_1_427' title='bbox 1330 5617 1449 5673; x_wconf 90' lang='lat' dir='ltr'><strong>illos</strong></span> <span class='ocrx_word' id='word_1_428' title='bbox 1498 5617 1640 5690; x_wconf 90' lang='lat' dir='ltr'><strong>ipsos</strong></span> <span class='ocrx_word' id='word_1_429' title='bbox 1689 5635 1810 5673; x_wconf 87' lang='lat' dir='ltr'><strong>sur-</strong></span> 
     </span>
    </p>
   </div>
   <div class='ocr_carea' id='block_1_60' title="bbox 1817 3183 1864 3246">
    <p class='ocr_par' dir='ltr' id='par_1_60' title="bbox 1817 3183 1864 3246">
     <span class='ocr_line' id='line_1_60' title="bbox 1817 3183 1864 3246; baseline 0 0"><span class='ocrx_word' id='word_1_430' title='bbox 1817 3183 1864 3246; x_wconf 90' lang='lat' dir='ltr'><strong>C</strong></span> 
     </span>
    </p>
   </div>
   <div class='ocr_carea' id='block_1_61' title="bbox 1887 529 3473 606">
    <p class='ocr_par' dir='ltr' id='par_1_61' title="bbox 1887 529 3473 606">
     <span class='ocr_line' id='line_1_61' title="bbox 1887 529 3473 606; baseline -0.005 -14"><span class='ocrx_word' id='word_1_431' title='bbox 1887 537 2055 592; x_wconf 86' lang='lat' dir='ltr'><strong>bant:</strong></span> <span class='ocrx_word' id='word_1_432' title='bbox 2085 556 2103 588; x_wconf 72' lang='grc' dir='ltr'><strong>ε</strong></span> <span class='ocrx_word' id='word_1_433' title='bbox 2134 534 2527 606; x_wconf 88' lang='lat' dir='ltr'><strong>Pr0phctarum</strong></span> <span class='ocrx_word' id='word_1_434' title='bbox 2558 548 2696 589; x_wconf 90' lang='lat' dir='ltr'><strong>unus</strong></span> <span class='ocrx_word' id='word_1_435' title='bbox 2717 548 2776 588; x_wconf 90' lang='lat' dir='ltr'><strong>es</strong></span> <span class='ocrx_word' id='word_1_436' title='bbox 2806 541 2860 587; x_wconf 92' lang='lat' dir='ltr'><strong>tu</strong></span> <span class='ocrx_word' id='word_1_437' title='bbox 2895 533 2952 587; x_wconf 65' lang='grc' dir='ltr'><strong>»ἲ</strong></span> <span class='ocrx_word' id='word_1_438' title='bbox 2976 531 3070 588; x_wconf 91' lang='lat' dir='ltr'><strong>sed</strong></span> <span class='ocrx_word' id='word_1_439' title='bbox 3097 529 3473 586; x_wconf 87' lang='lat' dir='ltr'><strong>solummodo:</strong></span> 
     </span>
    </p>
   </div>
   <div class='ocr_carea' id='block_1_62' title="bbox 1892 619 3476 699">
    <p class='ocr_par' dir='ltr' id='par_1_62' title="bbox 1892 619 3476 699">
     <span class='ocr_line' id='line_1_62' title="bbox 1892 619 3476 699; baseline -0.003 -18"><span class='ocrx_word' id='word_1_440' title='bbox 1892 648 1910 681; x_wconf 71' lang='grc' dir='ltr'><strong><em>ι</em></strong></span> <span class='ocrx_word' id='word_1_441' title='bbox 1942 629 2210 699; x_wconf 80' lang='lat' dir='ltr'><strong>Propheta</strong></span> <span class='ocrx_word' id='word_1_442' title='bbox 2238 642 2297 682; x_wconf 92' lang='lat' dir='ltr'><strong>es</strong></span> <span class='ocrx_word' id='word_1_443' title='bbox 2329 635 2381 682; x_wconf 88' lang='lat' dir='ltr'><strong>tu</strong></span> <span class='ocrx_word' id='word_1_444' title='bbox 2421 627 2486 681; x_wconf 62' lang='grc' dir='ltr'><strong>»ἲ</strong></span> <span class='ocrx_word' id='word_1_445' title='bbox 2517 626 2632 696; x_wconf 92' lang='lat' dir='ltr'><strong>ipse</strong></span> <span class='ocrx_word' id='word_1_446' title='bbox 2661 624 2930 691; x_wconf 89' lang='lat' dir='ltr'><strong>videlicet,</strong></span> <span class='ocrx_word' id='word_1_447' title='bbox 2957 623 3048 695; x_wconf 89' lang='lat' dir='ltr'><strong>qui</strong></span> <span class='ocrx_word' id='word_1_448' title='bbox 3077 619 3476 694; x_wconf 75' lang='lat' dir='ltr'><strong>praeﬁgurabat</strong></span> 
     </span>
    </p>
   </div>
   <div class='ocr_carea' id='block_1_63' title="bbox 1887 721 2711 796">
    <p class='ocr_par' dir='ltr' id='par_1_63' title="bbox 1887 721 2711 796">
     <span class='ocr_line' id='line_1_63' title="bbox 1887 721 2711 796; baseline -0.007 -16"><span class='ocrx_word' id='word_1_449' title='bbox 1887 725 2236 796; x_wconf 89' lang='lat' dir='ltr'><strong>baptismum.</strong></span> <span class='ocrx_word' id='word_1_450' title='bbox 2265 721 2563 794; x_wconf 82' lang='lat' dir='ltr'><strong>Respondit</strong></span> <span class='ocrx_word' id='word_1_451' title='bbox 2589 721 2668 777; x_wconf 90' lang='lat' dir='ltr'><strong>eis</strong></span> <span class='ocrx_word' id='word_1_452' title='bbox 2697 738 2711 774; x_wconf 88' lang='lat'><strong>:</strong></span> 
     </span>
    </p>
   </div>
   <div class='ocr_carea' id='block_1_64' title="bbox 1961 807 3475 889">
    <p class='ocr_par' dir='ltr' id='par_1_64' title="bbox 1961 807 3475 889">
     <span class='ocr_line' id='line_1_64' title="bbox 1961 807 3475 889; baseline -0.006 -17"><span class='ocrx_word' id='word_1_453' title='bbox 1961 817 2075 889; x_wconf 85' lang='lat' dir='ltr'><strong>Ego</strong></span> <span class='ocrx_word' id='word_1_454' title='bbox 2107 817 2312 888; x_wconf 76' lang='lat' dir='ltr'><strong>baptizo</strong></span> <span class='ocrx_word' id='word_1_455' title='bbox 2352 817 2408 872; x_wconf 86' lang='lat' dir='ltr'><strong>in</strong></span> <span class='ocrx_word' id='word_1_456' title='bbox 2446 832 2617 886; x_wconf 87' lang='lat' dir='ltr'><strong>aqua;</strong></span> <span class='ocrx_word' id='word_1_457' title='bbox 2649 829 2712 870; x_wconf 92' lang='lat' dir='ltr'><strong>ac</strong></span> <span class='ocrx_word' id='word_1_458' title='bbox 2749 813 2794 868; x_wconf 89' lang='lat' dir='ltr'><strong>si</strong></span> <span class='ocrx_word' id='word_1_459' title='bbox 2823 812 3070 868; x_wconf 88' lang='lat' dir='ltr'><strong>diceret:</strong></span> <span class='ocrx_word' id='word_1_460' title='bbox 3103 824 3202 882; x_wconf 85' lang='lat' dir='ltr'><strong>ego</strong></span> <span class='ocrx_word' id='word_1_461' title='bbox 3241 808 3388 881; x_wconf 89' lang='lat' dir='ltr'><strong>tingo</strong></span> <span class='ocrx_word' id='word_1_462' title='bbox 3418 807 3475 864; x_wconf 88' lang='lat' dir='ltr'><strong>in</strong></span> 
     </span>
    </p>
   </div>
   <div class='ocr_carea' id='block_1_65' title="bbox 1889 906 3472 982">
    <p class='ocr_par' dir='ltr' id='par_1_65' title="bbox 1889 906 3472 982">
     <span class='ocr_line' id='line_1_65' title="bbox 1889 906 3472 982; baseline -0.006 -17"><span class='ocrx_word' id='word_1_463' title='bbox 1889 926 2026 982; x_wconf 89' lang='lat' dir='ltr'><strong>aqua</strong></span> <span class='ocrx_word' id='word_1_464' title='bbox 2067 909 2405 967; x_wconf 90' lang='lat' dir='ltr'><strong>solummodo</strong></span> <span class='ocrx_word' id='word_1_465' title='bbox 2439 923 2535 979; x_wconf 89' lang='lat' dir='ltr'><strong>per</strong></span> <span class='ocrx_word' id='word_1_466' title='bbox 2571 906 2946 980; x_wconf 86' lang='lat' dir='ltr'><strong>purgationem</strong></span> <span class='ocrx_word' id='word_1_467' title='bbox 2986 918 3301 975; x_wconf 91' lang='lat' dir='ltr'><strong>corporum,</strong></span> <span class='ocrx_word' id='word_1_468' title='bbox 3343 917 3472 957; x_wconf 81' lang='lat' dir='ltr'><strong>san-</strong></span> 
     </span>
    </p>
   </div>
   <div class='ocr_carea' id='block_1_66' title="bbox 1888 994 3476 1073">
    <p class='ocr_par' dir='ltr' id='par_1_66' title="bbox 1888 994 3476 1073">
     <span class='ocr_line' id='line_1_66' title="bbox 1888 994 3476 1073; baseline -0.009 -14"><span class='ocrx_word' id='word_1_469' title='bbox 1888 1003 2270 1059; x_wconf 89' lang='lat' dir='ltr'><strong>ctiﬁcalionem</strong></span> <span class='ocrx_word' id='word_1_470' title='bbox 2317 1001 2561 1073; x_wconf 83' lang='lat' dir='ltr'><strong>corporis</strong></span> <span class='ocrx_word' id='word_1_471' title='bbox 2605 1009 2663 1055; x_wconf 92' lang='lat' dir='ltr'><strong>et</strong></span> <span class='ocrx_word' id='word_1_472' title='bbox 2707 999 2919 1054; x_wconf 91' lang='lat' dir='ltr'><strong>animae</strong></span> <span class='ocrx_word' id='word_1_473' title='bbox 2967 996 3022 1052; x_wconf 90' lang='lat' dir='ltr'><strong>in</strong></span> <span class='ocrx_word' id='word_1_474' title='bbox 3072 1011 3160 1061; x_wconf 92' lang='lat' dir='ltr'><strong>eo,</strong></span> <span class='ocrx_word' id='word_1_475' title='bbox 3209 994 3299 1064; x_wconf 90' lang='lat' dir='ltr'><strong>qui</strong></span> <span class='ocrx_word' id='word_1_476' title='bbox 3348 1005 3476 1047; x_wconf 83' lang='lat' dir='ltr'><strong>vero</strong></span> 
     </span>
    </p>
   </div>
   <div class='ocr_carea' id='block_1_67' title="bbox 1887 1095 3476 1170">
    <p class='ocr_par' dir='ltr' id='par_1_67' title="bbox 1887 1095 3476 1170">
     <span class='ocr_line' id='line_1_67' title="bbox 1887 1095 3476 1170; baseline -0.007 -18"><span class='ocrx_word' id='word_1_477' title='bbox 1887 1096 2160 1168; x_wconf 87' lang='lat' dir='ltr'><strong>baptizat,</strong></span> <span class='ocrx_word' id='word_1_478' title='bbox 2194 1097 2586 1170; x_wconf 87' lang='lat' dir='ltr'><strong>praeﬁgurans.</strong></span> <span class='ocrx_word' id='word_1_479' title='bbox 2633 1095 2841 1151; x_wconf 76' lang='lat' dir='ltr'><strong>Medius</strong></span> <span class='ocrx_word' id='word_1_480' title='bbox 2883 1103 3057 1149; x_wconf 86' lang='lat' dir='ltr'><strong>autem</strong></span> <span class='ocrx_word' id='word_1_481' title='bbox 3088 1101 3313 1148; x_wconf 72' lang='lat' dir='ltr'><strong>vestrum</strong></span> <span class='ocrx_word' id='word_1_482' title='bbox 3341 1097 3476 1152; x_wconf 84' lang='lat' dir='ltr'><strong>stat,</strong></span> 
     </span>
    </p>
   </div>
   <div class='ocr_carea' id='block_1_68' title="bbox 1887 1179 3476 1260">
    <p class='ocr_par' dir='ltr' id='par_1_68' title="bbox 1887 1179 3476 1260">
     <span class='ocr_line' id='line_1_68' title="bbox 1887 1179 3476 1260; baseline -0.008 -16"><span class='ocrx_word' id='word_1_483' title='bbox 1887 1189 1992 1244; x_wconf 92' lang='lat' dir='ltr'><strong>hoc</strong></span> <span class='ocrx_word' id='word_1_484' title='bbox 2015 1197 2128 1256; x_wconf 88' lang='lat' dir='ltr'><strong>est,</strong></span> <span class='ocrx_word' id='word_1_485' title='bbox 2161 1203 2419 1260; x_wconf 89' lang='lat' dir='ltr'><strong>praesens</strong></span> <span class='ocrx_word' id='word_1_486' title='bbox 2449 1188 2601 1245; x_wconf 88' lang='lat' dir='ltr'><strong>vobis</strong></span> <span class='ocrx_word' id='word_1_487' title='bbox 2635 1198 2892 1260; x_wconf 90' lang='lat' dir='ltr'><strong>apparet,</strong></span> <span class='ocrx_word' id='word_1_488' title='bbox 2928 1199 3080 1257; x_wconf 84' lang='lat' dir='ltr'><strong>quem</strong></span> <span class='ocrx_word' id='word_1_489' title='bbox 3121 1199 3208 1237; x_wconf 83' lang='lat' dir='ltr'><strong>vos</strong></span> <span class='ocrx_word' id='word_1_490' title='bbox 3246 1179 3476 1244; x_wconf 83' lang='lat' dir='ltr'><strong>nescitis,</strong></span> 
     </span>
    </p>
   </div>
   <div class='ocr_carea' id='block_1_69' title="bbox 1886 1271 3476 1351">
    <p class='ocr_par' dir='ltr' id='par_1_69' title="bbox 1886 1271 3476 1351">
     <span class='ocr_line' id='line_1_69' title="bbox 1886 1271 3476 1351; baseline -0.008 -14"><span class='ocrx_word' id='word_1_491' title='bbox 1886 1281 2012 1351; x_wconf 87' lang='lat' dir='ltr'><strong>quia</strong></span> <span class='ocrx_word' id='word_1_492' title='bbox 2040 1283 2093 1337; x_wconf 90' lang='lat' dir='ltr'><strong>in</strong></span> <span class='ocrx_word' id='word_1_493' title='bbox 2119 1296 2242 1338; x_wconf 90' lang='lat' dir='ltr'><strong>eum</strong></span> <span class='ocrx_word' id='word_1_494' title='bbox 2258 1298 2365 1338; x_wconf 94' lang='lat' dir='ltr'><strong>non</strong></span> <span class='ocrx_word' id='word_1_495' title='bbox 2382 1281 2630 1348; x_wconf 90' lang='lat' dir='ltr'><strong>creditis,</strong></span> <span class='ocrx_word' id='word_1_496' title='bbox 2653 1295 2849 1350; x_wconf 91' lang='lat' dir='ltr'><strong>neque,</strong></span> <span class='ocrx_word' id='word_1_497' title='bbox 2873 1277 2995 1348; x_wconf 90' lang='lat' dir='ltr'><strong>quis</strong></span> <span class='ocrx_word' id='word_1_498' title='bbox 3015 1276 3104 1341; x_wconf 91' lang='lat' dir='ltr'><strong>sit,</strong></span> <span class='ocrx_word' id='word_1_499' title='bbox 3127 1271 3476 1345; x_wconf 86' lang='lat' dir='ltr'><strong>cognoscitis.</strong></span> 
     </span>
    </p>
   </div>
   <div class='ocr_carea' id='block_1_70' title="bbox 1959 1366 3479 1447">
    <p class='ocr_par' dir='ltr' id='par_1_70' title="bbox 1959 1366 3479 1447">
     <span class='ocr_line' id='line_1_70' title="bbox 1959 1366 3479 1447; baseline -0.005 -17"><span class='ocrx_word' id='word_1_500' title='bbox 1959 1375 2080 1446; x_wconf 83' lang='lat' dir='ltr'><strong>Ipse</strong></span> <span class='ocrx_word' id='word_1_501' title='bbox 2123 1386 2229 1442; x_wconf 84' lang='lat' dir='ltr'><strong>est,</strong></span> <span class='ocrx_word' id='word_1_502' title='bbox 2277 1377 2366 1447; x_wconf 87' lang='lat' dir='ltr'><strong>qui</strong></span> <span class='ocrx_word' id='word_1_503' title='bbox 2407 1385 2520 1447; x_wconf 90' lang='lat' dir='ltr'><strong>post</strong></span> <span class='ocrx_word' id='word_1_504' title='bbox 2550 1391 2632 1430; x_wconf 86' lang='lat' dir='ltr'><strong>me</strong></span> <span class='ocrx_word' id='word_1_505' title='bbox 2671 1384 2915 1430; x_wconf 77' lang='lat' dir='ltr'><strong>uenturus</strong></span> <span class='ocrx_word' id='word_1_506' title='bbox 2951 1381 3048 1426; x_wconf 89' lang='lat' dir='ltr'><strong>est.</strong></span> <span class='ocrx_word' id='word_1_507' title='bbox 3091 1369 3191 1425; x_wconf 85' lang='lat' dir='ltr'><strong>Hic</strong></span> <span class='ocrx_word' id='word_1_508' title='bbox 3231 1375 3346 1432; x_wconf 89' lang='lat' dir='ltr'><strong>est,</strong></span> <span class='ocrx_word' id='word_1_509' title='bbox 3385 1366 3479 1436; x_wconf 91' lang='lat' dir='ltr'><strong>qui</strong></span> 
     </span>
    </p>
   </div>
   <div class='ocr_carea' id='block_1_71' title="bbox 1887 1460 3480 1538">
    <p class='ocr_par' dir='ltr' id='par_1_71' title="bbox 1887 1460 3480 1538">
     <span class='ocr_line' id='line_1_71' title="bbox 1887 1460 3480 1538; baseline -0.009 -15"><span class='ocrx_word' id='word_1_510' title='bbox 1887 1466 1942 1523; x_wconf 89' lang='lat' dir='ltr'><strong>in</strong></span> <span class='ocrx_word' id='word_1_511' title='bbox 1984 1467 2164 1522; x_wconf 89' lang='lat' dir='ltr'><strong>divina</strong></span> <span class='ocrx_word' id='word_1_512' title='bbox 2195 1467 2558 1538; x_wconf 89' lang='lat' dir='ltr'><strong>disputatione</strong></span> <span class='ocrx_word' id='word_1_513' title='bbox 2583 1473 2639 1521; x_wconf 95' lang='lat' dir='ltr'><strong>et</strong></span> <span class='ocrx_word' id='word_1_514' title='bbox 2682 1463 3116 1534; x_wconf 89' lang='lat' dir='ltr'><strong>praedicatione,</strong></span> <span class='ocrx_word' id='word_1_515' title='bbox 3161 1460 3480 1531; x_wconf 88' lang='lat' dir='ltr'><strong>priusquam</strong></span> 
     </span>
    </p>
   </div>
   <div class='ocr_carea' id='block_1_72' title="bbox 1887 1557 3480 1627">
    <p class='ocr_par' dir='ltr' id='par_1_72' title="bbox 1887 1557 3480 1627">
     <span class='ocr_line' id='line_1_72' title="bbox 1887 1557 3480 1627; baseline -0.009 -11"><span class='ocrx_word' id='word_1_516' title='bbox 1887 1561 2044 1616; x_wconf 84' lang='lat' dir='ltr'><strong>ﬁeret</strong></span> <span class='ocrx_word' id='word_1_517' title='bbox 2068 1561 2320 1627; x_wconf 89' lang='lat' dir='ltr'><strong>mundus,</strong></span> <span class='ocrx_word' id='word_1_518' title='bbox 2352 1558 2762 1624; x_wconf 79' lang='lat' dir='ltr'><strong>deﬁnitus&#39;est,</strong></span> <span class='ocrx_word' id='word_1_519' title='bbox 2777 1557 2921 1627; x_wconf 92' lang='lat' dir='ltr'><strong>quod</strong></span> <span class='ocrx_word' id='word_1_520' title='bbox 2953 1562 3074 1626; x_wconf 91' lang='lat' dir='ltr'><strong>post</strong></span> <span class='ocrx_word' id='word_1_521' title='bbox 3106 1567 3191 1608; x_wconf 93' lang='lat' dir='ltr'><strong>me</strong></span> <span class='ocrx_word' id='word_1_522' title='bbox 3219 1561 3480 1604; x_wconf 85' lang='lat' dir='ltr'><strong>venturus</strong></span> 
     </span>
    </p>
   </div>
   <div class='ocr_carea' id='block_1_73' title="bbox 1886 1643 3478 1720">
    <p class='ocr_par' dir='ltr' id='par_1_73' title="bbox 1886 1643 3478 1720">
     <span class='ocr_line' id='line_1_73' title="bbox 1886 1643 3478 1720; baseline -0.008 -11"><span class='ocrx_word' id='word_1_523' title='bbox 1886 1662 2030 1709; x_wconf 89' lang='lat' dir='ltr'><strong>esset</strong></span> <span class='ocrx_word' id='word_1_524' title='bbox 2059 1653 2112 1707; x_wconf 93' lang='lat' dir='ltr'><strong>in</strong></span> <span class='ocrx_word' id='word_1_525' title='bbox 2142 1653 2424 1716; x_wconf 89' lang='lat' dir='ltr'><strong>mundum,</strong></span> <span class='ocrx_word' id='word_1_526' title='bbox 2459 1660 2517 1706; x_wconf 93' lang='lat' dir='ltr'><strong>ut</strong></span> <span class='ocrx_word' id='word_1_527' title='bbox 2545 1667 2632 1706; x_wconf 91' lang='lat' dir='ltr'><strong>me</strong></span> <span class='ocrx_word' id='word_1_528' title='bbox 2655 1661 3068 1720; x_wconf 89' lang='lat' dir='ltr'><strong>praecursorem</strong></span> <span class='ocrx_word' id='word_1_529' title='bbox 3100 1660 3254 1700; x_wconf 88' lang='lat' dir='ltr'><strong>suum</strong></span> <span class='ocrx_word' id='word_1_530' title='bbox 3285 1643 3478 1698; x_wconf 86' lang='lat' dir='ltr'><strong>subse-</strong></span> 
     </span>
    </p>
   </div>
   <div class='ocr_carea' id='block_1_74' title="bbox 1887 1734 3482 1815">
    <p class='ocr_par' dir='ltr' id='par_1_74' title="bbox 1887 1734 3482 1815">
     <span class='ocr_line' id='line_1_74' title="bbox 1887 1734 3482 1815; baseline -0.006 -17"><span class='ocrx_word' id='word_1_531' title='bbox 1887 1752 2165 1815; x_wconf 89' lang='lat' dir='ltr'><strong>queretur.</strong></span> <span class='ocrx_word' id='word_1_532' title='bbox 2197 1742 2300 1810; x_wconf 85' lang='lat' dir='ltr'><strong>Qui</strong></span> <span class='ocrx_word' id='word_1_533' title='bbox 2331 1751 2451 1797; x_wconf 84' lang='lat' dir='ltr'><strong>ante</strong></span> <span class='ocrx_word' id='word_1_534' title='bbox 2473 1759 2554 1796; x_wconf 88' lang='lat' dir='ltr'><strong>me</strong></span> <span class='ocrx_word' id='word_1_535' title='bbox 2577 1741 2748 1812; x_wconf 79' lang='lat' dir='ltr'><strong>factus</strong></span> <span class='ocrx_word' id='word_1_536' title='bbox 2775 1749 2883 1803; x_wconf 85' lang='lat' dir='ltr'><strong>est;</strong></span> <span class='ocrx_word' id='word_1_537' title='bbox 2915 1737 3018 1792; x_wconf 89' lang='lat' dir='ltr'><strong>hoc</strong></span> <span class='ocrx_word' id='word_1_538' title='bbox 3046 1743 3150 1801; x_wconf 90' lang='lat' dir='ltr'><strong>est,</strong></span> <span class='ocrx_word' id='word_1_539' title='bbox 3177 1734 3266 1804; x_wconf 92' lang='lat' dir='ltr'><strong>qui</strong></span> <span class='ocrx_word' id='word_1_540' title='bbox 3295 1746 3482 1789; x_wconf 84' lang='lat' dir='ltr'><strong>coram</strong></span> 
     </span>
    </p>
   </div>
   <div class='ocr_carea' id='block_1_75' title="bbox 1887 1826 3478 1904">
    <p class='ocr_par' dir='ltr' id='par_1_75' title="bbox 1887 1826 3478 1904">
     <span class='ocr_line' id='line_1_75' title="bbox 1887 1826 3478 1904; baseline -0.008 -11"><span class='ocrx_word' id='word_1_541' title='bbox 1887 1837 2058 1893; x_wconf 90' lang='lat' dir='ltr'><strong>oculis</strong></span> <span class='ocrx_word' id='word_1_542' title='bbox 2087 1835 2287 1891; x_wconf 90' lang='lat' dir='ltr'><strong>mentis</strong></span> <span class='ocrx_word' id='word_1_543' title='bbox 2321 1849 2474 1891; x_wconf 91' lang='lat' dir='ltr'><strong>meae</strong></span> <span class='ocrx_word' id='word_1_544' title='bbox 2509 1845 2565 1889; x_wconf 89' lang='lat' dir='ltr'><strong>et</strong></span> <span class='ocrx_word' id='word_1_545' title='bbox 2600 1833 2843 1904; x_wconf 89' lang='lat' dir='ltr'><strong>corporis</strong></span> <span class='ocrx_word' id='word_1_546' title='bbox 2879 1843 3136 1902; x_wconf 88' lang='lat' dir='ltr'><strong>praesens</strong></span> <span class='ocrx_word' id='word_1_547' title='bbox 3173 1826 3348 1882; x_wconf 79' lang='lat' dir='ltr'><strong>factus</strong></span> <span class='ocrx_word' id='word_1_548' title='bbox 3374 1835 3478 1882; x_wconf 78' lang='lat' dir='ltr'><strong>est.</strong></span> 
     </span>
    </p>
   </div>
   <div class='ocr_carea' id='block_1_76' title="bbox 1887 1920 3480 2002">
    <p class='ocr_par' dir='ltr' id='par_1_76' title="bbox 1887 1920 3480 2002">
     <span class='ocr_line' id='line_1_76' title="bbox 1887 1920 3480 2002; baseline -0.008 -16"><span class='ocrx_word' id='word_1_549' title='bbox 1887 1930 2066 2002; x_wconf 85' lang='lat' dir='ltr'><strong>Ipsum</strong></span> <span class='ocrx_word' id='word_1_550' title='bbox 2114 1929 2379 2000; x_wconf 89' lang='lat' dir='ltr'><strong>siquidem</strong></span> <span class='ocrx_word' id='word_1_551' title='bbox 2425 1927 2602 1993; x_wconf 89' lang='lat' dir='ltr'><strong>video,</strong></span> <span class='ocrx_word' id='word_1_552' title='bbox 2651 1935 2706 1982; x_wconf 92' lang='lat' dir='ltr'><strong>et</strong></span> <span class='ocrx_word' id='word_1_553' title='bbox 2753 1939 3020 1997; x_wconf 80' lang='lat' dir='ltr'><strong>cognosco</strong></span> <span class='ocrx_word' id='word_1_554' title='bbox 3068 1923 3120 1977; x_wconf 93' lang='lat' dir='ltr'><strong>in</strong></span> <span class='ocrx_word' id='word_1_555' title='bbox 3170 1920 3346 1976; x_wconf 88' lang='lat' dir='ltr'><strong>medio</strong></span> <span class='ocrx_word' id='word_1_556' title='bbox 3390 1933 3480 1973; x_wconf 83' lang='lat' dir='ltr'><strong>ve-</strong></span> 
     </span>
    </p>
   </div>
   <div class='ocr_carea' id='block_1_77' title="bbox 1889 2010 3478 2088">
    <p class='ocr_par' dir='ltr' id='par_1_77' title="bbox 1889 2010 3478 2088">
     <span class='ocr_line' id='line_1_77' title="bbox 1889 2010 3478 2088; baseline -0.011 -8"><span class='ocrx_word' id='word_1_557' title='bbox 1889 2032 2081 2088; x_wconf 89' lang='lat' dir='ltr'><strong>strum,</strong></span> <span class='ocrx_word' id='word_1_558' title='bbox 2131 2038 2227 2078; x_wconf 92' lang='lat' dir='ltr'><strong>vos</strong></span> <span class='ocrx_word' id='word_1_559' title='bbox 2256 2030 2434 2077; x_wconf 86' lang='lat' dir='ltr'><strong>autem</strong></span> <span class='ocrx_word' id='word_1_560' title='bbox 2463 2035 2587 2076; x_wconf 91' lang='lat' dir='ltr'><strong>eum</strong></span> <span class='ocrx_word' id='word_1_561' title='bbox 2623 2017 2864 2074; x_wconf 90' lang='lat' dir='ltr'><strong>nescitis.</strong></span> <span class='ocrx_word' id='word_1_562' title='bbox 2909 2015 3007 2071; x_wconf 87' lang='lat' dir='ltr'><strong>Est</strong></span> <span class='ocrx_word' id='word_1_563' title='bbox 3047 2023 3102 2069; x_wconf 88' lang='lat' dir='ltr'><strong>et</strong></span> <span class='ocrx_word' id='word_1_564' title='bbox 3139 2013 3278 2068; x_wconf 92' lang='lat' dir='ltr'><strong>alius</strong></span> <span class='ocrx_word' id='word_1_565' title='bbox 3319 2010 3478 2066; x_wconf 79' lang='lat' dir='ltr'><strong>intel-</strong></span> 
     </span>
    </p>
   </div>
   <div class='ocr_carea' id='block_1_78' title="bbox 1889 2103 3481 2178">
    <p class='ocr_par' dir='ltr' id='par_1_78' title="bbox 1889 2103 3481 2178">
     <span class='ocr_line' id='line_1_78' title="bbox 1889 2103 3481 2178; baseline -0.008 -8"><span class='ocrx_word' id='word_1_566' title='bbox 1889 2116 2060 2172; x_wconf 88' lang='lat' dir='ltr'><strong>lectus</strong></span> <span class='ocrx_word' id='word_1_567' title='bbox 2106 2116 2158 2170; x_wconf 94' lang='lat' dir='ltr'><strong>in</strong></span> <span class='ocrx_word' id='word_1_568' title='bbox 2204 2115 2289 2170; x_wconf 88' lang='lat' dir='ltr'><strong>his</strong></span> <span class='ocrx_word' id='word_1_569' title='bbox 2331 2112 2534 2177; x_wconf 86' lang='lat' dir='ltr'><strong>verbis,</strong></span> <span class='ocrx_word' id='word_1_570' title='bbox 2575 2121 2633 2167; x_wconf 91' lang='lat' dir='ltr'><strong>ut</strong></span> <span class='ocrx_word' id='word_1_571' title='bbox 2682 2110 2914 2165; x_wconf 78' lang='lat' dir='ltr'><strong>Maximo</strong></span> <span class='ocrx_word' id='word_1_572' title='bbox 2986 2107 3179 2178; x_wconf 88' lang='lat' dir='ltr'><strong>placet.</strong></span> <span class='ocrx_word' id='word_1_573' title='bbox 3245 2103 3481 2160; x_wconf 85' lang='lat' dir='ltr'><strong>Joannes</strong></span> 
     </span>
    </p>
   </div>
   <div class='ocr_carea' id='block_1_79' title="bbox 1891 2197 3480 2280">
    <p class='ocr_par' dir='ltr' id='par_1_79' title="bbox 1891 2197 3480 2280">
     <span class='ocr_line' id='line_1_79' title="bbox 1891 2197 3480 2280; baseline -0.01 -16"><span class='ocrx_word' id='word_1_574' title='bbox 1891 2209 2118 2280; x_wconf 86' lang='lat' dir='ltr'><strong>ﬁguram</strong></span> <span class='ocrx_word' id='word_1_575' title='bbox 2166 2207 2528 2279; x_wconf 85' lang='lat' dir='ltr'><strong>poenitentiae</strong></span> <span class='ocrx_word' id='word_1_576' title='bbox 2575 2205 2733 2276; x_wconf 90' lang='lat' dir='ltr'><strong>gerit,</strong></span> <span class='ocrx_word' id='word_1_577' title='bbox 2782 2200 3039 2274; x_wconf 88' lang='lat' dir='ltr'><strong>quoniam</strong></span> <span class='ocrx_word' id='word_1_578' title='bbox 3091 2197 3480 2270; x_wconf 88' lang='lat' dir='ltr'><strong>pocnitcntiam</strong></span> 
     </span>
    </p>
   </div>
   <div class='ocr_carea' id='block_1_80' title="bbox 1889 2292 3481 2374">
    <p class='ocr_par' dir='ltr' id='par_1_80' title="bbox 1889 2292 3481 2374">
     <span class='ocr_line' id='line_1_80' title="bbox 1889 2292 3481 2374; baseline -0.009 -16"><span class='ocrx_word' id='word_1_579' title='bbox 1889 2302 2256 2374; x_wconf 88' lang='lat' dir='ltr'><strong>praedicavit;</strong></span> <span class='ocrx_word' id='word_1_580' title='bbox 2299 2299 2549 2356; x_wconf 88' lang='lat' dir='ltr'><strong>Christus</strong></span> <span class='ocrx_word' id='word_1_581' title='bbox 2588 2307 2768 2353; x_wconf 90' lang='lat' dir='ltr'><strong>autem</strong></span> <span class='ocrx_word' id='word_1_582' title='bbox 2801 2295 3029 2366; x_wconf 90' lang='lat' dir='ltr'><strong>ﬁguram</strong></span> <span class='ocrx_word' id='word_1_583' title='bbox 3063 2292 3329 2362; x_wconf 85' lang='lat' dir='ltr'><strong>justitiae,</strong></span> <span class='ocrx_word' id='word_1_584' title='bbox 3373 2303 3481 2344; x_wconf 93' lang='lat' dir='ltr'><strong>non</strong></span> 
     </span>
    </p>
   </div>
   <div class='ocr_carea' id='block_1_81' title="bbox 1891 2384 3484 2466">
    <p class='ocr_par' dir='ltr' id='par_1_81' title="bbox 1891 2384 3484 2466">
     <span class='ocr_line' id='line_1_81' title="bbox 1891 2384 3484 2466; baseline -0.008 -14"><span class='ocrx_word' id='word_1_585' title='bbox 1891 2396 2064 2453; x_wconf 89' lang='lat' dir='ltr'><strong>solum</strong></span> <span class='ocrx_word' id='word_1_586' title='bbox 2096 2395 2222 2466; x_wconf 88' lang='lat' dir='ltr'><strong>quia</strong></span> <span class='ocrx_word' id='word_1_587' title='bbox 2253 2393 2510 2448; x_wconf 90' lang='lat' dir='ltr'><strong>mundum</strong></span> <span class='ocrx_word' id='word_1_588' title='bbox 2538 2392 2764 2464; x_wconf 88' lang='lat' dir='ltr'><strong>judicat,</strong></span> <span class='ocrx_word' id='word_1_589' title='bbox 2789 2405 2976 2446; x_wconf 90' lang='lat' dir='ltr'><strong>verum</strong></span> <span class='ocrx_word' id='word_1_590' title='bbox 3003 2388 3190 2452; x_wconf 89' lang='lat' dir='ltr'><strong>etiam,</strong></span> <span class='ocrx_word' id='word_1_591' title='bbox 3214 2385 3338 2456; x_wconf 88' lang='lat' dir='ltr'><strong>quia</strong></span> <span class='ocrx_word' id='word_1_592' title='bbox 3367 2384 3484 2454; x_wconf 83' lang='lat' dir='ltr'><strong>ipso</strong></span> 
     </span>
    </p>
   </div>
   <div class='ocr_carea' id='block_1_82' title="bbox 1887 2479 3486 2560">
    <p class='ocr_par' dir='ltr' id='par_1_82' title="bbox 1887 2479 3486 2560">
     <span class='ocr_line' id='line_1_82' title="bbox 1887 2479 3486 2560; baseline -0.008 -17"><span class='ocrx_word' id='word_1_593' title='bbox 1887 2486 2098 2560; x_wconf 88' lang='lat' dir='ltr'><strong>justitia</strong></span> <span class='ocrx_word' id='word_1_594' title='bbox 2130 2495 2350 2542; x_wconf 87' lang='lat' dir='ltr'><strong>aeterna</strong></span> <span class='ocrx_word' id='word_1_595' title='bbox 2383 2495 2486 2542; x_wconf 90' lang='lat' dir='ltr'><strong>est.</strong></span> <span class='ocrx_word' id='word_1_596' title='bbox 2519 2482 2857 2560; x_wconf 78' lang='lat' dir='ltr'><strong>Paenitentia</strong></span> <span class='ocrx_word' id='word_1_597' title='bbox 2887 2495 2995 2536; x_wconf 89' lang='lat' dir='ltr'><strong>non</strong></span> <span class='ocrx_word' id='word_1_598' title='bbox 3035 2479 3140 2534; x_wconf 90' lang='lat' dir='ltr'><strong>nisi</strong></span> <span class='ocrx_word' id='word_1_599' title='bbox 3171 2485 3291 2550; x_wconf 86' lang='lat' dir='ltr'><strong>post</strong></span> <span class='ocrx_word' id='word_1_600' title='bbox 3329 2489 3486 2548; x_wconf 82' lang='lat' dir='ltr'><strong>prae-</strong></span> 
     </span>
    </p>
   </div>
   <div class='ocr_carea' id='block_1_83' title="bbox 1890 2567 3486 2646">
    <p class='ocr_par' dir='ltr' id='par_1_83' title="bbox 1890 2567 3486 2646">
     <span class='ocr_line' id='line_1_83' title="bbox 1890 2567 3486 2646; baseline -0.007 -12"><span class='ocrx_word' id='word_1_601' title='bbox 1890 2578 2276 2634; x_wconf 89' lang='lat' dir='ltr'><strong>varicationem</strong></span> <span class='ocrx_word' id='word_1_602' title='bbox 2329 2575 2574 2646; x_wconf 89' lang='lat' dir='ltr'><strong>justitiae</strong></span> <span class='ocrx_word' id='word_1_603' title='bbox 2617 2574 2763 2629; x_wconf 91' lang='lat' dir='ltr'><strong>valet</strong></span> <span class='ocrx_word' id='word_1_604' title='bbox 2808 2571 2965 2639; x_wconf 89' lang='lat' dir='ltr'><strong>ﬁeri;</strong></span> <span class='ocrx_word' id='word_1_605' title='bbox 3018 2571 3256 2626; x_wconf 89' lang='lat' dir='ltr'><strong>humana</strong></span> <span class='ocrx_word' id='word_1_606' title='bbox 3303 2567 3486 2636; x_wconf 78' lang='lat' dir='ltr'><strong>itaque</strong></span> 
     </span>
    </p>
   </div>
   <div class='ocr_carea' id='block_1_84' title="bbox 1891 2664 3484 2742">
    <p class='ocr_par' dir='ltr' id='par_1_84' title="bbox 1891 2664 3484 2742">
     <span class='ocr_line' id='line_1_84' title="bbox 1891 2664 3484 2742; baseline -0.008 -14"><span class='ocrx_word' id='word_1_607' title='bbox 1891 2682 2104 2737; x_wconf 89' lang='lat' dir='ltr'><strong>natura,</strong></span> <span class='ocrx_word' id='word_1_608' title='bbox 2141 2685 2282 2741; x_wconf 90' lang='lat' dir='ltr'><strong>quae</strong></span> <span class='ocrx_word' id='word_1_609' title='bbox 2324 2670 2470 2742; x_wconf 86' lang='lat' dir='ltr'><strong>leges</strong></span> <span class='ocrx_word' id='word_1_610' title='bbox 2511 2667 2720 2723; x_wconf 88' lang='lat' dir='ltr'><strong>divinas</strong></span> <span class='ocrx_word' id='word_1_611' title='bbox 2762 2667 2816 2721; x_wconf 93' lang='lat' dir='ltr'><strong>in</strong></span> <span class='ocrx_word' id='word_1_612' title='bbox 2859 2664 3110 2736; x_wconf 88' lang='lat' dir='ltr'><strong>paradiso</strong></span> <span class='ocrx_word' id='word_1_613' title='bbox 3142 2671 3484 2731; x_wconf 76' lang='lat' dir='ltr'><strong>transgressa</strong></span> 
     </span>
    </p>
   </div>
   <div class='ocr_carea' id='block_1_85' title="bbox 1890 2752 3488 2834">
    <p class='ocr_par' dir='ltr' id='par_1_85' title="bbox 1890 2752 3488 2834">
     <span class='ocr_line' id='line_1_85' title="bbox 1890 2752 3488 2834; baseline -0.009 -12"><span class='ocrx_word' id='word_1_614' title='bbox 1890 2775 1997 2831; x_wconf 89' lang='lat' dir='ltr'><strong>est,</strong></span> <span class='ocrx_word' id='word_1_615' title='bbox 2027 2766 2126 2821; x_wconf 91' lang='lat' dir='ltr'><strong>sub</strong></span> <span class='ocrx_word' id='word_1_616' title='bbox 2153 2778 2384 2834; x_wconf 87' lang='lat' dir='ltr'><strong>persona</strong></span> <span class='ocrx_word' id='word_1_617' title='bbox 2430 2761 2654 2819; x_wconf 88' lang='lat' dir='ltr'><strong>Joannis</strong></span> <span class='ocrx_word' id='word_1_618' title='bbox 2709 2756 3095 2830; x_wconf 86' lang='lat' dir='ltr'><strong>poenitentiam</strong></span> <span class='ocrx_word' id='word_1_619' title='bbox 3124 2752 3401 2825; x_wconf 88' lang='lat' dir='ltr'><strong>praedicat</strong></span> <span class='ocrx_word' id='word_1_620' title='bbox 3427 2755 3488 2808; x_wconf 79' lang='lat' dir='ltr'><strong>et</strong></span> 
     </span>
    </p>
   </div>
   <div class='ocr_carea' id='block_1_86' title="bbox 1892 2844 3486 2922">
    <p class='ocr_par' dir='ltr' id='par_1_86' title="bbox 1892 2844 3486 2922">
     <span class='ocr_line' id='line_1_86' title="bbox 1892 2844 3486 2922; baseline -0.011 -10"><span class='ocrx_word' id='word_1_621' title='bbox 1892 2857 2052 2922; x_wconf 79' lang='lat' dir='ltr'><strong>facit,</strong></span> <span class='ocrx_word' id='word_1_622' title='bbox 2080 2865 2136 2911; x_wconf 92' lang='lat' dir='ltr'><strong>et</strong></span> <span class='ocrx_word' id='word_1_623' title='bbox 2174 2852 2586 2910; x_wconf 89' lang='lat' dir='ltr'><strong>substantialem</strong></span> <span class='ocrx_word' id='word_1_624' title='bbox 2628 2849 2724 2905; x_wconf 90' lang='lat' dir='ltr'><strong>Dei</strong></span> <span class='ocrx_word' id='word_1_625' title='bbox 2760 2848 2924 2904; x_wconf 80' lang='lat' dir='ltr'><strong>Verbi</strong></span> <span class='ocrx_word' id='word_1_626' title='bbox 2957 2844 3224 2916; x_wconf 87' lang='lat' dir='ltr'><strong>justitiam</strong></span> <span class='ocrx_word' id='word_1_627' title='bbox 3262 2854 3486 2912; x_wconf 84' lang='lat' dir='ltr'><strong>praeco-</strong></span> 
     </span>
    </p>
   </div>
   <div class='ocr_carea' id='block_1_87' title="bbox 1892 2943 3485 3015">
    <p class='ocr_par' dir='ltr' id='par_1_87' title="bbox 1892 2943 3485 3015">
     <span class='ocr_line' id='line_1_87' title="bbox 1892 2943 3485 3015; baseline -0.011 -11"><span class='ocrx_word' id='word_1_628' title='bbox 1892 2949 2106 3004; x_wconf 90' lang='lat' dir='ltr'><strong>dentem</strong></span> <span class='ocrx_word' id='word_1_629' title='bbox 2138 2961 2197 3002; x_wconf 90' lang='lat' dir='ltr'><strong>se</strong></span> <span class='ocrx_word' id='word_1_630' title='bbox 2227 2961 2327 3015; x_wconf 88' lang='lat' dir='ltr'><strong>per</strong></span> <span class='ocrx_word' id='word_1_631' title='bbox 2359 2943 2694 2999; x_wconf 88' lang='lat' dir='ltr'><strong>divinitatem</strong></span> <span class='ocrx_word' id='word_1_632' title='bbox 2717 2981 2732 3006; x_wconf 94' lang='lat'><strong>,</strong></span> <span class='ocrx_word' id='word_1_633' title='bbox 2762 2949 2817 2995; x_wconf 91' lang='lat' dir='ltr'><strong>et</strong></span> <span class='ocrx_word' id='word_1_634' title='bbox 2846 2946 2968 3010; x_wconf 90' lang='lat' dir='ltr'><strong>post</strong></span> <span class='ocrx_word' id='word_1_635' title='bbox 2997 2951 3056 2993; x_wconf 88' lang='lat' dir='ltr'><strong>se</strong></span> <span class='ocrx_word' id='word_1_636' title='bbox 3077 2944 3360 2990; x_wconf 89' lang='lat' dir='ltr'><strong>venturam</strong></span> <span class='ocrx_word' id='word_1_637' title='bbox 3388 2946 3485 3002; x_wconf 87' lang='lat' dir='ltr'><strong>per</strong></span> 
     </span>
    </p>
   </div>
   <div class='ocr_carea' id='block_1_88' title="bbox 1891 3026 3481 3107">
    <p class='ocr_par' dir='ltr' id='par_1_88' title="bbox 1891 3026 3481 3107">
     <span class='ocr_line' id='line_1_88' title="bbox 1891 3026 3481 3107; baseline -0.011 -12"><span class='ocrx_word' id='word_1_638' title='bbox 1891 3038 2072 3096; x_wconf 89' lang='lat' dir='ltr'><strong>carnis</strong></span> <span class='ocrx_word' id='word_1_639' title='bbox 2114 3034 2570 3107; x_wconf 89' lang='lat' dir='ltr'><strong>dispensationem</strong></span> <span class='ocrx_word' id='word_1_640' title='bbox 2613 3029 2903 3086; x_wconf 84' lang='lat' dir='ltr'><strong>manifeste</strong></span> <span class='ocrx_word' id='word_1_641' title='bbox 2944 3026 3208 3091; x_wconf 84' lang='lat' dir='ltr'><strong>declarat,</strong></span> <span class='ocrx_word' id='word_1_642' title='bbox 3248 3035 3307 3080; x_wconf 90' lang='lat' dir='ltr'><strong>ut</strong></span> <span class='ocrx_word' id='word_1_643' title='bbox 3339 3038 3481 3089; x_wconf 91' lang='lat' dir='ltr'><strong>eam,</strong></span> 
     </span>
    </p>
   </div>
   <div class='ocr_carea' id='block_1_89' title="bbox 1895 3119 3487 3194">
    <p class='ocr_par' dir='ltr' id='par_1_89' title="bbox 1895 3119 3487 3194">
     <span class='ocr_line' id='line_1_89' title="bbox 1895 3119 3487 3194; baseline -0.01 -9"><span class='ocrx_word' id='word_1_644' title='bbox 1895 3131 2186 3185; x_wconf 79' lang='lat' dir='ltr'><strong>humanam</strong></span> <span class='ocrx_word' id='word_1_645' title='bbox 2231 3129 2352 3184; x_wconf 89' lang='lat' dir='ltr'><strong>dico</strong></span> <span class='ocrx_word' id='word_1_646' title='bbox 2394 3139 2662 3191; x_wconf 87' lang='lat' dir='ltr'><strong>naturam,</strong></span> <span class='ocrx_word' id='word_1_647' title='bbox 2695 3123 2854 3194; x_wconf 79' lang='lat' dir='ltr'><strong>juxta</strong></span> <span class='ocrx_word' id='word_1_648' title='bbox 2894 3121 3103 3177; x_wconf 87' lang='lat' dir='ltr'><strong>divinas</strong></span> <span class='ocrx_word' id='word_1_649' title='bbox 3141 3119 3306 3189; x_wconf 89' lang='lat' dir='ltr'><strong>leges,</strong></span> <span class='ocrx_word' id='word_1_650' title='bbox 3349 3129 3487 3187; x_wconf 88' lang='lat' dir='ltr'><strong>quas</strong></span> 
     </span>
    </p>
   </div>
   <div class='ocr_carea' id='block_1_90' title="bbox 1895 3210 3485 3294">
    <p class='ocr_par' dir='ltr' id='par_1_90' title="bbox 1895 3210 3485 3294">
     <span class='ocr_line' id='line_1_90' title="bbox 1895 3210 3485 3294; baseline -0.011 -15"><span class='ocrx_word' id='word_1_651' title='bbox 1895 3222 2254 3294; x_wconf 88' lang='lat' dir='ltr'><strong>superbiendo</strong></span> <span class='ocrx_word' id='word_1_652' title='bbox 2284 3231 2584 3293; x_wconf 90' lang='lat' dir='ltr'><strong>spreverat,</strong></span> <span class='ocrx_word' id='word_1_653' title='bbox 2615 3223 3028 3275; x_wconf 87' lang='lat' dir='ltr'><strong>conversantem</strong></span> <span class='ocrx_word' id='word_1_654' title='bbox 3047 3255 3061 3279; x_wconf 97' lang='lat'><strong>,</strong></span> <span class='ocrx_word' id='word_1_655' title='bbox 3093 3212 3159 3267; x_wconf 85' lang='lat' dir='ltr'><strong>ad</strong></span> <span class='ocrx_word' id='word_1_656' title='bbox 3197 3210 3485 3282; x_wconf 89' lang='lat' dir='ltr'><strong>pristinum</strong></span> 
     </span>
    </p>
   </div>
   <div class='ocr_carea' id='block_1_91' title="bbox 1895 3303 3487 3385">
    <p class='ocr_par' dir='ltr' id='par_1_91' title="bbox 1895 3303 3487 3385">
     <span class='ocr_line' id='line_1_91' title="bbox 1895 3303 3487 3385; baseline -0.009 -15"><span class='ocrx_word' id='word_1_657' title='bbox 1895 3325 2150 3370; x_wconf 90' lang='lat' dir='ltr'><strong>aeternae</strong></span> <span class='ocrx_word' id='word_1_658' title='bbox 2180 3314 2422 3385; x_wconf 91' lang='lat' dir='ltr'><strong>justitiae</strong></span> <span class='ocrx_word' id='word_1_659' title='bbox 2454 3320 2655 3368; x_wconf 89' lang='lat' dir='ltr'><strong>statum</strong></span> <span class='ocrx_word' id='word_1_660' title='bbox 2704 3316 3006 3365; x_wconf 88' lang='lat' dir='ltr'><strong>revocaret.</strong></span> <span class='ocrx_word' id='word_1_661' title='bbox 3047 3303 3214 3375; x_wconf 84' lang='lat' dir='ltr'><strong>Cujus</strong></span> <span class='ocrx_word' id='word_1_662' title='bbox 3249 3319 3340 3373; x_wconf 85' lang='lat' dir='ltr'><strong>ego</strong></span> <span class='ocrx_word' id='word_1_663' title='bbox 3381 3315 3487 3356; x_wconf 74' lang='lat' dir='ltr'><strong>non</strong></span> 
     </span>
    </p>
   </div>
   <div class='ocr_carea' id='block_1_92' title="bbox 1895 3397 3488 3481">
    <p class='ocr_par' dir='ltr' id='par_1_92' title="bbox 1895 3397 3488 3481">
     <span class='ocr_line' id='line_1_92' title="bbox 1895 3397 3488 3481; baseline -0.009 -16"><span class='ocrx_word' id='word_1_664' title='bbox 1895 3427 2009 3465; x_wconf 87' lang='lat' dir='ltr'><strong>sum</strong></span> <span class='ocrx_word' id='word_1_665' title='bbox 2042 3409 2252 3481; x_wconf 81' lang='lat' dir='ltr'><strong>dignus,</strong></span> <span class='ocrx_word' id='word_1_666' title='bbox 2281 3419 2336 3465; x_wconf 91' lang='lat' dir='ltr'><strong>et</strong></span> <span class='ocrx_word' id='word_1_667' title='bbox 2367 3408 2596 3478; x_wconf 90' lang='lat' dir='ltr'><strong>reliqua.</strong></span> <span class='ocrx_word' id='word_1_668' title='bbox 2627 3405 3064 3462; x_wconf 85' lang='lat' dir='ltr'><strong>Calceamentum</strong></span> <span class='ocrx_word' id='word_1_669' title='bbox 3094 3397 3251 3454; x_wconf 79' lang='lat' dir='ltr'><strong>Verbi</strong></span> <span class='ocrx_word' id='word_1_670' title='bbox 3279 3405 3364 3453; x_wconf 89' lang='lat' dir='ltr'><strong>est</strong></span> <span class='ocrx_word' id='word_1_671' title='bbox 3388 3409 3488 3452; x_wconf 86' lang='lat' dir='ltr'><strong>sua</strong></span> 
     </span>
    </p>
   </div>
   <div class='ocr_carea' id='block_1_93' title="bbox 1896 3489 3488 3574">
    <p class='ocr_par' dir='ltr' id='par_1_93' title="bbox 1896 3489 3488 3574">
     <span class='ocr_line' id='line_1_93' title="bbox 1896 3489 3488 3574; baseline -0.011 -15"><span class='ocrx_word' id='word_1_672' title='bbox 1896 3519 2050 3568; x_wconf 89' lang='lat' dir='ltr'><strong>caro,</strong></span> <span class='ocrx_word' id='word_1_673' title='bbox 2078 3518 2241 3574; x_wconf 87' lang='lat' dir='ltr'><strong>quam</strong></span> <span class='ocrx_word' id='word_1_674' title='bbox 2269 3500 2338 3558; x_wconf 93' lang='lat' dir='ltr'><strong>de</strong></span> <span class='ocrx_word' id='word_1_675' title='bbox 2361 3501 2569 3571; x_wconf 87' lang='lat' dir='ltr'><strong>virgine</strong></span> <span class='ocrx_word' id='word_1_676' title='bbox 2597 3503 2952 3559; x_wconf 89' lang='lat' dir='ltr'><strong>assumscrat,</strong></span> <span class='ocrx_word' id='word_1_677' title='bbox 2975 3505 3114 3563; x_wconf 89' lang='lat' dir='ltr'><strong>quae</strong></span> <span class='ocrx_word' id='word_1_678' title='bbox 3139 3504 3236 3561; x_wconf 91' lang='lat' dir='ltr'><strong>per</strong></span> <span class='ocrx_word' id='word_1_679' title='bbox 3262 3489 3488 3560; x_wconf 88' lang='lat' dir='ltr'><strong>ﬁguram</strong></span> 
     </span>
    </p>
   </div>
   <div class='ocr_carea' id='block_1_94' title="bbox 1896 3585 3488 3652">
    <p class='ocr_par' dir='ltr' id='par_1_94' title="bbox 1896 3585 3488 3652">
     <span class='ocr_line' id='line_1_94' title="bbox 1896 3585 3488 3652; baseline -0.012 0"><span class='ocrx_word' id='word_1_680' title='bbox 1896 3593 2252 3652; x_wconf 89' lang='lat' dir='ltr'><strong>calceamenti</strong></span> <span class='ocrx_word' id='word_1_681' title='bbox 2294 3593 2617 3648; x_wconf 89' lang='lat' dir='ltr'><strong>insinuatur.</strong></span> <span class='ocrx_word' id='word_1_682' title='bbox 2664 3587 2733 3645; x_wconf 91' lang='lat' dir='ltr'><strong>Ut</strong></span> <span class='ocrx_word' id='word_1_683' title='bbox 2774 3589 2918 3644; x_wconf 90' lang='lat' dir='ltr'><strong>enim</strong></span> <span class='ocrx_word' id='word_1_684' title='bbox 2961 3585 3384 3642; x_wconf 89' lang='lat' dir='ltr'><strong>calceamentum</strong></span> <span class='ocrx_word' id='word_1_685' title='bbox 3419 3592 3488 3634; x_wconf 80' lang='lat' dir='ltr'><strong>ex</strong></span> 
     </span>
    </p>
   </div>
   <div class='ocr_carea' id='block_1_95' title="bbox 1897 3667 3489 3744">
    <p class='ocr_par' dir='ltr' id='par_1_95' title="bbox 1897 3667 3489 3744">
     <span class='ocr_line' id='line_1_95' title="bbox 1897 3667 3489 3744; baseline -0.011 -1"><span class='ocrx_word' id='word_1_686' title='bbox 1897 3686 2044 3742; x_wconf 91' lang='lat' dir='ltr'><strong>corio</strong></span> <span class='ocrx_word' id='word_1_687' title='bbox 2067 3695 2403 3742; x_wconf 90' lang='lat' dir='ltr'><strong>mortuorum</strong></span> <span class='ocrx_word' id='word_1_688' title='bbox 2427 3681 2740 3738; x_wconf 86' lang='lat' dir='ltr'><strong>animalium</strong></span> <span class='ocrx_word' id='word_1_689' title='bbox 2761 3678 3013 3744; x_wconf 81' lang='lat' dir='ltr'><strong>eliicitur,</strong></span> <span class='ocrx_word' id='word_1_690' title='bbox 3037 3677 3111 3730; x_wconf 90' lang='lat' dir='ltr'><strong>ita</strong></span> <span class='ocrx_word' id='word_1_691' title='bbox 3133 3689 3264 3730; x_wconf 88' lang='lat' dir='ltr'><strong>caro</strong></span> <span class='ocrx_word' id='word_1_692' title='bbox 3286 3667 3489 3727; x_wconf 90' lang='lat' dir='ltr'><strong>Christi</strong></span> 
     </span>
    </p>
   </div>
   <div class='ocr_carea' id='block_1_96' title="bbox 1897 3765 3491 3850">
    <p class='ocr_par' dir='ltr' id='par_1_96' title="bbox 1897 3765 3491 3850">
     <span class='ocr_line' id='line_1_96' title="bbox 1897 3765 3491 3850; baseline -0.011 -16"><span class='ocrx_word' id='word_1_693' title='bbox 1897 3787 2119 3850; x_wconf 87' lang='lat' dir='ltr'><strong>propter</strong></span> <span class='ocrx_word' id='word_1_694' title='bbox 2147 3792 2246 3832; x_wconf 90' lang='lat' dir='ltr'><strong>nos</strong></span> <span class='ocrx_word' id='word_1_695' title='bbox 2271 3774 2516 3832; x_wconf 89' lang='lat' dir='ltr'><strong>mortalis</strong></span> <span class='ocrx_word' id='word_1_696' title='bbox 2545 3773 2687 3829; x_wconf 75' lang='lat' dir='ltr'><strong>facta</strong></span> <span class='ocrx_word' id='word_1_697' title='bbox 2717 3779 2822 3835; x_wconf 91' lang='lat' dir='ltr'><strong>est,</strong></span> <span class='ocrx_word' id='word_1_698' title='bbox 2852 3779 2912 3825; x_wconf 94' lang='lat' dir='ltr'><strong>ut</strong></span> <span class='ocrx_word' id='word_1_699' title='bbox 2942 3775 3116 3824; x_wconf 91' lang='lat' dir='ltr'><strong>morte</strong></span> <span class='ocrx_word' id='word_1_700' title='bbox 3145 3765 3313 3836; x_wconf 88' lang='lat' dir='ltr'><strong>ipsius</strong></span> <span class='ocrx_word' id='word_1_701' title='bbox 3342 3775 3491 3818; x_wconf 83' lang='lat' dir='ltr'><strong>mors</strong></span> 
     </span>
    </p>
   </div>
   <div class='ocr_carea' id='block_1_97' title="bbox 1897 3855 3490 3927">
    <p class='ocr_par' dir='ltr' id='par_1_97' title="bbox 1897 3855 3490 3927">
     <span class='ocr_line' id='line_1_97' title="bbox 1897 3855 3490 3927; baseline -0.011 -1"><span class='ocrx_word' id='word_1_702' title='bbox 1897 3879 2087 3927; x_wconf 87' lang='lat' dir='ltr'><strong>nostra</strong></span> <span class='ocrx_word' id='word_1_703' title='bbox 2119 3868 2340 3924; x_wconf 90' lang='lat' dir='ltr'><strong>omnino</strong></span> <span class='ocrx_word' id='word_1_704' title='bbox 2371 3865 2794 3922; x_wconf 89' lang='lat' dir='ltr'><strong>interimeretur.</strong></span> <span class='ocrx_word' id='word_1_705' title='bbox 2836 3859 2970 3916; x_wconf 85' lang='lat' dir='ltr'><strong>Nam</strong></span> <span class='ocrx_word' id='word_1_706' title='bbox 2999 3874 3129 3915; x_wconf 91' lang='lat' dir='ltr'><strong>caro</strong></span> <span class='ocrx_word' id='word_1_707' title='bbox 3153 3855 3354 3912; x_wconf 89' lang='lat' dir='ltr'><strong>Christi</strong></span> <span class='ocrx_word' id='word_1_708' title='bbox 3382 3867 3490 3909; x_wconf 82' lang='lat' dir='ltr'><strong>non</strong></span> 
     </span>
    </p>
   </div>
   <div class='ocr_carea' id='block_1_98' title="bbox 1898 3951 3493 4030">
    <p class='ocr_par' dir='ltr' id='par_1_98' title="bbox 1898 3951 3493 4030">
     <span class='ocr_line' id='line_1_98' title="bbox 1898 3951 3493 4030; baseline -0.011 -12"><span class='ocrx_word' id='word_1_709' title='bbox 1898 3962 2094 4018; x_wconf 89' lang='lat' dir='ltr'><strong>merito</strong></span> <span class='ocrx_word' id='word_1_710' title='bbox 2125 3961 2207 4016; x_wconf 89' lang='lat' dir='ltr'><strong>sui</strong></span> <span class='ocrx_word' id='word_1_711' title='bbox 2239 3957 2447 4030; x_wconf 90' lang='lat' dir='ltr'><strong>peccati</strong></span> <span class='ocrx_word' id='word_1_712' title='bbox 2480 3955 2721 4012; x_wconf 90' lang='lat' dir='ltr'><strong>mortalis</strong></span> <span class='ocrx_word' id='word_1_713' title='bbox 2748 3953 2888 4008; x_wconf 81' lang='lat' dir='ltr'><strong>facta</strong></span> <span class='ocrx_word' id='word_1_714' title='bbox 2916 3960 3000 4008; x_wconf 89' lang='lat' dir='ltr'><strong>est</strong></span> <span class='ocrx_word' id='word_1_715' title='bbox 3020 3992 3035 4017; x_wconf 92' lang='lat'><strong>,</strong></span> <span class='ocrx_word' id='word_1_716' title='bbox 3069 3951 3208 4006; x_wconf 92' lang='lat' dir='ltr'><strong>sicut</strong></span> <span class='ocrx_word' id='word_1_717' title='bbox 3237 3962 3366 4004; x_wconf 92' lang='lat' dir='ltr'><strong>caro</strong></span> <span class='ocrx_word' id='word_1_718' title='bbox 3393 3961 3493 4002; x_wconf 90' lang='lat' dir='ltr'><strong>no-</strong></span> 
     </span>
    </p>
   </div>
   <div class='ocr_carea' id='block_1_99' title="bbox 1899 4051 3493 4120">
    <p class='ocr_par' dir='ltr' id='par_1_99' title="bbox 1899 4051 3493 4120">
     <span class='ocr_line' id='line_1_99' title="bbox 1899 4051 3493 4120; baseline -0.011 -10"><span class='ocrx_word' id='word_1_719' title='bbox 1899 4061 2034 4120; x_wconf 88' lang='lat' dir='ltr'><strong>stra,</strong></span> <span class='ocrx_word' id='word_1_720' title='bbox 2064 4054 2158 4108; x_wconf 93' lang='lat' dir='ltr'><strong>sed</strong></span> <span class='ocrx_word' id='word_1_721' title='bbox 2199 4051 2264 4106; x_wconf 89' lang='lat' dir='ltr'><strong>ad</strong></span> <span class='ocrx_word' id='word_1_722' title='bbox 2305 4059 2554 4106; x_wconf 89' lang='lat' dir='ltr'><strong>naturam</strong></span> <span class='ocrx_word' id='word_1_723' title='bbox 2594 4057 2834 4103; x_wconf 89' lang='lat' dir='ltr'><strong>nostram</strong></span> <span class='ocrx_word' id='word_1_724' title='bbox 2875 4053 2996 4115; x_wconf 88' lang='lat' dir='ltr'><strong>post</strong></span> <span class='ocrx_word' id='word_1_725' title='bbox 3035 4051 3317 4112; x_wconf 89' lang='lat' dir='ltr'><strong>peccatum</strong></span> <span class='ocrx_word' id='word_1_726' title='bbox 3359 4054 3493 4094; x_wconf 87' lang='lat' dir='ltr'><strong>con-</strong></span> 
     </span>
    </p>
   </div>
   <div class='ocr_carea' id='block_1_100' title="bbox 1901 4127 3493 4210">
    <p class='ocr_par' dir='ltr' id='par_1_100' title="bbox 1901 4127 3493 4210">
     <span class='ocr_line' id='line_1_100' title="bbox 1901 4127 3493 4210; baseline -0.009 -12"><span class='ocrx_word' id='word_1_727' title='bbox 1901 4140 2252 4198; x_wconf 88' lang='lat' dir='ltr'><strong>descensione</strong></span> <span class='ocrx_word' id='word_1_728' title='bbox 2278 4138 2550 4210; x_wconf 90' lang='lat' dir='ltr'><strong>passibilis</strong></span> <span class='ocrx_word' id='word_1_729' title='bbox 2578 4145 2716 4192; x_wconf 87' lang='lat' dir='ltr'><strong>erat.</strong></span> <span class='ocrx_word' id='word_1_730' title='bbox 2752 4133 2978 4190; x_wconf 83' lang='lat' dir='ltr'><strong>Mortem</strong></span> <span class='ocrx_word' id='word_1_731' title='bbox 3009 4131 3275 4202; x_wconf 89' lang='lat' dir='ltr'><strong>siquidem</strong></span> <span class='ocrx_word' id='word_1_732' title='bbox 3305 4127 3493 4184; x_wconf 83' lang='lat' dir='ltr'><strong>subire</strong></span> 
     </span>
    </p>
   </div>
   <div class='ocr_carea' id='block_1_101' title="bbox 1900 4223 3489 4308">
    <p class='ocr_par' dir='ltr' id='par_1_101' title="bbox 1900 4223 3489 4308">
     <span class='ocr_line' id='line_1_101' title="bbox 1900 4223 3489 4308; baseline -0.011 -17"><span class='ocrx_word' id='word_1_733' title='bbox 1900 4244 2125 4308; x_wconf 88' lang='lat' dir='ltr'><strong>propter</strong></span> <span class='ocrx_word' id='word_1_734' title='bbox 2153 4249 2251 4288; x_wconf 91' lang='lat' dir='ltr'><strong>nos</strong></span> <span class='ocrx_word' id='word_1_735' title='bbox 2279 4247 2383 4287; x_wconf 92' lang='lat' dir='ltr'><strong>non</strong></span> <span class='ocrx_word' id='word_1_736' title='bbox 2413 4229 2609 4297; x_wconf 90' lang='lat' dir='ltr'><strong>renuit,</strong></span> <span class='ocrx_word' id='word_1_737' title='bbox 2643 4243 2863 4284; x_wconf 88' lang='lat' dir='ltr'><strong>causam</strong></span> <span class='ocrx_word' id='word_1_738' title='bbox 2893 4241 3021 4282; x_wconf 88' lang='lat' dir='ltr'><strong>vero</strong></span> <span class='ocrx_word' id='word_1_739' title='bbox 3051 4223 3260 4288; x_wconf 90' lang='lat' dir='ltr'><strong>mortis,</strong></span> <span class='ocrx_word' id='word_1_740' title='bbox 3294 4235 3489 4293; x_wconf 88' lang='lat' dir='ltr'><strong>pecca-</strong></span> 
     </span>
    </p>
   </div>
   <div class='ocr_carea' id='block_1_102' title="bbox 1903 4314 3492 4394">
    <p class='ocr_par' dir='ltr' id='par_1_102' title="bbox 1903 4314 3492 4394">
     <span class='ocr_line' id='line_1_102' title="bbox 1903 4314 3492 4394; baseline -0.008 -13"><span class='ocrx_word' id='word_1_741' title='bbox 1903 4335 2015 4382; x_wconf 89' lang='lat' dir='ltr'><strong>tum</strong></span> <span class='ocrx_word' id='word_1_742' title='bbox 2043 4325 2184 4388; x_wconf 92' lang='lat' dir='ltr'><strong>dico,</strong></span> <span class='ocrx_word' id='word_1_743' title='bbox 2227 4340 2332 4380; x_wconf 90' lang='lat' dir='ltr'><strong>non</strong></span> <span class='ocrx_word' id='word_1_744' title='bbox 2375 4324 2598 4394; x_wconf 86' lang='lat' dir='ltr'><strong>recepit.</strong></span> <span class='ocrx_word' id='word_1_745' title='bbox 2643 4321 2871 4390; x_wconf 89' lang='lat' dir='ltr'><strong>Ideoque</strong></span> <span class='ocrx_word' id='word_1_746' title='bbox 2906 4333 3054 4374; x_wconf 91' lang='lat' dir='ltr'><strong>mors</strong></span> <span class='ocrx_word' id='word_1_747' title='bbox 3087 4331 3210 4372; x_wconf 91' lang='lat' dir='ltr'><strong>eum</strong></span> <span class='ocrx_word' id='word_1_748' title='bbox 3251 4314 3492 4370; x_wconf 89' lang='lat' dir='ltr'><strong>detinere</strong></span> 
     </span>
    </p>
   </div>
   <div class='ocr_carea' id='block_1_103' title="bbox 1903 4407 3494 4490">
    <p class='ocr_par' dir='ltr' id='par_1_103' title="bbox 1903 4407 3494 4490">
     <span class='ocr_line' id='line_1_103' title="bbox 1903 4407 3494 4490; baseline -0.008 -15"><span class='ocrx_word' id='word_1_749' title='bbox 1903 4435 2011 4475; x_wconf 93' lang='lat' dir='ltr'><strong>non</strong></span> <span class='ocrx_word' id='word_1_750' title='bbox 2039 4417 2235 4490; x_wconf 90' lang='lat' dir='ltr'><strong>potuit,</strong></span> <span class='ocrx_word' id='word_1_751' title='bbox 2258 4417 2384 4488; x_wconf 90' lang='lat' dir='ltr'><strong>quia</strong></span> <span class='ocrx_word' id='word_1_752' title='bbox 2409 4417 2620 4473; x_wconf 90' lang='lat' dir='ltr'><strong>debitor</strong></span> <span class='ocrx_word' id='word_1_753' title='bbox 2644 4414 2834 4470; x_wconf 90' lang='lat' dir='ltr'><strong>mortis</strong></span> <span class='ocrx_word' id='word_1_754' title='bbox 2860 4428 2966 4468; x_wconf 93' lang='lat' dir='ltr'><strong>non</strong></span> <span class='ocrx_word' id='word_1_755' title='bbox 2992 4409 3112 4466; x_wconf 82' lang='lat' dir='ltr'><strong>fuit.</strong></span> <span class='ocrx_word' id='word_1_756' title='bbox 3139 4407 3254 4464; x_wconf 89' lang='lat' dir='ltr'><strong>Non</strong></span> <span class='ocrx_word' id='word_1_757' title='bbox 3281 4415 3494 4480; x_wconf 90' lang='lat' dir='ltr'><strong>poterat</strong></span> 
     </span>
    </p>
   </div>
   <div class='ocr_carea' id='block_1_104' title="bbox 1905 4497 3495 4582">
    <p class='ocr_par' dir='ltr' id='par_1_104' title="bbox 1905 4497 3495 4582">
     <span class='ocr_line' id='line_1_104' title="bbox 1905 4497 3495 4582; baseline -0.011 -12"><span class='ocrx_word' id='word_1_758' title='bbox 1905 4530 2054 4570; x_wconf 89' lang='lat' dir='ltr'><strong>mors</strong></span> <span class='ocrx_word' id='word_1_759' title='bbox 2078 4513 2322 4568; x_wconf 88' lang='lat' dir='ltr'><strong>detinere</strong></span> <span class='ocrx_word' id='word_1_760' title='bbox 2346 4510 2646 4582; x_wconf 90' lang='lat' dir='ltr'><strong>captivum,</strong></span> <span class='ocrx_word' id='word_1_761' title='bbox 2675 4523 2836 4578; x_wconf 85' lang='lat' dir='ltr'><strong>quem</strong></span> <span class='ocrx_word' id='word_1_762' title='bbox 2863 4521 2970 4562; x_wconf 89' lang='lat' dir='ltr'><strong>non</strong></span> <span class='ocrx_word' id='word_1_763' title='bbox 3006 4505 3284 4559; x_wconf 87' lang='lat' dir='ltr'><strong>invenerat</strong></span> <span class='ocrx_word' id='word_1_764' title='bbox 3313 4497 3495 4556; x_wconf 86' lang='lat' dir='ltr'><strong>crimi-</strong></span> 
     </span>
    </p>
   </div>
   <div class='ocr_carea' id='block_1_105' title="bbox 1903 4601 3492 4674">
    <p class='ocr_par' dir='ltr' id='par_1_105' title="bbox 1903 4601 3492 4674">
     <span class='ocr_line' id='line_1_105' title="bbox 1903 4601 3492 4674; baseline -0.012 -10"><span class='ocrx_word' id='word_1_765' title='bbox 1903 4623 2116 4664; x_wconf 90' lang='lat' dir='ltr'><strong>nosum.</strong></span> <span class='ocrx_word' id='word_1_766' title='bbox 2159 4603 2206 4660; x_wconf 83' lang='lat' dir='ltr'><strong>A</strong></span> <span class='ocrx_word' id='word_1_767' title='bbox 2252 4606 2430 4674; x_wconf 89' lang='lat' dir='ltr'><strong>primo</strong></span> <span class='ocrx_word' id='word_1_768' title='bbox 2474 4618 2603 4674; x_wconf 90' lang='lat' dir='ltr'><strong>ergo</strong></span> <span class='ocrx_word' id='word_1_769' title='bbox 2646 4601 2865 4656; x_wconf 92' lang='lat' dir='ltr'><strong>homine</strong></span> <span class='ocrx_word' id='word_1_770' title='bbox 2906 4607 3034 4654; x_wconf 90' lang='lat' dir='ltr'><strong>ante</strong></span> <span class='ocrx_word' id='word_1_771' title='bbox 3078 4604 3360 4667; x_wconf 92' lang='lat' dir='ltr'><strong>peccatum</strong></span> <span class='ocrx_word' id='word_1_772' title='bbox 3399 4606 3492 4646; x_wconf 83' lang='lat' dir='ltr'><strong>ac-</strong></span> 
     </span>
    </p>
   </div>
   <div class='ocr_carea' id='block_1_106' title="bbox 1903 4690 3494 4772">
    <p class='ocr_par' dir='ltr' id='par_1_106' title="bbox 1903 4690 3494 4772">
     <span class='ocr_line' id='line_1_106' title="bbox 1903 4690 3494 4772; baseline -0.011 -15"><span class='ocrx_word' id='word_1_773' title='bbox 1903 4701 2047 4772; x_wconf 90' lang='lat' dir='ltr'><strong>cepit</strong></span> <span class='ocrx_word' id='word_1_774' title='bbox 2099 4697 2302 4770; x_wconf 90' lang='lat' dir='ltr'><strong>absque</strong></span> <span class='ocrx_word' id='word_1_775' title='bbox 2353 4706 2577 4769; x_wconf 87' lang='lat' dir='ltr'><strong>peccato</strong></span> <span class='ocrx_word' id='word_1_776' title='bbox 2623 4709 2776 4760; x_wconf 89' lang='lat' dir='ltr'><strong>esse;</strong></span> <span class='ocrx_word' id='word_1_777' title='bbox 2832 4691 2902 4747; x_wconf 92' lang='lat' dir='ltr'><strong>ab</strong></span> <span class='ocrx_word' id='word_1_778' title='bbox 2953 4690 3142 4747; x_wconf 88' lang='lat' dir='ltr'><strong>eodem</strong></span> <span class='ocrx_word' id='word_1_779' title='bbox 3203 4693 3322 4758; x_wconf 91' lang='lat' dir='ltr'><strong>post</strong></span> <span class='ocrx_word' id='word_1_780' title='bbox 3365 4700 3494 4756; x_wconf 87' lang='lat' dir='ltr'><strong>pec-</strong></span> 
     </span>
    </p>
   </div>
   <div class='ocr_carea' id='block_1_107' title="bbox 1904 4780 3495 4860">
    <p class='ocr_par' dir='ltr' id='par_1_107' title="bbox 1904 4780 3495 4860">
     <span class='ocr_line' id='line_1_107' title="bbox 1904 4780 3495 4860; baseline -0.011 -12"><span class='ocrx_word' id='word_1_781' title='bbox 1904 4800 2084 4848; x_wconf 90' lang='lat' dir='ltr'><strong>catum</strong></span> <span class='ocrx_word' id='word_1_782' title='bbox 2135 4789 2346 4860; x_wconf 90' lang='lat' dir='ltr'><strong>accepit</strong></span> <span class='ocrx_word' id='word_1_783' title='bbox 2400 4786 2538 4843; x_wconf 92' lang='lat' dir='ltr'><strong>mori</strong></span> <span class='ocrx_word' id='word_1_784' title='bbox 2580 4799 2773 4856; x_wconf 88' lang='lat' dir='ltr'><strong>posse;</strong></span> <span class='ocrx_word' id='word_1_785' title='bbox 2829 4782 3025 4853; x_wconf 90' lang='lat' dir='ltr'><strong>quibus</strong></span> <span class='ocrx_word' id='word_1_786' title='bbox 3071 4780 3280 4836; x_wconf 89' lang='lat' dir='ltr'><strong>duobus</strong></span> <span class='ocrx_word' id='word_1_787' title='bbox 3327 4786 3495 4832; x_wconf 88' lang='lat' dir='ltr'><strong>totam</strong></span> 
     </span>
    </p>
   </div>
   <div class='ocr_carea' id='block_1_108' title="bbox 1907 4869 3497 4948">
    <p class='ocr_par' dir='ltr' id='par_1_108' title="bbox 1907 4869 3497 4948">
     <span class='ocr_line' id='line_1_108' title="bbox 1907 4869 3497 4948; baseline -0.008 -12"><span class='ocrx_word' id='word_1_788' title='bbox 1907 4889 2146 4936; x_wconf 89' lang='lat' dir='ltr'><strong>nostram</strong></span> <span class='ocrx_word' id='word_1_789' title='bbox 2213 4890 2462 4936; x_wconf 89' lang='lat' dir='ltr'><strong>naturam</strong></span> <span class='ocrx_word' id='word_1_790' title='bbox 2526 4878 2580 4933; x_wconf 91' lang='lat' dir='ltr'><strong>in</strong></span> <span class='ocrx_word' id='word_1_791' title='bbox 2644 4892 2704 4932; x_wconf 92' lang='lat' dir='ltr'><strong>se</strong></span> <span class='ocrx_word' id='word_1_792' title='bbox 2759 4876 2877 4948; x_wconf 90' lang='lat' dir='ltr'><strong>ipso</strong></span> <span class='ocrx_word' id='word_1_793' title='bbox 2942 4873 3200 4931; x_wconf 89' lang='lat' dir='ltr'><strong>restituit.</strong></span> <span class='ocrx_word' id='word_1_794' title='bbox 3269 4869 3497 4924; x_wconf 80' lang='lat' dir='ltr'><strong>Mortem</strong></span> 
     </span>
    </p>
   </div>
   <div class='ocr_carea' id='block_1_109' title="bbox 1907 4962 3496 5046">
    <p class='ocr_par' dir='ltr' id='par_1_109' title="bbox 1907 4962 3496 5046">
     <span class='ocr_line' id='line_1_109' title="bbox 1907 4962 3496 5046; baseline -0.01 -16"><span class='ocrx_word' id='word_1_795' title='bbox 1907 4974 2103 5046; x_wconf 89' lang='lat' dir='ltr'><strong>quippe</strong></span> <span class='ocrx_word' id='word_1_796' title='bbox 2156 4981 2398 5029; x_wconf 89' lang='lat' dir='ltr'><strong>nostram</strong></span> <span class='ocrx_word' id='word_1_797' title='bbox 2447 4971 2669 5027; x_wconf 91' lang='lat' dir='ltr'><strong>omnino</strong></span> <span class='ocrx_word' id='word_1_798' title='bbox 2723 4969 2778 5024; x_wconf 94' lang='lat' dir='ltr'><strong>in</strong></span> <span class='ocrx_word' id='word_1_799' title='bbox 2825 4983 2883 5025; x_wconf 90' lang='lat' dir='ltr'><strong>se</strong></span> <span class='ocrx_word' id='word_1_800' title='bbox 2936 4966 3165 5031; x_wconf 88' lang='lat' dir='ltr'><strong>delevit,</strong></span> <span class='ocrx_word' id='word_1_801' title='bbox 3219 4971 3275 5035; x_wconf 87' lang='lat' dir='ltr'><strong>et</strong></span> <span class='ocrx_word' id='word_1_802' title='bbox 3329 4962 3496 5017; x_wconf 86' lang='lat' dir='ltr'><strong>vitam</strong></span> 
     </span>
    </p>
   </div>
   <div class='ocr_carea' id='block_1_110' title="bbox 1911 5051 3491 5130">
    <p class='ocr_par' dir='ltr' id='par_1_110' title="bbox 1911 5051 3491 5130">
     <span class='ocr_line' id='line_1_110' title="bbox 1911 5051 3491 5130; baseline -0.008 -11"><span class='ocrx_word' id='word_1_803' title='bbox 1911 5073 2189 5120; x_wconf 88' lang='lat' dir='ltr'><strong>aeternam</strong></span> <span class='ocrx_word' id='word_1_804' title='bbox 2238 5062 2494 5119; x_wconf 90' lang='lat' dir='ltr'><strong>restituit.</strong></span> <span class='ocrx_word' id='word_1_805' title='bbox 2541 5061 2621 5117; x_wconf 87' lang='lat' dir='ltr'><strong>Eo</strong></span> <span class='ocrx_word' id='word_1_806' title='bbox 2651 5075 2803 5126; x_wconf 92' lang='lat' dir='ltr'><strong>vero,</strong></span> <span class='ocrx_word' id='word_1_807' title='bbox 2854 5058 2998 5130; x_wconf 83' lang='lat' dir='ltr'><strong>quod</strong></span> <span class='ocrx_word' id='word_1_808' title='bbox 3038 5064 3262 5128; x_wconf 87' lang='lat' dir='ltr'><strong>peccato</strong></span> <span class='ocrx_word' id='word_1_809' title='bbox 3291 5051 3491 5114; x_wconf 88' lang='lat' dir='ltr'><strong>caruit,</strong></span> 
     </span>
    </p>
   </div>
   <div class='ocr_carea' id='block_1_111' title="bbox 1911 5137 3497 5223">
    <p class='ocr_par' dir='ltr' id='par_1_111' title="bbox 1911 5137 3497 5223">
     <span class='ocr_line' id='line_1_111' title="bbox 1911 5137 3497 5223; baseline -0.012 -11"><span class='ocrx_word' id='word_1_810' title='bbox 1911 5165 2162 5212; x_wconf 88' lang='lat' dir='ltr'><strong>nat-uram</strong></span> <span class='ocrx_word' id='word_1_811' title='bbox 2202 5165 2468 5220; x_wconf 87' lang='lat' dir='ltr'><strong>nostram,</strong></span> <span class='ocrx_word' id='word_1_812' title='bbox 2494 5161 2783 5223; x_wconf 89' lang='lat' dir='ltr'><strong>antequam</strong></span> <span class='ocrx_word' id='word_1_813' title='bbox 2830 5156 3103 5220; x_wconf 88' lang='lat' dir='ltr'><strong>peccaret,</strong></span> <span class='ocrx_word' id='word_1_814' title='bbox 3147 5147 3201 5201; x_wconf 87' lang='lat' dir='ltr'><strong>in</strong></span> <span class='ocrx_word' id='word_1_815' title='bbox 3231 5159 3289 5200; x_wconf 91' lang='lat' dir='ltr'><strong>se</strong></span> <span class='ocrx_word' id='word_1_816' title='bbox 3325 5137 3497 5196; x_wconf 88' lang='lat' dir='ltr'><strong>mani-</strong></span> 
     </span>
    </p>
   </div>
   <div class='ocr_carea' id='block_1_112' title="bbox 1912 5228 3496 5317">
    <p class='ocr_par' dir='ltr' id='par_1_112' title="bbox 1912 5228 3496 5317">
     <span class='ocr_line' id='line_1_112' title="bbox 1912 5228 3496 5317; baseline -0.011 -15"><span class='ocrx_word' id='word_1_817' title='bbox 1912 5246 2146 5303; x_wconf 81' lang='lat' dir='ltr'><strong>festavit.</strong></span> <span class='ocrx_word' id='word_1_818' title='bbox 2181 5246 2240 5302; x_wconf 91' lang='lat' dir='ltr'><strong>Si</strong></span> <span class='ocrx_word' id='word_1_819' title='bbox 2282 5247 2466 5317; x_wconf 90' lang='lat' dir='ltr'><strong>itaque</strong></span> <span class='ocrx_word' id='word_1_820' title='bbox 2503 5245 2930 5302; x_wconf 87' lang='lat' dir='ltr'><strong>calceamentum</strong></span> <span class='ocrx_word' id='word_1_821' title='bbox 2965 5238 3126 5295; x_wconf 76' lang='lat' dir='ltr'><strong>Verbi</strong></span> <span class='ocrx_word' id='word_1_822' title='bbox 3179 5248 3308 5290; x_wconf 90' lang='lat' dir='ltr'><strong>caro</strong></span> <span class='ocrx_word' id='word_1_823' title='bbox 3331 5228 3496 5288; x_wconf 80' lang='lat' dir='ltr'><strong>Verbi</strong></span> 
     </span>
    </p>
   </div>
   <div class='ocr_carea' id='block_1_113' title="bbox 1911 5319 3498 5411">
    <p class='ocr_par' dir='ltr' id='par_1_113' title="bbox 1911 5319 3498 5411">
     <span class='ocr_line' id='line_1_113' title="bbox 1911 5319 3498 5411; baseline -0.013 -16"><span class='ocrx_word' id='word_1_824' title='bbox 1911 5347 1994 5395; x_wconf 90' lang='lat' dir='ltr'><strong>est</strong></span> <span class='ocrx_word' id='word_1_825' title='bbox 2023 5380 2039 5406; x_wconf 92' lang='lat'><strong>,</strong></span> <span class='ocrx_word' id='word_1_826' title='bbox 2107 5356 2212 5396; x_wconf 91' lang='lat' dir='ltr'><strong>non</strong></span> <span class='ocrx_word' id='word_1_827' title='bbox 2279 5340 2574 5411; x_wconf 87' lang='lat' dir='ltr'><strong>incongrue</strong></span> <span class='ocrx_word' id='word_1_828' title='bbox 2627 5335 2916 5406; x_wconf 87' lang='lat' dir='ltr'><strong>corrigiam</strong></span> <span class='ocrx_word' id='word_1_829' title='bbox 2979 5325 3327 5386; x_wconf 87' lang='lat' dir='ltr'><strong>calceamenti</strong></span> <span class='ocrx_word' id='word_1_830' title='bbox 3381 5319 3498 5390; x_wconf 88' lang='lat' dir='ltr'><strong>ejus</strong></span> 
     </span>
    </p>
   </div>
   <div class='ocr_carea' id='block_1_114' title="bbox 1911 5425 3498 5504">
    <p class='ocr_par' dir='ltr' id='par_1_114' title="bbox 1911 5425 3498 5504">
     <span class='ocr_line' id='line_1_114' title="bbox 1911 5425 3498 5504; baseline -0.012 -12"><span class='ocrx_word' id='word_1_831' title='bbox 1911 5437 2286 5502; x_wconf 87' lang='lat' dir='ltr'><strong>subtilitatem,</strong></span> <span class='ocrx_word' id='word_1_832' title='bbox 2341 5445 2395 5490; x_wconf 91' lang='lat' dir='ltr'><strong>et</strong></span> <span class='ocrx_word' id='word_1_833' title='bbox 2451 5431 2878 5504; x_wconf 81' lang='lat' dir='ltr'><strong>investigabilcm</strong></span> <span class='ocrx_word' id='word_1_834' title='bbox 2936 5425 3337 5500; x_wconf 80' lang='lat' dir='ltr'><strong>perplexionem</strong></span> <span class='ocrx_word' id='word_1_835' title='bbox 3375 5433 3498 5489; x_wconf 80' lang='lat' dir='ltr'><strong>my-</strong></span> 
     </span>
    </p>
   </div>
   <div class='ocr_carea' id='block_1_115' title="bbox 1909 5506 3498 5592">
    <p class='ocr_par' dir='ltr' id='par_1_115' title="bbox 1909 5506 3498 5592">
     <span class='ocr_line' id='line_1_115' title="bbox 1909 5506 3498 5592; baseline -0.013 -8"><span class='ocrx_word' id='word_1_836' title='bbox 1909 5531 2200 5585; x_wconf 88' lang='lat' dir='ltr'><strong>steriorum</strong></span> <span class='ocrx_word' id='word_1_837' title='bbox 2271 5527 2662 5586; x_wconf 86' lang='lat' dir='ltr'><strong>incarnationis</strong></span> <span class='ocrx_word' id='word_1_838' title='bbox 2715 5523 2971 5592; x_wconf 85' lang='lat' dir='ltr'><strong>intellige.</strong></span> <span class='ocrx_word' id='word_1_839' title='bbox 3027 5515 3194 5586; x_wconf 88' lang='lat' dir='ltr'><strong>Cujus</strong></span> <span class='ocrx_word' id='word_1_840' title='bbox 3253 5506 3498 5585; x_wconf 87' lang='lat' dir='ltr'><strong>mysterii</strong></span> 
     </span>
    </p>
   </div>
   <div class='ocr_carea' id='block_1_116' title="bbox 1913 5604 3496 5687">
    <p class='ocr_par' dir='ltr' id='par_1_116' title="bbox 1913 5604 3496 5687">
     <span class='ocr_line' id='line_1_116' title="bbox 1913 5604 3496 5687; baseline -0.01 -13"><span class='ocrx_word' id='word_1_841' title='bbox 1913 5621 2252 5676; x_wconf 86' lang='lat' dir='ltr'><strong>altitudinem</strong></span> <span class='ocrx_word' id='word_1_842' title='bbox 2283 5621 2492 5678; x_wconf 87' lang='lat' dir='ltr'><strong>solvere</strong></span> <span class='ocrx_word' id='word_1_843' title='bbox 2520 5618 2800 5687; x_wconf 75' lang='lat' dir='ltr'><strong>indignum</strong></span> <span class='ocrx_word' id='word_1_844' title='bbox 2827 5629 2886 5670; x_wconf 89' lang='lat' dir='ltr'><strong>se</strong></span> <span class='ocrx_word' id='word_1_845' title='bbox 2907 5623 3231 5684; x_wconf 89' lang='lat' dir='ltr'><strong>praecursor</strong></span> <span class='ocrx_word' id='word_1_846' title='bbox 3263 5604 3496 5679; x_wconf 87' lang='lat' dir='ltr'><strong>judicat.</strong></span> 
     </span>
    </p>
   </div>
   <div class='ocr_carea' id='block_1_117' title="bbox 1463 5707 2242 5772">
    <p class='ocr_par' dir='ltr' id='par_1_117' title="bbox 1463 5707 2242 5772">
     <span class='ocr_line' id='line_1_117' title="bbox 1463 5707 2242 5772; baseline 0.01 -8"><span class='ocrx_word' id='word_1_847' title='bbox 1463 5730 1468 5736; x_wconf 91' lang='grc'><strong>·</strong></span> <span class='ocrx_word' id='word_1_848' title='bbox 1552 5707 1802 5766; x_wconf 74' lang='lat' dir='ltr'><strong>VARIAE</strong></span> <span class='ocrx_word' id='word_1_849' title='bbox 1835 5709 2242 5772; x_wconf 80' lang='lat' dir='ltr'><strong>LECTIONES.</strong></span> 
     </span>
    </p>
   </div>
   <div class='ocr_carea' id='block_1_118' title="bbox 295 5799 1807 5878">
    <p class='ocr_par' dir='ltr' id='par_1_118' title="bbox 295 5799 1807 5878">
     <span class='ocr_line' id='line_1_118' title="bbox 295 5799 1807 5878; baseline 0.004 -22"><span class='ocrx_word' id='word_1_850' title='bbox 295 5799 314 5830; x_wconf 83' lang='grc'>¹</span> <span class='ocrx_word' id='word_1_851' title='bbox 355 5800 488 5860; x_wconf 82' lang='lat' dir='ltr'><strong>Cod.</strong></span> <span class='ocrx_word' id='word_1_852' title='bbox 521 5801 717 5878; x_wconf 69' lang='grc' dir='ltr'><strong>θρὸφος.</strong></span> <span class='ocrx_word' id='word_1_853' title='bbox 791 5801 816 5834; x_wconf 81' lang='grc'><strong><em>⁸</em></strong></span> <span class='ocrx_word' id='word_1_854' title='bbox 835 5800 972 5860; x_wconf 84' lang='lat' dir='ltr'><strong>Cod.</strong></span> <span class='ocrx_word' id='word_1_855' title='bbox 1002 5801 1256 5860; x_wconf 82' lang='lat' dir='ltr'><strong>Fariseis.</strong></span> <span class='ocrx_word' id='word_1_856' title='bbox 1333 5804 1353 5837; x_wconf 86' lang='grc'><strong><em>³</em></strong></span> <span class='ocrx_word' id='word_1_857' title='bbox 1379 5803 1510 5862; x_wconf 88' lang='lat' dir='ltr'><strong>Cod.</strong></span> <span class='ocrx_word' id='word_1_858' title='bbox 1537 5804 1807 5876; x_wconf 65' lang='lat' dir='ltr'><strong>dimnitus.</strong></span> 
     </span>
    </p>
   </div>
  </div>
