4028 6274
567 309 677 372 ωτ

1935 314 2055 372 JOA
2063 316 2220 378 NNIS
2251 315 2478 374 δεοτι.

574 403 881 464 Notandum
909 414 1111 474 tamen,
1138 406 1283 476 quod
1307 420 1416 464 non
1437 406 1598 474 dixit,
1635 427 1655 460 ε
1689 405 1845 479 cujus
1865 411 2155 481 corrigiam
2186 412 2234 476 Δ
2260 421 2536 466 cramenta
2553 411 2892 484 baptismatis
2905 411 3300 471 distribuuntur
3315 413 3474 470 veluti
3489 413 3856 488 inJudaeam,

553 495 930 554 vcalceamenti
959 511 1064 552 non
1110 497 1316 553 solvam
1351 519 1396 565 ι,
1443 499 1540 554 sed
1586 499 1765 556 dixit:
1821 520 1839 552 ε
1877 499 1991 556 Non
2041 517 2159 557 sum

575 589 794 659 dignus,
830 597 892 644 ut
921 587 1125 644 solvam
1168 591 1455 660 corrigiam
1507 593 1858 650 calceamenti
1896 615 1940 650 ι.
1991 594 2160 652 Solvit

576 680 720 734 enim
773 679 859 735 ille
910 681 1164 752 mysteria
1217 683 1607 740 incarnationis
1652 685 1896 752 Christi,
1946 689 2160 757 quando

575 771 756 844 ipsum
783 773 1128 844 apertissime
1152 775 1515 832 manifestavit
1536 779 1756 854 mundo,
1781 779 2053 848 multaque
2094 782 2160 834 de

554 864 861 922 divinitate
903 873 960 921 et
1003 866 1341 924 humanitate
1381 867 1553 940 ipsius
1596 869 1826 939 aperuit.
1878 868 2158 940 Indignum

575 969 760 1018 nmen
777 960 848 1018 ad
885 962 986 1018 hoc
1017 963 1284 1034 agendum
1319 978 1378 1019 se
1412 972 1708 1034 comparat.
1761 963 1945 1022 Potest
1996 965 2158 1022 etiam

576 1065 677 1124 per
701 1052 1124 1110 calceamentum
1154 1053 1354 1110 Christi
1375 1055 1602 1111 visibilis
1627 1065 1875 1112 creatura
1897 1065 1952 1112 et
1972 1066 2159 1112 saneta

549 1143 860 1215 ,Seriptura
885 1146 1212 1216 signiﬁcari;
1245 1146 1298 1200 in
1325 1146 1410 1202 his
1435 1147 1579 1202 enim
1607 1148 1831 1219 vestigia
1875 1164 1970 1204 sua
1998 1147 2160 1203 veluti

575 1237 744 1308 pedes
767 1254 895 1294 suos
919 1238 1109 1310 inﬁgit.
1143 1238 1366 1296 Habitus
1393 1240 1591 1312 quippe
1620 1239 1780 1296 Verbi
1810 1251 1895 1296 est
1912 1251 2159 1297 creatura

575 1327 822 1396 visibilis,
855 1345 996 1401 quae
1017 1345 1139 1385 eum
1163 1339 1348 1399 aperte
1371 1331 1670 1400 praedicat,
1704 1331 2159 1402 pulchritudim-m

573 1433 732 1476 suam
757 1419 909 1476 nobis
945 1420 1313 1476 manifestans.
1343 1421 1573 1478 Habitus
1620 1439 1834 1494 quoque
1877 1425 1991 1495 ejus
2020 1425 2160 1480 facta

579 1522 668 1568 est
697 1511 1000 1582 Scriptura,
1031 1528 1170 1581 quae
1213 1513 1328 1582 ejus
1355 1515 1610 1584 mysteria
1641 1516 1902 1581 continet,
1931 1533 2159 1588 quorum

579 1604 841 1668 omnium,
871 1605 924 1660 id
951 1615 1052 1671 est,
1079 1616 1363 1662 creaturae
1389 1615 1446 1661 et
1475 1607 1688 1664 litterae
1723 1610 2034 1682 corrigiam,
2059 1610 2162 1664 hoc

575 1707 683 1763 εει,
711 1697 1063 1752 subtilitatem
1087 1697 1296 1753 solvere
1317 1699 1594 1768 indignum
1623 1715 1680 1756 se
1709 1716 2030 1770 praecursor
2057 1701 2164 1756 exi.

2263 501 2316 558 id
2355 513 2456 566 est,
2501 504 2552 560 in
2580 520 2762 560 veram
2798 504 3196 562 confessionem
3239 505 3363 562 ﬁdei
3417 515 3471 564 et
3521 507 3755 569 actionis
3797 517 3859 568 et

2260 593 2540 659 scientiae,
2571 605 2626 652 et
2659 597 2714 651 in
2737 597 2956 652 domum
2979 597 3339 664 obedientiae,
3369 599 3472 654 hoc
3495 607 3597 666 est.
3631 600 3681 656 in
3717 601 3855 656 uni-

2263 693 2425 739 tatem
2456 685 2731 742 Ecclesiae
2756 685 2956 742 divinis
2979 687 3186 760 legibus
3206 687 3508 744 obedientis
3527 689 3856 748 transducta

2254 775 2406 847 juxta
2435 775 2732 834 Jerusalem
2777 779 2953 850 posita
2983 789 3084 834 est.
3127 777 3424 836 Jerusalem
3467 781 3659 850 quippe
3714 781 3855 836 uisio

2258 868 2400 936 pacis
2431 869 2814 940 interpretatur
2835 871 2883 924 ι).
2903 870 3054 938 Quae
3071 871 3361 928 caelestem
3376 872 3644 930 civitatem
3669 872 3858 944 signi.

2262 956 2406 1023 ﬁcat,
2439 958 2505 1014 ad
2535 975 2695 1029 quam
2739 961 2915 1018 adhuc
2960 963 3194 1018 humana
3225 971 3420 1018 natura
3459 978 3564 1023 non
3591 965 3858 1040 pervenit

2259 1049 2498 1118 omnino,
2537 1051 2680 1122 quod
2719 1063 2845 1122 post
2887 1053 3193 1126 generalem
3220 1054 3460 1110 omnium
3489 1056 3854 1114 resurrectio-

2263 1157 2382 1197 nem
2434 1141 2673 1198 futurum
2713 1159 2835 1202 esse
2886 1145 3177 1208 credimus,
3214 1146 3432 1215 quando
3459 1147 3526 1201 ad
3575 1147 3856 1216 integram

2261 1232 2736 1304 plenissimamque
2753 1233 2963 1290 divinae
2977 1233 3364 1308 speculationis
3387 1235 3617 1290 humana
3643 1245 3854 1290 natura

2262 1323 2652 1378 introducetur.
2711 1325 2902 1381 Adhuc
2946 1337 3124 1383 tamen
3171 1341 3278 1382 non
3331 1325 3485 1398 longe
3535 1343 3566 1382 a
3622 1328 3854 1383 caelesti

2261 1416 2436 1484 patria
2460 1416 2640 1480 distat,
2674 1417 2801 1472 dum
2831 1418 3008 1476 adlmc
3041 1418 3100 1472 in
3122 1433 3288 1480 carne
3320 1429 3559 1474 moratur
3587 1419 3642 1474 in
3684 1422 3855 1478 domo

2261 1507 2618 1566 obedientiae.
2648 1511 2722 1566 Ex
2747 1520 2900 1582 parte
2925 1511 3070 1566 enim
3105 1511 3390 1568 veritatem
3428 1514 3736 1584 cognoscit,
3770 1515 3856 1570 sui

2263 1600 2620 1670 redemptoris
2675 1602 2848 1671 gratia
2900 1601 3230 1667 illuminata;
3286 1616 3353 1656 ex
3403 1613 3558 1673 parte
3606 1604 3856 1674 prophe-

2265 1699 2392 1758 tat,
2442 1691 2800 1748 invisibilibus
2854 1693 3112 1764 symbolis
3164 1693 3512 1766 mysticisque
3578 1694 3858 1752 doctrinis

577 1787 780 1842 stimat.
806 1786 920 1842 Duo
943 1788 1106 1856 pedes
1128 1786 1289 1842 Verbi
1317 1797 1462 1853 sunt,
1489 1807 1716 1858 quorum
1739 1807 1878 1846 unus
1900 1804 1982 1846 est
2007 1800 2162 1846 natn-
2193 1784 2238 1844 Β
2265 1797 2350 1847 ea,
2385 1797 2522 1852 quae
2571 1785 2634 1836 ad
2683 1798 2874 1851 plll'lltll
2914 1801 3017 1838 non
3077 1783 3344 1854 intelligit,
3386 1785 3725 1854 signiﬁcans.
3773 1785 3857 1844 Ac

577 1877 704 1936 ralis
729 1879 1120 1938 ratiovisibilis
1141 1891 1446 1945 creaturae,
1483 1882 1624 1938 alter
1665 1883 1957 1953 spiritualis
1998 1883 2161 1951 intel-

573 1968 745 2026 lectus
790 1969 1002 2025 divinae
1049 1970 1383 2042 Seripturae.
1439 1971 1590 2028 Unus
1643 1975 1838 2045 tegitur
1889 1974 2160 2030 sensibilis

574 2061 763 2118 tuendi
787 2061 1130 2118 sensibilibus
1159 2064 1369 2129 formis,
1403 2064 1540 2118 alter
1574 2067 1876 2122 divinorum
1923 2069 2157 2138 apicum,

575 2153 680 2210 ch
708 2163 814 2220 est,
847 2154 1569 2228 Scripturarumsuperﬁcie.
1600 2159 2029 2228 Duobusquippe
2049 2174 2160 2216 uto-

580 2245 889 2300 disdivinae
915 2243 1051 2316 legis
1067 2248 1401 2315 expositores
1436 2248 1859 2304 incarnationem
1886 2250 1976 2305 Dei
2000 2251 2158 2307 Verbi

579 2333 875 2390 insinuant.
906 2334 1144 2399 Quorum
1169 2353 1306 2392 unus
1333 2347 1434 2405 est,
1464 2339 1553 2409 qui
1586 2337 1702 2408 ejus
1734 2340 2154 2398 incarnationem

574 2439 640 2479 ex
671 2423 906 2496 virgine,
934 2440 1040 2496 qua
1075 2426 1130 2481 in
1183 2428 1445 2482 unitatem
1491 2430 1826 2486 substantiae
1869 2433 2155 2490 humanam

583 2526 836 2572 naturam
860 2519 963 2574 sibi
986 2519 1272 2592 copulavit,
1309 2521 1518 2576 edocet.
1547 2522 1697 2577 Alter
1721 2535 1824 2588 est,
1857 2525 1946 2594 qui
1981 2525 2153 2594 ipsum

582 2607 816 2664 Verbum
829 2611 980 2681 quasi
997 2611 1460 2677 incarnatumec
1474 2625 1574 2677 est,
1593 2615 1946 2670 incrassatum
1964 2616 2156 2672 litteris

542 2741 544 2746 ι
569 2715 876 2774 torumque
889 2705 1171 2760 visibilium
1185 2705 1376 2761 formis
1387 2715 1440 2761 et
1459 2706 1739 2762 ordinibus
1757 2708 1970 2762 asserit.
1991 2709 2154 2778 Cujus

541 2819 546 2827 ι
574 2792 824 2850 biformis
841 2795 1186 2852 calceamenti
1209 2799 1440 2868 corrigia
1460 2809 1542 2853 est
1565 2795 1794 2870 diligens
1814 2801 1864 2855 in
1886 2801 2153 2856 bisonmi-

567 2884 681 2942 .bus
702 2887 946 2943 veritatis
971 2888 1246 2959 inquisitio
1267 2906 1330 2946 ac
1354 2891 1606 2961 perplexa
1621 2894 1908 2946 adutodum
1927 2905 2032 2947 vcst
2047 2894 2154 2962 iga-

575 2977 680 3044 tio,
722 2979 876 3050 cujus
906 2980 1172 3038 solutione
1191 2983 1468 3055 indignum
1497 3001 1556 3038 sc
1583 2987 2146 3058 praecursorjmlicat.

639 3068 864 3127 Haecin
883 3071 1140 3130 Bethania
1183 3076 1324 3144 facta
1372 3088 1488 3131 sunt
1517 3089 1660 3131 ll'tllls
1701 3077 2013 3144 Jordanem,
2065 3081 2152 3134 ubi

2264 1890 2362 1946 per
2386 1872 2488 1928 hoc
2530 1874 2580 1927 in
2615 1874 2714 1928 hac
2741 1889 2843 1927 una
2895 1875 3159 1928 sententia
3204 1875 3566 1946 evangelistae
3623 1887 3740 1933 tres
3777 1875 3859 1932 ie-

2264 1969 2528 2031 rarchiae,
2568 1969 2670 2023 hoc
2697 1977 2800 2032 est,
2837 1968 2938 2023 tria
2965 1968 3265 2024 sacerdotia
3297 1968 3523 2041 mystice
3568 1969 3858 2026 insinuan-

2263 2069 2370 2115 tur.
2413 2059 2650 2114 Primum
2687 2061 2949 2130 siquidem
2983 2061 3365 2126 sacerdotium,
3417 2060 3558 2130 quod
3589 2069 3715 2116 erat
3756 2061 3858 2118 sub

2263 2149 2401 2222 lege,
2435 2152 2598 2207 veluti
2627 2152 2884 2208 Bethania
2917 2151 3054 2206 ultra
3097 2149 3387 2206 effusiones
3427 2166 3525 2220 per
3570 2150 3855 2208 Christum

2262 2246 2468 2316 gratiae
2495 2255 2550 2302 et
2571 2245 2816 2299 veritatis
2840 2245 2892 2299 in
2924 2243 3072 2300 Novo
3098 2243 3447 2326 Testamento
3474 2245 3854 2300 constituitur.

2260 2335 2433 2406 Quod,
2465 2337 2826 2391 sacerdotium
2877 2335 3018 2400 dico,
3049 2334 3206 2404 longe
3259 2333 3326 2388 ab
3373 2331 3702 2400 Jerusalem,
3754 2333 3856 2388 hoc

2259 2440 2362 2494 est,
2417 2445 2444 2482 a
2478 2428 2685 2482 visione
2735 2429 2882 2496 pacis
2911 2426 3166 2492 distabat,
3217 2434 3438 2496 propter
3488 2425 3724 2480 obscura
3771 2421 3855 2480 sui

2260 2524 2516 2595 mysteria
2548 2533 2602 2576 et
2629 2523 2694 2575 ad
2724 2519 3130 2590 intelligendum
3159 2517 3496 2582 difﬁcillima,
3515 2526 3853 2588 propterque

2260 2615 2632 2670 mandatorum
2679 2611 2795 2682 ejus
2842 2611 3192 2666 densissimas
3229 2611 3508 2682 caligines,
3556 2619 3615 2666 et
3662 2627 3695 2666 a
3733 2609 3855 2670 luce

2258 2705 2502 2761 veritatis
2528 2703 2682 2760 valde
2726 2715 2980 2760 remotas.
3034 2702 3339 2760 Secundum
3370 2699 3742 2758 sacerdotium
3768 2707 3854 2758 est

2260 2797 2311 2850 in
2339 2795 2484 2848 Novo
2510 2793 2885 2858 Testamento;
2919 2793 3062 2864 quod
3088 2809 3115 2847 a
3145 2792 3548 2864 praedicatione
3583 2805 3850 2861 praecur-

2259 2891 2398 2944 soris
2435 2889 2642 2959 incipit,
2682 2895 2738 2942 et
2789 2887 2840 2940 in
2892 2886 2998 2942 ﬁne
3045 2885 3229 2940 nmndi
3265 2881 3672 2948 terminabitur,
3709 2883 3853 2939 sicut

2259 2982 2335 3034 ait
2375 2979 2695 3047 Scriptura;
2733 2996 2751 3028 ι
2793 2976 2904 3032 Lex
2932 2985 2986 3031 et
3012 2975 3308 3048 prophetae
3353 2990 3521 3046 usque
3570 2975 3637 3032 ad
3689 2971 3853 3029 Joan-

2261 3089 2402 3136 nem,
2428 3072 2567 3126 etab
2594 3086 2658 3125 eo
2682 3085 2903 3140 regnum
2929 3067 3200 3124 caelormn
3232 3086 3277 3120 ι.
3303 3065 3451 3133 Quod
3481 3065 3851 3122 sacerdotium

541 3163 678 3214 erat
722 3159 956 3218 Joannes
1007 3163 1294 3235 buptizans.
1321 3164 1486 3230 Haec,
1515 3167 1705 3236 inquit,
1737 3169 2151 3237 quaehacteuus

2261 3163 2452 3234 partim
2487 3163 2626 3215 lucet
2657 3139 2954 3214 clarissima
3002 3158 3246 3213 veritatis
3287 3156 3614 3228 cognitione,
3643 3155 3848 3228 partim

567 3249 712 3323 dicta
741 3261 867 3306 sunt
895 3267 927 3308 a
972 3268 1324 3322 praecursore
1354 3256 1419 3310 de
1441 3257 1718 3312 divinitate
1752 3258 1844 3313 Dei
1898 3256 2058 3312 Verbi
2102 3268 2157 3313 et

571 3328 928 3411 immanitate,
943 3346 1116 3416 deque
1136 3351 1504 3418 praeeursoris
1535 3352 1702 3420 ipsius
1729 3353 2150 3422 praelicatione,

565 3433 984 3508 Pharisaeisque
1030 3441 1390 3510 responsione,
1441 3443 1493 3497 in
1530 3443 1784 3499 Bethania
1832 3446 1972 3501 facta
2004 3457 2150 3516 sunt,

569 3535 720 3600 trans
753 3523 1064 3596 Jordanem,
1096 3531 1195 3586 hoc
1231 3543 1313 3588 est
1361 3531 1496 3588 ultra
1527 3531 1837 3593 Jordanem.
1888 3537 2144 3595 llethania

565 3615 955 3692 interpretatur
992 3621 1176 3677 domus
1208 3625 1524 3680 obed'enziue
1553 3642 1599 3680 υ.
1635 3627 1769 3685 Sunt
1800 3642 1980 3688 autem
2011 3635 2150 3692 duae

564 3690 890 3778 Bethaniae,
939 3728 1165 3783 quarum
1215 3732 1318 3769 una
1377 3716 1512 3772 ultra
1558 3715 1865 3786 Jordanem,
1900 3725 1988 3779 ubi
2033 3737 2151 3784 erat

563 3795 800 3886 Joannes
828 3800 1130 3874 baptizans,
1171 3808 1336 3861 altera
1366 3808 1499 3863 infra
1519 3809 1828 3880 Jordanem,
1861 3833 1963 3870 non
1995 3807 2150 3889 longe

564 3891 634 3968 ab
668 3889 988 3962 Jerusalem,
1019 3897 1106 3952 ubi
1133 3896 1388 3953 Dominus
1410 3899 1672 3958 Lazzu'nm
1699 3907 1998 3963 suscitavit.
2046 3909 2150 3967 Sed

563 3983 698 4040 haec
727 3983 1035 4058 plenissima
1068 3992 1444 4064 mysteriorum
1493 4007 1638 4052 sunt.
1687 3995 1945 4058 Bethania
1987 4003 2150 4075 igitur

569 4085 718 4134 trans
740 4072 1027 4137 Jordanem
1062 4075 1390 4156 praeﬁgurat
1421 4088 1645 4159 mystice
1672 4091 1956 4149 humanam
1989 4072 2148 4152 natu-

563 4182 700 4236 ram,
727 4185 866 4240 quae
893 4172 1086 4230 domus
1124 4171 1486 4243 obedientiae,
1517 4179 1828 4250 priusquam
1871 4195 2144 4254 peccaret,

561 4259 707 4318 facta
731 4273 833 4320 est.
858 4263 938 4323 Ad
973 4265 1075 4323 hoc
1105 4268 1250 4323 enim
1279 4277 1483 4334 creata,
1529 4279 1586 4325 ut
1631 4272 1826 4330 divinis
1854 4277 2143 4346 mandatis,

561 4350 669 4410 sibi
693 4353 836 4412 intra
867 4367 1018 4426 septa
1047 4359 1306 4428 paradisi,
1331 4359 1432 4415 hoc
1454 4371 1558 4427 est,
1583 4363 1723 4419 intra
1749 4369 2018 4423 naturalia
2061 4357 2143 4426 sui

563 4439 707 4501 bona
731 4447 942 4504 traditis
967 4447 1312 4518 obediret,ne
1335 4469 1363 4507 a
1392 4456 1846 4528 contemplatione
1877 4469 1930 4517 et
1960 4475 2143 4517 amore

563 4535 838 4595 Creatoris
871 4541 977 4608 sui,
1008 4542 1075 4598 ad
1109 4541 1261 4612 cujus
1286 4544 1574 4618 imaginem
1624 4559 1804 4604 creata
1857 4561 1956 4614 est,
1992 4568 2142 4608 rece-

559 4630 745 4699 deret,
788 4633 882 4688 sed
914 4649 1126 4708 semper
1163 4637 1212 4692 ei
1263 4637 1602 4697 adhaereret.
1636 4643 1812 4700 Trans
1848 4643 2142 4720 Iordanem

558 4720 822 4780 Bethania
852 4725 1087 4781 humana
1135 4738 1320 4784 natura
1349 4731 1485 4786 ultra
1519 4730 1716 4788 fluenta
1759 4735 1972 4791 divinae
2016 4753 2140 4808 gra-

559 4813 685 4881 tiae,
715 4830 854 4886 quae
881 4827 1004 4888 post
1045 4813 1468 4902 incarnationem
1503 4821 1661 4878 Verbi
1696 4824 1747 4880 in
1796 4843 1914 4882 eam
1947 4827 2140 4886 diliusa

554 4917 698 4976 sunt,
727 4908 890 4966 veluti
920 4921 1156 4984 egestate
1187 4909 1492 4970 divinorum
1521 4916 1784 4973 bonorum
1812 4927 1867 4974 et
1894 4921 2140 4979 siccitate

550 4995 840 5057 infusionis
885 5003 1181 5072 sapientiae
1231 5005 1474 5061 confecta
1527 5009 1813 5066 residebat.
1872 5009 2133 5069 Bethania

546 5103 679 5146 vero
725 5090 778 5145 in
819 5087 1019 5148 Judaea
1053 5094 1188 5149 citra
1227 5091 1519 5152 Jordanem
1537 5097 1692 5169 juxta
1720 5097 2018 5157 Jerusalem
2047 5119 2136 5159 ea-

553 5180 676 5238 dem
723 5193 934 5252 natura,
964 5201 1064 5258 per
1091 5187 1518 5244 incarnationem
1553 5187 1710 5246 Verbi
1741 5191 1836 5247 Dei
1887 5191 2132 5261 liberata,

545 5283 603 5333 et
623 5291 724 5349 per
750 5275 950 5334 ﬂuenta
977 5278 1191 5336 divinae
1219 5279 1446 5352 gratiae,
1481 5297 1620 5353 quae
1647 5283 1896 5354 primitus
1928 5302 2024 5356 per
2049 5303 2134 5342 sa-

2257 3256 2577 3310 obscuratur
2615 3253 2667 3308 in
2713 3251 2992 3326 symbolis.
3022 3249 3280 3324 Symbola
3309 3261 3488 3308 autem
3535 3248 3675 3305 Novi
3721 3249 3851 3306 Tes-

2258 3345 2479 3400 tamenti
2513 3344 2826 3416 principalia
2872 3353 2980 3400 tres
3008 3343 3211 3401 τελεταὶ
3246 3353 3401 3409 sunt,
3445 3338 3551 3398 hoc
3585 3352 3698 3411 est,
3739 3350 3850 3401 tm

2257 3437 2518 3508 mysticae
2549 3437 2778 3502 hostiae,
2806 3451 3032 3506 quarum
3055 3451 3158 3490 una
3184 3433 3526 3506 baptismatis
3545 3440 3654 3499 est,
3671 3433 3846 3489 altera

2256 3534 2510 3598 συνάξεως·
2541 3531 2583 3592 ¹,
2628 3531 2730 3586 hoc
2755 3539 2856 3598 est,
2891 3529 3289 3585 communionis
3332 3527 3576 3598 corporis
3627 3509 3845 3582 Domini

2254 3635 2308 3680 et
2338 3625 2635 3696 sanguinis,
2669 3625 2832 3678 tertia
2857 3623 2910 3677 in
2936 3621 3194 3694 mysterio
3223 3619 3552 3676 chrismatis.
3593 3617 3840 3674 Tertium

2255 3717 2613 3774 sacerdotium
2638 3719 2690 3770 in
2711 3716 2890 3772 futura
2917 3717 3025 3773 vita
3054 3715 3437 3780 celebrabitur,
3466 3713 3524 3768 in
3557 3730 3667 3785 qua
3699 3713 3844 3770 nulla

2254 3809 2520 3881 symhola,
2554 3809 2696 3864 nulla
2725 3809 3016 3881 ﬁgurarum
3048 3807 3372 3873 obscuritas,
3404 3807 3498 3862 sed
3530 3814 3642 3861 tota
3674 3821 3844 3909 appa;

2254 3903 2392 3957 rebit
2421 3901 2719 3957 clarissima
2756 3902 2976 3956 veritas.
3023 3899 3253 3971 Ideoque
3292 3897 3654 3954 sacerdotium
3706 3895 3841 3953 Novi

2254 3995 2588 4051 Testamenti
2619 3995 2962 4050 medietatem
3004 3991 3268 4062 quandam
3301 3991 3439 4047 inter
3483 3982 3839 4061 praeteritum

2250 4085 2408 4162 legis,
2433 4097 2488 4143 et
2518 4085 2756 4142 futurum
2783 4088 2972 4143 beatae
3013 4085 3155 4140 vitae
3182 4085 3390 4141 obtinet
3422 4085 3465 4138 ⁸.
3517 4081 3575 4139 ln
3614 4083 3840 4155 quibus-

2250 4179 2370 4234 dam
2413 4177 2610 4250 quippe
2652 4177 2937 4233 veritatem
2991 4175 3300 4232 considerat
3351 4184 3410 4230 ut
3460 4173 3729 4239 futurum,
3781 4173 3838 4230 in

2247 4267 2566 4338 quibusdam
2615 4267 2668 4324 in
2701 4267 3017 4323 ministeriis
3062 4263 3306 4322 celebrat
3349 4274 3410 4320 ut
3456 4265 3833 4337 praeteritum.

2246 4357 2505 4415 Bethania
2545 4361 2727 4430 itaque
2769 4369 2918 4416 trans
2948 4357 3239 4415 Jordanem
3267 4357 3628 4415 sacerdotium
3673 4357 3836 4430 legis,

2247 4451 2506 4506 Bethania
2539 4453 2674 4507 citra
2702 4449 3012 4518 Jordanem,
3055 4466 3162 4506 non
3205 4447 3362 4521 longe
3403 4448 3468 4505 ab
3505 4447 3833 4516 Jerusalem,

2247 4545 2605 4602 sacerdotium
2637 4545 2864 4616 gratiae,
2893 4542 3194 4600 Jerusalem
3222 4540 3558 4613 praeﬁgurat
3586 4538 3831 4595 futuram

2245 4635 2522 4694 beatorum
2573 4639 2760 4694 vitam.
2810 4637 2864 4692 In
2921 4637 3227 4692 sacerdotio
3275 4634 3440 4708 igitur
3484 4632 3617 4705 legis
3671 4631 3832 4704 quasi

2245 4741 2395 4786 trans
2419 4727 2707 4786 Jordanem
2745 4729 2845 4784 sub
2873 4727 2991 4801 lege
3018 4740 3242 4784 naturae
3267 4735 3323 4782 et
3355 4725 3456 4782 sub
3476 4725 3595 4797 lege
3621 4725 3829 4795 scripta

2243 4824 2452 4880 erudita
2491 4832 2574 4878 est
2609 4832 2664 4879 et
2693 4830 2938 4878 correcta
2984 4822 3098 4894 ipsa
3146 4821 3387 4875 humana
3431 4827 3648 4883 natura,
3689 4830 3829 4886 quae

2243 4913 2530 4984 imaginem
2564 4911 2658 4968 Dei
2692 4923 2810 4984 post
2841 4911 3358 4984 praevaricationem
3389 4909 3444 4963 in
3482 4921 3542 4964 se
3567 4908 3828 4962 obscura-

2245 5007 2320 5062 vit
2355 5021 2453 5078 per
2491 5007 2732 5062 veritatis
2783 5005 3163 5078 ignorantiam,
3197 5012 3253 5059 et
3294 4999 3686 5058 contaminavit
3728 5013 3827 5070 per

2243 5114 2423 5156 rerum
2464 5097 2835 5170 temporalium
2864 5095 3376 5170 concupiscentiam.
3425 5091 3484 5148 In
3515 5089 3824 5148 sacerdotio

2243 5187 2376 5246 Novi
2407 5191 2736 5246 Testamenti
2784 5191 2882 5246 sub
2907 5189 3122 5246 Christo
3149 5188 3338 5244 eadem
3376 5195 3570 5241 natura
3615 5182 3822 5239 illumi-

2240 5296 2385 5349 nata,
2415 5294 2469 5341 et
2493 5286 2591 5340 sub
2614 5284 2729 5357 lege
2755 5284 2960 5358 gratiae
2989 5283 3237 5350 educata,
3259 5290 3313 5337 et
3352 5278 3537 5336 futuro
3563 5275 3823 5334 sacerdo-

1854 5375 2111 5435 VABIAE
2147 5379 2548 5437 LECTlONES.

2055 5511 2304 5571 NOTAE.

615 5434 637 5472 ⁸
675 5435 810 5496 Cod.
833 5440 1102 5512 synaaa'os.
1175 5441 1200 5473 ¹
1236 5441 1370 5498 Cod.
1393 5443 1606 5514 optinet.

619 5592 648 5664 ξ
681 5581 1041 5667 Bieronymus
1069 5602 1084 5640 :
1109 5584 1392 5667 Bethania,
1431 5585 1618 5667 domus
1647 5583 1940 5667 aﬂlictionis
1985 5584 2118 5667 ejus,

542 5653 622 5706 vel
659 5653 846 5708 domus
881 5653 1220 5712 obedientiae.
1268 5655 1530 5711 Bethania
1576 5653 1851 5712 derivatur
1891 5672 1921 5711 a
1961 5653 2129 5715 verbo

541 5731 648 5812 ﬂag
678 5725 1020 5795 respondere,
1049 5726 1279 5795 obedire,
1307 5728 1580 5802 depressus
1608 5743 1736 5784 esse.

2300 5586 2328 5626 δ
2357 5585 2413 5640 S.
2455 5586 2811 5658 Hieronymus
2835 5603 2849 5642 :
2874 5584 3236 5658 Jerosolyma,
3255 5587 3382 5658 cisio
3405 5585 3570 5654 pacis.
3600 5581 3652 5641 J.
3679 5583 3815 5658 ξςοο

2231 5666 2319 5714 tus
2374 5673 2560 5714 vocem
2614 5653 2754 5712 infra
2799 5653 3186 5730 interpretatur
3208 5655 3456 5728 templum
3491 5658 3660 5729 pacis.
3688 5653 3812 5712 Vox

2229 5737 2509 5806 derivatur
2537 5765 2570 5808 a
2596 5747 2728 5835 ωρω
2754 5759 2894 5811 nm.
