4028 6274
131 240 278 306 309

1237 247 1593 306 COMMENT.
1636 249 1700 303 IN
1744 248 1994 304 EV’ANG.
2039 249 2185 308 SEC.
2227 252 2416 310 JOAN.

3340 258 3450 314 510

135 365 223 418 tio
253 359 423 418 veluti
457 359 713 430 proxima
743 366 905 428 atque
945 354 1184 428 perfecta
1226 358 1369 414 facta
1416 367 1522 424 est,
1556 358 1753 413 illumi-
1782 365 1828 420 A
1859 363 1976 416 dem
2011 365 2220 434 populis
2251 364 2632 432 manifestavit,
2683 367 2906 422 dicens:
2945 385 2960 418 ι
2994 366 3091 422 Hic
3114 375 3251 434 erat,
3281 381 3444 438 (ptem

137 467 280 509 nata
317 453 536 522 quidem
566 466 661 520 per
688 449 870 516 ﬁdem,
910 450 1139 504 educata
1169 467 1296 506 vero
1342 468 1438 521 per
1483 467 1654 521 spem,
1700 461 1757 506 et

139 545 407 614 proxima
462 542 600 596 facta
653 542 872 596 divinae
927 541 1118 596 visioui
1168 559 1264 611 per
1309 543 1630 607 caritatem,
1701 543 1754 596 in

139 650 420 709 quantum
480 635 786 689 divinarum
863 635 1332 705 iutelligemlarum
1395 636 1758 691 sublimitates

141 730 338 785 adhuc
364 731 416 784 in
443 745 606 795 carne
640 731 814 800 posita
840 731 1034 785 sinitur
1060 740 1362 800 penetrare.
1393 732 1498 786 Sed
1519 735 1561 786 si
1589 747 1758 803 quae-

148 825 228 878 ris
264 824 460 879 harum
494 823 654 900 trium
705 823 901 895 Iugum,
929 826 1194 880 naturalis
1224 826 1367 890 dico,
1399 835 1450 880 et
1499 828 1757 897 scriptae,

147 927 205 973 et
229 919 442 989 gratiae
472 917 861 982 diﬁ‘ereutiam,
895 919 1129 975 breviter
1169 935 1451 992 cognosce.
1505 921 1617 975 Lex
1665 937 1763 976 ua-

150 1024 313 1072 turae
350 1019 454 1073 est,
483 1025 624 1079 quae
654 1011 903 1082 imperat,
935 1027 1122 1066 omnes
1163 1014 1410 1069 homines
1441 1030 1498 1068 se
1529 1015 1760 1069 invicem

151 1100 468 1170 aequaliter
493 1101 740 1170 diligere,
776 1111 830 1155 ut
854 1104 1307 1172 quemadmodum
1336 1121 1437 1158 una
1461 1104 1762 1174 eademque

152 1202 357 1249 natura
391 1196 642 1251 omnibus
684 1181 948 1260 idem,ita
981 1209 1035 1251 et
1077 1200 1382 1253 communis
1423 1200 1663 1254 onmium
1695 1199 1766 1255 ab

152 1288 421 1342 omnibus
450 1289 668 1342 dilectio
695 1290 806 1342 ﬁat.
836 1289 942 1343 Lex
973 1293 1173 1358 scripta
1217 1305 1322 1355 est,
1353 1309 1490 1361 quae
1514 1293 1764 1361 prohibet

156 1380 339 1448 legem
373 1391 598 1435 naturae
631 1382 843 1446 violari,
871 1391 923 1435 ct
957 1382 1214 1436 discernit
1262 1385 1404 1439 inter
1450 1386 1681 1438 virtutes
1709 1394 1764 1438 et

159 1472 320 1534 vitia,
348 1480 400 1524 et
436 1471 660 1540 ﬁguram
695 1471 826 1543 legis
854 1475 1061 1542 gratiae
1092 1459 1250 1544 gerit.
1287 1476 1569 1546 lpsamque
1595 1477 1765 1547 legem

159 1567 430 1634 scriptam
460 1565 579 1619 dico
603 1563 930 1632 adjutorium
958 1582 1078 1621 esse
1101 1567 1236 1637 legis
1257 1579 1502 1633 naturae,
1533 1579 1611 1632 ut,
1635 1585 1768 1639 quo-

160 1660 312 1712 niam
343 1658 429 1712 lrx
451 1669 680 1712 naturae
711 1673 805 1728 per
831 1675 888 1713 se
920 1661 1092 1728 ipsam
1116 1662 1455 1718 solummodo
1473 1664 1766 1718 lmmanam

162 1760 420 1804 naturam
449 1750 722 1818 corrigere
739 1768 846 1804 non
864 1751 1322 1817 valuit,violentia
1353 1754 1486 1822 legis
1509 1755 1764 1825 scriptae,
1798 1739 1844 1797 Β

163 1855 312 1910 quae
361 1839 696 1909 prohibenda
759 1850 904 1906 sunt,
955 1853 1259 1908 coerceret,
1305 1854 1360 1898 et
1409 1860 1548 1914 quae
1605 1844 1775 1900 aditu-

160 1935 390 2006 plenda,
438 1936 675 1990 doceret.
711 1937 766 1990 ln
818 1948 1025 1992 tantum
1068 1941 1266 2011 quippe
1317 1941 1400 1996 lex
1454 1951 1682 1997 naturae
1721 1943 1774 1997 in

168 2028 484 2084 hominibus
530 2045 668 2097 pene
719 2030 918 2084 abolita
951 2041 1053 2092 est,
1109 2042 1167 2086 ut
1213 2048 1390 2101 neque
1436 2035 1774 2088 conditorem

169 2138 330 2177 smnn
361 2131 732 2192 cognosceret,
753 2137 927 2192 neque
959 2125 1101 2178 inter
1115 2125 1346 2180 virtutes
1374 2136 1426 2180 et
1452 2127 1576 2180 vitia
1611 2126 1772 2180 ullam

171 2214 538 2269 differentiam
589 2215 788 2268 habere
838 2224 1036 2282 posset.
1090 2216 1196 2270 Lex
1245 2218 1453 2286 gratiae
1504 2227 1604 2280 est,
1638 2232 1778 2286 quae

175 2310 332 2362 docet
368 2324 472 2361 non
515 2308 688 2361 solum
748 2309 999 2362 homines
1046 2324 1102 2362 se
1144 2309 1373 2362 invicem
1427 2310 1669 2379 diligere,
1724 2317 1782 2364 et.

172 2402 407 2454 virtutes
431 2410 484 2454 et
512 2401 639 2454 vitia
676 2401 955 2462 discernit,
993 2417 1179 2455 verum
1211 2402 1373 2454 etiam
1414 2419 1574 2471 supra
1623 2404 1776 2464 haec,

175 2495 317 2564 quod
379 2494 475 2547 soli
533 2494 746 2546 divinae
810 2496 1018 2564 gratiae
1068 2496 1320 2563 possibile
1371 2505 1476 2559 est,
1534 2513 1629 2564 pro
1685 2498 1779 2550 ho-

178 2587 421 2639 minibus
476 2602 582 2639 non
633 2587 808 2640 solum
864 2585 1039 2650 benis,
1071 2603 1258 2640 thl‘tlltl
1305 2589 1465 2640 etiam
1505 2600 1559 2641 et
1600 2588 1776 2652 mdis,

176 2679 220 2733 si
253 2693 479 2732 necesse.
517 2689 621 2742 est,
658 2679 812 2730 mori.
875 2678 1048 2744 Quam
1099 2679 1270 2745 legem
1323 2679 1572 2733 Christus
1620 2682 1669 2732 in
1721 2696 1781 2734 se

173 2769 296 2840 ipso
341 2771 680 2839 adimplcvit,
736 2773 952 2839 quando
1006 2787 1111 2823 non
1147 2771 1318 2826 solum
1376 2787 1473 2839 pro
1530 2773 1781 2826 omnibus

173 2862 515 2926 hominibus,
548 2878 731 2916 verum
763 2863 923 2916 etiam
957 2878 1056 2931 pro
1107 2865 1356 2918 cntnibus
1385 2865 1395 2915 i
1425 2907 1431 2915 .
1459 2864 1560 2932 piis
1593 2880 1782 2932 passus

174 2964 281 3010 est.
310 2952 412 3007 Ubi
439 2965 549 3007 erat
592 2954 829 3009 Joannes
867 2955 1159 3022 bat-timus.
1198 2956 1438 3011 Joannes
1472 2957 1784 3024 bapﬁzabat

174 3061 332 3106 trans
362 3049 676 3114 Jordanem,
696 3052 912 3115 merito,
931 3052 1053 3120 quia
1072 3051 1248 3105 adhuc
1272 3068 1456 3106 verum
1489 3053 1779 3122 baptisma,

1860 458 2102 511 dicebam
2130 459 2284 512 vobis
2314 471 2357 511 ι’.
2412 457 2566 514 Nunc
2609 467 2810 525 autem,
2843 459 3004 514 veluti
3033 461 3267 515 secunda
3302 461 3445 518 noti-

1862 549 1957 612 tia,
1993 549 2164 604 altera
2194 551 2300 614 die,
2335 548 2419 603 vel
2465 549 2566 602 alia
2628 550 2735 614 die,
2783 551 2930 605 videt
2973 549 3208 606 Joannes
3259 550 3446 608 Jesum

1860 642 2163 696 venientem
2209 643 2275 696 ad
2320 657 2398 696 se.
2440 641 2645 711 Duplici
2675 643 2938 705 contuitu,
2969 645 3168 697 mentis
3201 643 3449 700 videlicet

1861 744 1916 788 et
1959 734 2242 804 corporis,
2283 733 2519 789 Joannes
2561 749 2885 804 praecursor
2927 735 3211 790 Dominum
3262 751 3443 803 suum,

1863 845 2022 898 quem
2055 829 2458 896 praecurrebat,
2486 828 2764 898 cognoscit
2789 829 3090 883 venientem
3120 830 3186 883 ad
3215 844 3296 894 se,
3338 844 3447 884 non

1865 921 2035 975 solum
2060 921 2304 990 corporis
2327 921 2627 990 gressibus,
2665 937 2850 975 verum
2877 920 3152 976 interioris
3173 936 3302 976 suae
3322 936 3450 977 cono

1867 1013 2230 1082 templationis
2273 1015 2598 1068 accessibus.
2667 1012 2822 1068 Jesus
2859 1013 3003 1066 venit
3045 1013 3111 1067 ad
3155 1013 3440 1068 Joannem.

1866 1107 2026 1162 Venit
2048 1106 2212 1175 igitur
2232 1104 2387 1160 Jesus
2410 1106 2476 1158 ad
2507 1103 2792 1170 Joannem,
2832 1106 2933 1159 hoc
2958 1114 3062 1169 est,
3093 1105 3344 1176 dignatus
3370 1111 3457 1159 est

1868 1200 2116 1271 cognosci
2148 1199 2216 1253 ab
2252 1197 2459 1253 Joanne
2514 1199 2808 1253 secundum
2841 1198 3176 1252 divinitatem
3208 1212 3361 1251 suam
3396 1202 3454 1250 et

1869 1292 2281 1348 humanitatem.
2315 1291 2382 1345 Et
2405 1291 2480 1344 ait
2508 1308 2520 1342 π
2559 1290 2690 1343 Ecce
2718 1290 2894 1359 Agnus
2921 1288 3035 1352 Dei,
3060 1305 3176 1342 ecce
3209 1289 3296 1358 qui
3321 1287 3456 1344 man

1867 1398 2136 1457 peccatum
2176 1385 2380 1439 mundi.
2430 1382 2714 1437 Mauifeste
2758 1397 2880 1436 eum
2927 1381 3136 1450 p0pulis
3161 1377 3455 1450 praedicat.

1872 1481 1997 1534 dum
2022 1479 2194 1533 dicit:
2244 1498 2261 1528 ε
2292 1477 2431 1532 Ecce
2481 1475 2666 1546 Agnus
2719 1474 2811 1528 Dei
2850 1494 2892 1528 ι.
2964 1474 3197 1528 Verbum
3246 1467 3340 1524 Dei
3387 1461 3456 1518 ab

1871 1572 2078 1628 Joanne
2129 1573 2314 1639 Agnus
2365 1570 2692 1624 nominatur.
2749 1567 2867 1635 Ipse
2913 1565 3058 1620 enim
3104 1573 3257 1628 erat,
3299 1573 3461 1629 quem

1877 1665 2142 1736 mysticus
2181 1663 2368 1733 Agnus
2399 1662 2449 1715 in
2479 1660 2593 1730 lege
2635 1657 3049 1730 praeﬁgurabat.
3091 1655 3198 1708 Nec
3238 1652 3460 1714 mirum,

1875 1758 1919 1811 si
1942 1756 2131 1811 umbra
2155 1755 2498 1826 praedicatur
2522 1753 2588 1805 de
2610 1752 2857 1806 veritate.
2894 1747 3094 1804 Umbra
3131 1756 3248 1801 erat
3272 1743 3460 1816 legalis

1875 1851 2081 1917 Agnus,
2112 1849 2316 1903 veritas
2344 1855 2481 1911 erat,
2512 1861 2573 1900 ac
2615 1845 2776 1898 veluti
2809 1843 3077 1912 quoddam
3117 1855 3313 1908 corpus
3343 1853 3462 1892 mn-

1877 1943 2028 2004 brae,
2059 1940 2215 1994 Jesus
2244 1938 2514 1994 Christus.
2549 1937 2734 2009 Agnus
2765 1949 2980 2003 quoque
3011 1932 3322 1986 nominatur
3359 1942 3467 1982 non

1879 2033 2341 2088 irrationabiliter.
2393 2029 2516 2084 Tria
2561 2029 2706 2081 enim
2751 2028 2936 2097 Agnus
2976 2022 3375 2094 possidentibus
3407 2031 3469 2076 se

1879 2126 2151 2178 ministrat
2188 2143 2199 2175 :
2234 2123 2336 2186 lac,
2379 2122 2580 2185 lanam,
2620 2134 2772 2174 esum
2821 2133 3036 2186 quoque
3079 2130 3210 2170 suae
3257 2112 3462 2169 carnis.

1879 2221 2140 2274 Dominus
2177 2228 2359 2272 noster
2393 2213 2740 2271 credentibus
2781 2227 2840 2267 se
2883 2212 3196 2264 indumenta
3233 2213 3471 2277 praestat

1879 2315 2162 2374 virtutum,
2196 2312 2353 2375 lacte,
2408 2310 2510 2364 hoc
2547 2318 2650 2372 est,
2682 2306 2911 2375 simplici
2945 2304 3193 2359 doctrina
3222 2301 3472 2356 veritatis

1880 2423 1974 2461 eos
2001 2406 2191 2467 nutrit,
2225 2413 2278 2458 et
2314 2403 2379 2458 ad
2412 2401 2705 2472 perfectam
2735 2415 2914 2454 escam
2941 2397 3155 2450 divinae
3183 2408 3312 2449 suae
3337 2407 3473 2447 con-

1883 2504 2249 2573 ιθιιψιςιιὶοιιίε
2286 2499 2552 2571 perducit.
2600 2497 2784 2568 Agnus
2830 2494 3028 2548 dicitur
3064 2491 3312 2546 Christus
3353 2486 3470 2552 Dei,

1882 2598 2005 2666 quia
2045 2611 2140 2664 pro
2173 2593 2317 2647 omni
2349 2591 2550 2645 mundo
2574 2587 2885 2643 immolatus
2909 2595 3015 2648 est,
3046 2584 3272 2650 ideoque
3297 2577 3476 2647 sequi-

1887 2701 2006 2742 tur:
2051 2687 2182 2740 ἔξεσε
2212 2685 2299 2756 qui
2324 2682 2458 2737 tollit
2487 2690 2756 2751 peccatum
2789 2679 2991 2732 mundi.
3031 2674 3213 2735 Tollit,
3245 2672 3338 2735 ait,
3364 2683 3473 2724 non

1883 2783 1947 2834 de
1986 2780 2103 2833 loco
2140 2778 2206 2830 ad
2240 2775 2440 2838 locum,
2483 2772 2566 2828 vel
2605 2772 2671 2825 de
2714 2778 2960 2839 tempore
2998 2768 3051 2820 in
3096 2775 3336 2834 tempus,
3379 2756 3476 2816 sed

1884 2870 2102 2924 omnino
2134 2868 2288 2927 tollit,
2324 2881 2389 2919 ne
2419 2863 2640 2919 omnino
2668 2861 2761 2925 sit,
2793 2869 2848 2914 et
2879 2873 2975 2928 per
3017 2872 3147 2912 suae
3192 2851 3473 2909 sanctissi-

1889 2976 2004 3014 mae
2064 2960 2246 3014 carnis
2298 2955 2736 3011 interemtionem
2793 2950 3016 3006 omnino
3063 2956 3236 3002 totum
3289 2941 3476 2999 mundi

1888 3062 2166 3125 peccatum
2208 3048 2489 3104 interimit.
2545 3046 2834 3100 Peccatum
2862 3041 3049 3096 mundi
3076 3039 3272 3093 dicitur
3309 3034 3478 3105 origi-

173 3145 324 3214 quod
376 3142 569 3196 liberat
615 3151 780 3196 totam
816 3145 1105 3196 humanam
1139 3156 1387 3198 inituram
1448 3161 1552 3198 non
1605 3145 1778 3198 solum
1810 3114 1854 3175 Ο
1889 3147 2007 3202 nale
2035 3154 2337 3217 peccatum,
2363 3142 2502 3211 quod
2528 3151 2817 3196 commune
2841 3145 2925 3193 est
2948 3135 3112 3189 totius
3143 3131 3350 3196 mundi,
3375 3130 3478 3184 hoc

175 3242 244 3296 de
273 3240 528 3311 originali
560 3249 800 3308 peccato,
820 3256 1007 3293 verum
1033 3241 1195 3294 etiam
1225 3241 1288 3293 de
1314 3241 1545 3308 propriis
1569 3240 1781 3294 delictis

175 3333 231 3386 in
271 3331 384 3388 his.
415 3330 505 3399 qui
547 3331 778 3384 subeunt
824 3331 973 3392 illud,
1021 3347 1126 3385 non
1166 3331 1422 3392 habebat,
1461 3332 1552 3383 sed
1585 3331 1782 3384 solum-

179 3429 347 3481 modo
374 3424 537 3479 veluti
566 3427 665 3480 sub
696 3426 868 3496 ﬁgura
897 3427 1127 3495 quadam
1157 3426 1381 3494 perfecti
1419 3426 1779 3495 baptismatis,

176 3519 324 3589 quod
363 3518 414 3570 in
444 3518 664 3572 Christo
688 3521 1034 3572 subsecutum
1067 3527 1168 3580 est,
1202 3518 1253 3571 in
1285 3517 1396 3572 sola
1425 3534 1561 3586 aqua
1607 3517 1780 3588 bapti-

178 3611 365 3664 labat.
396 3610 544 3664 Ultra
573 3612 736 3680 igitur
760 3610 1049 3665 Jordanein
1079 3612 1409 3680 baptizabat,
1439 3613 1490 3665 id
1513 3620 1614 3673 est,
1641 3611 1782 3667 ultra

180 3703 492 3757 divinorum
526 3704 786 3756 donorum
809 3702 1027 3766 ﬂuenta,
1054 3719 1191 3772 quae
1218 3704 1455 3757 nondum
1488 3706 1537 3757 in
1566 3703 1783 3758 Christo

182 3797 581 3852 inchoaverunt
645 3801 696 3852 in
764 3799 1055 3854 humanam
1112 3809 1361 3854 naturam
1431 3801 1778 3856 descendere.

179 3889 424 3947 Joannes
469 3896 586 3946 erat
655 3903 804 3948 trans
859 3893 1171 3957 Jordanem,
1241 3896 1498 3964 quoniam
1547 3896 1784 3952 Joannes

183 3981 420 4055 ﬁguram
449 3984 582 4053 legis
607 3994 848 4049 naturae,
879 3999 1086 4040 necnon
1116 3993 1170 4038 et
1204 3985 1335 4055 legis
1383 3985 1617 4056 scriptae
1664 4002 1783 4056 ges-

187 4076 364 4132 tabat.
415 4076 520 4132 Lex
565 4078 766 4147 quippe
812 4087 1042 4133 naturae
1090 4078 1146 4132 in
1201 4076 1409 4132 Joanne
1445 4079 1785 4149 praeﬁgura-

181 4169 520 4226 hatur.Nam
551 4172 764 4242 quisub
785 4171 902 4243 lege
933 4181 1155 4227 naturae
1182 4173 1383 4242 degunt
1412 4173 1500 4240 pie
1531 4181 1584 4226 et
1610 4180 1779 4238 caste,

185 4262 451 4332 omnique
473 4261 709 4316 carnalis
735 4263 1164 4318 conversationis
1202 4264 1524 4334 contagione
1555 4271 1779 4326 remote,

187 4355 358 4410 veluti
406 4354 461 4408 in
519 4355 752 4424 quadam
811 4354 1101 4410 solitudine
1159 4355 1464 4410 divinarum
1523 4355 1784 4408 virtutum

188 4449 393 4505 debent
422 4450 624 4513 vivere,
652 4457 711 4502 ut
753 4448 1009 4504 Joannes.
1040 4449 1235 4520 Legem
1269 4463 1482 4518 quoque
1526 4448 1781 4517 scriptam

187 4541 1192 4614 Joannessignilicat,quoniamipsius
1220 4542 1466 4606 ﬁnisest;
1495 4560 1512 4591 ‹
1536 4541 1618 4594 lex
1638 4541 1782 4596 enim

189 4641 247 4688 et
266 4634 564 4704 prophetae
583 4650 755 4704 usque
783 4636 849 4690 ad
886 4633 1148 4689 Joannem
1188 4659 1227 4685 ο.
1247 4635 1512 4700 Quoniam
1535 4649 1659 4686 vero
1677 4647 1783 4689 non

191 4727 368 4780 solum
400 4727 682 4795 proiiheta,
711 4742 897 4781 verum
933 4727 1097 4781 etiam
1151 4725 1529 4781 manifestator
1581 4725 1782 4780 Christi

191 4816 376 4874 factus
400 4827 506 4883 est,
533 4834 636 4873 non
671 4821 829 4874 modo
853 4819 1022 4890 legem
1063 4819 1332 4887 signiﬁcat
1374 4819 1576 4880 solam,
1610 4818 1703 4871 sed
1731 4824 1786 4871 et

193 4910 886 4982 Evangeliumetgratiam.
914 4911 1142 4981 Ideoque
1166 4911 1411 4981 sequitur
1437 4928 1450 4963 :
1477 4928 1494 4960 ι
1533 4909 1599 4963 Et
1627 4909 1695 4964 ab
1721 4921 1786 4963 eo

195 5018 425 5076 regnum
457 5005 732 5060 caelorum
770 5023 789 5054 ι
819 5021 834 5070 ;
864 5020 928 5059 ac
949 5005 992 5057 si
1020 5003 1274 5058 dixisset:
1307 5001 1364 5056 In
1387 4999 1784 5065 Joauue,velutl

199 5095 441 5166 quodam
476 5097 732 5160 conﬁnio,
767 5106 822 5151 et
851 5097 934 5150 lex
961 5095 1160 5158 linitur,
1195 5104 1246 5149 et
1273 5093 1636 5148 manifestatio
1660 5108 1786 5160 gra-

198 5189 328 5252 tiae,
365 5204 527 5258 quam
554 5205 778 5260 regnum
805 5189 1078 5243 caelorum
1110 5198 1286 5248 vocat,
1333 5188 1482 5241 abeo
1510 5186 1780 5254 incipitur.

267 5283 446 5338 Alfera
478 5285 578 5350 die,
618 5285 722 5348 vel,
757 5295 814 5338 ut
851 5285 903 5339 in
929 5285 1133 5340 Graeco
1179 5282 1567 5354 signiﬁemtius
1594 5277 1785 5334 scribi-

196 5385 308 5442 lur,
337 5378 444 5431 alia
495 5381 575 5432 die
625 5381 755 5433 ridet
802 5378 1030 5432 Joannes
1067 5379 1248 5432 Jcsum
1276 5379 1555 5431 venientem
1598 5374 1665 5427 ad
1708 5389 1780 5427 δε·

193 5472 338 5536 Alia,
398 5473 587 5542 inquit,
644 5475 745 5532 die,
784 5475 885 5527 hoc
928 5483 1029 5534 est,
1065 5473 1165 5526 alia
1220 5473 1545 5541 cognitione.
1604 5468 1782 5522 Prima

191 5565 341 5618 enim
371 5566 605 5636 cognitio
656 5567 773 5630 fuit,
810 5567 1023 5636 quando
1052 5579 1173 5617 eum
1203 5561 1651 5618 concurrentibus
1686 5559 1784 5612 ibi-

1886 3254 1968 3297 est
2018 3244 2286 3296 humanae
2344 3248 2602 3302 naturae;
2669 3232 2824 3303 cujus
2873 3239 3058 3286 reatus
3108 3241 3252 3283 nunc
3303 3222 3480 3296 gratia

1887 3333 2228 3404 baptismatis
2257 3330 2579 3392 demittitur,
2609 3326 2786 3396 ipsum
2832 3338 2962 3378 vero
3004 3322 3060 3376 in
3109 3319 3215 3373 line
3264 3313 3475 3383 mundi,

1886 3429 1939 3481 in
2011 3423 2409 3480 resurrectione
2481 3421 2764 3482 oumium,
2837 3414 3062 3471 omnino
3143 3411 3474 3466 destruetur.

1887 3521 1979 3574 Est
2025 3520 2206 3588 itaque
2246 3515 2510 3587 originale
2557 3519 2839 3583 peccatum
2887 3507 3038 3573 illud,
3078 3519 3188 3578 quo
3217 3511 3329 3558 tota
3371 3500 3478 3556 hu-

1885 3627 2042 3666 malta
2094 3619 2326 3674 natura,
2378 3606 2537 3662 simul
2585 3616 2640 3660 et
2691 3602 2860 3660 semel
2915 3604 2983 3656 ad
3039 3598 3328 3670 imaginem
3380 3589 3480 3648 De!

1885 3705 2138 3768 condita,
2200 3711 2255 3756 et
2321 3702 2374 3754 in
2434 3715 2540 3769 qua
2585 3713 2773 3753 omnes
2841 3694 3126 3758 homines,
3189 3689 3258 3744 ab
3324 3683 3481 3743 initio

1888 3796 2071 3850 mundi
2101 3809 2270 3863 usque
2297 3792 2362 3846 ad
2394 3792 2576 3855 tinem,
2615 3796 2670 3843 et
2695 3802 2861 3842 unum
2908 3792 3053 3849 sunt,
3086 3789 3143 3837 et
3181 3777 3480 3837 secundum

1887 3903 2082 3956 corpus
2125 3895 2179 3940 et
2221 3887 2458 3939 animam
2503 3880 2664 3936 simul
2704 3880 2893 3944 creati,
2937 3878 3082 3950 leges
3127 3875 3339 3930 divinas
3379 3885 3482 3943 per

1889 3977 2309 4033 inobedientiam
2358 3984 2697 4045 transgressa
2736 3981 2820 4026 est
2860 3971 2924 4024 in
2955 3968 3209 4040 paradiso
3233 4007 3247 4031 ,
3289 3963 3480 4020 nolens

1887 4072 2201 4124 mandatum
2237 4068 2330 4122 Dei
2364 4065 2658 4121 custodire.
2711 4062 2826 4117 Non
2865 4062 3012 4116 enim
3055 4060 3265 4131 primus
3306 4055 3481 4110 Adam

1889 4165 1996 4227 ille,
2038 4163 2126 4233 qui
2163 4179 2228 4218 ex
2251 4161 2608 4234 generalitate
2643 4166 2870 4212 naturae
2898 4155 3168 4210 humanae
3212 4159 3339 4205 ante
3393 4160 3483 4203 ce‘

1892 4270 2037 4313 teras
2069 4259 2120 4312 in
2156 4257 2414 4310 mundum
2447 4254 2590 4308 hunc
2619 4249 2886 4306 visibilem
2913 4247 3082 4312 venit,
3115 4244 3263 4301 solus
3291 4255 3482 4313 peccao

1892 4354 1987 4417 vit,
2013 4353 2106 4406 sed
2142 4365 2333 4404 omnes
2364 4351 2750 4418 peccaverunt,
2782 4344 3096 4414 priusquam
3129 4339 3181 4392 in
3219 4335 3480 4392 mundum

1891 4443 2264 4516 procederent.
2295 4443 2430 4497 Nam
2463 4441 2607 4510 quod
2633 4436 2924 4508 Apostolus
2948 4435 3024 4489 ait
3054 4452 3067 4487 :
3116 4451 3133 4484 ι
3169 4430 3312 4486 sicut
3334 4427 3480 4484 enim

1894 4542 1944 4595 in
1969 4540 2138 4593 Adam
2171 4555 2358 4593 omnes
2389 4536 2713 4597 moriuntur,
2743 4533 2815 4586 ita
2858 4531 2910 4585 in
2945 4527 3163 4584 Christo
3187 4537 3378 4579 omnes
3403 4519 3484 4576 vi—

1892 4635 2180 4687 viticaittur
2211 4653 2250 4695 ι,
2287 4645 2390 4685 non
2421 4631 2486 4683 de
2515 4631 2629 4698 ipso
2657 4639 2764 4681 uno
2785 4639 2847 4679 ac
2873 4625 3052 4693 primo
3077 4619 3295 4675 homine
3320 4611 3483 4670 intelc

1891 4726 2128 4796 liginms,
2161 4723 2252 4778 sed
2282 4722 2500 4776 non'tine
2529 4721 2700 4773 Adam
2732 4729 2946 4771 onmem
2974 4710 3299 4785 generaliter
3324 4715 3486 4762 natm

1892 4831 2006 4870 ram
2051 4818 2342 4869 humanam
2381 4812 2672 4883 signiﬁcari
2709 4809 3026 4878 accipimus.
3073 4804 3164 4859 llle
3213 4801 3481 4872 siquidem

1889 4909 2177 4979 singularis
2220 4908 2390 4960 Adam
2437 4921 2542 4959 non
2601 4909 2917 4958 nasceretur
2946 4900 2998 4953 in
3037 4899 3183 4953 hunc
3221 4893 3482 4948 mundum

1892 4998 2298 5070 corruptibilem
2337 5013 2433 5066 per
2464 4995 2890 5067 generationem,
2941 4991 2985 5046 si
3016 4997 3246 5045 naturae
3290 4985 3484 5064 huma-s

1894 5110 1993 5147 nae
2027 5110 2128 5145 non
2169 5089 2515 5160 praecederet
2546 5088 2820 5142 delictum.
2869 5082 3072 5138 Divisio
3095 5079 3293 5150 quippe
3324 5082 3480 5129 natu-

1892 5200 1983 5239 rae
2031 5184 2082 5236 in
2121 5182 2386 5251 duplicem
2420 5195 2634 5244 sexum,
2661 5177 2869 5232 virilem
2903 5175 3026 5230 dico
3061 5181 3115 5227 et
3149 5169 3479 5229 femineum,

1890 5289 1944 5333 et
1990 5295 2052 5332 cx
2103 5277 2231 5348 ipsis
2275 5277 2541 5329 humanae
2591 5270 2954 5345 proccssionis
2981 5277 3034 5323 et
3074 5257 3481 5320 numerositatis

1892 5387 1986 5441 per
2013 5369 2414 5438 corruptionem
2441 5365 2740 5436 generatio,
2774 5378 2945 5435 poena
2973 5356 3238 5432 generalis
3272 5348 3481 5423 peccati

1890 5473 1974 5519 est
2000 5477 2044 5528 ιι,
2081 5479 2188 5533 quo
2205 5462 2550 5517 simultotum
2583 5475 2751 5531 genus
2793 5460 3084 5513 humanum
3137 5446 3483 5522 praevaricas

1893 5567 2001 5611 tum
2039 5566 2120 5610 est
2149 5556 2458 5610 mandatum
2486 5553 2579 5609 Dei
2609 5553 2661 5608 in
2694 5550 2965 5623 paradiso.
2995 5545 3107 5601 Hoc
3132 5543 3295 5615 igitur
3319 5551 3480 5612 gene~

1715 5669 1964 5727 NOTAE.

269 5789 294 5820 ι
323 5775 374 5835 J.
427 5773 622 5835 Sco‘tus
675 5775 906 5848 pessime
955 5773 1176 5831 omnino
1219 5771 1416 5840 docet,
1467 5767 1700 5842 priimnu
1749 5765 2021 5857 hominem
2072 5770 2197 5821 ante
2268 5758 2793 5835 praevaricationem
2841 5751 3144 5829 simplicem
3208 5746 3485 5812 hominem
