4028 6274
543 327 651 393 311

1921 334 2216 395 JOANNIS'
2240 334 2438 396 SCO’I‘I

3722 333 3836 392 3|!

551 447 668 504 rale
697 450 980 517 peccatum
1003 443 1264 515 originale
1287 444 1516 514 dicitur;
1547 461 1648 503 nec
1676 447 1972 515 immerito,
2000 465 2137 520 quo-
2161 457 2216 518 Α
2240 451 2381 506 ﬁxus
2401 449 2640 521 deponit.
2681 447 2836 505 Alius
2858 444 3240 505 universaliter
3264 461 3483 505 omnem
3513 451 3832 509 sensibilem

554 540 699 597 niam
752 548 1034 610 peccatum
1090 538 1397 594 communis
1445 539 1688 594 omnium
1747 539 1976 611 originis
2023 549 2138 607 est,

551 629 708 700 cujus
733 630 928 685 merito
969 630 1160 686 mortis
1187 636 1245 685 et
1269 631 1632 702 corruptionis
1657 647 1847 688 omnes
1873 633 2140 700 homines,

553 728 784 792 excepto
806 719 1203 790 Redemptore,
1239 721 1512 776 debitores
1537 737 1754 788 sumus;
1798 721 1944 779 solus
1969 724 2141 794 siqui-

555 817 675 872 dem
712 815 782 871 ad
818 814 1272 871 medicamentum
1313 814 1552 872 vulneris
1589 815 1920 886 Redemptor
1958 825 2144 872 noster

555 910 610 966 in
639 909 729 964 illa
759 923 940 964 massa
967 908 1133 964 totius
1176 907 1396 964 humani
1427 908 1641 979 generis
1676 908 1880 978 absque
1923 917 2144 978 peccato

556 1000 777 1056 relictus
809 1009 910 1066 est,
938 1008 999 1054 ut
1020 1014 1118 1070 per
1142 998 1290 1054 illum
1316 999 1488 1055 solum
1511 1013 1725 1068 semper
1749 999 1956 1053 salvum
1980 1001 2144 1055 totius

556 1104 785 1148 naturae
822 1091 1018 1148 vulnus
1059 1100 1364 1158 curaretur,
1395 1107 1460 1147 ac
1484 1106 1582 1161 per
1613 1092 1716 1146 hoc
1748 1091 1816 1145 ad
1855 1091 2143 1162 pristinum

557 1193 756 1240 statum
789 1184 978 1240 salutis
1001 1193 1195 1251 totum,
1219 1184 1361 1254 quod
1386 1183 1728 1238 vulneratum
1751 1191 1857 1249 est,
1889 1183 2143 1239 restitue-

556 1287 727 1332 retur.
756 1277 871 1333 Hoc
893 1278 1075 1348 itaque
1093 1278 1356 1351 originale
1375 1286 1678 1348 peccatum,
1703 1278 2146 1349 singulorumque

559 1379 684 1440 post
707 1373 1114 1442 generationem
1148 1372 1202 1428 in
1235 1373 1377 1428 hunc
1398 1373 1660 1428 mundum
1695 1373 1911 1439 delicta,
1940 1375 2147 1446 gratiae

559 1459 902 1530 baptismatis
925 1463 1256 1518 abundantia
1288 1480 1385 1534 per
1408 1464 1747 1520 Salvatorem
1777 1473 2018 1521 nostrum
2063 1481 2149 1522 re-

557 1551 830 1622 laxantur,
869 1565 929 1611 ut
956 1556 1178 1612 omnino
1203 1573 1309 1612 non
1337 1559 1464 1614 siut.
1516 1559 1584 1614 Et
1607 1561 1707 1615 hoc
1735 1568 1848 1624 est,
1888 1561 2028 1630 quod
2071 1559 2149 1614 ait

560 1649 894 1720 evangelista
930 1668 943 1704 :
981 1670 999 1702 ι
1029 1649 1171 1707 Ecce
1204 1650 1390 1722 Agnus
1419 1652 1536 1718 Dei,
1571 1653 1661 1722 qui
1694 1653 1831 1708 tollit
1861 1662 2144 1723 peccatum

560 1740 747 1794 mundi
767 1760 811 1794 ο.
837 1739 933 1795 Hic
957 1749 1043 1796 est
1063 1741 1255 1796 unicus
1277 1743 1636 1812 etsingularis
1660 1745 1842 1814 Agnus
1865 1743 2143 1815 mysticus,

2241 551 2445 598 motum
2476 542 2530 597 in
2555 557 2614 598 se
2634 542 2772 612 ipso,
2793 540 2960 597 veluti
2988 541 3043 596 in
3071 540 3304 612 quadam
3327 555 3512 607 cruce,
3537 543 3832 614 extinguit,

2243 634 2321 690 ita
2353 642 2415 690 ut
2440 633 2646 689 nullum
2682 633 2905 690 omnino
2940 632 2994 688 in
3034 646 3093 688 se
3127 633 3248 703 ipso
3291 631 3601 688 naturalem
3633 632 3835 689 habeat

2243 736 2445 783 actum.
2511 726 2580 782 Et
2639 724 3015 796 unusquisque
3063 725 3260 781 horum
3315 739 3500 779 secum
3560 722 3834 794 crueiﬁgit

2242 820 2537 877 Christum.
2584 817 2968 888 Unusquisque
3012 816 3159 872 enim
3204 813 3467 881 ﬁdelium,
3512 815 3740 885 qualem
3778 816 3834 871 ia

2244 912 2425 967 animo
2451 909 2700 966 habuerit
2740 907 3112 964 habitudinem
3141 921 3238 978 per
3272 905 3616 963 incrementa
3661 906 3836 962 virtu-

2245 1013 2382 1071 tum,
2414 1002 2578 1059 talem
2604 1002 2670 1058 de
2691 1001 2911 1058 Christo
2939 1000 3159 1056 habebit
3199 998 3359 1054 ﬁdem
3401 1013 3498 1070 per
3538 1008 3837 1070 augmenta

2246 1094 2756 1167 intelligentiarum;
2799 1101 2856 1149 et
2885 1090 3138 1164 quotiens
3163 1089 3365 1161 prioris
3392 1089 3538 1144 vitae
3575 1089 3757 1146 modis
3784 1099 3837 1146 et

2246 1187 2520 1244 inferioris
2549 1187 2800 1252 moritur,
2830 1196 2886 1241 et
2911 1185 2968 1240 in
2994 1183 3215 1240 altiores
3257 1183 3456 1256 gradus
3491 1181 3835 1249 subvehitur,

2247 1279 2450 1336 totiens
2473 1278 2761 1350 Opiniones
2787 1276 2855 1332 de
2884 1274 3124 1341 Christo,
3148 1273 3396 1346 quamvis
3417 1273 3726 1345 simplices,
3757 1283 3837 1330 ta-

2247 1388 2370 1427 men
2404 1371 2456 1425 in
2489 1371 2606 1442 ipso
2636 1379 2692 1426 et
2714 1384 2839 1424 cum
2871 1368 2989 1439 ipso
3018 1367 3341 1433 morientur,
3372 1375 3429 1422 et
3456 1366 3509 1421 in
3555 1366 3840 1422 sublimio-

2247 1480 2336 1520 res
2357 1464 2424 1520 de
2450 1479 2515 1520 eo
2543 1462 2900 1535 the0phanias
2933 1461 3041 1517 ﬁde
3071 1471 3234 1532 atque
3258 1459 3619 1530 intelligentia
3650 1475 3840 1531 prove-

2247 1557 2424 1613 hetur.
2493 1554 2680 1625 Itaque
2734 1554 2788 1609 in
2842 1553 2956 1609 suis
2999 1551 3244 1608 ﬁdelibus
3288 1550 3540 1608 Christus
3595 1549 3843 1620 quotidi

2247 1649 2497 1714 moritur,
2527 1655 2579 1702 et
2613 1647 2680 1702 ab
2715 1646 2795 1701 eis
2835 1644 3190 1716 cruciﬁgitur,
3221 1644 3347 1699 dum
3382 1641 3637 1700 carnales
3682 1644 3752 1699 de
3777 1657 3843 1703 eo

2250 1741 2629 1812 cogitationes,
2681 1753 2776 1794 seu
2809 1737 3153 1809 spirituales,
3190 1737 3368 1792 adhuc
3418 1745 3603 1791 tamen
3643 1736 3842 1808 imper-

562 1833 614 1888 in
643 1833 796 1903 cujus
819 1833 988 1905 ﬁgura
1010 1834 1338 1891 lsraelitieus
1360 1836 1587 1907 populus
1607 1836 1845 1907 singulos
1866 1851 2032 1907 agnos
2046 1850 2143 1906 per
2171 1823 2220 1884 Β
2249 1831 2437 1898 fectas,
2486 1832 2834 1897 interimunt,
2885 1845 3101 1900 semper
3142 1830 3196 1885 in
3243 1829 3410 1885 altum
3459 1828 3841 1896 ascendentes,

559 1925 799 1998 singulas
827 1926 1020 1982 domus
1041 1927 1281 1997 paschali
1312 1937 1553 1999 tempore
1580 1929 1912 1985 immolabat.
1937 1927 2068 1984 Nam
2095 1937 2152 1984 et

558 2030 677 2078 nos,
716 2016 806 2086 qui
834 2025 954 2087 post
991 2027 1268 2087 peractam
1298 2019 1414 2090 ejus
1454 2021 1880 2075 incarnationem
1927 2030 1981 2075 et
2022 2035 2148 2090 pas-

559 2107 767 2164 sionem
793 2117 847 2163 et
873 2111 1328 2168 resurrectionem
1353 2112 1406 2166 in
1439 2127 1562 2166 eum
1592 2113 1887 2178 credimus,
1926 2114 2151 2184 ejusque

562 2197 845 2270 mysteria,
884 2208 1146 2268 quantum
1194 2200 1351 2256 nobis
1392 2202 1730 2268 conceditur,
1779 2203 2148 2274 intelligimus,

565 2297 622 2345 et
647 2291 1002 2360 spiritualiter
1039 2308 1164 2348 eum
1212 2293 1575 2360 immolamus,
1621 2304 1676 2349 et
1714 2294 2151 2352 intellectualiter

563 2389 767 2446 mente,
793 2397 899 2437 non
923 2382 1104 2447 dente,
1137 2382 1470 2439 comedimus
1486 2383 1537 2438 ι).
1566 2382 1753 2454 Itaque
1779 2386 2150 2457 unusquisque

567 2476 905 2530 credentium
945 2477 1185 2543 Christo,
1227 2478 1522 2534 secundum
1569 2481 1841 2550 propriam
1871 2482 2146 2549 virtutem,

563 2574 621 2621 et
647 2567 944 2637 subjectum
989 2567 1091 2622 sibi
1115 2567 1334 2624 virtutis
1370 2568 1614 2624 habitum
1641 2579 1696 2624 et
1725 2571 2066 2640 qualitatem,
2093 2582 2152 2628 et

565 2657 923 2728 cruciﬁgitur,
948 2667 1002 2714 et
1050 2659 1319 2732 cruciﬁgit
1369 2659 1586 2716 sibimet
1633 2660 1808 2730 ipsum
1849 2662 2149 2728 Christum,

569 2747 786 2805 Christo
835 2749 1085 2812 videlicet
1127 2749 1544 2806 concruciﬁxus.
1596 2750 1747 2808 Unus
1792 2753 2011 2823 quidem
2051 2754 2148 2810 soli

568 2849 794 2912 peccato
822 2842 1178 2913 cruciﬁgitur,
1205 2842 1333 2898 dum
1359 2843 1426 2899 ab
1460 2843 1712 2901 omnibus
1748 2846 2151 2916 operationibus

567 2932 736 3004 ipsius
766 2933 817 2987 in
847 2949 1010 2988 carne
1050 2945 1107 2990 et
1141 2951 1238 3006 per
1264 2951 1482 2992 carnem
1518 2952 1672 2992 suam
1711 2939 1948 3010 quietus,
1985 2939 2150 2995 veluti

566 3023 802 3094 quadam
830 3034 1003 3080 morte
1033 3025 1258 3082 obrutus
1287 3027 1548 3094 efﬁcitur;
1588 3039 1644 3085 et
1683 3029 1835 3098 illud,
1869 3041 2148 3102 peccatum

567 3117 708 3184 dico,
759 3119 929 3175 clavis
981 3120 1190 3177 timoris
1235 3122 1448 3178 Domini
1489 3123 1763 3180 conﬁxum
1815 3126 2146 3192 mortiﬁcat,

2249 1927 2424 1982 donec
2458 1927 2525 1981 ad
2555 1940 2741 1980 veram
2786 1923 2903 1994 ejus
2930 1925 3178 1980 notitiam
3209 1925 3565 1995 perveniant;
3599 1924 3843 1980 inﬁnitus

2249 2024 2394 2078 enim
2430 2021 2638 2076 inﬁnite
2660 2019 2825 2075 etiam
2858 2019 2911 2074 in
2931 2018 3328 2090 purgatissimis
3350 2018 3629 2074 mentibus
3649 2017 3846 2074 forma-

2251 2124 2356 2169 tur.
2400 2113 2552 2168 Alius
2587 2113 2657 2167 ab
2696 2112 2810 2182 ipsa
2855 2110 3206 2167 intellectuali
3248 2111 3569 2182 operatione
3603 2109 3844 2180 perfecte

2250 2205 2502 2275 quiescit,
2535 2203 2698 2258 veluti
2728 2200 2967 2273 perfecte
2993 2211 3278 2270 mortuus;
3321 2217 3427 2258 non
3457 2203 3609 2258 enim
3640 2201 3845 2258 solum-

2251 2296 2411 2351 modo
2443 2294 2722 2349 naturales
2757 2301 2910 2349 actus
2947 2293 3183 2358 animae,
3214 2307 3404 2348 verum
3433 2293 3604 2348 etiam
3637 2292 3849 2348 intelle-

2251 2387 2458 2443 ctuales
2485 2385 2602 2455 ejus
2629 2386 2973 2456 operationes
3017 2393 3258 2455 superat.
3295 2385 3450 2440 Alius
3476 2386 3696 2441 activae
3724 2400 3845 2442 cru-

2251 2477 2484 2548 ciﬁgitur
2507 2477 2900 2549 philosophiae.
2931 2477 3122 2532 Activa
3149 2486 3330 2532 autem
3353 2477 3706 2548 philosophia
3743 2485 3843 2544 est,

2251 2587 2392 2643 quae
2433 2573 2578 2627 circa
2614 2571 2944 2626 naturalium
2976 2571 3237 2626 virtutttm
3271 2569 3631 2626 adunationes
3670 2579 3729 2626 et
3770 2570 3847 2625 di-

2253 2665 2556 2722 scretiones
2602 2679 2874 2721 versatur.
2917 2665 3108 2720 Activa
3135 2679 3351 2734 quoque
3394 2662 3848 2735 philosophiaru-

2253 2757 2428 2812 tiones
2456 2757 2795 2812 inhumanati
2825 2756 3013 2824 Verbi,
3029 2765 3292 2827 quantum
3312 2755 3477 2822 valet,
3501 2755 3846 2822 considerat;

2251 2862 2389 2918 quas
2432 2863 2642 2912 omnes,
2675 2849 2777 2903 hoc
2804 2856 2888 2904 est
2926 2856 3094 2904 totam
3132 2846 3393 2903 moralem
3420 2846 3846 2918 philosophiam,

2253 2941 2320 2996 dc
2354 2941 2646 2996 virtutibus
2676 2941 2890 2996 animae
2925 2941 3100 3010 deque
3121 2939 3322 2996 Christi
3351 2953 3519 2994 carne
3545 2938 3848 3009 spiritualis

2253 3033 2415 3088 homo
2427 3049 2708 3104 superans,
2725 3034 2792 3088 ad
2817 3035 2987 3105 ipsam
3011 3032 3313 3088 naturalem
3335 3031 3850 3102 contemplationem

2255 3128 2308 3181 in
2341 3126 2570 3196 Spiritu,
2603 3125 2770 3180 veluti
2808 3142 2838 3180 a
2865 3125 3100 3196 quadam
3149 3138 3314 3179 carne
3346 3121 3507 3178 Verbi
3562 3123 3630 3178 ad
3683 3123 3851 3194 ipsius

569 3209 697 3265 dum
743 3226 932 3266 omnes
983 3212 1148 3282 ipsius
1180 3213 1431 3284 impetus,
1471 3229 1540 3269 ne
1584 3216 1712 3285 quid
1744 3217 1798 3272 in
1843 3232 1939 3272 sua
1986 3233 2153 3274 carne
2179 3205 2225 3268 C
2256 3219 2493 3273 animam
2525 3217 2877 3274 transcendit.
2909 3216 3061 3272 Alius
3075 3215 3306 3272 naturali
3327 3215 3574 3271 theoriae
3592 3216 3848 3271 moritur.

565 3301 778 3371 operari
810 3303 1042 3370 valeant,
1078 3303 1333 3360 refrenat.
1361 3305 1512 3362 Alius
1532 3308 1896 3377 passionibus,
1916 3310 2018 3366 hoc
2042 3320 2150 3379 est,

567 3391 797 3449 inﬁrmis
855 3396 1070 3451 animae
1114 3397 1458 3462 actionibus,
1507 3399 1704 3469 quibus
1750 3400 1928 3470 primo
1982 3401 2036 3456 in
2094 3418 2154 3459 se

569 3482 684 3554 ipsa
706 3486 1093 3555 corrumpitur,
1109 3487 1423 3557 priusquam
1453 3501 1550 3556 per
1578 3503 1774 3558 corpus
1797 3498 2052 3560 operetur
2082 3521 2155 3531 —

568 3576 712 3632 actio
738 3578 937 3649 quippe
965 3580 1182 3636 animae
1229 3588 1332 3647 est,
1382 3580 1630 3651 operatio
1655 3597 1788 3638 vero
1822 3583 2066 3654 corporis
2083 3612 2156 3624 --

568 3667 1082 3740 crueiﬁgitur,.dum
1126 3687 1224 3743 per
1254 3672 1526 3744 potentias
1560 3683 1902 3731 restauratae
1937 3677 2156 3733 animae

570 3772 814 3820 sanatur.
844 3765 994 3821 Alius
1015 3768 1326 3837 passionum
1346 3767 1667 3838 pbantasiis,
1698 3769 1799 3824 hoc
1821 3777 1928 3834 est,
1964 3769 2156 3841 imagi-

569 3854 730 3910 nibus
785 3872 965 3912 rerum
1020 3859 1390 3926 sensibilium,
1444 3876 1585 3932 quae
1637 3863 1691 3917 in
1739 3862 1989 3918 sensibus
2025 3879 2154 3918 cor-

569 3947 769 4016 poreis,
802 3963 938 4019 quos
966 3949 1238 4020 sapientes
1268 3960 1465 4006 vocant
1491 3951 1791 4023 passiones,
1824 3951 2150 4021 formantur,

569 4041 926 4114 cruciﬁgitur,
959 4043 1085 4099 dum
1115 4044 1213 4107 eis,
1241 4044 1542 4114 phantastis
1562 4046 1701 4113 dico,
1727 4045 1810 4102 sui
1842 4061 2033 4102 sensus
2053 4048 2156 4104 oh-

568 4141 872 4200 struuntur,
896 4150 962 4190 ne
985 4135 1038 4190 in
1057 4134 1331 4190 libidinem
1357 4135 1657 4207 cujuspiam
1681 4151 1860 4192 rerum
1887 4146 2157 4210 tempora-

569 4224 700 4281 lium
717 4243 812 4298 per
824 4243 918 4282 eos
939 4229 1169 4299 turpiter
1191 4229 1521 4284 attrahatur.
1544 4229 1696 4285 Alius
1709 4230 2151 4301 cogitationibus,

568 4317 874 4387 mentisque
893 4318 1360 4387 conceptionibus,
1377 4334 1513 4390 quas
1534 4334 1631 4390 per
1651 4335 1843 4378 sensus
1861 4337 2156 4393 corporeos

567 4406 636 4464 de
658 4408 1003 4465 sensibilibus
1025 4411 1186 4466 rebus
1205 4412 1481 4476 hauserat,
1500 4412 1852 4483 cruciﬁgitur,
1871 4429 1939 4471 ne
1953 4415 2157 4472 diutius

571 4502 626 4556 in
661 4501 742 4556 eis
765 4502 1100 4569 demoretur,
1131 4518 1161 4556 a
1186 4503 1382 4559 divinis
1409 4503 1956 4576 contemplationibus
1983 4516 2157 4562 retra-

2254 3309 2352 3364 Est
2367 3324 2430 3362 an
2440 3318 2546 3363 tem
2572 3307 2835 3364 naturalis
2853 3306 3058 3364 theoria
3079 3305 3414 3362 rationabilis
3430 3304 3668 3370 animae,
3686 3319 3851 3376 quam

2255 3398 2506 3455 Christus
2531 3403 2760 3470 accepit,
2792 3399 2966 3454 virtus
3007 3397 3363 3470 speculativa,
3414 3397 3503 3454 cui
3547 3397 3853 3469 spiritualis

2255 3490 2417 3546 homo
2449 3490 2695 3555 moritur,
2720 3490 2846 3544 dum
2887 3489 3000 3560 jam
3028 3505 3134 3546 non
3165 3488 3340 3544 solum
3367 3498 3528 3559 negat
3569 3486 3852 3544 Christum

2256 3597 2478 3638 carnem
2514 3597 2654 3648 esse,
2683 3597 2845 3652 quam
2870 3579 2984 3650 jam
3012 3581 3066 3636 in
3096 3580 3346 3651 spiritum
3370 3594 3584 3634 versam
3615 3593 3744 3634 esse
3773 3578 3852 3634 in-

2257 3674 2467 3746 telligit,
2493 3690 2683 3730 verum
2705 3673 2871 3730 etiam
2887 3673 3062 3744 ipsum
3079 3672 3298 3744 depellit
3324 3671 3712 3728 rationabilem
3734 3669 3852 3726 ani-

2257 3785 2405 3825 mum
2425 3785 2566 3826 esse.
2593 3767 2665 3825 Ut
2686 3769 2830 3824 enim
2853 3784 2981 3824 caro
3006 3768 3179 3840 ipsius
3200 3767 3435 3824 exaltata
3459 3776 3545 3824 est
3564 3777 3620 3824 et
3637 3776 3850 3824 mutata

2257 3859 2312 3916 in
2336 3860 2572 3916 animam
2589 3859 2983 3927 rationabilem,
3003 3859 3074 3915 ita
3102 3859 3440 3916 rationabilis
3467 3859 3640 3930 ipsius
3663 3860 3849 3915 anima

2259 3955 2313 4010 in
2351 3953 2680 4010 intellectum
2707 3962 2762 4010 et
2786 3955 3045 4010 subvecta
3075 3964 3160 4011 est
3203 3957 3266 4010 et'
3292 3969 3484 4022 versa;
3510 3969 3577 4010 ac
3599 3970 3702 4027 per
3722 3955 3850 4022 hoc,

2256 4047 2348 4118 qui
2370 4047 2437 4102 ad
2458 4061 2580 4102 eum
2600 4046 2840 4117 perfecte
2853 4048 3118 4114 ascendit,
3141 4048 3208 4102 ad
3230 4046 3553 4103 uniformem
3571 4046 3850 4118 simplam-

2256 4151 2361 4207 que
2382 4137 2654 4193 theoricae
2675 4137 2932 4194 scientiae
2959 4138 3013 4192 in
3044 4137 3302 4209 mysteria
3325 4137 3721 4203 inductionem,
3738 4135 3851 4192 vel-

2256 4231 2332 4286 uti
2350 4247 2378 4285 a
2395 4232 2628 4302 quadam
2647 4229 2846 4287 Christi
2861 4231 3040 4286 anima
3053 4230 3120 4286 ad
3136 4230 3466 4286 intellectum
3483 4230 3654 4300 ipsius
3668 4238 3853 4285 trans-

2256 4323 2378 4379 vehi
2413 4337 2633 4379 necesse
2661 4331 2764 4378 est.
2816 4321 2970 4378 Alius
2999 4323 3069 4379 ab
3093 4322 3285 4378 eadem
3319 4321 3512 4392 simpla
3543 4320 3852 4391 theologica

2256 4413 2502 4480 scientia,
2531 4429 2671 4483 quae
2698 4412 2933 4469 maxime
2966 4413 3114 4470 circa
3141 4411 3344 4468 Christi
3374 4412 3708 4468 intellectum
3735 4410 3850 4466 circ

2259 4505 2634 4569 cumvolvitur,
2668 4506 2721 4562 in
2754 4505 2922 4576 ipsam
2965 4503 3263 4576 perfectam
3301 4510 3678 4573 secretamque
3715 4501 3853 4557 divi-

567 4602 712 4650 ctus.
767 4594 918 4650 Alius
956 4611 1062 4651 non
1091 4595 1264 4652 solum
1304 4598 1608 4669 phantasiis
1645 4615 1930 4666 sensuum,
1963 4615 2154 4656 verum
2183 4582 2239 4645 Ῑ)
2261 4616 2388 4658 nam
2406 4599 2724 4655 inﬁnitatem
2748 4613 2848 4670 per
2867 4597 3226 4669 negationem,
3255 4596 3530 4661 omnibus,
3556 4610 3699 4665 quae
3726 4603 3852 4666 post

570 4689 735 4744 etiam
753 4689 974 4744 omnino
996 4689 1127 4760 ipsis
1145 4691 1397 4748 omnibus
1412 4692 1662 4748 sensibus
1689 4692 1944 4758 moritur,
1968 4707 2036 4748 ne
2056 4708 2155 4764 per

570 4795 666 4836 eos
695 4781 801 4837 ullo
829 4797 1016 4838 errore
1046 4784 1357 4840 seducatur.
1396 4784 1549 4841 Alius
1575 4799 1793 4841 omnem
1833 4785 2154 4843 naturaliter

552 4871 995 4953 familiaritatem
1014 4886 1070 4932 et
1087 4876 1352 4944 habitum,
1366 4893 1528 4949 quem
1545 4893 1642 4950 per
1661 4893 1852 4935 sensus
1863 4894 2156 4950 corporeos

571 4963 641 5019 ad
667 4965 940 5022 sensibilia
967 4969 1310 5038 possederat,
1336 4969 1502 5028 veluti
1533 4969 1664 5039 ipsis
1697 4969 1951 5028 omnibus
1980 4969 2157 5027 cruci-

2260 4693 2430 4749 Deum
2483 4699 2630 4758 sunt,
2680 4690 2941 4754 moriens,
2991 4688 3157 4745 veluti
3207 4705 3239 4745 a
3287 4687 3522 4760 quodam
3568 4686 3852 4744 intellectu

2259 4782 2464 4840 Christi
2504 4782 2574 4838 ad
2619 4781 2790 4852 ipsius
2812 4779 3149 4837 divinitatem
3177 4778 3406 4852 mystice
3443 4779 3710 4835 ascendit.
3755 4777 3850 4834 Sic

2259 4876 2445 4948 Agnus
2482 4875 2576 4930 Dei
2621 4875 2674 4930 in
2719 4874 2974 4931 cordibus
3020 4871 3257 4928 ﬁdelium
3299 4879 3593 4939 mactatur,
3642 4880 3700 4928 et
3737 4887 3853 4928 ma-

2263 4970 2462 5025 ctando
2487 4966 2824 5036 viviﬁcatur;
2853 4966 2934 5026 sic
2958 4974 3242 5039 peccatum
3261 4965 3448 5022 mundi
3477 4966 3547 5021 ab
3570 4963 3723 5021 omni
3749 4963 3850 5020 hu-

2093 5057 2344 5118 NOTAE.

572 5152 760 5216 fuisse,
787 5160 848 5225 at
864 5155 1079 5209 demum
1107 5162 1238 5225 post.
1259 5165 1542 5225 peccatum
1581 5157 1874 5213 humanam
1903 5163 2154 5211 naturam

570 5225 625 5297 in
655 5224 948 5280 masculum
980 5235 1036 5280 et
1059 5224 1313 5281 feminam
1341 5227 1567 5283 divisam
1592 5241 1730 5284 esse.
1766 5228 1844 5282 Ex
1867 5243 1973 5297 qua
1991 5227 2153 5297 divi—

573 5295 727 5367 sione
752 5311 978 5351 sexuum
1021 5307 1205 5352 natam
1229 5314 1350 5353 esse
1381 5300 1598 5367 generis
1642 5299 1864 5353 humani
1890 5295 2154 5367 multipli-

573 5366 870 5440 cationcm,
915 5383 1057 5440 quae
1086 5369 1181 5440 ﬁat
1223 5366 1571 5438 generatione
1610 5386 1703 5440 per
1727 5369 2154 5438 corruptionem.

573 5437 744 5507 Quem
775 5437 1015 5494 errorem
1045 5439 1097 5494 in
1125 5437 1279 5494 libris
1311 5441 1377 5494 de
1407 5441 1515 5494 div.
1558 5437 1678 5494 Nat.
1730 5437 1949 5494 uberius
1995 5454 2160 5509 expo-

575 5510 702 5565 suit.
747 5510 1080 5566 Recensetur
1111 5511 1199 5565 illa
1249 5511 1498 5566 doctrina
1526 5511 2054 5566 incummentatione
2092 5510 2160 5567 de

575 5578 628 5637 J.
654 5579 820 5654 βροιο
848 5597 1007 5650 supra
1039 5584 1214 5652 posita
1235 5581 1295 5636 P.
1323 5582 1363 5636 ll
1397 5581 1424 5654 §
1453 5582 1522 5636 50
1542 5598 1661 5652 sqq.

653 5652 680 5690 ι)
697 5653 770 5705 Eu
794 5651 1130 5722 ineptiarum,
1148 5669 1304 5723 quas,
1319 5651 1457 5709 teste
1469 5651 1789 5718 Adrevaldo,
1805 5651 1855 5706 J.
1875 5653 2071 5708 Scotus
2092 5652 2159 5708 de

580 5723 918 5795 sanctissima
949 5723 1281 5780 Eucltaristia
1310 5725 1508 5788 docuit,
1540 5725 1781 5795 vestigia.
1806 5724 2037 5780 Econtra
2059 5723 2160 5779 Be-

580 5807 746 5864 renga
754 5794 866 5850 rius
880 5795 1082 5851 Romae
1091 5795 1430 5853 subscribere
1442 5797 1620 5854 debuit
1639 5794 1917 5852 iurtuulae;
1929 5816 1947 5849 ι
1960 5795 2160 5852 Panem

2265 5155 2536 5220 etvinum,
2551 5167 2690 5224 quae
2702 5153 2755 5208 in
2771 5153 2930 5209 altari
2944 5161 3367 5225 ponuntur,post
3378 5153 3844 5209 consecrationem

2267 5242 2374 5282 non
2397 5227 2570 5282 solum
2593 5233 3016 5289 sacramentum,
3041 5225 3136 5280 sed
3160 5225 3323 5280 etiam
3353 5239 3544 5296 verum
3573 5239 3773 5296 corpus
3793 5233 3847 5279 et

2265 5298 2582 5369 sanguinem
2607 5296 2815 5351 Domini
2839 5297 3010 5369 nostri
3032 5309 3185 5369 esse;
3215 5304 3264 5350 et
3283 5294 3599 5369 semuoliter
3621 5294 3730 5350 non
3752 5312 3843 5369 so-

2266 5367 2761 5434 lutn'sacramento,
2807 5369 2902 5422 sed
2939 5367 2993 5421 in
3025 5367 3254 5422 veritate
3296 5368 3550 5422 manibus
3594 5368 3846 5423 sacerdo-

2267 5449 2380 5520 tum
2412 5439 2656 5520 tractari,
2687 5447 2742 5520 e_t
2776 5436 2949 5520 frangi
2981 5447 3036 5520 et
3062 5437 3298 5520 ﬁdelium
3336 5437 3766 5520 dentibusnaueri
3796 5457 3841 5520 ιτ

2266 5511 2415 5578 Quae
2439 5510 2656 5581 quidem
2690 5510 2757 5564 de
2779 5507 3119 5581 spgcieﬂdicta
3153 5516 3309 5574 sunt;
3339 5524 3467 5581 nam
3499 5507 3646 5581 nullo
3680 5510 3757 5581 rei
3783 5508 3843 5578 ﬁt

2262 5577 2509 5637 scissura.
2562 5579 2672 5636 Nec
2706 5577 2812 5634 non
2839 5578 2889 5635 J.
2937 5577 3131 5634 Scotus
3154 5595 3313 5650 supra
3339 5579 3391 5633 in
3415 5577 3844 5650 expositionibus

2261 5652 2510 5708 caelestis
2547 5651 2854 5706 lerarcbiae
2892 5651 3165 5713 docuerat,
3191 5649 3589 5705 sanctissimam
3632 5649 3843 5705 Eucha-

2263 5723 2472 5779 ristiam
2503 5723 2558 5776 in
2582 5722 2834 5776 interiora
2863 5730 3083 5775 naturae
3122 5730 3330 5776 nostrae
3358 5721 3558 5778 viscera
3577 5721 3742 5790 sttui,
3771 5719 3842 5777 ad

2271 5804 2504 5850 nostram
2535 5792 2851 5865 ineffabilem
2876 5791 3279 5863 deiﬁcaliouem.
3848 5792 3855 5801 ’
