4028 6274
186 370 306 428 313

1278 355 1634 418 COMMENT.
1696 355 1764 415 IN
1797 355 2050 416 EVANG.
2091 355 2239 414 SEC.
2267 354 2459 415 JOAN.

3385 352 3493 409 3M

187 497 363 540 mana
405 486 599 536 natura
641 477 869 534 tollitur.
912 474 1017 532 Ubi
1054 488 1162 530 non
1208 472 1511 543 spernenda
1546 471 1793 542 quaestio
1820 476 1869 535 Α
1898 480 2000 536 rat,
2023 481 2078 527 et
2105 473 2158 528 in
2184 471 2413 541 gratiam
2438 467 2651 524 divinae
2672 466 2913 525 ﬁlietatis
2939 466 3167 535 exaltat,
3187 474 3247 524 ut
3266 464 3492 525 dimisso

188 583 470 631 susurrat.
497 571 691 627 Merito
734 570 932 641 quippe
962 567 1266 640 quaeritur,
1298 564 1566 635 quomodo
1608 564 1795 635 Agnus

187 668 317 734 Dei,
343 666 391 720 id
421 674 504 721 est
527 664 781 720 Salvator
812 662 1019 726 mundi,
1046 658 1309 729 originale
1332 658 1497 713 totius
1523 657 1795 712 humanae

187 770 431 817 naturae
457 766 740 829 peccatum
776 753 938 819 tollit,
966 761 1150 807 utrum
1174 767 1234 805 re
1258 748 1375 820 ipsa
1403 748 1518 820 jam
1555 747 1794 802 ablatum

186 861 303 917 est,
332 860 388 906 et
431 851 497 906 de
536 856 647 904 tota
691 854 885 902 natura
929 851 1244 916 purgatum,
1286 856 1356 896 an
1385 839 1562 894 adhuc
1592 837 1645 893 in
1679 836 1794 893 sola

189 959 318 1016 spe,
365 957 428 998 re
473 948 656 995 autem
706 945 831 1011 ροει
874 948 1217 997 communem
1264 933 1536 987 humanae
1565 937 1795 985 naturae

188 1034 658 1092 resurrectionem
693 1028 1010 1087 auferetur?
1051 1026 1191 1082 Nam
1213 1026 1258 1082 si
1286 1024 1396 1097 jam
1427 1025 1662 1079 humana
1701 1039 1796 1079 na-

190 1137 325 1183 tura
361 1128 432 1183 ab
478 1123 731 1197 originali
776 1130 1003 1194 peccato
1052 1120 1230 1191 reipsa
1273 1118 1501 1173 liberata
1542 1123 1647 1181 est,
1698 1131 1796 1171 cur

188 1221 465 1294 quotidie,
510 1220 604 1291 qui
658 1218 1008 1289 baptizantur
1052 1215 1107 1269 in
1144 1212 1381 1278 Christo,
1416 1211 1793 1266 remissionem

190 1312 479 1385 originalis
520 1310 729 1381 peccati
770 1307 1223 1379 propriorumque
1267 1303 1609 1366 delictorum,
1654 1316 1796 1371 quae

191 1405 265 1460 ab
291 1401 543 1475 originali
574 1409 819 1472 peccato,
865 1398 1098 1469 quadam
1147 1395 1500 1466 scaturigine,
1547 1402 1791 1458 manant,

190 1513 295 1569 per
324 1493 713 1550 abundantiam
742 1492 948 1563 gratiae
982 1487 1290 1558 accipiunt?
1330 1485 1439 1542 Cur
1481 1484 1667 1551 etiam,
1699 1483 1792 1555 qui

191 1589 249 1645 in
280 1601 452 1643 carne
478 1594 781 1640 nascuntur
803 1582 919 1639 sine
938 1579 1144 1637 carnali
1168 1577 1627 1648 concupiscentia,
1652 1591 1792 1647 quae

192 1679 340 1737 nihil
366 1678 512 1733 aliud
546 1686 630 1732 est
665 1676 770 1730 nisi
814 1689 988 1746 poena
1029 1671 1309 1743 originalis
1350 1670 1599 1739 peccati,
1642 1669 1795 1725 nasci

192 1786 306 1830 non
346 1769 659 1841 possunt”
704 1766 763 1823 Si
808 1766 954 1822 enim
992 1779 1179 1830 causa,
1208 1771 1488 1834 peccatum
1530 1760 1652 1817 dico
1679 1760 1793 1817 ori-

1897 572 2049 619 reatu
2104 563 2324 618 vulnera
2381 562 2697 617 delictorum
2752 570 3063 616 nostrorum
3112 562 3290 617 sanari
3348 563 3491 618 inci-

1894 658 2066 729 piant.
2099 656 2311 725 Quanto
2338 655 2481 710 enim
2513 663 2754 724 tempore
2785 666 2991 718 reatus,
3023 655 3176 723 quasi
3218 656 3488 725 quoddam

1895 750 2124 814 ferrum,
2156 750 2210 804 in
2233 748 2457 804 vulnere
2479 746 2825 812 remanserit,
2855 745 3062 801 nullum
3088 746 3278 801 vulnus
3304 747 3490 802 sanari

1893 839 2149 913 possibile
2176 846 2287 906 est;
2318 854 2385 894 eo
2412 847 2593 893 autem
2622 837 2917 903 subtracto,
2953 836 3223 907 spirituali
3261 839 3489 895 medici-

1896 934 2202 1007 nac,locus
2259 934 2535 991 tribuitur.
2613 973 2629 989 .
2708 970 2727 988 .
2803 973 2819 991 .
2898 972 2914 988 .
2995 970 3011 986 .
3089 970 3105 986 .
3185 970 3202 987 .
3279 971 3295 987 .
3373 969 3391 988 .
3468 970 3484 987 .

2255 1104 2989 1168 FRAGME'NTUM
3039 1097 3134 1167 ἸΙ.

2332 1204 2461 1263 CAP.
2485 1204 2571 1272 lll,
2600 1206 2627 1262 1
2664 1235 2736 1246 -
2762 1204 2850 1269 IV,
2882 1205 2974 1260 28.

1964 1300 2099 1355 Erat
2156 1299 2309 1354 homo
2367 1315 2433 1355 ex
2477 1297 2815 1364 Pharisaeis,
2878 1297 3203 1353 Nicodemus
3256 1298 3486 1368 nomine,

1892 1395 2131 1467 princeps
2155 1393 2506 1449 Iudaeorum.
2539 1392 2886 1456 Pharisaeus,
2923 1392 3120 1447 divisus
3158 1392 3483 1462 interpreta-

1897 1496 2012 1554 tur;
2051 1486 2350 1552 Pharisaei,
2382 1484 2533 1540 divisi
2555 1485 2605 1539 ι).
2639 1483 2800 1541 Secta
2837 1498 3073 1554 namque
3097 1499 3285 1541 eorum
3311 1484 3484 1541 divisa

1895 1590 1978 1635 est
2008 1594 2038 1634 a
2066 1578 2263 1634 ceteris
2307 1576 2548 1643 Iudaeis,
2577 1577 2629 1632 id
2649 1585 2734 1632 est
2759 1592 2788 1631 a
2813 1574 3019 1632 Scribis
3047 1584 3104 1631 et
3129 1574 3481 1633 Sadducaeis.

1893 1672 2006 1729 Soli
2054 1672 2253 1743 quippe
2300 1669 2579 1727 Pharisaei
2644 1669 3097 1724 resurrectionem
3143 1675 3484 1723 mortuorum

1895 1764 2279 1828 crediderunt,
2364 1761 2560 1817 ceteris
2620 1758 3089 1816 contendentibus.
3159 1758 3485 1823 Nicodemus

191 1862 400 1934 ginale,
428 1859 647 1931 penitus
673 1857 952 1915 eradicata
998 1862 1105 1920 est,
1150 1868 1321 1923 quare
1362 1867 1492 1907 suos
1539 1849 1784 1917 etl'ectus,
1817 1843 1868 1907 Β
1893 1859 2283 1929 interpretatur
2333 1854 2550 1911 victoria
2595 1853 2816 1924 populi,
2876 1852 2960 1905 vel
3011 1851 3174 1906 victor
3221 1852 3481 1922 populus,

191 1956 282 2012 vel
308 1953 489 2026 potius
516 1968 615 2009 sua
640 1964 814 2022 poena
838 1948 1014 2005 adhuc
1037 1953 1343 2018 permanet,
1365 1944 1432 1999 de
1453 1959 1559 2013 qua
1592 1959 1787 2014 poena,

192 2048 290 2119 qui
313 2062 382 2101 ex
412 2046 528 2117 ipsa
573 2042 778 2099 carnali
806 2038 1242 2111 concupiscentia
1268 2044 1584 2103 nascuntur,
1616 2036 1791 2108 gratia

191 2138 547 2211 baptismatis
584 2143 907 2207 purgantur,
954 2132 1274 2190 inchoantes
1312 2146 1408 2202 per
1435 2129 1699 2201 Spiritum
1732 2130 1789 2187 in

191 2239 415 2295 Christo
440 2234 675 2297 renasci.
700 2235 776 2290 ita
813 2242 872 2289 ut
912 2248 1017 2288 non
1049 2231 1244 2297 solum,
1274 2231 1369 2300 qui
1405 2230 1458 2285 in
1504 2245 1667 2285 carne
1693 2244 1792 2300 per

190 2327 694 2400 concupiscentiam
742 2325 924 2383 carnis
953 2332 1328 2396 procreantur,
1358 2330 1640 2393 parentum
1667 2338 1793 2379 suo-

191 2442 314 2482 rum
342 2423 550 2488 delicti,
578 2436 685 2492 quo
710 2420 1111 2490 concipiuntur,
1143 2433 1331 2473 verum
1357 2417 1523 2472 etiam
1549 2432 1792 2472 commu-

192 2519 282 2574 nis
329 2516 601 2582 criminis,
637 2513 916 2587 originalis
958 2510 1208 2567 videlicet
1252 2511 1480 2581 peccati,
1513 2524 1620 2580 quo
1667 2510 1789 2565 uni—

190 2607 485 2663 versaliter
513 2606 567 2661 in
602 2605 780 2677 primo
811 2602 1027 2659 homine
1057 2616 1247 2659 omnes
1276 2601 1523 2657 homines
1546 2600 1789 2671 delique-

191 2708 341 2765 rant,
386 2696 754 2768 indulgentiae
798 2692 1143 2765 baptismatis
1193 2692 1515 2762 indigeant?
1553 2691 1635 2746 Ad
1687 2692 1791 2748 hoc

190 2792 381 2862 itaque
410 2790 723 2851 dicendum,
749 2786 873 2858 quia
898 2785 1012 2857 jam
1046 2786 1115 2841 ab
1157 2783 1407 2853 originali
1436 2795 1657 2855 peccato
1686 2785 1789 2839 hu-

190 2899 361 2940 mana
394 2891 587 2937 natura
627 2894 803 2951 neque
833 2880 885 2934 in
907 2876 1160 2934 omnibus
1187 2876 1572 2941 communiter,
1611 2889 1787 2944 neque

191 2984 249 3041 in
275 2982 508 3054 singulis
531 2978 861 3052 specialiter,
892 2994 951 3034 re
988 2978 1104 3048 ipsa
1133 2975 1354 3032 abolitio
1384 2975 1525 3031 facta
1553 2983 1631 3031 cst
1668 2991 1791 3045 per-

188 3076 450 3146 lectaque
499 3073 863 3143 interemptio.
910 3070 1025 3127 Hoc
1066 3070 1212 3127 enim
1265 3078 1516 3125 servatur
1551 3071 1619 3125 ad
1666 3070 1792 3125 ulti-

187 3181 340 3223 mam
377 3165 431 3219 in
464 3164 569 3219 ﬁne
595 3163 781 3219 mundi
810 3162 1115 3225 victoriam,
1147 3161 1385 3230 quando,
1417 3168 1477 3215 ut
1521 3161 1599 3215 ait
1643 3160 1787 3232 Apo-

1896 1949 2122 2021 ﬁguram
2165 1955 2384 2018 gestans
2420 1944 2681 2009 omnium,
2713 1943 2805 2015 qui
2836 1956 2902 1997 ex
2941 1940 3165 1999 Iudaico
3193 1941 3388 2013 populo
3427 1942 3484 1997 in

1894 2039 2169 2095 Christum
2200 2037 2565 2093 crediderunt.
2597 2034 2787 2091 Omnis
2830 2042 3034 2098 autem,
3080 2034 3170 2103 qui
3216 2033 3389 2089 credit
3428 2033 3481 2088 in

1895 2119 2190 2196 Christum,
2216 2129 2386 2184 vincit
2414 2127 2695 2187 mundum.
2727 2124 2981 2195 Princeps
3002 2123 3357 2190 Iudaeorum,
3380 2124 3483 2181 hoc

1894 2234 1982 2281 est
2017 2240 2157 2279 unus
2193 2223 2260 2278 de
2300 2220 2636 2292 principibus
2682 2217 3035 2283 Iudaeorum,
3071 2216 3264 2273 doctus
3299 2215 3486 2288 legalis

1895 2315 2133 2382 litterae,
2156 2313 2413 2384 magister
2438 2310 2622 2367 lsrael.

1968 2407 2071 2462 Hic
2094 2407 2225 2462 venit
2247 2405 2317 2459 ad
2331 2404 2518 2459 Iesum
2550 2410 2717 2457 nocte.
2739 2399 2901 2457 Juxta
2930 2400 3289 2473 Augustinum
3320 2399 3482 2456 Nico-

1895 2503 2086 2558 demus
2125 2499 2181 2553 in
2217 2497 2386 2569 ﬁgura
2427 2493 2939 2550 catechumenorum
2973 2492 3214 2563 ponitur.
3272 2490 3485 2547 Etenim

1894 2590 2292 2656 catecliumeni,
2316 2589 2368 2644 id
2396 2596 2503 2652 est,
2530 2587 2584 2642 in
2611 2585 2714 2641 ﬁde
2742 2584 3014 2652 instructi,
3040 2584 3277 2639 nondum
3302 2594 3483 2638 tamen

1892 2682 2185 2753 baptizati,
2224 2694 2399 2751 neque
2438 2684 2781 2733 sacramento
2819 2675 3067 2745 corporis
3106 2682 3163 2731 et
3209 2673 3486 2744 sanguinis

1892 2775 2105 2832 Domini
2136 2772 2348 2837 imbuti,
2392 2770 2561 2826 solam
2598 2769 2756 2825 ﬁdem
2780 2768 3064 2834 habentes,
3106 2766 3173 2821 ad
3209 2765 3484 2822 Christum

1892 2867 2157 2932 veniunt;
2224 2866 2537 2936 ignorantes
2588 2861 2765 2917 adhuc
2812 2860 3071 2915 virtutem
3116 2857 3481 2929 baptismatis,

1893 2959 2037 3031 quod
2092 2957 2329 3012 nondum
2378 2954 2681 3025 accipiunt,
2738 2952 2905 3008 veluti
2943 2952 2998 3006 in
3037 2952 3272 3023 quadam
3326 2961 3485 3008 nocte

1893 3051 2230 3127 ignorantiae
2283 3042 2749 3107 sacramentorum
2806 3043 3089 3101 accedunt.
3145 3043 3306 3100 Juxta
3356 3058 3485 3100 vero

1892 3145 2213 3217 Gregorium
2278 3140 2586 3213 theologum
2650 3137 2975 3195 Nicodemus
3032 3135 3197 3194 veluti
3262 3136 3483 3208 quidam

188 3257 389 3323 stolus,
431 3255 758 3311 novissimus
801 3253 1055 3309 inimicus
1093 3251 1405 3309 destruetur
1445 3267 1615 3309 mors.
1648 3253 1787 3308 Dum

1898 3247 2185 3295 nocturnus
2211 3233 2508 3305 discipulus
2549 3232 2834 3303 accipitur,
2862 3228 3210 3287 conformans
3239 3244 3353 3297 eos,
3386 3228 3484 3300 qui

187 3349 342 3406 enim
364 3346 748 3404 universaliter
772 3346 1085 3403 destruetur
1117 3358 1290 3411 mors,
1316 3359 1458 3415 quae
1486 3344 1791 3401 masculino

190 3442 418 3497 nomine
437 3440 763 3496 novissimus
781 3438 1035 3494 inimicus
1048 3446 1293 3504 vocatur,
1318 3438 1576 3508 quoniam
1598 3454 1791 3511 graece

188 3537 428 3598 θάνατος,
470 3533 522 3587 id
561 3540 647 3587 est
681 3546 847 3597 mors,
895 3529 1179 3586 masculini
1218 3531 1432 3601 generis
1462 3539 1562 3596 est,
1602 3546 1792 3587 neces-

189 3628 343 3684 sario
383 3640 549 3681 causa
599 3623 736 3694 ejus,
786 3621 1053 3694 originale
1089 3629 1398 3693 peccatum,
1450 3622 1673 3676 omnino
1720 3623 1789 3679 ab

190 3725 435 3779 humana
485 3726 680 3774 natura
724 3715 1013 3773 delebitur.
1056 3713 1356 3771 Praecedet
1389 3714 1536 3770 enim
1569 3713 1791 3771 abolitio

191 3828 399 3871 causae
424 3812 771 3868 abolitionem
800 3808 1052 3874 effectus,
1090 3808 1193 3865 hoc
1233 3815 1336 3873 est,
1380 3808 1668 3877 praecedet
1706 3807 1790 3862 in-

195 3906 494 3976 teremptio
521 3903 802 3976 originalis
830 3902 1037 3974 peccati
1072 3902 1126 3956 in
1174 3901 1425 3956 omnibus
1466 3909 1523 3954 et
1569 3900 1623 3954 in
1671 3899 1785 3954 sin-

192 3999 341 4071 gulis
370 3996 841 4067 interemptionem
875 3994 1095 4059 mortis;
1128 3992 1380 4048 similiter
1408 3991 1461 4045 in
1505 3999 1618 4045 toto
1645 4000 1701 4045 et
1736 3990 1789 4045 in

191 4102 373 4166 parte,
424 4091 639 4163 quando
680 4090 841 4145 etiam
888 4085 1216 4159 implebitnr,
1261 4084 1405 4155 quod
1448 4084 1650 4139 dictum
1706 4090 1791 4138 est

188 4203 300 4259 per
329 4188 646 4257 prophetam
680 4202 692 4238 :
725 4204 742 4237 ι
773 4184 877 4240 Ero
906 4197 1053 4238 mors
1084 4191 1196 4247 tua,
1236 4197 1268 4237 ο
1297 4196 1468 4246 mors,
1494 4189 1549 4235 et
1579 4195 1791 4235 morsus

192 4287 344 4342 tuus,
369 4293 404 4333 o
432 4276 641 4332 inferne
677 4295 723 4329 ι.
762 4275 954 4331 Adhuc
995 4275 1179 4344 itaque
1200 4272 1267 4328 in
1298 4289 1392 4343 spe
1432 4271 1658 4327 liberata
1690 4287 1788 4326 na-

192 4379 344 4435 tura,
374 4368 430 4424 in
465 4368 646 4423 futuro
688 4382 817 4423 vero
860 4366 1037 4437 reipsa
1088 4364 1431 4421 liberabitur.
1482 4364 1618 4432 Quid
1657 4379 1789 4436 ergo

189 4464 359 4518 datur
398 4476 496 4531 per
536 4460 765 4533 gratiam
803 4459 1017 4515 divinae
1052 4456 1435 4530 generationis,
1464 4471 1563 4527 per
1583 4456 1791 4528 baptis-

189 4571 345 4612 mum
398 4553 541 4618 dico,
574 4552 619 4607 si
655 4550 877 4607 omnino
905 4549 1169 4623 originale
1204 4556 1486 4621 peccatum
1530 4549 1790 4605 radicitus

190 4662 303 4703 non
335 4642 813 4713 exstirpatur1Ad
860 4641 963 4697 hoc
1000 4639 1287 4696 dicendum
1320 4657 1333 4693 :
1380 4646 1563 4693 reatus
1589 4638 1789 4693 solum-

190 4738 357 4794 modo
385 4734 668 4807 originalis
694 4733 903 4805 peccati
932 4747 1033 4803 per
1056 4731 1385 4801 baptismum
1408 4729 1644 4793 laxatur,
1670 4743 1789 4783 ma-

187 4840 361 4888 nente
401 4831 579 4885 adhuc
614 4827 866 4900 originali
915 4833 1157 4899 peccato.
1199 4823 1359 4879 Aliud
1401 4823 1547 4879 enim
1586 4829 1668 4878 est
1699 4836 1789 4878 sa-

187 4926 387 4998 gittam
430 4922 646 4979 auferre
672 4922 738 4977 de
762 4920 1008 4986 vulnere,
1056 4916 1201 4973 aliud
1245 4924 1432 4987 postea
1471 4913 1669 4970 vuln’us
1705 4928 1795 4969 sa-

187 5033 347 5077 nare.
403 5015 518 5073 Hoc
576 5014 742 5087 igitur
796 5022 970 5069 totum
1033 5020 1137 5073 est,
1199 5009 1343 5080 quod
1402 5007 1560 5063 nobis
1619 5004 1793 5077 gratia

184 5110 536 5183 baptismatis
564 5107 794 5165 confert.
824 5107 907 5163 Ex
934 5113 1087 5163 reatu
1114 5102 1261 5160 enim
1290 5099 1504 5174 peccati
1532 5114 1631 5155 nos
1656 5097 1792 5153 libe-

1890 3328 2285 3402 perfectissime
2319 3328 2373 3382 in
2401 3325 2678 3382 Christum
2714 3322 2963 3389 credunt,
3010 3322 3084 3377 ita
3131 3331 3191 3377 ut
3237 3322 3371 3377 nihil
3417 3323 3486 3378 de

1891 3420 2203 3493 integritate
2249 3416 2549 3475 catholicae
2594 3415 2716 3472 ﬁdei
2765 3430 2861 3471 eos
2908 3414 3095 3480 lateat,
3133 3411 3251 3469 luce
3302 3424 3485 3468 tamen

1890 3516 2253 3588 perfectorum
2302 3525 2528 3580 operum
2586 3515 2815 3575 carent,
2877 3508 3134 3563 timentes
3182 3506 3483 3563 carnalium

1890 3620 2111 3663 suarum
2140 3601 2530 3674 cogitationum
2566 3606 2621 3657 et
2650 3599 2950 3664 actionum,
2975 3597 3142 3654 veluti
3186 3597 3484 3651 inﬁdelium

1889 3696 2218 3754 Iudaeorum
2246 3695 2505 3763 impetum
2535 3700 2699 3762 atque
2721 3691 3001 3755 invidiam,
3033 3689 3148 3745 sola
3182 3689 3286 3743 ﬁde
3323 3688 3486 3744 collo-

1891 3790 2021 3860 quio
2066 3786 2270 3842 Christi
2330 3783 2608 3849 fruuntur,
2664 3783 2928 3837 bonorum
2961 3796 3185 3851 operum
3232 3780 3485 3835 ﬁduciam

1891 3896 1998 3937 non
2025 3879 2306 3936 habentes.
2344 3875 2639 3945 Propterea
2682 3870 3023 3943 Evangelista
3050 3872 3127 3926 ait
3158 3888 3171 3925 :
3212 3889 3229 3921 ι
3266 3868 3363 3924 Hic
3390 3884 3484 3925 ve-

1891 3971 2059 4027 nitad
2081 3984 2205 4024 eum
2241 3974 2398 4022 nocte
2429 3984 2474 4019 ι.
2501 3965 2567 4020 Et
2595 3963 2729 4018 dixit
2766 3964 2856 4017 ei:
2886 3962 3078 4027 liabbi,
3110 3962 3323 4026 scimus,
3362 3960 3486 4033 quia

1892 4083 1926 4120 a
1958 4065 2065 4119 Deo
2094 4062 2345 4132 magister
2375 4058 2591 4123 venisti;
2620 4071 2769 4110 nemo
2796 4055 2933 4109 enim
2960 4063 3125 4124 potest
3165 4054 3294 4106 haec
3333 4052 3486 4121 signa

1893 4157 2086 4226 facere,
2112 4168 2243 4225 quae
2269 4164 2325 4206 tu
2351 4150 2505 4221 fucis,
2540 4147 2642 4203 nisi
2673 4147 2832 4217 fuerit
2856 4146 2995 4199 Deus
3025 4160 3143 4198 cum
3171 4160 3251 4197 co.
3294 4143 3373 4197 Ex
3401 4142 3484 4198 his

1891 4249 2095 4314 verbis,
2121 4247 2320 4318 quibus
2350 4243 2677 4300 Nicodamus
2719 4241 2869 4295 visus
2909 4246 2996 4293 est
3035 4236 3311 4293 Christum
3354 4236 3486 4290 allo-

1893 4343 2008 4414 qui,
2034 4342 2194 4397 datur
2224 4336 2474 4409 intelligi,
2522 4336 2719 4408 ipsum,
2767 4331 3119 4388 Nicodemum
3147 4328 3288 4393 dico,
3317 4343 3486 4383 unum

1892 4433 2063 4490 fuisse
2107 4446 2176 4487 ex
2222 4429 2329 4494 bis,
2375 4428 2467 4498 qui
2517 4424 2869 4482 crediderunt
2914 4420 3073 4492 paulo
3115 4427 3243 4475 ante
3296 4419 3350 4474 in
3400 4420 3488 4475 die

1894 4527 2125 4591 Pascha,
2160 4524 2227 4579 de
2265 4520 2461 4593 quibus
2488 4520 2690 4575 dictum
2736 4525 2822 4572 est
2852 4533 2867 4570 :
2904 4533 2923 4567 ‹
2955 4512 3089 4569 Cum
3120 4520 3303 4568 autem
3344 4520 3488 4567 esset

1895 4617 2281 4679 ilierosolomis
2296 4615 2349 4670 in
2372 4613 2579 4668 Pascha
2604 4611 2659 4666 in
2683 4609 2770 4666 die
2800 4607 2958 4672 festo,
2974 4604 3125 4660 multi
3141 4604 3488 4660 crediderunt

1896 4717 1949 4772 in
1979 4713 2199 4771 nomine
2228 4708 2362 4780 ejus,
2388 4705 2634 4761 videntes
2659 4701 2810 4772 signa
2848 4697 2963 4767 ejus
2995 4712 3133 4766 quae
3168 4695 3405 4751 faciebat
3440 4714 3485 4750 ι.

1892 4808 1976 4866 Ad
1998 4809 2102 4864 hoc
2127 4805 2275 4861 enim
2308 4798 2528 4871 respicit
2554 4794 2699 4867 quod
2727 4793 2804 4848 ait
2836 4810 2849 4847 :
2889 4809 2907 4842 ι
2944 4789 3115 4844 Nemo
3151 4797 3332 4859 potest
3353 4788 3487 4843 haec

1894 4905 2045 4974 signa
2072 4901 2252 4955 facere
2274 4910 2412 4966 quae
2440 4903 2494 4947 tu
2529 4890 2681 4955 facis,
2709 4887 2813 4943 nisi
2837 4885 3002 4942 fuerit
3026 4885 3170 4960 Deus
3189 4900 3311 4939 cum
3342 4898 3408 4937 eo
3439 4902 3485 4935 ι.

1970 4991 2255 5063 Respondit
2276 4989 2454 5052 Iesus,
2477 4995 2526 5041 et
2550 4984 2685 5038 dixit
2708 4983 2757 5038 ei
2786 4980 3008 5043 fAmen,
3034 4994 3188 5033 amen
3219 4978 3338 5033 dico
3369 4977 3486 5040 tibi,

1900 5091 2002 5148 nisi
2033 5089 2150 5160 quis
2180 5094 2333 5140 natus
2367 5080 2525 5153 fuerit
2573 5078 2769 5146 denuo,
2820 5089 2925 5131 non
2977 5081 3141 5145 potest
3180 5071 3352 5127 videre
3402 5085 3486 5126 re-

1442 5184 1739 5256 'VARIAE
1777 5188 2177 5254 LECTIONES.

261 5310 286 5344 ⁸
315 5306 411 5366 Sic
433 5308 583 5376 cod.,
605 5306 746 5364 forte
766 5303 874 5376 leg.
901 5303 1165 5359 humanae
1192 5308 1415 5355 naturae
1435 5296 1462 5352 7

1744 5378 1998 5443 NOTAE.

261 5511 289 5539 ι
317 5495 422 5563 Ea,
455 5509 595 5567 quae
619 5492 670 5567 Ii.
700 5493 898 5567 Scottis
945 5504 1118 5567 usque
1156 5485 1247 5567 ad;
1274 5484 1438 5540 ﬁnem
1491 5478 1781 5567 fragmen‘ti

188 5574 256 5652 de
298 5551 527 5652 peccatio
577 5563 824 5652 originali
876 5571 979 5618 cet.
1018 5551 1295 5642 disputat,
1372 5568 1518 5633 cum.
1549 5551 1783 5652 veritate

188 5622 503 5699 Christiana
532 5653 639 5692 non
663 5622 798 5691 satis
828 5622 1142 5704 convenire,
1172 5641 1334 5704 nemo
1367 5641 1471 5704 non
1504 5622 1778 5704 intelligit.

190 5693 347 5782 Quae
381 5711 551 5782 ipsius
576 5708 750 5782 deliis
777 5705 1047 5782 capitibus
1072 5693 1377 5782 falsissima‘
1388 5695 1637 5782 doctrina
1662 5693 1779 5747 rue-

189 5769 287 5855 rit,
318 5769 598 5858 copiosius
636 5769 971 5852 disceptatur
1017 5774 1072 5831 in
1111 5769 1571 5830 commentatione
1615 5778 1783 5849 supra

1886 5474 2312 5548 tyriaewressa
2342 5456 2479 5548 νου
2503 5456 2537 5548 §
2558 5454 2828 5548 553399;..-
3243 5511 3286 5548 ,ε

1961 5508 2537 5605 Fs?"i'iiSFJIIyIiiué'f
2548 5508 2849 5605 Phere'iati,
2871 5523 3208 5605 “separantes,
3239 5511 3345 5568 sive
3360 5508 3477 5605 ξιξ.

1886 5580 2704 5683 milia}I'Uei'friiﬁiﬁ‘cames.
2752 5580 3305 5683 llludleuimrnopten
3343 5580 3483 5641 deri-

2542 5681 2808 5740 sepurare,
2855 5661 2910 5727 id
2935 5668 3022 5733 est
3055 5657 3307 5729 dividere,
