4028 6274
567 357 673 415 515

1913 352 2198 412 JOANNIS
2264 355 2460 412 SCOTl

3735 372 3833 427 516

567 493 725 550 gnum
767 471 880 530 Dei.
916 471 1228 542 Quaeritur,
1259 489 1358 530 cur
1389 471 1546 530 Iesus
1585 471 1654 529 de
1688 471 1923 526 secunda
1954 471 2148 524 nativi-
2177 475 2222 532 Α
2255 489 2371 527 rum
2425 477 2653 531 animae.
2692 477 2932 550 Regnum
2960 481 3053 534 Dei
3097 490 3180 537 est
3227 482 3398 538 Filius
3435 484 3529 539 Dei
3562 527 3574 551 ,
3622 488 3710 557 qui
3746 507 3766 539 ι
3801 503 3831 544 ι

567 575 696 631 tate,
724 582 860 635 quae
899 575 982 621 est
1026 567 1321 621 secundum
1356 565 1624 634 spiritum,
1665 563 1940 632 respondit
1987 562 2145 616 Nico-

566 660 745 722 demo,
791 674 911 712 cum
959 657 1072 728 ipse.
1118 657 1247 712 nihil
1295 657 1420 710 inde
1469 657 1832 725 interrogasse
1880 653 2147 706 videatur?

568 748 671 804 Sed
723 749 1148 819 respondendum
1184 766 1196 801 :
1244 747 1500 817 quoniam
1569 745 1829 801 Dominus
1859 744 1991 798 vidit
2025 760 2145 798 cum

567 841 885 902 credidisse,
935 841 1075 894 sicut
1116 849 1171 895 et
1227 840 1397 894 ceteri
1444 838 1816 898 crediderunt,
1866 838 1953 906 qui
1995 839 2145 907 signa

565 932 682 1003 ejus
725 931 991 991 viderunt,
1045 939 1100 983 ct
1144 931 1500 994 existimasse,-
1534 929 1675 997 qnod
1724 929 1834 981 sola
1891 930 2020 982 tides
2070 931 2148 982 eis

567 1021 855 1081 subiceret,
884 1022 1086 1091 absque
1124 1021 1420 1090 spiritualis
1465 1021 1826 1090 generationis
1860 1020 2054 1072 virtute
2095 1029 2148 1073 et

565 1113 944 1175 sacramentis,
986 1113 1240 1166 continuo
1266 1115 1456 1166 docere
1487 1127 1607 1166 cum
1647 1111 1825 1180 coepit
1857 1112 1921 1165 dc
1963 1111 2149 1164 nativi-

569 1215 696 1267 tate,
723 1220 861 1273 quae
897 1211 980 1258 est
1027 1205 1322 1258 secundum
1363 1204 1632 1272 spiritum.
1678 1203 1757 1257 Ac
1801 1203 1843 1256 si
1882 1205 1928 1256 ei
1964 1213 2148 1272 aperte

566 1299 771 1354 diceret
803 1317 815 1351 :
850 1298 964 1353 Non
998 1297 1196 1352 sulIicit
1227 1298 1345 1360 tibi,
1386 1297 1719 1350 solummodo
1755 1297 1807 1350 in
1845 1311 1930 1349 me
1967 1297 2146 1350 credi-

566 1391 730 1454 disse,
777 1390 877 1444 nisi
924 1377 1260 1443 sacramenta
1302 1389 1640 1458 baptismatis
1679 1387 1933 1455 accipias,
1975 1387 2140 1439 virtu-

566 1489 785 1550 temque
846 1480 1140 1550 spiri'tualis
1201 1457 1564 1548 generationis
1619 1457 2146 1555 intelligasiNotan-

565 1575 715 1636 duiut,
749 1574 894 1643 quod
923 1574 973 1626 in
1023 1573 1299 1626 codicibus
1339 1572 1668 1625 Graecorum
1711 1570 1894 1626 ἄνωθεν
1930 1570 2144 1639 legitur,

565 1667 656 1720 ubi
697 1667 748 1719 in
775 1666 959 1720 latinis
1007 1665 1287 1719 codicibus
1315 1663 1485 1716 denuo
1519 1664 1805 1733 reperitur,
1832 1672 1890 1716 ut
1917 1663 1988 1716 sit
2028 1678 2148 1716 sen-

566 1777 658 1816 sus
696 1781 708 1815 :
751 1762 852 1816 nisi
891 1762 1013 1832 quis
1059 1769 1216 1814 natus
1263 1759 1424 1813 fuerit
1461 1758 1662 1823 ἅνωθεν,
1693 1760 1794 1813 hoc
1827 1768 1911 1813 est
1959 1761 2147 1813 desur-

2252 568 2355 621 line
2378 585 2544 638 usque.
2569 571 2632 623 ad
2661 572 2816 626 linem
2848 575 3071 644 adtingit
3093 575 3629 649 fortiteretdisponit
3660 585 3829 638 omnia

2249 661 2487 713 suaviter
2533 682 2574 713 ι.
2632 664 2869 732 ltegmnn
2927 666 3013 720 Dei
3065 669 3199 722 visio
3252 672 3492 725 veritatis
3543 684 3650 728 est.
3686 675 3829 742 Quod

2249 768 2376 820 ergo
2393 755 2465 805 ait
2488 774 2499 806 :
2519 773 2618 808 non
2635 768 2796 825 potest
2824 759 2991 812 ridere
3015 777 3225 830 regnum
3257 763 3372 825 Dei,
3398 781 3501 818 non
3543 766 3830 838 incongrue

2252 843 2605 912 intelligitur:
2640 865 2741 900 non
2793 859 2968 917 potest
3025 867 3110 905 me
3158 869 3523 921 cognoscere,
3573 858 3664 924 qui
3721 875 3828 913 sum

2252 955 2472 1010 regnum
2506 942 2703 997 Patris.
2751 943 2862 996 Non
2895 946 3033 998 enim
3085 948 3422 1001 solnmmt'nlo
3455 966 3552 1004 rex
3596 957 3827 1007 omnium

2249 1047 2366 1086 sum
2394 1075 2407 1097 ,
2451 1034 2540 1087 sed
2573 1046 2624 1087 et.
2662 1035 2786 1088 illud
2832 1053 3051 1106 regnum
3099 1049 3150 1092 et
3201 1043 3400 1094 omnia.
3452 1041 3630 1095 Recte
3685 1044 3832 1111 igitur

2247 1125 2387 1178 visio
2419 1128 2662 1180 veritatis
2695 1143 2918 1194 regnum
2951 1128 3043 1182 Dei
3082 1140 3135 1182 et
3166 1133 3366 1187 dicitur
3397 1142 3450 1186 ct
3498 1133 3828 1202 intelligitur.

2323 1219 2460 1271 Dicit
2489 1221 2555 1272 uti
2586 1238 2700 1273 eum
2753 1219 3118 1275 Nicodemus:
3164 1224 3439 1290 Quomodo
3483 1236 3652 1295 potest
3693 1233 3832 1280 horno

2252 1313 2396 1363 nasci
2437 1329 2553 1363 cum
2603 1330 2760 1366 senex
2813 1315 2918 1367 sit?
2980 1315 3248 1386 Numquid
3291 1329 3455 1387 potest
3502 1319 3558 1372 in
3616 1331 3834 1372 rentrem

2250 1404 2434 1453 matris
2458 1420 2581 1454 suae
2608 1405 2830 1456 secundo
2854 1407 3068 1459 introire
3089 1418 3135 1459 et
3159 1406 3416 1478 [re]nttsri
3464 1410 3517 1462 ‘?
3541 1408 3836 1464 Carnaliter

2252 1494 2534 1558 intellexit,
2568 1497 2656 1563 qui
2691 1497 2862 1549 adhuc
2891 1500 3181 1550 secundum
3230 1515 3445 1554 carnem
3499 1501 3836 1557 solummodo

2253 1600 2412 1644 natus
2445 1589 2564 1653 fuit,
2593 1599 2644 1642 et
2681 1591 2801 1643 ideo
2823 1593 3113 1647 earmiliter
3140 1595 3435 1663 respondit,
3456 1598 3718 1664 quoniam
3741 1612 3833 1651 non

2252 1691 2368 1735 erat
2422 1693 2579 1735 natus
2625 1699 2688 1736 ex
2732 1696 3073 1739 sacramento
3125 1688 3464 1758 baptismatis
3510 1700 3566 1744 et
3623 1693 3832 1759 spiritu.

2252 1775 2502 1827 Attamen
2542 1791 2666 1829 vere
2728 1777 2899 1840 dixit,
2963 1781 3084 1846 quia
3129 1796 3284 1833 nemo
3328 1791 3504 1850 potest
3561 1784 3646 1837 bis
3695 1785 3832 1839 nasci

565 1869 682 1908 sum
706 1895 719 1916 ,
745 1861 806 1908 ut
837 1855 1117 1907 desursum
1150 1853 1392 1907 dicamus
1428 1867 1526 1921 pro
1553 1853 1760 1915 denuo;
1798 1852 1938 1920 quod
1980 1860 2035 1904 et
2069 1851 2147 1904 fa-

2258 1867 2540 1920 secundum
2583 1882 2839 1930 carnem,
2902 1871 3041 1922 sicut
3095 1887 3250 1925 nemo
3299 1883 3478 1940 potest
3547 1874 3633 1927 bis
3695 1876 3832 1929 nasci

563 1945 719 2000 cilius
750 1945 1088 2014 intelligitur,
1147 1953 1202 1997 et
1228 1942 1436 1996 duabus
1467 1943 1857 2008 nativitatilms,
1906 1953 2147 1997 terrenae

565 2043 808 2098 videlicet
861 2053 1024 2112 atque
1081 2041 1329 2102 caelesti,
1386 2019 1961 2120 convenientiusDAit
2003 2042 2146 2094 enim

563 2133 894 2203 Apostolus:
933 2152 950 2183 ‹
982 2132 1192 2186 Primus
1225 2133 1386 2186 homo
1433 2130 1500 2185 dc
1556 2140 1700 2184 terra
1759 2141 2027 2189 terrenus,
2067 2146 2150 2185 sc-

563 2227 772 2281 cundus
802 2227 961 2279 homo
999 2225 1065 2278 de
1110 2224 1260 2279 caelo
1311 2223 1558 2278 caelestis
1593 2242 1637 2275 ι.
1693 2225 1838 2277 Duae
1883 2224 2147 2292 siquidem

567 2318 875 2373 nativitates
904 2327 1047 2381 sunt,
1079 2326 1137 2371 ut
1177 2318 1252 2371 ait
1278 2317 1650 2389 Augustinus;
1679 2307 1908 2387 quarum
1954 2333 2054 2369 una
2085 2317 2148 2371 de

566 2417 732 2472 terra,
787 2408 955 2463 altera
1001 2409 1065 2463 de
1101 2408 1268 2474 caelo,
1305 2410 1405 2462 hoc
1455 2417 1539 2463 est
1585 2409 1898 2473 desursum;
1936 2423 2038 2460 una
2084 2424 2147 2460 ex

565 2501 895 2571 parentibus,
929 2501 1220 2555 secundum
1253 2516 1496 2565 carnem,
1541 2501 1711 2556 altera
1747 2517 1812 2555 ex
1843 2501 2058 2554 Christo
2095 2509 2150 2555 et

566 2591 841 2655 Ecclesia,
872 2592 1163 2645 secundum
1216 2593 1502 2660 spiritum;
1547 2607 1649 2645 una
1697 2593 1748 2645 in
1797 2592 2147 2646 similitudine

563 2683 925 2755 iumentorum
972 2700 1068 2753 per
1095 2695 1374 2753 peccatum
1407 2686 1458 2738 in
1505 2694 1751 2747 mortem,
1785 2685 1952 2738 altera
1995 2686 2046 2737 in
2077 2685 2146 2737 εἰ-

563 2778 867 2834 militudine
899 2778 1208 2833 caelestium
1258 2780 1513 2832 virtutum
1553 2795 1650 2848 per
1701 2781 1928 2848 gratiam
1981 2781 2031 2833 in
2069 2781 2147 2832 vi-

567 2880 711 2936 tam;
743 2887 847 2926 una
893 2881 1078 2924 contra
1112 2879 1358 2924 naturam
1403 2887 1500 2940 per
1527 2871 1802 2936 delictum,
1849 2871 2014 2924 altera
2064 2887 2147 2924 sc-

566 2963 797 3018 cundum
829 2971 1074 3016 naturam
1115 2976 1208 3030 per
1243 2961 1558 3015 delictorum
1601 2963 1915 3016 remedium.
1950 2961 2150 3030 Grego-

566 3056 680 3110 rius
729 3064 905 3110 autem
960 3053 1237 3123 theologus
1284 3064 1519 3122 quatuor
1571 3055 1878 3107 nativitates
1929 3055 2144 3115 astruit,

565 3161 702 3216 quas
739 3148 900 3200 etiam
935 3145 1190 3199 Dominus
1222 3154 1402 3198 noster
1443 3144 1597 3199 Jesus
1623 3145 1867 3198 Christus
1915 3159 2011 3211 pro
2058 3160 2146 3197 sa-

2251 1959 2540 2012 secundum
2600 1957 2865 2026 spiritum.
2905 1960 2970 2013 Ut
3001 1961 3143 2014 enim
3202 1964 3444 2018 nascitur
3471 1965 3644 2019 semel
3684 1967 3837 2021 homo

2251 2048 2302 2102 in
2333 2062 2494 2101 carne
2522 2064 2583 2100 ex
2609 2063 2790 2111 carne,
2811 2053 2880 2102 ita
2914 2052 3078 2103 semel
3105 2055 3342 2107 nascitur
3365 2055 3526 2108 homo
3553 2071 3618 2108 ex
3648 2057 3836 2125 Spiritu

2251 2138 2303 2193 in
2337 2140 2550 2206 spiritu.
2585 2141 2998 2195 Sacramcatum
3033 2159 3266 2213 namque
3301 2146 3648 2215 baptismatis
3675 2145 3838 2201 semel

2249 2243 2526 2301 acceptum
2556 2250 2713 2286 ue'no
2749 2244 2922 2304 potest
2951 2237 3173 2291 iterare.-

2321 2322 2601 2390 Rcspomiit
2634 2323 2788 2376 Iesus
2830 2341 2846 2378 :
2876 2325 3060 2389 Amen,
3095 2344 3243 2380 amen
3283 2329 3398 2380 (lico
3425 2329 3538 2393 tibi,
3592 2331 3699 2383 nisi
3729 2332 3836 2399 quis

2251 2425 2403 2466 nutus
2439 2414 2592 2481 fuerit
2626 2432 2688 2467 εει·
2728 2433 2864 2484 aqua
2895 2428 2938 2467 et
2970 2419 3174 2485 Spiritu,
3209 2436 3310 2471 non
3354 2430 3515 2489 potest
3548 2420 3772 2474 introire
3793 2424 3840 2474 in

2251 2520 2465 2571 regnum
2518 2504 2629 2557 Dei.
2692 2507 2789 2559 Ubi
2848 2509 3006 2560 datur
3055 2509 3302 2578 intelligi,
3355 2525 3462 2564 non
3517 2512 3669 2564 aliud
3728 2527 3841 2566 esse

2248 2595 2429 2647 videre
2484 2612 2704 2662 regnum
2759 2599 2886 2660 Dei,
2929 2607 2983 2652 ct
3037 2600 3178 2653 aliud
3232 2601 3457 2655 introire
3501 2602 3555 2654 in
3617 2617 3839 2672 regnum

2252 2689 2342 2742 Dci
2373 2729 2386 2751 ,
2444 2689 2534 2741 sed
2588 2691 2838 2758 idipsum.
2895 2694 2995 2758 Qui
3046 2694 3188 2746 enim
3236 2696 3381 2746 videt
3449 2711 3678 2764 regnum
3725 2695 3836 2757 Dei,

2252 2782 2340 2833 ille
2375 2783 2568 2845 intrat;
2623 2792 2676 2836 et
2726 2786 2828 2852 qui
2868 2785 3056 2848 intrat,
3110 2787 3198 2839 ille
3247 2787 3411 2841 videt.
3456 2785 3659 2842 V'izlcre
3699 2788 3840 2841 enim

2252 2871 2454 2925 intrare
2504 2882 2624 2928 est.
2689 2883 2741 2925 et
2801 2875 3004 2928 intrare
3056 2877 3278 2938 videre,
3339 2877 3438 2928 hoc
3483 2885 3568 2930 est
3643 2877 3843 2928 verita-

2255 2971 2359 3016 tem
2418 2979 2762 3032 cognoscere.
2822 2963 2938 3017 Nisi
2995 2968 3110 3036 quis
3172 2981 3327 3019 natus
3379 2967 3532 3034 fuerit
3589 2984 3655 3019 ca:
3708 2984 3842 3035 aqua

2251 3064 2297 3105 et
2335 3056 2559 3121 spiritu,
2597 3056 2696 3107 hoc
2725 3064 2826 3118 cst,
2873 3071 2936 3109 ex
2974 3066 3317 3110 sacramento
3365 3058 3559 3111 visibili
3595 3067 3650 3109 et
3684 3057 3842 3110 intel-

2254 3147 2394 3201 lectu
2452 3148 2726 3201 invisibili.
2760 3149 2834 3200 Ae
2883 3150 2927 3201 si
2982 3159 3166 3217 aperte
3215 3151 3442 3205 dixisset
3497 3168 3508 3201 :
3572 3149 3683 3202 Nisi
3724 3150 3844 3218 quis

569 3237 677 3292 lute
699 3239 966 3292 humanae
989 3246 1213 3290 naturae
1241 3236 1472 3289 subiisse
1503 3237 1753 3305 dignatus
1783 3243 1882 3288 est.
1908 3235 2146 3299 Quarum
2177 3207 2218 3265 C
2254 3239 2554 3308 symbolum
2590 3240 2926 3308 baptismatis
2976 3243 3245 3308 acceperit
3285 3242 3593 3301 \‘isibiliter,
3631 3251 3684 3292 t-t
3734 3241 3843 3309 spi-

567 3331 742 3401 prima
782 3337 863 3383 est
895 3329 1147 3382 nativitas
1185 3328 1290 3392 illa,
1326 3328 1378 3380 in
1408 3343 1511 3396 qua
1544 3336 1711 3380 totum
1760 3341 1927 3395 genus
1961 3328 2149 3378 huma—

570 3440 697 3480 num
728 3424 882 3479 simul
926 3425 990 3477 de
1034 3423 1200 3476 nihilo
1229 3433 1449 3486 natum;
1484 3423 1548 3474 dc
1583 3437 1685 3490 qua
1719 3421 1973 3488 scriptum
2023 3429 2144 3472 est:

573 3533 595 3568 ι
633 3515 699 3570 Et
731 3515 856 3569 fecit
888 3515 1026 3568 Dcus
1055 3514 1323 3568 hominem
1357 3513 1424 3565 ad
1468 3512 1752 3581 imaginem
1798 3520 1853 3564 et
1901 3509 2150 3564 similitu-

569 3605 750 3662 dinem
802 3621 955 3660 suam
986 3625 1030 3658 ι.
1095 3604 1341 3659 Secunda
1373 3644 1386 3666 ,
1437 3617 1576 3671 quae
1630 3603 1862 3656 hominis
1896 3602 2146 3655 delictum

571 3699 863 3754 subsecuta
894 3712 957 3750 ex
991 3706 1221 3766 utroque
1252 3710 1405 3759 sexu,
1441 3695 1506 3747 ad
1572 3693 1978 3748 similitudinem
2011 3701 2152 3746 cete—

572 3807 756 3847 rorum
790 3791 1126 3855 animalium,
1161 3789 1226 3844 de
1266 3804 1369 3858 qua
1425 3788 1612 3842 eadem
1659 3786 1940 3856 Scriptura
1982 3786 2146 3840 dicit:

578 3902 598 3936 ‹
633 3882 924 3939 Masculum
963 3894 1017 3938 et
1059 3882 1313 3936 feminam
1377 3880 1505 3936 fecit
1575 3896 1669 3934 cos
1725 3897 1787 3945 ›;
1841 3895 1936 3949 per
1991 3893 2150 3947 quam

570 3987 742 4035 totum
784 3993 951 4048 genus
997 3977 1286 4030 humanum
1335 3975 1385 4027 in
1434 3973 1700 4028 inﬁnitum
1765 3971 2154 4040 multiplicatur

570 4077 785 4126 terrena
843 4069 1203 4124 successione.
1262 4066 1474 4129 Tertia,
1519 4080 1656 4133 quae
1714 4073 1795 4118 cst
1859 4065 2152 4118 secundum

568 4160 850 4232 spiritum,
902 4160 968 4213 de
1011 4173 1116 4228 qua
1165 4172 1310 4210 nunc
1346 4157 1604 4211 Dominus
1645 4155 1720 4208 ait
1756 4173 1766 4207 :
1805 4173 1823 4204 α
1877 4154 1984 4207 Nisi
2033 4155 2154 4224 quis

570 4265 730 4308 natus
755 4252 919 4306 fuerit
947 4253 1122 4305 denuo
1156 4269 1172 4300 ι
1201 4267 1213 4314 ;
1249 4251 1299 4302 in
1331 4265 1436 4318 qua
1485 4249 1766 4301 nativitate
1815 4247 2001 4315 incipit
2054 4248 2153 4300 lut-

570 4361 730 4400 mana
779 4355 970 4398 natura
1013 4343 1078 4396 ad
1137 4357 1287 4396 suam
1350 4342 1631 4410 pristinam
1686 4341 1905 4405 sedem,
1956 4340 2021 4394 de
2051 4357 2153 4408 qua

570 4438 796 4497 corruit,
847 4435 1040 4488 redire.
1095 4432 1296 4500 Quarta
1334 4435 1437 4487 crit
1491 4434 1542 4486 in
1583 4433 1977 4487 resurrectione
2037 4449 2156 4485 om-

569 4530 750 4593 nium,
783 4528 996 4597 quando
1045 4535 1298 4581 nascetur
1354 4525 1511 4579 simul
1575 4534 1679 4580 tota
1719 4535 1900 4578 nostra
1944 4535 2154 4588 natura,

571 4632 746 4678 morte
774 4624 1115 4690 interempta,
1157 4620 1207 4674 in
1234 4620 1394 4672 vitam
1425 4630 1720 4674 aeternam.
1754 4618 1930 4670 Prima
1974 4618 2154 4686 itaque

573 4715 857 4778 naturalis,
890 4715 1121 4768 secunda
1151 4723 1370 4784 propter
1392 4723 1670 4782 peccatum
1693 4753 1706 4774 ,
1734 4713 1889 4765 tertia
1921 4728 2014 4781 per
2036 4727 2156 4781 gra-

575 4807 700 4860 tiam
741 4807 1138 4877 Redemptoris,
1169 4815 1358 4876 quarta
1401 4807 1692 4860 secundum
1721 4813 1967 4858 naturam
1998 4806 2155 4859 simul

573 4899 1066 4970 etgratiam..lncst
1109 4897 1250 4952 enim
1278 4897 1596 4951 naturaliter
1644 4898 1907 4950 humanae
1933 4907 2156 4951 naturae

573 4991 748 5046 virtus
803 4991 1247 5053 resurrectionis,
1304 4991 1568 5059 siquidem
1623 4991 1890 5044 contraria
1935 4991 2154 5045 omnino

576 5083 677 5139 sibi
706 5093 788 5137 est
837 5099 981 5136 mors
1014 5093 1252 5136 aeterna.
1304 5081 1444 5148 Quid
1491 5091 1669 5136 autent
1717 5094 1907 5136 natura
1944 5083 2156 5137 conl'crt

576 5177 982 5239 resurreetioni,
1029 5186 1081 5230 ct
1111 5177 1238 5245 quid
1282 5177 1476 5246 gratia,
1513 5175 1650 5229 alios
1676 5176 1974 5230 disserendi
2005 5178 2154 5231 locus

573 5280 674 5328 est.
715 5271 835 5324 Non
864 5281 1024 5339 potest
1050 5271 1218 5322 videre
1248 5284 1457 5337 regnum
1486 5267 1596 5320 Dei.
1639 5267 1805 5336 Regni
1842 5268 1930 5320 Dei
1973 5267 2155 5320 multi-

574 5364 694 5434 plex
729 5362 1034 5416 intellectus
1063 5374 1164 5416 est.
1206 5362 1445 5430 Regnum
1501 5360 1591 5413 Dei
1641 5369 1723 5414 est
1768 5359 1994 5413 ecclesia
2028 5359 2158 5413 tide-

576 5455 810 5516 |ium,dc
835 5470 938 5524 qua
957 5454 1249 5522 scriptmn:
1276 5470 1293 5503 ι
1325 5451 1568 5522 Regnum
1593 5451 1685 5505 Dei
1725 5451 1864 5504 inter
1879 5467 1974 5506 vos
2004 5459 2087 5504 est
2111 5471 2153 5506 ι.

578 5543 817 5614 Regnum
876 5541 971 5596 Dei
1029 5542 1351 5596 universitas
1410 5540 1708 5612 corporalis
1755 5549 1808 5597 et
1865 5541 2158 5610 spiritualis

577 5644 878 5690 creaturae.
909 5634 1154 5704 Regnum
1187 5634 1280 5689 Dei
1310 5635 1574 5690 caelestes
1620 5634 1846 5689 virtutes
1892 5641 1945 5687 et
1981 5631 2155 5702 justo-

2255 3332 2439 3394 ritum,
2467 3331 2643 3394 idest,
2676 3333 3005 3386 intellectum
3054 3335 3220 3402 ipsius
3263 3336 3488 3404 sytnholi
3525 3351 3629 3388 non
3661 3351 3844 3402 perce-

2254 3424 2414 3490 perit,
2446 3439 2548 3474 non
2579 3433 2753 3489 potest
2784 3424 3005 3478 introire
3043 3426 3093 3478 in
3138 3441 3361 3492 regnum
3406 3426 3523 3480 Dei.
3556 3426 3744 3480 Potest
3796 3436 3846 3479 et

2257 3514 2334 3566 sic
2361 3513 2586 3580 intelligi
2609 3530 2702 3567 :ex
2731 3530 2888 3584 aqua,
2917 3516 3016 3569 hoc
3035 3526 3135 3578 est,
3163 3533 3229 3570 ex
3254 3518 3446 3571 visibili
3480 3530 3844 3579 sacramento.

2227 3588 2310 3658 ἐι
2335 3602 2540 3673 Spiritu
2568 3615 2774 3659 sancto.
2807 3606 3117 3672 Quaeritur,
3148 3623 3252 3676 qua
3284 3609 3350 3663 de
3388 3625 3550 3664 causa
3583 3609 3845 3664 Dominus

2255 3697 2464 3752 visibile
2501 3706 2896 3752 sacramentum
2947 3697 3288 3767 baptismatis
3319 3701 3370 3753 in
3395 3715 3538 3768 aqua
3567 3701 3687 3755 [icri
3715 3716 3845 3755 con-

2263 3791 2468 3855 stituit,
2500 3806 2623 3843 cum
2657 3790 2901 3844 videatur
2941 3790 3055 3844 sola
3100 3791 3345 3845 doctrina
3395 3791 3696 3861 spiritualis
3748 3807 3845 3861 per

2267 3883 2426 3936 tidem
2459 3881 2703 3935 sutlieerc
2746 3881 2813 3936 ad
2843 3882 3177 3937 nativitatem
3223 3883 3456 3938 hominis
3505 3899 3574 3937 ex
3620 3884 3842 3954 spiritu.

2263 3974 2366 4027 Sed
2402 3973 2578 4026 ethoc
2625 3973 2912 4026 dicendum
2953 3991 2965 4025 :
3002 3976 3258 4042 quoniam
3304 3975 3465 4028 homo
3513 3988 3584 4029 ex
3641 3974 3845 4030 visibiii

2258 4081 2486 4134 corpore
2510 4073 2564 4118 et
2588 4064 2836 4118 invisibili
2864 4066 3043 4118 anima
3070 4065 3437 4127 constituitur,
3466 4067 3841 4120 necessarium

2259 4168 2379 4212 erat
2402 4167 2802 4210 sacramentum
2835 4157 3042 4212 visit-ile
3070 4159 3135 4211 ad
3161 4157 3588 4226 purificationem
3615 4159 3844 4215 visibilis

2261 4250 2679 4320 eorpoi-is,sirut
2709 4250 3011 4303 necessaria
3037 4249 3422 4304 estinvisibilis
3443 4249 3565 4304 ﬁdei
3594 4250 3847 4306 doctrina

2262 4343 2327 4394 ad
2382 4340 2865 4394 sanctiticationetn
2945 4341 3227 4395 invisibilis
3288 4341 3517 4394 animae.
3575 4338 3846 4406 Quamvis

2263 4434 2402 4488 enim
2456 4443 2848 4486 sacramentum
2884 4434 3092 4488 visibile
3133 4434 3474 4503 baptismatis
3506 4434 3639 4486 nihil
3669 4433 3848 4490 adhuc

2265 4525 2315 4578 in
2371 4526 2470 4578 hac
2530 4525 2632 4577 vita
2681 4527 2892 4592 corpori
2939 4526 3182 4580 videatur
3233 4523 3515 4588 conferre,
3555 4525 3610 4578 in
3662 4539 3849 4578 resur-

2268 4615 2503 4668 rectione
2529 4625 2706 4668 tamen
2737 4615 2916 4668 futura
2950 4617 3014 4670 de
3048 4617 3259 4671 mortali
3294 4617 3489 4671 elliciet
3517 4616 3845 4682 immortale,

2264 4707 2328 4760 de
2373 4708 2704 4774 corruptibili
2756 4708 3193 4776 incorrruptibile
3216 4750 3228 4771 ,
3279 4719 3334 4762 et
3369 4716 3573 4774 cetera,
3603 4723 3748 4778 quae
3780 4707 3848 4763 ad

2263 4801 2485 4870 gloriam
2533 4801 2746 4854 futurae
2788 4803 3196 4858 resurrectionis
3222 4803 3589 4872 pertinebunt.
3621 4800 3847 4856 Verum-

2265 4907 2439 4949 tamen
2457 4897 2619 4948 eliam
2645 4897 2697 4948 in
2716 4897 2985 4963 praesenti
3013 4897 3118 4950 vita
3141 4897 3449 4951 sanctiﬁcat
3474 4894 3710 4951 lidelium
3727 4909 3849 4948 cor-

2262 5006 2392 5058 pora
2413 4990 2579 5042 virtus
2598 4991 3080 5052 saeratncnti,cutu
3105 4990 3361 5060 templum
3396 4989 3490 5043 Dei
3518 4986 3846 5054 eﬂiciantnr,

2263 5082 2474 5135 (licente
2507 5083 2764 5150 Apostolo
2806 5102 2818 5135 :
2861 5103 2875 5131 ι
2917 5084 3166 5148 Nescitis,
3206 5085 3332 5153 quia
3389 5099 3615 5153 corpora
3665 5092 3849 5140 vestra

2265 5173 2518 5242 templum
2557 5174 2724 5227 sancti
2774 5174 3005 5243 Spiritus
3055 5185 3179 5228 sunt
3222 5177 3278 5228 i?
3326 5175 3430 5229 Sed
3461 5175 3503 5227 si
3538 5174 3659 5243 quis
3687 5174 3846 5243 plene

2263 5267 2518 5319 virtutem
2556 5267 2896 5335 baptismatis
2930 5284 3154 5324 noscere
3187 5269 3476 5330 desiderat,
3523 5267 3668 5337 legat
3711 5282 3842 5320 san-

2263 5367 2404 5412 ctum
2439 5361 2749 5431 Dionysium
2779 5363 3153 5433 Areopagitam
3204 5363 3253 5416 in
3289 5363 3426 5417 libro
3470 5361 3535 5416 de
3577 5360 3845 5416 Ecclesia-

2265 5453 2397 5505 stica
2437 5452 2724 5508 icrarchia.

2336 5543 2593 5613 Sequitur
2622 5564 2634 5598 :
2669 5546 2821 5611 Quod
2851 5557 3032 5602 natum
3064 5558 3137 5602 est
3186 5564 3248 5602 ea:
3293 5562 3467 5609 came,
3500 5560 3626 5599 caro
3660 5556 3758 5609 est,
3797 5553 3848 5599 et

2265 5639 2401 5711 quod
2437 5651 2614 5694 natum
2645 5651 2718 5696 est
2743 5659 2806 5696 ex
2828 5644 3034 5711 spiritu,
3069 5644 3280 5715 spiritus
3301 5650 3395 5697 est.
3425 5641 3572 5696 Duas
3594 5640 3849 5694 nativitao

1851 5749 2104 5804 VARIAE
2147 5749 2549 5808 LEC'l'iONES.

654 5819 672 5852 ⁸
699 5819 879 5888 Corr.,
918 5836 1030 5876 cor.
1071 5823 1238 5876 nasci.
