4028 6274
237 340 352 397 317

232 563 430 610 natum
478 563 561 608 est
602 569 665 608 ex
700 569 884 616 carne,
917 552 1019 606 hoc
1048 559 1153 617 est,
1191 566 1254 604 ex
1288 551 1462 621 primo
1488 550 1702 604 homine
1730 567 1826 619 per

235 648 422 702 Carnis
453 645 876 708 successionem,
906 659 1032 698 caro
1065 652 1166 706 cst,
1210 643 1310 695 boe
1333 652 1413 695 est
1438 685 1448 705 ,
1475 642 1691 695 carnale
1718 650 1819 695 est.

232 736 567 800 Notandum,
627 734 768 804 quod
804 735 856 788 in
904 735 1005 788 hoc
1061 732 1178 786 loco
1229 733 1445 785 nomine
1491 733 1668 786 carnis
1721 747 1824 785 non

233 844 461 884 carnem
493 828 852 893 solummodo,
906 827 998 882 sed
1032 835 1200 880 totum
1246 825 1516 879 carnalem
1553 827 1825 880 hominem

232 922 643 993 signiﬁcaverit.
690 919 968 990 Siquidem
1024 935 1182 989 saepe
1223 920 1401 972 anima
1443 918 1676 972 carnalis
1705 934 1825 972 car-

231 1017 326 1070 nis
376 1014 594 1069 nomine
651 1013 964 1078 vocitatur,
1012 1013 1154 1066 ttnde
1210 1011 1502 1082 Apostolus
1557 1029 1569 1063 :
1631 1030 1647 1060 ‹
1686 1009 1823 1065 Caro

230 1106 578 1177 concupiscit
606 1107 868 1159 adversus
895 1103 1140 1173 spiritum
1169 1144 1183 1167 ,
1229 1113 1286 1156 et
1311 1103 1536 1172 spiritus
1566 1104 1825 1178 adversus

229 1211 460 1251 carnem
511 1215 556 1248 ι.
618 1194 912 1250 Sciendum
977 1210 1214 1265 quoque,
1246 1195 1430 1264 quod,
1489 1195 1629 1249 sicut
1683 1205 1825 1249 totus

231 1290 402 1344 homo
425 1286 658 1343 carnalis
690 1287 868 1340 anima
899 1295 952 1340 et
977 1301 1201 1354 corpore
1247 1302 1373 1340 caro
1423 1286 1639 1347 dicitur,
1667 1286 1740 1340 ita
1770 1294 1825 1341 ct

233 1387 383 1432 lotus
418 1377 578 1431 homo
616 1374 913 1444 spiritualis
967 1376 1146 1428 anima
1200 1385 1250 1427 et
1303 1391 1529 1446 corpore
1580 1377 1817 1445 spiritus,

230 1469 493 1540 quoniam
526 1477 812 1522 nascentes
840 1467 1085 1522 homines
1116 1467 1168 1519 in
1195 1467 1411 1521 Christo
1441 1485 1535 1538 per
1564 1467 1820 1538 Spiritum

229 1568 485 1616 sanctum
530 1576 698 1614 unum
733 1575 855 1613 cum
904 1558 1019 1630 ipso
1062 1557 1263 1627 Spiritu
1292 1558 1597 1613 eliiciuntur
1628 1576 1822 1614 secun-

230 1655 362 1709 dum
410 1669 604 1723 corpus
653 1663 708 1707 et
752 1653 1007 1707 animam.
1049 1651 1146 1708 Ubi
1198 1655 1354 1706 datur
1403 1655 1647 1723 intelligi,
1679 1654 1822 1724 quod

228 1755 636 1801 sacramentum
708 1745 1050 1814 baptismatis
1114 1746 1467 1801 mutationem
1528 1746 1707 1800 carnis
1765 1746 1818 1799 in

227 1837 489 1908 spiritum
523 1836 758 1890 futuram
788 1851 904 1891 esse
933 1837 1284 1906 praeﬁgurat.

310 1931 434 1986 Non
479 1930 720 1993 mireris,
757 1929 879 1999 quia
937 1930 1045 1982 dixi
1095 1929 1187 1982 tibi
1237 1927 1500 1996 :0portet
1549 1943 1631 1980 vos
1677 1927 1820 1980 nasci

228 2024 425 2078 denuo.
466 2022 544 2077 Ac
571 2022 616 2076 si
647 2020 876 2076 dixisset
906 2039 918 2074 :
950 2036 1055 2074 non
1097 2021 1164 2073 sit
1209 2020 1301 2074 tibi
1333 2019 1524 2072 mirum
1558 2028 1610 2071 et
1641 2019 1818 2074 incre-

229 2114 421 2179 dibile,
450 2114 721 2168 hominem
764 2112 910 2166 nasci
945 2113 1140 2166 iterum
1177 2129 1242 2165 cx
1284 2112 1496 2182 spiritu.
1527 2118 1535 2128 '

306 2205 535 2277 Spiritus
578 2206 663 2260 ubi
707 2205 807 2260 vult
848 2206 1029 2276 spirat.
1068 2203 1166 2258 Ubi
1195 2204 1426 2274 Spiritus
1461 2213 1680 2259 sanctus
1710 2203 1820 2257 vir-

229 2306 410 2356 tutem
435 2295 880 2352 sanctiﬁcationis
909 2311 1038 2349 suae
1069 2293 1180 2348 vult
1213 2293 1491 2366 perﬁcere,
1527 2294 1596 2347 ibi
1627 2295 1820 2364 spirat,

230 2390 309 2445 ibi
373 2388 858 2444 sanctiﬁcationem
912 2387 1139 2457 perﬁcit.
1198 2387 1272 2440 Ex
1327 2387 1424 2440 hoc
1484 2386 1818 2456 intelligitur,

229 2479 380 2552 quod
416 2479 567 2545 ﬁdes,
603 2495 709 2548 qua
754 2477 1024 2532 credimus
1083 2479 1134 2530 in
1192 2476 1490 2541 Christum,
1543 2487 1596 2531 et
1636 2495 1818 2532 sacra-

231 2581 503 2635 mentum,
528 2585 633 2640 quo
665 2569 1018 2634 renascimur,
1049 2569 1185 2622 dona
1219 2570 1387 2622 sancti
1419 2568 1650 2636 Spiritus
1692 2571 1817 2634 sint,

231 2665 327 2735 qui
378 2663 466 2718 ubi
510 2662 624 2716 vult
676 2662 883 2731 spirat,
936 2663 1035 2717 hoc
1071 2673 1174 2726 eSI,
1215 2672 1470 2731 Operatur
1519 2663 1569 2715 in
1625 2663 1727 2726 his,
1768 2665 1818 2716 in

233 2752 434 2822 quibus
465 2752 575 2806 vult
609 2751 845 2822 operari,
874 2752 1118 2808 dividens
1150 2753 1374 2824 singulis
1394 2754 1631 2824 propria,
1664 2762 1822 2821 prout

228 2845 372 2900 vult.
405 2843 471 2897 Et
505 2861 673 2898 vocem
705 2845 819 2914 ejus
867 2844 1041 2898 audis.
1094 2846 1168 2899 De
1199 2861 1328 2899 voce
1362 2846 1534 2899 sancti
1585 2844 1818 2914 Spiritus

232 2947 323 2995 sat
353 2945 435 2992 est
484 2937 645 2992 verba
681 2937 856 2993 sancti
909 2937 1189 3010 Augustini
1222 2955 1444 3008 ponere.
1499 2939 1586 2993 Ait
1630 2940 1816 2993 enim:

238 3049 259 3081 ‹
289 3027 460 3083 Nemo
503 3029 646 3084 videt
690 3030 973 3098 spiritum;
1025 3031 1296 3100 quomodo
1347 3032 1592 3084 audimus
1634 3047 1817 3083 vocent

234 3124 496 3192 spiritus?
543 3121 713 3177 Sonat
770 3123 1047 3192 psalmus,
1094 3139 1195 3178 vox
1226 3133 1307 3177 est
1354 3123 1595 3193 Spiritus.
1652 3124 1821 3177 Sonat

229 3215 608 3285 Evangelium,
663 3231 766 3270 vox
810 3225 890 3270 est
941 3216 1180 3286 spiritus.
1241 3217 1410 3271 Sonat
1455 3232 1633 3271 serum
1682 3217 1891 3284 divi-(1

234 3321 378 3370 nus,
419 3322 523 3360 vox
569 3314 652 3361 est
705 3306 948 3376 spiritus.
1007 3301 1195 3360 Vocem
1250 3307 1362 3376 ejus
1420 3307 1605 3369 audis,
1643 3318 1688 3361 et
1733 3324 1820 3360 ne—

233 3403 362 3466 scis,
392 3402 528 3455 unde
561 3401 729 3455 veniat
755 3409 801 3454 ct
828 3417 928 3470 quo
978 3401 1152 3455 vadat.
1194 3400 1249 3456 Si
1283 3403 1523 3456 nasceris
1565 3410 1617 3455 et
1660 3411 1712 3454 tu
1756 3401 1820 3455 de

234 3491 456 3562 Spiritu,
487 3490 588 3545 hoc
617 3489 725 3544 eris
779 3499 834 3543 ut
864 3489 972 3544 ille.
1028 3489 1125 3556 Qui
1183 3506 1285 3544 non
1319 3475 1402 3544 est
1456 3501 1614 3546 natus
1644 3491 1819 3546 adhuc

236 3581 306 3635 de
329 3581 543 3649 spiritu,
575 3581 750 3636 nescit
789 3579 854 3635 de
885 3588 957 3644 te,
988 3579 1129 3634 unde
1155 3581 1340 3650 venias
1387 3589 1442 3635 et
1472 3597 1580 3651 quo
1612 3581 1777 3635 vadas
1803 3598 1816 3647 ;

238 3672 346 3728 hoc
375 3673 516 3742 enim
559 3672 635 3726 ait
682 3680 941 3728 secutus:
973 3669 1060 3726 Sic
1106 3682 1179 3727 est
1229 3681 1278 3725 et
1320 3673 1488 3726 omnis
1532 3675 1620 3742 qui
1665 3683 1819 3728 natus

237 3775 314 3819 est
370 3781 433 3818 ex
480 3765 666 3834 spiritu
711 3783 757 3819 ι.
811 3764 1082 3818 Hactenus
1139 3765 1300 3828 verba
1362 3765 1670 3834 Augustini.
1704 3765 1819 3820 Vox

242 3856 410 3927 igitur
436 3855 654 3926 spiritus
680 3865 764 3911 est
791 3872 891 3910 vox
923 3854 1123 3910 Christi
1150 3897 1163 3921 ,
1212 3872 1373 3927 quam
1405 3858 1611 3911 audivit
1660 3856 1822 3910 Nico-

240 3949 454 4004 demus.
487 3948 593 4004 Sed
639 3949 892 4020 quoniam
940 3948 1029 4004 ille
1065 3951 1240 4004 adhuc
1291 3966 1396 4004 non
1447 3959 1530 4004 est
1569 3960 1726 4005 natus
1755 3967 1819 4004 ex

241 4040 459 4110 spiritu,
493 4057 666 4111 neque
699 4051 1047 4112 cognoverat,
1096 4044 1237 4097 unde
1268 4044 1450 4097 veniat
1495 4044 1735 4113 spiritus,
1770 4051 1823 4099 et

241 4147 352 4202 quo
382 4133 561 4196 vadat,
600 4133 846 4203 quamvis
868 4148 1052 4210 vocem
1085 4135 1200 4204 ejus
1227 4133 1480 4199 audierit,
1510 4135 1709 4189 dicitur
1731 4134 1778 4188 ei
1804 4149 1818 4187 :

243 4222 354 4280 Sed
402 4224 588 4288 nescis,
621 4224 756 4286 unde
792 4225 958 4278 veniat
1014 4234 1058 4277 et
1087 4241 1188 4296 quo
1229 4223 1422 4289 vadat,
1473 4224 1598 4294 quia
1649 4226 1822 4278 adhuc

241 4328 351 4368 non
375 4328 437 4368 es
462 4324 621 4369 natus
660 4307 736 4369 ex‘
772 4316 985 4385 spiritu.
1028 4315 1257 4386 Ideoque
1281 4357 1294 4378 ,
1341 4318 1588 4386 quamvis
1637 4333 1821 4373 vocem

239 4420 423 4460 meam
473 4406 688 4472 audias,
737 4407 862 4459 dum
892 4406 954 4461 de
986 4407 1176 4477 spiritu
1217 4423 1335 4460 tneo
1385 4408 1591 4476 loquor,
1621 4411 1819 4476 nescis,

233 4497 390 4553 unde
419 4499 567 4553 venit
593 4499 814 4568 spiritus
840 4499 945 4564 ille,
977 4501 1031 4554 id
1055 4509 1162 4564 est,
1181 4516 1282 4569 qua
1309 4503 1592 4556 occasione
1619 4503 1731 4556 vult
1755 4520 1820 4557 ex

1289 337 1644 395 COMMENT.
1685 339 1753 395 ῐΝ
1792 338 2043 396 EVANG.
2111 340 2256 396 SEC.
2296 341 2484 397 JOAN.

201 441 206 446 ’
236 464 324 510 tes
345 453 557 524 repetit,
589 467 656 508 ex
708 466 874 507 carne
902 451 1154 508 videlicet
1199 459 1254 508 et
1289 467 1356 506 ex
1407 454 1620 522 spiritu.
1669 453 1820 520 Quod
1853 461 1897 516 Α
1927 469 2117 508 sensus
2167 472 2178 506 :

3396 345 3500 406 5l8

2232 454 2454 522 spiritus
2499 454 2586 509 ubi
2635 454 2746 508 vult
2790 456 2996 526 spirat,
3050 465 3105 520 et
3154 473 3338 522 vocem
3387 459 3504 532 ejus

1932 545 2103 610 audis,
2148 546 2238 600 sed
2273 546 2446 600 nescis
2478 549 2616 601 unde
2647 548 2793 601 venit
2819 557 2873 601 et
2900 563 3005 618 quo
3045 549 3212 614 vadit,
3246 537 3500 622 quoniam

1930 637 2102 691 adhuc
2132 653 2233 690 non
2267 654 2326 691 es
2355 646 2510 695 natus
2544 653 2608 690 ex
2659 639 2881 706 spiritu;
2937 638 3014 694 sic
3050 650 3134 698 est
3184 644 3393 698 omnis?
3423 643 3502 714 Ap

1931 730 1973 784 si
2022 730 2245 783 dixisset
2299 748 2310 782 :
2363 738 2585 799 putasne
2638 731 2716 785 sic
2760 746 2876 786 esse
2921 747 3133 786 omnem
3189 715 3500 790 nascentem

1930 838 1993 876 ex
2029 822 2240 892 spiritu,
2271 833 2327 876 ut
2372 824 2554 876 audiat
2577 838 2763 878 vocem
2794 826 3035 893 spiritus,
3064 828 3274 896 ignoret
3296 840 3498 898 autem,

1930 912 2068 966 unde
2116 913 2261 966 venit
2285 921 2337 965 et
2385 929 2491 982 quo
2520 913 2698 984 vadit?
2728 913 2843 967 Noli
2878 917 2976 970 hoc
3004 907 3335 972 existimare.
3367 920 3498 976 Nam

1929 1005 1972 1060 si
2004 1006 2244 1060 nascaris
2268 1021 2331 1058 ex
2360 1005 2569 1074 spiritu,
2598 990 2703 1080 non
2735 1005 2905 1062 solum
2934 1023 3117 1064 vocem
3151 1011 3265 1082 ejus
3295 1012 3503 1079 audies,

1929 1085 2126 1150 verum
2151 1097 2312 1150 etiam
2362 1113 2680 1167 cognosces,
2717 1099 2855 1151 unde
2908 1100 3054 1152 venit
3103 1110 3158 1153 et
3201 1116 3306 1169 quo
3335 1102 3501 1156 vadit.

1928 1187 2089 1242 Venit
2131 1203 2158 1239 a
2192 1184 2350 1240 Patre
2400 1204 2495 1258 per
2554 1187 2784 1252 Filium,
2832 1189 2971 1242 sicut
3019 1188 3144 1243 alibi
3198 1191 3498 1260 scriptum:

1935 1295 1951 1327 ι
1996 1276 2163 1343 Quem
2204 1277 2377 1329 mittet
2417 1277 2575 1330 Pater
2613 1277 2662 1329 in
2696 1279 2909 1331 nomine
2942 1269 3082 1339 meo.
3114 1289 3170 1332 ιιι
3211 1294 3275 1333 ev
3301 1296 3357 1334 se
3385 1296 3504 1336 ere-

1929 1366 2115 1420 dentes
2155 1367 2204 1419 iu
2252 1365 2522 1420 Christum
2568 1379 2860 1421 nascantur
2907 1388 2950 1421 ι.
2985 1367 3139 1422 lledit
3180 1373 3244 1424 ad
3286 1369 3504 1428 Patrem

1928 1472 2022 1526 per
2066 1458 2294 1511 eundem
2345 1456 2562 1523 Filium,
2616 1467 2900 1512 nascentes
2940 1474 3003 1526 ex
3056 1476 3114 1514 se
3161 1460 3214 1514 in
3265 1461 3502 1516 divinam

1929 1547 2207 1603 ﬁlietatem
2247 1551 2526 1604 reducens.

2000 1640 2276 1712 Iiespoudit
2324 1643 2641 1697 Nicodemus
2688 1654 2732 1698 et
2778 1645 2912 1698 dixit
2945 1646 2992 1700 ei
3017 1662 3037 1703 .‘
3069 1645 3343 1714 Quomodo
3384 1665 3506 1720 ῃοεο

1927 1749 2044 1791 sunt
2075 1740 2200 1793 haec
2250 1740 2404 1807 ﬁeri?
2454 1742 2644 1796 Adhuc
2681 1742 2932 1808 haesitat,
2957 1743 3049 1820 qui
3098 1743 3332 1799 litteram
3373 1745 3508 1816 legis

1852 1845 1894 1903 Β
1927 1830 2148 1900 legerat,
2191 1832 2435 1899 spiritum
2487 1841 2665 1886 autem
2715 1834 2880 1902 ipsius
2930 1835 3154 1894 omnino.
3203 1836 3503 1907 ignorabat.

1927 1922 2077 1990 Quod
2101 1923 2474 1992 aitApostolus
2506 1942 2518 1976 :
2551 1943 2569 1974 ο
2611 1923 2813 1979 Littera
2829 1925 3048 1988 occidit,
3079 1926 3300 1995 spiritus
3325 1936 3504 1982 autem

1925 2015 2159 2068 vivitieat
2197 2034 2242 2068 ι.
2276 2013 2384 2067 Lex
2409 2015 2549 2068 enim
2583 2015 2718 2069 lecta
2744 2024 2799 2069 et
2826 2031 2928 2070 non
2975 2017 3241 2072 intellecta
3284 2019 3504 2086 occidit,

1926 2107 2062 2182 lecta
2087 2124 2213 2162 vero
2244 2119 2297 2162 et
2336 2109 2604 2164 intellecta
2631 2111 2884 2165 viviﬁcat.
2909 2111 3139 2175 Proinde
3179 2113 3506 2183 impossibile

1927 2197 2218 2253 Ncoﬁemo
2251 2200 2420 2252 visunt
2453 2208 2589 2266 erat,
2638 2203 2780 2270 qttod
2807 2203 2870 2256 de
2913 2202 3189 2258 uativitate
3218 2220 3280 2258 ex
3313 2206 3505 2273 spiritu

1927 2288 2184 2345 Dominus
2239 2293 2603 2361 praedicabat.
2671 2293 2928 2364 ignorans
2991 2295 3238 2366 spiritum
3295 2297 3506 2354 divinae

1926 2367 2201 2436 doctrinae
2230 2382 2488 2436 refellitur
2512 2383 2726 2453 judaica
2760 2384 3030 2454 superbia,
3057 2369 3208 2456 quae.
3239 2398 3400 2459 negat
3426 2387 3504 2440 al-

1929 2474 2061 2528 tiora
2091 2489 2208 2528 esse
2238 2475 2368 2545 legis
2397 2477 2593 2542 littera,
2626 2478 2676 2530 in
2701 2495 2803 2548 qua
2835 2479 3076 2534 redolent
3101 2480 3280 2534 divina
3306 2489 3504 2553 myste~

1926 2565 2024 2616 ria.
2053 2565 2128 2618 Ac
2155 2581 2249 2632 per
2275 2567 2375 2619 hoc
2402 2567 2816 2637 reprelienditur
2845 2567 3170 2628 Nieodemus
3193 2586 3222 2624 a
3253 2571 3502 2628 Domino.

1923 2656 2012 2708 Ait
2040 2658 2363 2726 evangelista
2393 2675 2403 2711 :

1997 2746 2277 2815 Respondit
2310 2747 2465 2802 Jesas
2493 2758 2536 2802 et
2570 2750 2700 2804 dixit
2725 2751 2812 2806 ei:
2850 2751 2926 2808 Tu
2957 2769 3008 2806 es
3047 2755 3296 2825 magister
3335 2754 3505 2812 Israel

1923 2847 1969 2890 et
1995 2837 2118 2890 haec
2151 2840 2398 2908 ignoras?
2431 2842 2524 2896 Ubi
2552 2843 2873 2909 notandum,
2895 2845 3036 2915 quod
3058 2863 3162 2900 non
3197 2848 3504 2906 insultando

1923 2929 2182 2985 Dominus
2208 2933 2342 2986 dixit
2397 2944 2451 2987 tu
2489 2952 2540 2988 es
2574 2939 2820 3007 magister
2853 2937 3044 3005 Israel,
3074 2941 3166 2996 sed
3198 2943 3505 3010 superbiam

1923 3024 2295 3092 Oppi-intendo,
2327 3041 2462 3094 quae
2492 3028 2624 3082 nihil
2668 3038 2886 3099 praeter
2921 3030 3155 3086 litteram
3201 3046 3423 3091 noverat
3451 3047 3507 3096 et

1925 3115 2195 3169 Carnalem
2231 3118 2589 3173 nativitatem.

1996 3206 2179 3270 Amen,
2204 3225 2355 3261 amen
2395 3211 2510 3263 dico
2543 3211 2655 3274 tibi,
2681 3213 2806 3282 quia
2830 3215 2968 3292 quod
3008 3217 3200 3270 scimus
3223 3216 3505 3288 loquimur,

1922 3307 1969 3351 et
1992 3300 2130 3369 quod
2161 3300 2380 3354 vidimus
2403 3311 2676 3369 testamur,
2694 3314 2741 3358 et
2769 3307 3118 3362 testimonium
3140 3320 3374 3364 nostrum
3401 3328 3506 3371 non

1923 3392 2178 3461 accipitis.
2211 3394 2288 3448 Ac
2341 3393 2385 3448 si
2433 3406 2615 3465 aperte
2663 3399 2912 3462 diceret:
2961 3400 3218 3468 Putasne,
3274 3405 3507 3474 superbe

1921 3482 2141 3550 Judace,
2172 3495 2225 3539 et
2251 3487 2500 3542 virtutem
2527 3489 2832 3551 divinorum
2859 3492 3196 3563 eloquiorum
3229 3497 3504 3569 ignorans,

1923 3592 2021 3632 nos
2048 3579 2250 3645 dicere,
2279 3581 2421 3648 quod
2453 3583 2779 3653 ignoramus,
2813 3596 2906 3640 aut
2948 3589 3094 3658 quod
3131 3605 3239 3645 non
3279 3591 3509 3652 vidimus

1925 3660 2153 3721 testari?
2184 3667 2300 3722 Non
2330 3669 2404 3724 ita
2435 3681 2549 3736 est;
2583 3675 2724 3742 quod
2749 3675 2948 3730 scimus
2975 3676 3264 3748 loquimur.
3285 3679 3507 3750 Sapien-

1924 3759 1996 3812 tia
2027 3761 2172 3815 novit
2197 3777 2334 3831 quae
2362 3763 2616 3836 loquitur,
2661 3775 2715 3822 et
2741 3768 2875 3822 vidit
2920 3785 3059 3850 quae
3087 3781 3344 3842 testatur;
3379 3757 3507 3846 ipse

1923 3862 2006 3906 est
2036 3854 2178 3907 enim
2211 3857 2496 3925 sapientia,
2530 3874 2667 3928 quae
2712 3876 2812 3916 nec
2841 3860 2974 3916 fallit
3001 3880 3100 3921 nec
3131 3865 3348 3926 [allium
3387 3870 3506 3940 Ipse

1922 3953 2003 3996 est
2028 3945 2184 4010 visio,
2217 3962 2353 4014 quae
2381 3950 2585 4013 munia,
2632 3950 2784 4020 prius
2821 3967 2984 4023 quam
3011 3954 3220 4022 ﬁerent,
3255 3959 3402 4016 vidit.
3438 3961 3506 4016 Et

1924 4035 2034 4104 ipsa
2065 4037 2198 4092 visio
2224 4041 2522 4095 substantia
2551 4052 2838 4114 esteorum
2870 4062 3008 4115 quae
3037 4049 3152 4104 visa
3171 4060 3314 4116 sunt,
3349 4053 3503 4122 cujus

1927 4131 2292 4184 testimonium
2323 4149 2507 4190 verum
2538 4147 2642 4202 est,
2691 4139 2945 4208 quoniam
2997 4141 3112 4211 ipse
3155 4152 3238 4198 est
3281 4145 3499 4200 veritas.

1925 4221 2095 4278 Omne
2116 4233 2316 4288 autem,
2340 4229 2482 4294 quod
2513 4244 2573 4282 ex
2618 4231 2844 4285 veritate
2872 4232 3138 4302 procedit,
3169 4249 3354 4290 verum
3384 4251 3502 4294 esse

1923 4331 2145 4373 necesse
2175 4327 2277 4372 est.
2310 4319 2525 4390 Necnon
2567 4329 2623 4375 et
2644 4323 2755 4393 ipse
2782 4325 3042 4388 Dominus
3070 4326 3268 4384 locutio
3293 4337 3376 4386 est
3401 4329 3505 4392 Pa.-

1926 4410 2040 4473 tris,
2087 4419 2137 4464 et
2170 4426 2349 4467 sermo
2380 4411 2577 4480 Patris,
2621 4426 2675 4470 et
2707 4417 2932 4482 verbum
2955 4417 3090 4487 ejus.
3142 4421 3218 4482 De
3263 4421 3353 4480 illo
3390 4437 3505 4480 ser-

1929 4515 2089 4555 mone
2117 4499 2386 4572 Propheta
2419 4496 2514 4567 ait,
2547 4523 2565 4555 ι
2603 4505 2861 4562 velociter
2896 4510 3067 4564 currit
3096 4526 3274 4566 sermo
3298 4509 3416 4580 ejus
3455 4533 3503 4580 ι,

235 4601 306 4644 se
348 4589 494 4643 nasci
519 4590 791 4645 hominem
836 4591 888 4644 in
932 4591 1146 4660 Spiritu,
1182 4599 1274 4645 aut
1305 4593 1369 4646 ad
1401 4593 1614 4661 qualem
1643 4593 1819 4662 perfe-
1844 4599 1896 4658 D
1924 4600 1978 4647 et
2002 4593 2113 4661 ipse
2140 4595 2203 4648 de
2233 4609 2292 4648 se
2321 4595 2433 4666 ipso
2461 4599 2536 4651 ait
2563 4616 2576 4652 :
2611 4618 2627 4648 ι
2665 4597 2874 4667 Sermo,
2923 4617 3080 4670 quem
3124 4603 3338 4662 locutus
3384 4620 3504 4662 sum

239 4679 481 4737 ctionem
530 4680 678 4735 ducit
719 4681 892 4750 ipsum
944 4690 1253 4735 nascentem
1295 4697 1362 4736 ex
1409 4697 1467 4736 se
1523 4683 1816 4738 hominem.

241 4769 383 4827 Nam
433 4773 524 4840 qui
572 4789 638 4828 ex
688 4788 752 4827 eo
804 4774 1062 4837 nascitur,
1095 4789 1235 4834 unus
1284 4789 1408 4830 cum
1460 4789 1526 4830 eo
1572 4773 1820 4835 eﬁicitur.

245 4864 714 4934 Quemadmodum
742 4866 830 4920 ille
863 4866 1097 4936 Spiritus
1145 4876 1367 4922 sanctus
1395 4876 1478 4922 est
1529 4883 1626 4937 per
1669 4879 1825 4922 natu-

237 4948 388 5022 ram,
419 4958 490 5010 ita
531 4966 584 5011 et
615 4960 924 5011 nascentem
955 4973 1020 5014 ex
1065 4973 1123 5012 se
1156 4958 1402 5028 spiritum
1435 4968 1679 5013 sanctum
1717 4959 1828 5013 elli-

245 5051 319 5104 cit
354 5064 450 5119 per
479 5050 727 5118 gratiam.
763 5047 853 5104 Sic
880 5058 956 5102 est
998 5052 1164 5104 omnis
1191 5051 1280 5120 qui
1313 5059 1466 5102 natus
1495 5061 1567 5103 est
1616 5068 1679 5105 ea:
1717 5053 1828 5121 spi-

245 5147 374 5198 ritu.
423 5143 540 5198 Non
578 5155 636 5198 ut
677 5155 755 5210 tu,
789 5161 820 5200 ο
849 5143 1161 5207 Nicodeme,
1189 5146 1279 5216 qui
1315 5145 1549 5199 nondum
1584 5156 1739 5201 natus
1770 5134 1828 5202 es

245 5253 313 5291 ex
353 5237 567 5307 spiritu,
598 5237 790 5303 nescis,
812 5237 952 5290 unde
982 5235 1162 5291 veniat
1187 5236 1406 5306 spiritus
1434 5247 1487 5290 et
1513 5251 1618 5306 quo
1644 5238 1826 5305 vadat,

247 5328 498 5399 quamvis
530 5344 712 5383 vocem
738 5327 853 5399 ejus
875 5329 1062 5383 audias
1089 5369 1103 5393 ,
1135 5328 1329 5392 omnis,
1364 5328 1452 5397 qui
1479 5330 1724 5386 nascitur
1761 5347 1824 5388 ex

249 5419 463 5488 spiritu,
515 5428 570 5472 et
599 5433 787 5473 vocem
822 5419 938 5489 ejus
969 5419 1148 5482 audit,
1181 5417 1281 5473 hoc
1317 5427 1401 5472 est
1451 5419 1721 5493 intelligit,
1772 5432 1825 5479 et

249 5526 355 5582 qua
403 5511 470 5565 de
499 5526 660 5565 causa
713 5510 880 5580 spirat
918 5510 970 5564 in
1027 5510 1110 5565 his
1132 5550 1148 5577 ,
1180 5510 1234 5565 in
1263 5510 1457 5580 quibus
1488 5511 1622 5578 vult,
1673 5524 1726 5568 et
1755 5516 1822 5571 ad

249 5602 468 5673 qualem
523 5601 682 5658 ﬁnem
733 5617 828 5658 eos
874 5602 1139 5674 perducit.
1197 5601 1324 5658 Mihi
1384 5613 1560 5659 tamen
1615 5607 1830 5664 videtur

250 5689 472 5749 facilius
510 5693 756 5765 intelligi,
811 5695 854 5749 si
900 5696 1285 5767 interrogative
1334 5695 1643 5768 proferatur
1688 5703 1829 5771 quod

252 5788 518 5846 Dominus
551 5789 644 5856 ait,
675 5806 748 5843 sic
791 5798 865 5844 est
897 5790 1064 5844 omnis
1111 5799 1264 5846 natus
1319 5807 1382 5846 ea;
1418 5791 1626 5862 spiritu,
1660 5802 1718 5849 ut
1760 5796 1831 5852 sit

1929 4684 2095 4746 vobis,
2127 4700 2230 4738 non
2259 4694 2339 4739 est
2368 4703 2536 4752 meus,
2580 4689 2672 4743 sed
2705 4690 2963 4745 mittentis
2995 4707 3079 4747 me
3123 4692 3302 4750 Patris
3331 4714 3376 4748 ι.
3427 4695 3510 4750 lu-

1931 4779 2077 4849 spice
2118 4794 2245 4849 erga
2273 4780 2379 4834 vim
2397 4783 2834 4853 verborumquod
2853 4786 3045 4839 scimus
3067 4785 3350 4857 loquimur,
3375 4804 3506 4858 quo-

1927 4871 2072 4946 niam
2091 4871 2202 4942 ipse
2214 4882 2295 4928 est
2309 4874 2532 4928 scientia
2558 4884 2612 4930 et
2628 4876 2829 4931 locutio
2846 4894 2862 4942 ;
2876 4889 2922 4932 et
2935 4879 3074 4948 quod
3087 4880 3312 4936 vidimus
3325 4929 3328 4932 .
3342 4891 3503 4936 testa-

1932 4977 2071 5027 mur,
2107 4963 2361 5031 quoniam
2391 4963 2505 5032 ipse
2531 4959 2614 5020 est
2646 4967 2780 5022 visio
2803 4984 2866 5022 ac
2892 4983 3079 5024 verum
3115 4972 3503 5026 testimonium.

1935 5054 2085 5121 Quod
2100 5065 2279 5110 autem
2295 5057 2573 5130 pluraliter
2585 5061 2734 5130 dixit,
2757 5064 3067 5132 mysterium
3095 5075 3314 5121 sanctae
3336 5066 3508 5120 Trini-

1935 5150 2061 5204 tatis
2097 5151 2348 5220 suggerit.
2379 5151 2444 5204 Et
2459 5155 2810 5208 testimonium
2841 5169 3080 5212 nostrum
3118 5175 3222 5213 non
3246 5159 3502 5228 accipitis,

1931 5243 2056 5312 quia
2089 5243 2142 5298 in
2173 5259 2273 5298 nos
2319 5260 2422 5310 non
2447 5246 2688 5320 creditis,
2720 5263 2896 5318 neque.
2918 5265 3004 5315 ea.
3053 5265 3194 5320 quae
3244 5251 3503 5307 docemus

1933 5333 2230 5407 intelligere
2246 5337 2464 5410 valetis;
2483 5341 2717 5404 nondum
2742 5342 2887 5398 enim
2914 5358 2981 5400 ex
3009 5344 3200 5414 spiritu
3225 5344 3336 5398 nati
3350 5344 3498 5401 estis.

2003 5423 2060 5482 Si
2083 5437 2286 5483 terrena
2301 5429 2434 5495 dixi,
2463 5430 2565 5496 vel,
2590 5433 2728 5488 sicut
2758 5433 2808 5488 in
2830 5433 3034 5490 Graeco
3053 5434 3247 5506 legitur
3271 5436 3504 5491 dicebant

1934 5523 2156 5588 uobis,et
2187 5541 2288 5579 non
2324 5526 2550 5592 creditis,
2577 5527 2854 5598 quomodo,
2900 5530 2947 5582 si
2973 5527 3145 5582 dicant
3173 5529 3312 5583 vobis
3338 5528 3507 5584 caele-

1933 5616 2060 5681 stia,
2091 5619 2307 5676 credetis
2323 5619 2347 5672 ?
2361 5618 2683 5676 Nicodetnus
2702 5619 2985 5687 quaesivit,
3009 5619 3266 5686 quomodo
3291 5627 3506 5690 possunt

1921 5707 2060 5782 haec
2085 5708 2240 5777 ﬁeri?
2262 5709 2644 5778 impossibilem
2670 5725 2790 5766 esse
2835 5725 2902 5768 ex
2929 5711 3138 5782 Spiritu.
3168 5712 3506 5768 nativitatem

1934 5799 2284 5871 existimans;
2318 5803 2412 5858 sed
2438 5803 2588 5858 audit
2615 5818 2644 5857 a
2675 5803 2903 5860 Domino
2930 5822 2940 5858 :
2973 5821 3015 5859 si
3045 5813 3246 5858 terrena
3271 5803 3509 5860 dicebant
