4028 6274
549 320 658 382 319

1909 315 2194 376 JOANNIS
2227 313 2424 374 SCOTI

3722 318 3822 374 530

551 441 712 498 vobis.
741 438 1197 509 Quaeritur,'cur,
1242 451 1366 494 cum
1409 435 1544 494 nihil
1573 444 1848 492 terrenum
1892 435 1946 491 in
1974 449 2136 505 prae-
2163 436 2214 496 Α
2313 431 2382 485 Et
2407 431 2544 486 sicut
2564 429 2773 504 Moyses
2812 433 3061 490 exultavit
3099 442 3388 508 serpentem
3411 436 3469 490 in
3494 434 3720 500 deserto,
3746 439 3821 492 sic

553 531 715 587 dictis
739 529 1078 586 sermonibus
1098 529 1346 585 videatur
1368 528 1589 592 dixisse,
1613 527 1832 581 omnino
1854 525 1999 580 enim
2025 523 2137 594 spi-

549 619 765 676 ritualia
798 619 958 686 dixit,
1005 619 1338 690 spiritualem
1371 617 1705 672 nativitatem
1735 631 1801 669 ex
1823 615 2014 686 spiritu
2042 615 2138 668 do-

549 721 680 768 cens
703 751 720 777 ,
747 711 948 768 dixerit
981 727 997 766 :
1042 712 1090 766 si
1125 721 1330 765 terrena
1356 709 1590 762 dicebam
1620 707 1796 761 vobis?
1819 706 1897 759 Ad
1928 707 2028 760 hoc
2050 705 2134 760 di-

547 803 798 868 cendum,
822 802 949 871 quia
977 815 1088 857 non
1133 801 1199 856 ad
1249 799 1524 870 praedicta
1554 797 1775 867 respicit
1829 795 2132 866 responsio,

548 896 643 951 sed
674 897 740 950 ad
766 911 854 962 ea,
873 910 1012 966 quae
1038 894 1285 964 superius
1303 893 1355 948 in
1385 893 1470 950 die
1500 891 1708 947 Pascha
1733 890 1947 946 dixerat
1971 901 2136 958 quae-

548 986 796 1043 rentibus
824 987 1033 1058 signum
1079 983 1346 1041 Iudaeis:
1385 1002 1405 1037 ι
1459 983 1663 1039 Solvite
1705 982 1960 1052 templum
2008 982 2128 1046 hoc,

550 1089 606 1136 et
633 1080 686 1134 in
712 1079 884 1136 tribus
911 1077 1100 1134 diebus
1123 1075 1396 1134 suscitabo
1417 1075 1546 1130 illud
1583 1093 1631 1130 ι.
1656 1074 1746 1128 Ait
1781 1087 1911 1145 ergo
1941 1089 1954 1122 :
1985 1070 2043 1128 Si
2067 1072 2135 1128 de

552 1189 677 1229 meo
702 1183 917 1230 terreno
942 1173 1118 1228 adhuc
1145 1186 1372 1244 corpore
1395 1170 1653 1228 solvendo
1695 1168 1855 1240 paulo
1883 1168 2133 1239 superius

550 1266 789 1321 dicebam
812 1264 991 1331 vobis,
1015 1271 1190 1320 etnon
1221 1261 1546 1327 credidistis,
1571 1261 1860 1332 quomodo,
1885 1260 1930 1315 si
1954 1260 2130 1316 dicam
2167 1255 2171 1262 ’

548 1355 702 1410 vobis
731 1355 1008 1422 caelestia,
1059 1351 1326 1409 credetis?
1351 1353 1452 1408 hoc
1497 1359 1604 1418 est,
1633 1349 1971 1421 spiritualem
1995 1347 2133 1405 nati-

546 1445 768 1500 vitatem
813 1460 844 1500 a
891 1451 1080 1501 sancto
1110 1443 1336 1515 Spiritu,
1375 1458 1514 1515 quae
1557 1442 1810 1499 caelestis
1854 1451 1939 1497 est
1969 1451 2133 1512 atque

548 1535 771 1591 divina?
799 1535 856 1591 Si
885 1536 1049 1606 igitur
1071 1535 1271 1591 terreni
1301 1535 1548 1605 corporis
1578 1534 1682 1589 mei
1720 1533 2046 1588 solutionem
2076 1533 2129 1588 in

544 1627 815 1696 passione,
857 1634 914 1681 et
963 1625 1116 1681 tertia
1173 1625 1259 1682 die
1289 1625 1458 1696 ipsius
1509 1623 1964 1680 resurrectionem
2022 1637 2129 1677 non

544 1717 862 1784 credidistis,
891 1717 1018 1788 quid
1038 1732 1070 1772 a
1100 1732 1185 1772 me
1211 1716 1475 1788 quaeritis
1501 1715 1795 1787 spiritualis
1820 1713 2125 1769 nativitatis

2235 524 2463 580 exaltari
2487 535 2683 594 oportet
2711 523 2760 577 F
2764 525 2917 581 ilium
2961 528 3206 592 hominis,
3235 538 3291 581 ut
3333 529 3504 585 omnis
3523 529 3738 583 credens
3769 532 3820 584 in

2235 633 2353 672 eum
2385 633 2487 670 non
2506 625 2702 686 pereat,
2731 618 2821 672 sed
2846 619 3036 673 habeat
3066 621 3221 674 vitam
3251 631 3539 674 aeternam.
3571 619 3820 691 Figuratn

2235 722 2386 763 suam
2411 708 2525 778 ipsa
2551 707 2752 763 veritas
2770 711 3026 780 exponit;
3056 713 3304 767 umbram
3326 727 3479 766 suam
3505 712 3684 782 ipsum
3711 728 3820 766 cor-

2233 814 2336 870 pus
2361 798 2573 854 asserit.
2604 799 2792 854 Divina
2838 811 3024 856 narrat
3065 804 3314 869 historia,
3362 803 3628 875 populum
3673 805 3767 858 Dei
3793 821 3817 858 a

2234 889 2573 959 serpentibus
2615 890 2668 944 in
2699 890 2912 946 deserto
2957 891 3235 957 amictum,
3271 892 3590 962 crebrisque
3637 909 3822 948 eorum

2234 982 2505 1036 morsibus
2552 995 2796 1051 magnam
2846 991 3082 1053 stragem
3113 981 3311 1050 fuisse;
3340 983 3432 1038 sed
3468 982 3714 1054 Moyses,
3745 983 3820 1052 ju-

2234 1071 2394 1126 bente
2421 1070 2664 1135 Domino,
2709 1086 2937 1127 aeneum
2981 1081 3289 1143 serpentem
3326 1070 3550 1136 iecerat,
3579 1088 3748 1144 quem
3777 1075 3819 1127 in

2233 1159 2342 1215 alta
2371 1150 2563 1216 arbore
2587 1159 2960 1230 suspenderat,
2984 1161 3288 1232 populoque
3297 1160 3564 1230 iusserat,
3604 1172 3686 1224 ut,
3719 1165 3821 1233 qni-

2235 1268 2448 1323 cunque
2468 1268 2679 1309 morsus
2699 1261 2843 1309 esset
2871 1268 2903 1308 a
2925 1253 3272 1322 draconibus,
3300 1257 3352 1310 in
3381 1270 3612 1312 aeneum
3645 1259 3817 1336 suspi-

2234 1354 2384 1402 ceret
2400 1345 2701 1411 colubrum,
2732 1354 2786 1400 et
2815 1355 3122 1414 sanaretur,
3158 1355 3213 1403 et
3253 1364 3282 1402 a
3325 1349 3643 1418 serpentina
3673 1348 3820 1420 plaga

2233 1439 2576 1496 liberaretur.
2618 1440 2730 1496 Hoc
2766 1449 2936 1496 totum
2982 1442 3169 1497 umbra
3207 1441 3373 1498 l‘uturi
3415 1454 3520 1510 est,
3573 1444 3683 1499 hoc
3721 1454 3820 1512 est,

2235 1531 2406 1601 ﬁgura
2429 1530 2630 1587 Christi
2659 1533 2906 1587 morituri
2929 1548 3024 1602 pro
3051 1533 3224 1587 salute
3245 1533 3507 1598 omnium,
3537 1550 3686 1605 quos
3714 1550 3820 1590 ser-

2233 1631 2423 1692 pentes
2449 1621 2767 1677 delictorum
2792 1637 3012 1677 suorum
3037 1623 3323 1678 venenosis
3355 1624 3630 1680 morsibus
3660 1625 3820 1681 inter-

2234 1709 2427 1766 imunt.
2479 1711 2690 1783 Moyses
2738 1712 2919 1782 itaque
2963 1713 3077 1784 ipse
3126 1711 3376 1768 Christus
3420 1721 3538 1780 est;
3595 1728 3820 1785 serpens

545 1809 756 1878 aperire
784 1808 938 1864 vobis
971 1808 1257 1881 mysteria,
1299 1823 1460 1880 quae,
1513 1808 1768 1877 quoniam
1815 1807 1984 1861 renati
2020 1821 2126 1860 non
2155 1806 2205 1868 B
2231 1816 2433 1857 aeneus
2509 1816 2656 1856 mors
2722 1801 2923 1857 Christi
2977 1820 2990 1856 :
3032 1802 3238 1874 lignum
3267 1843 3281 1869 ,
3326 1803 3382 1858 in
3429 1818 3540 1873 quo
3599 1819 3822 1876 serpens

543 1899 675 1953 estis
702 1913 768 1953 ex
789 1897 1004 1969 Spiritu,
1026 1899 1247 1953 omnino
1276 1898 1499 1954 credere
1549 1914 1656 1954 non
1689 1896 1923 1951 valetis?
1947 1895 2135 1950 Dicam

549 1994 730 2042 tamen
758 1986 1037 2053 caelestia,
1069 1989 1318 2057 quamvis
1347 1987 1646 2060 intelligere
1687 2002 1792 2042 non
1822 1986 2060 2057 possitis.

622 2076 688 2130 Et
735 2092 884 2131 nemo
931 2077 1167 2131 ascendit
1218 2078 1273 2131 in
1335 2076 1566 2142 caelum,
1618 2077 1719 2131 nisi
1770 2077 1860 2147 qui
1895 2076 1958 2130 de
1989 2075 2134 2132 caelo

543 2169 828 2234 descendit,
853 2166 1029 2222 Filius
1053 2168 1300 2235 hominis,
1321 2170 1411 2239 qui
1453 2178 1526 2223 est
1559 2168 1614 2222 in
1657 2165 1822 2221 caelo.
1855 2167 2132 2232 Ascendit,

542 2258 851 2330 ambiguum
893 2264 994 2323 est,
1026 2257 1182 2329 cujus
1233 2259 1496 2328 temporis
1555 2257 1779 2312 verbum
1813 2257 1906 2323 sit,
1953 2265 2134 2311 utrum

539 2351 840 2424 praeteriti,
876 2365 945 2406 an
970 2351 1297 2422 praesentis.
1333 2349 1442 2406 Sed
1465 2350 1517 2406 in
1541 2349 1754 2405 Graeco
1776 2363 1884 2404 non
1907 2357 1991 2404 est
2017 2363 2134 2402 am-

543 2443 796 2514 biguum;
850 2442 1130 2514 praeteriti
1169 2441 1433 2514 temporis
1481 2450 1586 2497 est.
1637 2439 1695 2496 In
1721 2440 1823 2495 hac
1866 2432 2134 2495 sententia

542 2533 846 2604 quaeritur,
895 2534 1017 2604 quis
1043 2543 1128 2589 est
1154 2535 1448 2590 descensus
1473 2533 1596 2588 Filii
1629 2533 1884 2599 hominis,
1915 2542 1970 2587 ct
2014 2533 2136 2603 quis

544 2641 834 2692 ascensus;
883 2634 939 2681 et
961 2627 1105 2697 quod
1135 2625 1366 2693 caelum,
1421 2627 1475 2682 in
1521 2625 1663 2697 quod
1696 2626 1960 2692 ascendit,
1989 2635 2044 2680 et
2067 2626 2136 2682 de

547 2732 656 2787 quo
682 2717 984 2784 descendit,
1005 2725 1060 2772 et
1086 2717 1140 2772 in
1171 2733 1280 2789 quo
1307 2733 1520 2788 semper
1548 2726 1751 2782 manet,
1783 2718 1909 2772 dum
1938 2731 2132 2772 ascen-

543 2810 624 2865 dit
665 2819 720 2866 et
745 2809 1066 2867 descendit?
1101 2809 1208 2866 Sed
1237 2825 1326 2877 ne,
1358 2808 1648 2865 multorum
1690 2823 1884 2864 sensus
1923 2808 1989 2863 de
2033 2809 2135 2864 hoc

544 2904 794 2970 dicendo,
827 2919 1010 2960 moras
1037 2903 1322 2971 faciamus,
1348 2903 1492 2974 quod
1521 2901 1869 2959 verisimilius
1901 2901 2131 2968 videtur,

545 3005 632 3054 sat
672 3007 757 3054 est
797 2999 1000 3056 dicere.
1051 2997 1110 3054 ln
1140 2998 1320 3053 divina
1344 2996 1624 3066 Scriptura
1653 2995 1816 3051 Pater
1861 2995 2131 3062 caelestis,

543 3090 636 3162 qui
662 3099 744 3148 est
771 3090 1091 3163 principium
1115 3090 1380 3155 omnium,
1409 3089 1627 3146 nomine
1653 3088 1784 3144 caeli
1812 3089 2007 3144 crebro
2034 3103 2134 3142 no-

2237 1907 2551 1963 suspensus,
2581 1907 2714 1948 crux
2753 1892 2979 1960 Christi,
3005 1893 3061 1949 in
3100 1909 3206 1964 qua
3250 1902 3480 1950 mortem
3503 1894 3680 1951 subiit
3731 1911 3821 1967 pro

2237 1987 2410 2043 salute
2451 1987 2692 2042 omnium
2737 1987 2794 2042 in
2840 1988 3281 2044 secredentium.
3329 1987 3560 2044 Pulchre
3606 2005 3821 2060 quoque

2237 2095 2384 2134 mors
2410 2079 2612 2134 Christi
2644 2095 2743 2150 per
2773 2089 3082 2152 serpentem
3129 2081 3392 2153 ﬁguratur
3420 2097 3451 2135 a
3481 2080 3690 2147 forma,
3721 2099 3820 2152 qua

2237 2187 2398 2227 causa
2413 2187 2511 2242 pro
2535 2171 2725 2228 ell‘ectu
2749 2172 2985 2244 ponitur.
3009 2173 3183 2228 Causa
3197 2172 3394 2244 quippe
3407 2174 3604 2228 mortis
3615 2174 3822 2230 Christi

2236 2280 2460 2334 serpens
2485 2273 2621 2320 erat.
2645 2265 2724 2320 Ac
2752 2279 2847 2334 per
2869 2264 2971 2320 hoc
2996 2273 3050 2321 et
3071 2279 3294 2335 serpens
3315 2266 3544 2338 ﬁgurate
3565 2267 3818 2325 eﬁ'ectum

2237 2373 2417 2422 suum,
2459 2357 2510 2412 id
2539 2365 2623 2413 est
2668 2365 2898 2412 mortem
2941 2357 3346 2426 praetendebat,
3392 2365 3452 2411 ut
3493 2359 3701 2424 omnis,
3732 2361 3819 2431 qui

2238 2451 2409 2506 credit
2434 2451 2486 2505 in
2521 2449 2691 2516 illum,
2741 2464 2846 2505 non
2890 2457 3100 2520 pereat,
3145 2451 3240 2504 sed
3289 2451 3487 2504 habeat
3524 2451 3702 2506 vitam
3735 2467 3820 2506 ae-

2239 2551 2468 2596 ternam.
2501 2539 2690 2610 Magna
2719 2539 2976 2595 distantia
3021 2549 3104 2595 est
3138 2539 3279 2595 inter
3307 2539 3541 2595 litteram
3571 2551 3627 2595 et
3659 2542 3819 2612 spiri-

2239 2639 2374 2695 tum,
2422 2630 2564 2684 inter
2596 2630 2822 2700 ﬁgurant
2851 2638 2907 2686 et
2954 2631 3256 2696 veritatem,
3297 2631 3440 2686 inter
3484 2633 3740 2687 umbram
3768 2640 3822 2688 et

2237 2735 2453 2791 corpus.
2492 2719 2693 2775 Littera
2724 2721 3058 2786 estfactum,
3095 2721 3237 2790 quod
3275 2730 3464 2776 sancta
3487 2732 3683 2777 narrat
3721 2723 3823 2778 his-

2239 2813 2407 2878 toria;
2431 2812 2654 2882 spiritus
2677 2821 2762 2868 est
2782 2806 2928 2868 mors
2951 2811 3175 2879 Christi,
3199 2828 3362 2884 quam
3389 2814 3557 2869 tradit
3576 2814 3824 2886 Evange-

2237 2905 2399 2967 lium;
2432 2920 2655 2976 serpens
2705 2905 2967 2976 ﬁguratur
3019 2906 3072 2960 in
3103 2905 3248 2977 ligno
3295 2921 3626 2976 suspensus;
3681 2909 3824 2976 aspi-

2237 2997 2504 3053 cientibus
2551 3012 2611 3052 se
2666 2996 2833 3051 vitam
2883 2995 3190 3068 praestabat
3240 2997 3629 3068 temporalem;
3675 3013 3824 3052 mors

2237 3087 2435 3144 Christi
2458 3088 2806 3144 credentibus
2830 3089 2884 3143 in
2915 3104 3039 3144 eum
3069 3087 3234 3142 vitam
3255 3095 3495 3158 praestat
3516 3098 3821 3144 aeternam.

547 3181 803 3237 minatur.
829 3182 1000 3253 Saepe
1029 3182 1084 3236 in
1109 3180 1400 3252 Evangelio
1437 3179 1654 3251 legitur,
1688 3179 1972 3234 Dominum
2003 3193 2128 3233 sur-
2157 3167 2201 3229 C
2233 3181 2341 3238 sed
2369 3183 2500 3253 quid
2531 3183 2667 3238 haec
2691 3183 2756 3236 ad
2787 3183 3079 3238 secundam
3112 3183 3446 3237 nativitatem
3495 3196 3564 3237 ex
3600 3183 3820 3254 spiritu,

543 3273 748 3328 rexisse
779 3272 833 3328 in
861 3271 1094 3338 caelum,
1120 3271 1174 3328 id
1201 3281 1288 3328 est
1314 3271 1366 3326 in
1410 3271 1647 3326 Patrem.
1682 3270 1798 3326 Non
1839 3271 1983 3326 enim
2013 3285 2130 3325 cre-

547 3363 781 3420 dendum
829 3372 935 3430 est,
990 3363 1166 3433 ipsum
1215 3361 1458 3419 elevasse
1510 3362 1699 3417 oculos
1741 3376 1867 3416 suos
1921 3360 1974 3414 in
2026 3361 2130 3416 hoc

547 3455 754 3512 caelum
797 3457 1088 3522 sidereum,
1131 3455 1430 3528 corporale,
1463 3455 1955 3526 circumscriptum,
1987 3471 2131 3510 mor-

548 3548 674 3604 tale.
699 3548 756 3602 In
779 3547 994 3603 Patrem
1028 3547 1197 3619 igitur
1225 3547 1472 3605 elevabat
1500 3548 1707 3613 oculos,
1742 3557 1801 3602 ut
1833 3563 1954 3603 eum
1983 3549 2130 3618 aspi-

544 3639 754 3695 cientes
782 3639 1150 3694 indubitanter
1163 3640 1669 3709 crederentsemper
1685 3639 1739 3694 in
1764 3639 1922 3694 Patre
1940 3639 2128 3707 fuisse,

549 3729 619 3784 ad
645 3744 805 3799 quem
844 3728 1175 3784 intendebat.
1215 3728 1369 3796 Quod
1398 3743 1527 3800 ergo
1555 3729 1633 3784 ait
1666 3743 1680 3782 :
1710 3746 1859 3784 nemo
1889 3732 2128 3786 ascendit

547 3819 606 3875 in
623 3819 846 3886 caelum,
879 3819 982 3874 nisi
1001 3820 1090 3891 qui
1119 3820 1184 3874 de
1217 3819 1361 3875 caelo
1391 3820 1674 3886 descendit,
1703 3821 1848 3890 ﬁlius
1883 3823 2130 3891 hominis,

548 3914 640 3987 qui
663 3923 736 3968 est
764 3915 820 3968 in
844 3913 1008 3979 caelo,
1038 3913 1262 3984 pulchre
1281 3913 1402 3970 aliis
1423 3915 1910 3985 verbisexponitur
1937 3935 1948 3970 :
1976 3932 2134 3972 nemo

550 4007 793 4063 ascendit
821 4005 873 4061 in
895 4005 1134 4073 Patrem,
1149 4005 1252 4062 nisi
1283 4006 1375 4076 qui
1402 4007 1468 4062 de
1488 4007 1646 4062 Patre
1668 4007 1968 4073 descendit,
1993 4008 2135 4066 ﬁlius

550 4098 801 4162 hominis,
834 4098 926 4169 qui
955 4106 1041 4155 est
1080 4099 1136 4153 in
1174 4096 1355 4154 Patre.
1387 4096 1572 4166 Qualis
1619 4105 1799 4153 autem
1845 4098 2137 4156 descensus

551 4189 667 4261 ejus
693 4199 748 4245 et
773 4205 1050 4257 ascensus,
1082 4190 1199 4262 ipse
1227 4190 1355 4246 alibi
1385 4198 1570 4260 aperte
1607 4189 1879 4261 exposuit,
1910 4191 2134 4246 dicens:

557 4300 580 4337 ι
607 4282 759 4338 Exivi
787 4298 816 4336 a
838 4282 1002 4338 Patre
1037 4290 1095 4337 et
1121 4282 1243 4337 veni
1271 4282 1326 4337 in
1357 4281 1640 4348 mundum,
1667 4291 1722 4337 et
1748 4281 1943 4337 iterum
1969 4281 2136 4336 relin-

553 4390 662 4448 quo
682 4373 941 4429 mundum
969 4383 1026 4429 et
1051 4373 1191 4428 vado
1217 4373 1283 4432 ad
1316 4371 1530 4428 Patrem
1567 4391 1612 4426 ι.
1643 4373 1833 4429 Exitus
1872 4389 2002 4445 ergo
2021 4373 2139 4445 ejus

553 4481 589 4524 ει
613 4464 777 4520 Patre
819 4464 1134 4520 humanatio
1165 4473 1270 4531 est,
1316 4473 1372 4519 et
1413 4464 1619 4520 reditus
1658 4465 1776 4535 ejus
1819 4466 1887 4520 ad
1919 4465 2138 4522 Patrem

557 4557 813 4623 hominis,
838 4571 998 4627 quem
1028 4557 1255 4627 accepit,
1283 4555 1572 4622 deiﬁeatio,
1617 4565 1673 4611 et
1716 4556 1770 4612 in
1801 4557 2136 4614 altitudinem

557 4647 852 4704 divinitatis
875 4647 1194 4718 assumptio.
1223 4646 1380 4702 Solus
1405 4647 1493 4703 ille
1518 4647 1815 4713 descendit,
1845 4649 1969 4718 quia
1992 4649 2138 4706 solus

557 4739 868 4796 incarnatus
895 4747 1018 4805 est;
1047 4737 1161 4803 sed,
1187 4739 1232 4794 si
1259 4739 1404 4794 solus
1423 4739 1685 4803 ascendit,
1733 4755 1872 4810 quae
1908 4757 2033 4812 spes
2053 4751 2138 4798 est

558 4829 666 4896 his,
705 4846 802 4902 pro
840 4831 1036 4901 quibus
1061 4831 1380 4887 descendit?
1418 4830 1611 4902 Magna
1641 4832 1857 4902 quidem
1888 4841 1941 4887 et
1983 4833 2137 4889 inex-

558 4923 842 4996 plicabilis,
887 4923 1144 4995 quoniam
1167 4939 1376 4991 omnes,
1425 4939 1563 4994 quos
1605 4923 1863 4990 salvavit,
1915 4925 1969 4980 in
2020 4927 2136 4997 ipso

561 5018 878 5082 ascendunt,
921 5033 1065 5073 nunc
1096 5033 1194 5089 per
1223 5017 1380 5072 ﬁdem
1427 5018 1481 5072 in
1509 5032 1626 5089 spe,
1654 5019 1708 5073 in
1739 5018 1843 5074 ﬁne
1878 5033 2007 5075 vero
2041 5035 2138 5090 per

559 5112 795 5184 speciem
842 5111 896 5166 in
927 5126 1010 5177 re,
1055 5111 1194 5167 sicut
1221 5111 1298 5166 ait
1327 5108 1566 5167 Joannes
1606 5111 1663 5166 in
1713 5111 1949 5182 Epistola
1993 5129 2134 5172 sua:

567 5224 584 5254 ι
621 5204 833 5259 Scimus
862 5203 1118 5274 quonium
1146 5202 1239 5264 ﬁlii
1263 5203 1356 5259 Dei
1387 5218 1604 5272 sumus;
1632 5204 1870 5260 nondum
1893 5207 2143 5277 apparuit

561 5295 690 5363 quid
721 5295 958 5360 erimus;
993 5309 1117 5349 cum
1141 5301 1322 5350 autem
1353 5296 1686 5366 apparuerit,
1713 5297 1918 5352 similes
1941 5299 1990 5352 ei
2034 5299 2144 5354 eri-

563 5401 718 5449 mus;
751 5385 1050 5440 videbimus
1077 5387 1222 5442 enim
1251 5402 1396 5452 eum,
1426 5389 1585 5444 sicuti
1627 5400 1714 5445 est
1748 5408 1794 5444 ι.
1842 5387 2003 5446 Solus
2041 5390 2145 5446 ita-

565 5490 670 5548 que
683 5477 978 5543 descendit,
991 5486 1046 5532 et
1056 5477 1202 5534 solus
1225 5479 1488 5546 ascendit,
1503 5481 1628 5550 quia
1651 5482 1741 5538 ille
1758 5497 1880 5539 cum
1895 5483 2145 5541 omnibus

567 5567 680 5623 suis
704 5569 958 5624 membris
982 5585 1122 5625 unus
1146 5569 1399 5636 Deusest,
1415 5571 1606 5627 unicus
1618 5572 1786 5630 Filius
1815 5575 1928 5630 Dei.
1951 5574 2008 5630 In
2033 5575 2147 5646 ipso

567 5659 714 5713 enim
727 5673 913 5716 omnes
923 5661 1203 5718 credentes
1215 5661 1269 5716 in
1283 5663 1456 5734 ipsum
1470 5679 1639 5719 unum
1654 5675 1800 5730 sunt;
1815 5681 1953 5722 unus
1967 5667 2150 5738 itaque

571 5747 840 5819 Christus,
864 5766 1060 5822 corpus
1087 5768 1210 5810 cum
1239 5755 1517 5826 membris,
1549 5757 1792 5815 ascendit
1823 5759 1879 5816 in
1909 5758 2146 5817 Patrem.

2233 3289 2340 3329 non
2379 3273 2652 3329 immerito
2690 3273 3016 3344 quaeritur?
3047 3272 3324 3328 Facillime
3373 3273 3620 3328 solvitur.
3650 3274 3824 3331 Nemo

2235 3363 2478 3419 ascendit
2507 3363 2562 3417 in
2609 3363 2827 3418 Christo
2869 3363 2935 3417 ad
2965 3361 3198 3427 Patrem,
3242 3362 3347 3418 nisi
3380 3363 3470 3433 qui
3517 3379 3581 3418 ex
3628 3363 3825 3434 spiritu

2233 3454 2493 3520 nascitur,
2513 3461 2571 3508 ut
2594 3452 2888 3509 conformis
2916 3453 3010 3508 ﬁat
3035 3453 3286 3526 imaginis
3312 3452 3435 3508 Filii
3450 3453 3567 3519 Dei,
3590 3455 3695 3510 hoc
3713 3465 3820 3519 est,

2233 3553 2293 3600 ut
2316 3543 2564 3600 Christus
2604 3544 2658 3598 in
2707 3543 2797 3598 illo
2818 3543 3101 3608 formetur,
3134 3553 3190 3598 et
3231 3559 3398 3598 unum
3436 3559 3560 3598 cum
3601 3543 3826 3600 Christo

2234 3637 2326 3694 sit.
2351 3636 2610 3692 Similiter
2633 3651 2793 3691 nemo
2823 3635 3063 3691 salvatur
3087 3650 3184 3705 per
3205 3644 3434 3692 mortem
3461 3634 3688 3700 Christi,
3714 3637 3826 3693 nisi

2233 3730 2324 3801 qui
2373 3745 2436 3784 ex
2469 3727 2664 3799 spiritu
2711 3727 2982 3792 nascitur;
3039 3739 3198 3781 nemo
3225 3740 3294 3780 ex
3337 3725 3532 3794 spiritu
3579 3726 3827 3782 nascitur

2234 3837 2332 3894 per
2365 3821 2712 3891 baptismum,
2759 3819 2861 3874 nisi
2886 3818 2939 3872 in
2966 3825 3140 3873 morte
3163 3817 3386 3883 Christi,
3409 3816 3551 3871 sicut
3576 3818 3653 3871 ait
3680 3818 3826 3887 Apo-

2235 3911 2444 3968 stolus:
2477 3930 2494 3962 ι
2529 3908 2839 3978 Consepulti
2887 3923 3075 3963 sumus
3125 3922 3249 3962 cum
3291 3905 3510 3962 Christo
3554 3922 3654 3977 per
3695 3908 3827 3977 bap-

2236 4003 2478 4067 tismum,
2502 4001 2605 4056 nisi
2630 4001 2684 4055 in
2709 4008 2960 4065 mortem,
2982 4006 3064 4063 ut,
3095 3997 3552 4068 quemadmodum
3572 3978 3827 4053 Christus

2237 4095 2473 4150 surrexit
2492 4108 2522 4147 a
2553 4091 2783 4148 mortuis
2806 4091 2859 4145 in
2880 4089 3106 4162 gloriam
3126 4087 3323 4155 Patris,
3352 4088 3428 4144 ita
3448 4097 3504 4144 et
3531 4104 3630 4145 nos
3652 4089 3703 4142 in
3735 4103 3828 4143 no-

2235 4186 2401 4242 vitate
2425 4186 2569 4241 vitae
2591 4183 2930 4240 ambulemus
2964 4200 3008 4235 ι.

2309 4300 2400 4356 Sic
2419 4301 2554 4356 enim
2570 4299 2710 4354 Deus
2731 4297 2915 4355 dilexit
2936 4297 3213 4364 mundum,
3238 4307 3294 4353 ut
3306 4294 3356 4351 F
3359 4296 3510 4353 ilium
3533 4314 3688 4354 suum
3703 4298 3828 4352 uni-

2237 4405 2465 4478 genitum
2503 4405 2672 4459 daret.
2697 4401 2928 4459 Causam
2959 4403 3230 4459 humanae
3257 4401 3446 4458 salutis
3476 4403 3669 4474 aperit,
3720 4400 3829 4458 Pa-

2166 4539 2216 4600 Ι)
2243 4517 2378 4563 trem
2407 4506 2653 4563 videlicet
2679 4505 2990 4572 caelestem,
3016 4521 3086 4563 ex
3127 4521 3234 4577 quo
3257 4506 3436 4563 omnis
3456 4507 3605 4563 salus
3629 4517 3686 4562 et
3734 4523 3827 4564 re-

2243 4607 2452 4665 stitutio
2476 4606 2746 4663 humanae
2785 4615 3011 4662 naturae
3052 4619 3153 4677 per
3190 4605 3523 4678 unigenitum
3569 4621 3727 4661 suum
3772 4607 3828 4663 in

2243 4705 2450 4777 Spiritu
2478 4717 2596 4759 suo.
2621 4704 2850 4760 Dilectio
2879 4705 3066 4774 itaque
3082 4702 3264 4760 Patris
3281 4719 3448 4760 causa
3474 4713 3530 4759 et
3558 4711 3829 4761 humanae

2242 4808 2450 4876 salutis,
2481 4807 2575 4879 qui
2615 4807 2673 4862 in
2719 4814 2927 4862 tantum
2975 4807 3165 4863 dilexit
3201 4807 3481 4874 mundum,
3526 4817 3588 4864 ut
3631 4809 3828 4864 Filium

2241 4929 2398 4970 suum
2431 4911 2764 4982 unigenitum
2795 4911 2969 4978 daret,
3003 4911 3108 4968 hoc
3157 4919 3242 4968 est
3273 4913 3434 4967 morti
3475 4913 3734 4979 traderet,
3770 4920 3831 4970 ut

2239 5018 2416 5076 omnis
2445 5016 2711 5088 aspiciens
2735 5017 2788 5071 in
2819 5025 3048 5072 mortem
3070 5015 3187 5086 ejus
3216 5031 3323 5072 non
3354 5025 3564 5090 pereat,
3590 5019 3685 5074 sed
3733 5021 3831 5075 ha.

2241 5120 2366 5176 beat
2393 5118 2558 5173 vitam
2590 5125 2890 5174 aeternam.
2913 5115 3022 5173 Sed
3044 5117 3346 5188 quaeritur,
3377 5132 3539 5188 quem
3568 5119 3829 5175 mundum

2242 5211 2432 5266 dilexit
2483 5209 2659 5265 Dens?
2695 5208 2810 5264 Non
2859 5209 3003 5264 enim
3044 5209 3372 5266 credendum
3418 5218 3525 5278 est,
3571 5212 3830 5267 mundum

2244 5300 2430 5366 istum,
2455 5299 2507 5354 id
2527 5309 2612 5354 est
2636 5299 3067 5366 universitatem,
3099 5315 3235 5370 quae
3266 5309 3479 5356 constat
3499 5315 3565 5356 ex
3593 5302 3748 5358 caelo
3776 5311 3832 5358 et

2247 5399 2414 5458 terra,
2443 5389 2661 5446 Patrem
2709 5391 2981 5446 dilexisse.
3017 5391 3110 5447 ille
3159 5391 3304 5446 enim
3350 5407 3456 5446 non
3511 5405 3736 5464 propter
3769 5407 3828 5451 se

2247 5483 2441 5555 ipsum,
2475 5484 2567 5538 sed
2590 5492 2808 5555 propter
2834 5485 3164 5555 superiorem
3207 5484 3465 5539 mundum
3509 5484 3688 5555 lactus
3726 5496 3828 5542 est.

2249 5577 2500 5632 Mundum
2531 5576 2691 5646 igitur
2734 5577 3084 5647 superiorem,
3136 5591 3294 5647 quem
3331 5577 3398 5630 ad
3445 5577 3740 5648 imaginem
3779 5585 3834 5634 et

2249 5669 2654 5726 similitudinem
2684 5685 2835 5726 suam
2866 5672 3124 5738 condidit,
3161 5670 3215 5726 id
3241 5682 3326 5727 est
3354 5672 3646 5727 humanam
3674 5682 3836 5728 natu—

2251 5779 2368 5820 ram
2400 5761 2559 5822 Pater
2585 5760 2775 5819 dilexit
2799 5763 2894 5834 ita,
2917 5774 2979 5821 ut
3003 5763 3201 5823 Filium
3228 5779 3384 5820 suum
3431 5781 3530 5836 pro
3550 5780 3618 5821 eo
3649 5764 3835 5824 trade-
