4028 6274
174 341 285 396 ὃὲιι

1226 325 1578 386 COMMENT.
1617 322 1686 378 ΙΝ
1746 323 1995 381 EVANG.
2037 324 2180 383 SEC.
2220 324 2409 383 JOAN.

3336 322 3442 378 393

175 462 289 512 ret.
325 448 433 505 Sed
458 446 767 513 notandum,
800 447 941 520 quod
994 449 1239 512 mundus,
1269 462 1427 518 quem
1480 448 1638 503 Pater
1691 446 1765 501 (Ιί-
1792 446 1840 504 A
1867 454 2097 515 quenter
2126 444 2428 514 subjungit.
2465 440 2688 496 dicens:
2721 437 2895 493 Erant
2922 438 3057 492 enim
3092 454 3269 492 eorum
3306 438 3445 494 mala

174 544 339 605 texit,
373 540 425 595 id
451 550 534 595 est
574 540 754 603 homo,
792 554 897 593 non
927 547 1208 608 propterea
1240 540 1469 593 mundus
1518 544 1766 602 vocatur,

174 632 333 702 quod
358 637 612 700 quattuor
633 627 912 683 elementis
942 627 1262 691 constiterit,
1302 626 1444 697 quod
1485 625 1656 681 solum
1686 639 1764 702 se-

179 721 426 777 cundum
453 733 649 789 corpus
679 718 795 772 ﬁeri
845 719 897 773 in
929 727 1145 774 terreno
1175 696 1352 774 adhuc
1401 717 1619 772 homine
1648 696 1772 770 con-

178 815 497 876 sideratur;
526 810 621 866 sed
666 810 785 866 ideo
821 811 983 865 homo
1019 808 1213 881 κόσμος
1247 818 1489 872 vocatur,
1515 807 1770 877 quoniam

179 913 419 959 omatus
444 902 611 958 estad
635 902 925 973 imaginem
951 909 1004 957 et
1047 900 1452 956 similitudinem
1495 899 1607 958 Dei.
1635 912 1773 966 quae

181 997 273 1053 vel
316 996 509 1061 solum,
536 994 620 1051 vel
664 993 897 1049 maxime
919 992 973 1046 in
1001 992 1181 1046 anima
1206 988 1541 1059 intelligitur.
1574 988 1773 1058 Κόσμος

184 1091 393 1160 quippe
428 1102 624 1159 graece
670 1097 885 1145 ornatus
930 1086 1145 1157 proprie
1199 1078 1618 1152 interpretatur,
1665 1097 1772 1136 non

186 1183 447 1236 mumtus.
481 1181 547 1234 Et
570 1194 708 1250 quae
727 1186 976 1234 creatura
1003 1185 1112 1231 tam
1132 1184 1324 1232 ornata
1352 1183 1457 1237 est,
1499 1187 1659 1244 quam
1684 1187 1772 1235 ea,

185 1288 334 1342 quae
362 1276 429 1327 ad
451 1271 735 1342 imaginem
765 1268 1038 1325 Creatoris
1065 1267 1318 1323 condita?
1347 1265 1429 1321 Ad
1460 1265 1563 1320 hoc
1591 1264 1775 1333 itaque

186 1367 386 1422 dilexit
420 1365 560 1419 Deus
601 1363 875 1425 mundum,
906 1369 964 1416 et
984 1375 1085 1431 pro
1112 1375 1178 1415 eo
1213 1359 1435 1415 tradidit
1472 1357 1689 1422 Filium,
1718 1363 1776 1409 ut

186 1457 373 1512 clunis
395 1456 621 1510 credens
643 1454 695 1507 in
723 1468 844 1509 eum
876 1468 983 1505 non
1011 1460 1217 1520 pereat,
1248 1452 1341 1506 sed
1363 1450 1560 1506 habeat
1583 1447 1774 1513 vitam,

190 1561 306 1601 non
337 1542 711 1613 temporalem,
735 1541 827 1596 sed
858 1549 1153 1595 aeternam.

271 1635 397 1689 Non
409 1635 549 1688 enim
568 1632 706 1687 misit
738 1631 879 1686 Deus
896 1626 1098 1683 Filium
1117 1645 1268 1683 suum
1287 1626 1643 1693 inmundum,
1677 1628 1781 1683 hoc

1868 553 2043 604 opera.
2069 534 2216 602 Quae
2233 533 2456 589 suntilla
2480 531 2620 584 mala
2635 530 2837 600 opera?
2862 527 2974 583 Non
2998 528 3125 591 alia,
3143 528 3240 584 nisi
3259 529 3447 599 impie-

1871 636 1950 679 tas
1977 634 2030 678 ct
2044 622 2392 679 incredulitas
2403 619 2647 675 etodium
2662 628 2911 672 aeternae
2924 617 3080 680 lucis,
3095 626 3148 671 et
3173 617 3310 671 nolle
3324 632 3445 672 eam

1870 716 2133 785 aspicere,
2150 713 2284 768 velle
2310 720 2487 766 autem
2504 711 2555 765 in
2572 708 2808 764 tenebris
2834 717 3173 777 peccatorum
3204 722 3445 781 manere.

1941 803 2125 857 Omnis
2153 802 2288 856 enim
2338 799 2480 853 mala
2528 814 2684 868 agens
2715 796 2822 849 odit
2855 794 3019 849 lucem
3038 836 3052 857 ,
3083 812 3174 849 nec
3214 797 3346 850 venit
3375 797 3444 849 ad

1870 891 2059 954 lucem,
2106 898 2159 943 ut
2201 905 2305 942 non
2354 886 2739 956 redarguantur
2782 900 2936 953 opera
2968 883 3103 951 ejus.
3143 882 3267 938 Ideo
3310 883 3465 951 fugit-

1874 980 2068 1048 impius
2116 978 2288 1034 lucem
2328 976 2572 1031 veritatis
2592 1017 2605 1040 ,
2635 990 2701 1029 ne
2732 974 2979 1043 impietas
3021 972 3136 1041 ejus
3164 973 3448 1028 manifesta

1876 1072 1987 1135 ﬁat,
2018 1069 2070 1124 in
2103 1084 2208 1138 qua
2236 1068 2415 1122 omnia
2447 1065 2587 1121 mala
2618 1080 2780 1136 opera
2807 1063 3173 1118 continentur.
3205 1062 3272 1117 Ut
3302 1063 3447 1116 enim

1874 1165 2044 1234 pietas
2055 1161 2200 1216 nullo
2222 1159 2361 1215 bono
2375 1174 2538 1229 opere
2554 1165 2720 1221 caret,
2750 1156 2822 1211 ita
2844 1155 3093 1227 impietas
3112 1154 3255 1209 nullo
3283 1154 3447 1209 malo.

1948 1251 2052 1318 Qui
2080 1260 2253 1305 autem
2293 1249 2419 1318 facit
2459 1248 2744 1309 veritatem,
2773 1245 2906 1299 venit
2936 1244 3004 1297 ad
3034 1243 3221 1309 lucem,
3250 1252 3305 1296 ut
3330 1260 3446 1297 ma-

1878 1341 2185 1412 nifest-eatur
2224 1357 2323 1394 sua
2363 1355 2541 1408 opera,
2566 1339 2691 1408 quia
2720 1337 2774 1390 in
2818 1336 2922 1390 Deo
2950 1345 3070 1390 sunt
3114 1336 3275 1404 facta.
3317 1334 3450 1402 Quis

1877 1440 1961 1486 est
1989 1430 2080 1501 qui
2120 1428 2250 1483 facit
2274 1428 2580 1487 veritatem,
2624 1426 2728 1480 hoc
2768 1432 2871 1489 est,
2909 1424 3030 1493 quis
3073 1423 3273 1493 estqui
3304 1424 3447 1478 bona

1877 1534 2062 1589 opera,
2088 1533 2225 1589 quae
2246 1516 2400 1586 jubet
2423 1516 2645 1577 veritas,
2682 1513 2913 1584 perlicit,
2942 1513 3045 1567 nisi
3074 1513 3166 1582 qui
3192 1513 3364 1568 credit
3391 1513 3443 1566 in

1879 1608 2195 1663 Christum?
2223 1607 2288 1661 Et
2317 1606 2437 1676 quis
2461 1614 2562 1667 est,
2593 1605 2684 1674 qui
2729 1603 2875 1658 venit
2912 1603 2978 1657 ad
3003 1603 3198 1666 lucem,
3232 1602 3332 1656 hoc
3364 1610 3449 1655 est

190 1735 305 1787 εει,
335 1724 393 1778 ξι,
420 1725 707 1778 humanam
731 1719 1529 1789 naturammjjudjcej,haec“,
1564 1718 1781 1772 damna
1881 1698 1948 1753 ad
1990 1696 2263 1753 Christum
2303 1706 2357 1752 et
2401 1696 2701 1751 doctrinam
2745 1695 2893 1762 ejus,
2944 1703 3003 1747 ut
3040 1693 3453 1748 manifestentur

192 1826 421 1888 propter
437 1831 594 1871 suum
619 1821 917 1885 peccatum,
932 1810 1207 1874 mundum,
1221 1808 1494 1863 hominem
1512 1807 1779 1872 videlicet,

192 1908 291 1963 sed
320 1916 377 1960 ut
403 1904 626 1961 salvetur
661 1902 888 1957 mundus
927 1901 1195 1955 humanae
1216 1906 1446 1952 naturae
1478 1914 1571 1965 per
1589 1896 1777 1962 ipsum.

271 1994 381 2061 Qui
410 1994 574 2049 credit
604 2009 705 2046 non
727 1990 1022 2061 judicatur,
1043 1990 1132 2059 qui
1158 1998 1331 2043 autem
1362 2003 1465 2042 non
1490 1986 1650 2041 credit
1665 1984 1782 2055 jam

188 2087 469 2157 judicatus
494 2093 589 2138 est.
618 2081 720 2149 Qui
748 2089 926 2136 autem
964 2079 1136 2147 credit
1182 2079 1235 2134 in
1281 2077 1474 2132 Filium
1506 2077 1623 2141 Dei,
1672 2091 1781 2134 non

189 2178 495 2246 jiuiicatur,
532 2174 785 2243 quoniam
836 2172 1182 2228 dimittuntur
1226 2170 1274 2226 ei
1321 2170 1499 2224 omnia
1538 2177 1781 2238 peccata,

196 2283 303 2337 pro
331 2261 894 2334 quibusjudicaretur.
927 2260 1026 2327 Qui
1053 2275 1160 2316 non
1206 2259 1399 2321 credit,
1445 2257 1653 2312 ﬁnitum
1700 2264 1786 2313 est

197 2353 660 2425 deeojudicium,
690 2351 816 2421 quia
849 2366 955 2407 non
994 2350 1194 2414 credit;
1246 2364 1311 2403 ac
1350 2363 1448 2417 per
1492 2348 1593 2401 hoc
1621 2347 1784 2401 habet

198 2454 452 2518 peccata,
479 2459 576 2515 pro
595 2443 790 2513 quibus
804 2440 1093 2511 iudicatur,
1122 2439 1374 2509 quoniam
1396 2452 1572 2508 neque
1591 2438 1781 2517 credit,

198 2514 381 2603 neque
403 2514 677 2586 dimittere
704 2529 752 2584 ei
784 2544 879 2582 sua
911 2538 1127 2596 peccata
1158 2527 1288 2580 vult.
1319 2526 1419 2581 Ubi
1464 2514 1783 2590 notandum,

198 2623 351 2694 quod
376 2620 742 2690 unusquisque
764 2634 824 2673 se
848 2619 1021 2688 ipsum
1040 2607 1247 2684 judicat
1279 2616 1360 2672 vel
1412 2632 1516 2671 non
1551 2616 1780 2687 judicat.

198 2714 323 2769 Non
341 2712 550 2783 judicat
585 2725 643 2781 se
664 2709 858 2777 ipsum,
881 2709 972 2779 qui
1003 2708 1309 2763 considerat
1336 2708 1567 2785 dimissa
1612 2707 1662 2762 ei
1700 2707 1787 2763 de-

198 2803 359 2868 licta,
383 2810 440 2857 et
462 2814 567 2856 non
594 2798 646 2854 in
672 2813 739 2853 eo
767 2805 967 2863 manet,
1001 2795 1456 2867 quodjudicctur;
1485 2796 1573 2865 qui
1606 2804 1785 2851 autem

199 2910 315 2949 non
350 2892 542 2953 credit,
593 2890 708 2961 ipse
734 2904 794 2944 se
836 2887 1065 2957 judicat.
1108 2886 1362 2955 quoniam
1410 2886 1463 2939 in
1498 2900 1557 2939 se
1587 2885 1789 2940 detinet

201 2983 369 3055 digna
409 2979 631 3049 judicio.
671 2978 792 3032 1am
814 2977 1089 3047 judicatus
1117 2985 1214 3030 est.
1252 2974 1376 3030 lam
1409 2974 1561 3037 dixit,
1615 2973 1789 3029 adlmc

201 3075 262 3128 in
291 3070 564 3144 praesenti
593 3078 848 3145 tempore.
882 3066 1138 3134 Quamvis
1162 3065 1304 3120 enim
1345 3064 1634 3135 judicium,
1679 3078 1787 3132 quo

201 3162 493 3232 sejudicat
516 3154 1213 3232 damnandum,‘occultum
1263 3154 1333 3208 sit
1383 3153 1557 3206 adhuc
1606 3151 1657 3205 in
1684 3152 1786 3206 hac

202 3254 341 3315 vita,
369 3251 425 3308 in
468 3249 647 3304 futura
674 3257 852 3302 tamen
882 3243 1333 3301 manil‘estabitur.
1361 3242 1539 3310 Quare
1569 3241 1676 3309 jam
1699 3240 1787 3311 ju-

206 3346 422 3400 dicatus
443 3342 563 3409 est?
590 3340 724 3408 Quia
754 3354 862 3393 non
887 3337 1058 3394 credit
1099 3337 1151 3391 in
1187 3351 1381 3391 nomen
1411 3332 1668 3403 ttnigeniti
1700 3331 1789 3386 Fi-

206 3435 266 3488 lii
302 3433 418 3486 Dei.
444 3430 585 3486 Nihil
616 3429 757 3483 aliud
786 3436 1020 3496 estergo
1054 3425 1338 3494 judicium,
1371 3425 1424 3479 id
1453 3434 1540 3480 est
1567 3435 1787 3479 aeterna

208 3520 610 3583 condemnatio,
640 3519 740 3574 nisi
791 3533 894 3573 non
920 3516 1146 3572 credere
1193 3515 1245 3569 in
1284 3514 1479 3568 Filium
1504 3514 1619 3579 Dei,
1650 3513 1792 3567 sicut

192 3608 348 3668 nihil
376 3611 519 3666 aliud
539 3618 624 3665 est
650 3608 922 3666 beatitudo
966 3614 1022 3660 et
1046 3606 1176 3670 vita,
1206 3604 1306 3659 nisi
1349 3602 1572 3658 credere
1618 3611 1673 3657 et
1700 3616 1792 3656 co-

209 3688 474 3777 gnoscere
508 3701 700 3756 Filium
728 3698 858 3764 Dei;
892 3698 1031 3753 sicut
1058 3696 1172 3767 ipse
1209 3697 1286 3749 ait
1316 3712 1328 3747 :
1367 3711 1385 3745 ε
1415 3692 1561 3748 Haec
1586 3701 1669 3748 est
1691 3709 1790 3747 au-

214 3807 326 3851 tem
347 3794 459 3848 vita
490 3802 735 3856 aeterna,
758 3797 819 3844 ut
845 3794 1174 3859 cognoscant
1217 3794 1267 3840 te
1293 3799 1481 3839 verum
1508 3798 1574 3838 ac
1617 3783 1791 3838 solum

214 3887 405 3951 Deum,
432 3893 485 3940 et
512 3899 669 3953 quem
700 3880 893 3936 misisti
920 3879 1103 3935 Jesum
1131 3877 1463 3932 Christum».
1494 3873 1788 3946 Sequitur:

288 3977 405 4031 Hoc
426 3984 499 4030 est
518 3983 691 4028 autem
704 3970 991 4042 judicium,
1019 3968 1143 4039 quia
1163 3966 1255 4020 lux
1279 3965 1412 4020 venit
1439 3964 1494 4018 in
1515 3964 1791 4018 mundum.

213 4065 275 4122 Si
302 4065 393 4119 lux
422 4078 531 4119 non
558 4061 768 4117 veniret
798 4059 852 4113 in
882 4057 1158 4120 mundum,
1189 4069 1296 4109 non
1328 4063 1472 4109 esset
1498 4052 1564 4107 de
1592 4053 1794 4108 mundo

206 4154 494 4224 judicium,
515 4152 655 4207 sicut
682 4148 939 4205 Dominus
958 4146 1060 4200 ait:
1083 4164 1101 4196 ι
1143 4144 1198 4199 Si
1230 4158 1334 4199 non
1358 4143 1623 4207 venissem
1642 4152 1699 4197 et
1716 4142 1796 4196 lo-

213 4255 374 4302 cutus
398 4244 614 4300 luissem
632 4283 648 4307 ,
670 4249 948 4312 peccatum
975 4253 1080 4292 non
1108 4235 1369 4291 haberent
1387 4254 1429 4288 ι.
1446 4232 1561 4288 Lux
1593 4234 1795 4304 itaque,

213 4336 321 4394 hoc
348 4344 435 4391 est
466 4334 558 4390 Dei
588 4332 751 4388 Verbi
780 4327 1078 4385 inearnatio
1103 4333 1158 4382 et
1189 4325 1435 4381 doctrina
1464 4333 1522 4380 et
1544 4325 1724 4394 passio
1744 4333 1800 4379 et

215 4424 566 4489 resurrectio,
593 4420 799 4491 iudicat
833 4420 1108 4474 mundum.
1154 4415 1255 4484 Qui
1286 4415 1400 4470 vult
1441 4416 1698 4471 accedere
1729 4416 1796 4470 ad

1807 1785 1855 1845 B
1882 1803 2045 1858 opera
2076 1801 2172 1842 sua
2203 1787 2362 1848 bona,
2394 1785 2519 1855 quia
2567 1784 2619 1838 in
2658 1784 2768 1838 Deo
2793 1789 2919 1836 sunt
2948 1780 3112 1844 facta,
3165 1779 3267 1834 nisi
3314 1780 3450 1849 ipse,

1884 1879 1974 1950 qui
2006 1878 2176 1933 credit
2199 1877 2251 1932 in
2277 1876 2571 1939 Christum,
2607 1881 2661 1927 et
2715 1872 2964 1926 mandata
3016 1871 3133 1941 ejus
3190 1869 3456 1924 custodit?

1957 1966 2081 2022 Post
2111 1968 2236 2021 haec
2261 1968 2395 2020 venit
2420 1965 2573 2019 Jesus
2616 1972 2664 2018 et
2703 1960 2945 2032 discipuli
2971 1960 3084 2029 ejus
3112 1962 3166 2015 in
3191 1958 3455 2013 Judaeum

1882 2068 2098 2120 terram,
2129 2063 2183 2109 et
2204 2054 2429 2123 reliqua.
2465 2052 2577 2107 Non
2620 2060 2703 2106 est
2729 2049 3169 2113 existimandum,
3199 2048 3457 2103 continuo

1885 2155 2007 2218 post
2048 2145 2470 2216 disputationem
2501 2158 2623 2197 cum
2667 2139 2993 2205 Nicodemo,
3021 2152 3161 2209 quae
3208 2135 3347 2191 facta
3374 2144 3460 2190 est

1885 2236 1939 2290 in
1962 2234 2329 2306 Jerosolymis,
2363 2233 2576 2288 venisse
2621 2229 2805 2286 Jesum
2836 2239 2891 2284 et
2913 2228 3206 2298 discipulos
3243 2227 3360 2297 ejus
3404 2226 3459 2279 in

1885 2328 2143 2384 Judaeam
2186 2337 2413 2389 terram,
2461 2324 2553 2381 sed
2597 2331 2816 2394 peracto
2866 2322 3039 2392 spatio
3091 2319 3347 2390 temporis
3394 2317 3463 2373 de

1885 2418 2119 2475 Calilnea
2165 2418 2215 2470 in
2250 2416 2509 2470 Iudaeam
2559 2413 2806 2469 rediisse.
2849 2411 3035 2465 Morali
3065 2424 3225 2465 sensu
3259 2406 3463 2463 Iudaea

1888 2521 2030 2565 terra
2064 2518 2144 2564 cst
2172 2523 2267 2563 cor
2292 2505 2544 2562 ﬁdelium.
2571 2503 2773 2558 Judaea
2796 2504 2993 2573 quippe
3017 2499 3270 2570 confessio
3299 2498 3465 2552 inter-

1888 2609 2194 2672 pretaturl.
2219 2596 2500 2653 Confessio
2520 2598 2699 2649 autem
2722 2593 2914 2662 duplex
2931 2582 3031 2647 est.
3055 2591 3150 2646 Est
3168 2592 3313 2646 enim
3335 2605 3466 2646 eon-

1887 2690 2049 2747 l‘essio
2077 2698 2453 2760 peccatorum,
2497 2695 2580 2743 est
2615 2694 2669 2740 ct
2705 2684 2976 2739 confessio
3003 2682 3307 2736 divinarum
3351 2680 3467 2734 lau-

1888 2782 2035 2836 dum.
2069 2781 2126 2836 In
2148 2792 2467 2850 quocunque
2495 2791 2624 2846 ergo
2650 2774 2812 2830 corde
2842 2773 3033 2842 duplex
3085 2770 3172 2824 illa
3201 2769 3467 2825 confessio

1891 2871 2072 2936 fuerit,
2104 2880 2159 2927 et
2181 2880 2526 2941 peccatorum
2556 2866 2802 2921 videlicet
2826 2863 3197 2918 etdivinarum
3225 2859 3462 2923 laudum,

1891 2962 2016 3018 illuc
2043 2962 2188 3016 venit
2212 2959 2370 3015 Jesus
2396 2966 2449 3014 et
2489 2956 2734 3026 discipuli
2765 2954 2911 3023 ejus,
2960 2953 3063 3006 hoc
3108 2959 3189 3005 est
3222 2948 3467 3004 doctrina

1889 3052 2004 3120 ejus
2044 3061 2099 3106 et
2142 3049 2496 3115 illuminatio,
2547 3048 2728 3116 ibique
2787 3043 3166 3099 demorabatur
3188 3050 3243 3095 et
3275 3048 3468 3110 purgat

1815 3118 1858 3176 ί)
1891 3118 2018 3197 illud
2041 3143 2107 3197 ab
2144 3142 2393 3197 omnibus
2425 3138 2652 3195 delictis.
2684 3137 2746 3189 Et
2772 3136 2873 3190 hoc
2899 3144 2979 3188 est
3011 3132 3157 3204 quod
3179 3132 3460 3201 sequitur:

1961 3235 2027 3290 Et
2060 3235 2169 3290 illic
2198 3235 2569 3289 demorabatur
2607 3247 2725 3285 cum
2764 3231 2838 3284 eis
2881 3239 2927 3283 et
2977 3224 3276 3299 baptizavit.
3303 3223 3468 3279 Juxta

1889 3328 2125 3383 litteram
2172 3327 2557 3383 demorabatur
2596 3322 2755 3379 Jesus
2785 3338 2907 3378 cum
2934 3318 3210 3391 discipulis
3236 3316 3319 3372 vel
3345 3331 3468 3372 cum

1891 3419 2237 3475 credentibus
2269 3416 2490 3473 Judaeis
2530 3416 2582 3470 in
2611 3414 2838 3470 Judaea.
2868 3412 3190 3483 Ambiguum
3218 3410 3362 3465 enim
3386 3415 3472 3464 est

1892 3510 2034 3580 quod
2058 3510 2136 3564 ait
2160 3508 2531 3564 demorabatur
2557 3522 2674 3561 cum
2710 3505 2804 3571 eis,
2833 3513 3012 3559 utrum
3044 3517 3173 3558 cum
3194 3500 3472 3571 discipulis

1895 3600 2029 3663 suis,
2055 3616 2122 3654 an
2153 3615 2275 3655 cum
2308 3598 2655 3654 credentibus
2680 3596 2735 3650 in
2758 3610 2881 3651 eum
2906 3592 3148 3658 Judaeis,
3173 3602 3287 3652 aut.
3328 3591 3471 3660 quod

1897 3690 2239 3747 verisimilius
2292 3698 2394 3753 est,
2443 3705 2563 3743 cum
2605 3687 2865 3757 utrisque.
2916 3683 2985 3737 Et
3029 3681 3327 3752 baptizavit.
3372 3678 3472 3734 Ubi

1896 3782 2202 3854 quaeritur,
2260 3781 2304 3836 si
2353 3780 2602 3835 Christus
2652 3778 2765 3848 ipse
2818 3773 3153 3845 baptizavit,
3206 3770 3477 3841 quomodo
3542 3778 3555 3792 ‘

1896 3875 2218 3945 evangelista
2262 3874 2313 3927 in
2339 3871 2689 3943 sequentibus
2712 3868 2842 3922 dicit
2871 3884 2884 3920 :
2917 3884 2938 3917 ‹
2976 3865 3296 3933 Quanquam
3318 3860 3477 3917 Jesus

1898 3981 2005 4021 non
2050 3965 2385 4034 baptizaret,
2428 3964 2526 4016 sed
2575 3957 2819 4027 discipuli
2866 3954 2986 4024 ejus
3026 3973 3068 4007 θ.
3112 3952 3218 4007 Sed
3261 3951 3327 4005 ad
3372 3951 3478 4005 hoc

1897 4059 2182 4114 dicendum
2209 4096 2224 4121 ,
2250 4054 2392 4126 quod
2422 4055 2538 4124 ipse
2563 4050 2815 4107 Christus
2855 4047 3151 4118 baptizavit
3182 4044 3475 4113 discipulos

1897 4161 2024 4202 suos
2040 4146 2295 4216 primum,
2309 4141 2501 4198 deinde
2514 4140 2613 4210 ipsi
2630 4136 2873 4208 discipuli
2889 4134 3231 4205 baptizabant
3256 4134 3476 4188 creden-

1901 4246 1980 4292 tes
2004 4237 2057 4291 in
2086 4234 2380 4289 Christum.
2409 4229 2664 4299 Quamvis
2692 4227 2910 4299 quidam
2933 4225 3260 4289 existiment,
3298 4223 3476 4278 nemi-

1899 4340 2023 4380 nem
2043 4340 2164 4379 eum
2188 4324 2487 4392 baptizasse
2519 4334 2615 4390 per
2657 4318 2891 4385 seipsum
2910 4355 2925 4379 ,
2961 4313 3055 4368 sed
3084 4311 3282 4366 dicitur
3306 4310 3477 4381 bapti-

1902 4432 2076 4482 zassc,
2099 4417 2189 4488 qui
2210 4413 2485 4485 discipulis
2516 4410 2629 4466 suis
2650 4408 2811 4478 jussit
2839 4406 3132 4475 baptizare.
3172 4403 3472 4472 Sequitur:

215 4518 419 4578 lucem,
447 4515 549 4571 hoc
588 4489 673 4568 est
714 4510 783 4565 ad
830 4508 1022 4565 Filium
1070 4507 1187 4571 Dei,
1217 4514 1276 4561 ut
1314 4506 1368 4561 in
1413 4521 1538 4562 eum
1581 4508 1787 4573 credat,
1818 4489 1872 4551 Β
1970 4508 2103 4563 Erat
2148 4516 2323 4560 autem
2369 4503 2603 4558 Joannes
2648 4498 2918 4571 baptizans
2959 4497 3015 4551 in
3056 4498 3211 4551 Δίνών
3255 4495 3273 4526 ⁸
3316 4495 3477 4565 ⁸ᾔιιςιπια

214 4621 452 4677 eumque
477 4611 787 4677 cognoscat,
818 4617 923 4657 non
946 4599 1255 4671 judicatur;
1292 4599 1382 4668 qui
1407 4610 1586 4656 autem
1622 4614 1794 4670 neque

216 4698 273 4755 in
316 4711 443 4752 cum
487 4694 691 4759 credit,
740 4705 914 4761 neque
958 4688 1247 4759 intelligit,
1294 4687 1348 4741 in
1394 4687 1633 4743 tenebris
1682 4689 1795 4745 suis

212 4789 483 4854 manebit,
514 4787 565 4843 in
590 4786 786 4856 quibus
815 4780 1180 4846 damnabitur,
1209 4780 1312 4835 hoc
1332 4789 1418 4836 est
1443 4779 1795 4850 judicabitur,

200 4878 413 4945 .nolens
458 4876 718 4931 accedere
762 4873 829 4928 ad
873 4872 1068 4928 lucem.
1122 4868 1187 4923 Et
1232 4868 1525 4925 dilexerunt
1564 4871 1797 4925 homines

216 4972 389 5041 magis
407 4966 642 5023 tenebras
662 4980 817 5034 quam
833 4962 1022 5016 lucem.
1041 4959 1274 5014 Pulchre
1306 4958 1383 5013 ait
1403 4959 1635 5013 homines
1654 5000 1668 5025 ,
1697 4961 1801 5015 hoc

216 5069 304 5117 est
331 5055 611 5119 carnales,
636 5053 807 5122 impii,
840 5048 1136 5113 increduli,
1165 5063 1271 5102 non
1306 5046 1641 5116 splrituales;
1673 5063 1799 5103 nam

218 5150 298 5205 illi
321 5148 462 5203 ultra
494 5145 767 5200 hominem
798 5140 1096 5196 ascendunt
1114 5146 1169 5194 et
1187 5144 1445 5208 superant
1471 5152 1622 5191 suam
1648 5147 1803 5192 natu-

218 5258 338 5298 ram
352 5255 451 5311 per
463 5239 598 5308 ejus,
612 5237 703 5306 qui
716 5250 811 5291 eos
826 5235 1108 5298 illuminat,
1126 5232 1373 5304 gratiam.
1390 5230 1498 5287 Cur
1513 5241 1690 5287 autem
1705 5233 1803 5288 ho-

214 5332 398 5387 mines
422 5328 726 5386 dilexerunt
744 5325 918 5393 magis
941 5325 1192 5379 tenebras
1213 5338 1375 5393 quam
1391 5321 1584 5388 lucem,
1612 5338 1803 5380 conse-

1902 4600 2122 4666 Saleim,
2145 4599 2267 4671 quia
2295 4612 2460 4669 aquae
2482 4593 2677 4649 multae
2697 4599 2843 4645 erant
2867 4588 2996 4642 illic.
3022 4587 3213 4641 Adhuc
3239 4584 3479 4641 Joannes

1900 4694 2209 4764 baptizabat
2232 4693 2285 4746 in
2316 4689 2578 4753 Jordane,
2610 4687 2737 4741 dum
2764 4682 3015 4739 Christus
3048 4680 3099 4734 in
3131 4678 3330 4734 Judaea
3359 4692 3478 4733 coe-

1901 4795 2057 4858 perat
2081 4795 2136 4841 et
2158 4784 2449 4854 discipulos
2489 4795 2636 4846 suos,
2668 4786 2727 4834 et
2758 4792 2854 4846 per
2881 4790 2975 4832 eos
3000 4774 3137 4830 alios
3175 4776 3476 4843 baptizare.

1904 4880 2020 4936 Non
2048 4879 2192 4935 enim
2227 4879 2487 4934 debuerat
2537 4886 2863 4943 praecursor
2895 4868 3190 4938 discipulus
3217 4881 3481 4938 praecur-

1906 4970 2075 5025 sionis
2100 4984 2227 5023 suae
2252 4966 2569 5037 mysterium
2596 4961 2975 5024 intermittere,
3000 4960 3316 5029 priusquam
3344 4958 3476 5027 ipse,

1907 5058 2057 5127 cujus
2076 5071 2396 5128 praecursor
2417 5066 2554 5118 erat,
2572 5052 2834 5122 inciperet
2857 5050 3139 5105 veritatem
3162 5047 3475 5105 ostendere.

1913 5149 2109 5205 Umbra
2141 5148 2318 5203 adhuc
2338 5146 2653 5217 permansit,
2678 5143 2803 5213 quia
2835 5158 2941 5198 non
2971 5141 3191 5197 omnino
3217 5141 3305 5194 lux
3329 5144 3480 5209 pate-

1910 5241 2049 5294 lacta
2075 5238 2190 5292 fuit.
2216 5236 2283 5292 In
2311 5237 2544 5301 Acnnon,
2569 5234 2672 5290 hoc
2699 5233 2861 5288 estin
2879 5232 3028 5302 aquis
3055 5231 3115 5296 b;
3145 5244 3267 5283 enos
3289 5229 3311 5260 ’
3335 5225 3482 5281 enim

1910 5328 2164 5382 hebraice
2222 5342 2358 5397 aqua
2395 5322 2627 5390 dicitur;
2660 5322 2781 5377 ideo
2821 5320 3142 5375 subsecutus
3176 5315 3284 5380 ait,
3323 5312 3482 5384 quasi

1504 5413 1590 5469 VA
1601 5414 1758 5471 RIAE
1793 5418 2186 5474 LECTIONES.

296 5497 313 5528 ‘
344 5493 476 5549 Cod.
524 5491 761 5545 Aennon.
834 5490 856 5521 ³
885 5487 976 5543 Sic
1021 5487 1139 5543 cod.
1181 5499 1282 5556 pro
1322 5486 1560 5540 Acnnon.

1756 5553 2005 5621 NOTAE.

288 5648 321 5758 ἶ
354 5631 561 5755 uagae
602 5627 1045 5698 interpretatione
1076 5626 1225 5682 verbi
1253 5626 1461 5680 Iudaea
1494 5623 1618 5680 vide
1644 5638 1803 5695 supra

218 5723 327 5762 (τοι.
370 5723 496 5755 oua.

292 5776 321 5816 b
344 5771 514 5827 Recte
527 5767 576 5825 J.
594 5766 788 5823 Scottis
802 5767 1184 5837 interpretatur
1198 5766 1365 5837 aquis.
1384 5765 1516 5821 Nam
1536 5764 1812 5821 derivatur

629 5869 905 5928 Pnaoc.
951 5865 1218 5927 CXXII.

1908 5620 2041 5712 τῆῧηῖ
2088 5640 2116 5678 a
2161 5632 2264 5709 Py,
2313 5623 2429 5693 [om
2456 5662 2470 5686 ,
2508 5630 2712 5690 puteus.
2746 5617 2804 5671 Β.
2840 5614 3196 5684 Hieronymus
3230 5634 3243 5670 :
3278 5616 3478 5685 Aenon,

1913 5734 2117 5797 oculus,
2147 5739 2238 5784 aut
2265 5729 2382 5799 [ous
2402 5743 2598 5785 eorum.

2972 5824 3046 5913 tt
