4028 6274
542 332 553 338 ”
566 334 677 390 Si?)

1955 328 2234 385 JOANNIS
2274 329 2467 386 SCOTI

3695 331 3810 397 ω.

581 444 1078 517 interpretationem
1109 443 1341 500 nominis
1367 442 1614 514 aperiens
1639 459 1652 495 :
1674 441 1797 511 quia
1818 458 1980 510 aquae
2002 443 2135 495 mul-
2164 447 2207 503 Α
2238 443 2341 497 hoc
2388 444 2670 499 dicendum
2694 487 2709 509 ,
2741 447 2917 516 quod,
2948 446 2991 501 si
3030 446 3276 502 Christus
3314 445 3458 503 solus
3487 446 3557 504 ab
3596 448 3791 510 Joanne

571 554 656 597 tae
680 549 829 595 erant
854 539 1088 592 illic..De
1122 536 1321 592 Saleim
1349 545 1527 590 autem
1559 535 1704 588 varie
1746 534 1973 589 tradunt.
2002 535 2131 601 Qni-

572 632 697 687 dam
741 629 927 682 volunt
968 627 1034 682 de
1074 625 1370 680 Jerusalem
1402 625 1601 693 accipi,
1643 640 1780 693 quae
1828 639 1933 677 non
1978 624 2132 692 longo

538 722 746 792 "spatio
779 719 1037 773 locorum
1092 715 1255 769 distat
1301 715 1367 767 ab
1402 710 1657 767 Jordane.
1706 712 1839 767 Nam
1883 713 2132 782 primitus

568 812 765 867 Saleim
797 807 1119 879 simpliciter
1144 805 1442 869 nominata,
1471 812 1529 858 ut
1549 805 1725 869 aiunt;
1752 803 1943 857 deinde
1970 803 2132 858 Ebus-

564 902 755 966 salem,
772 900 894 968 quia
918 898 986 952 ab
1007 895 1260 951 Ebusseis
1280 908 1558 964 possessa;
1585 894 1777 948 deinde
1809 892 2125 956 Jerusalem,

566 995 670 1048 ltoc
696 1001 780 1045 est
816 987 1059 1058 templum
1089 986 1254 1058 pacis,
1288 993 1507 1053 propter
1538 983 1853 1037 nobilissimi
1889 982 2066 1052 templi
2097 998 2129 1037 a

566 1082 853 1137 Salomone
893 1075 1186 1132 constructi
1214 1073 1533 1142 divulgatam
1562 1073 1612 1126 in
1641 1072 1775 1127 ﬁnes
1805 1073 1985 1126 mundi
2017 1071 2128 1143 glo-

569 1170 921 1225 riosissimam
944 1164 1142 1219 fatuam
1170 1174 1217 1216 α.
1248 1162 1351 1216 Alii
1380 1176 1530 1225 vero,
1553 1161 1766 1229 quibus,
1791 1170 1849 1213 ut
1877 1162 2123 1227 aestimo,

547 1261 697 1314 ﬁdes
736 1256 907 1325 magis
938 1254 1214 1316 habenda,
1257 1250 1436 1306 Salem
1481 1248 1667 1304 dicunt
1703 1250 1954 1319 oppidum
1987 1250 2124 1304 ultra

560 1353 849 1408 Jordancm
903 1348 1102 1410 situm,
1132 1359 1197 1399 eo
1225 1344 1361 1409 loci,
1408 1359 1515 1412 quo
1554 1341 1822 1398 Jordanus
1865 1342 2029 1395 intrat
2069 1341 2124 1395 in

560 1444 737 1498 lacum
763 1438 974 1501 Asialti,
1009 1436 1110 1490 hoc
1142 1442 1226 1489 est
1256 1434 1308 1487 in
1338 1433 1513 1487 lacum
1544 1431 1842 1496 bituminis,
1873 1441 1927 1486 et
1954 1431 2005 1485 in
2037 1426 2126 1485 illo

559 1531 756 1603 oppido
778 1526 1047 1599 quondam
1069 1523 1459 1579 Melchisedech
1485 1536 1758 1592 regnasse,
1776 1522 1926 1591 cujus
1945 1516 2124 1590 oppidi

556 1623 732 1679 adhuc
786 1618 1009 1689 vestigia
1071 1625 1372 1670 remanent.
1425 1613 1585 1669 Juxta
1636 1613 1762 1668 illud
1820 1614 2124 1683 baptizabat

554 1718 807 1780 Joannes,
835 1713 959 1785 quia
987 1720 1142 1766 erant
1168 1711 1236 1764 ibi
1264 1724 1433 1780 aquae
1461 1707 1678 1763 multae.

2236 533 2620 603 baptizaretur,
2655 537 2771 608 plus
2801 538 3067 606 baptisma
3109 537 3354 605 Joannis,
3393 555 3554 610 quam
3574 542 3787 605 Christi.

2234 621 2519 692 baptiz-xtis
2561 625 2810 682 conferre
2857 628 3148 682 videretur.
3204 627 3370 682 Multo
3412 630 3559 684 enim
3611 630 3793 689 melius

2232 716 2407 783 potuit
2448 717 2745 771 existimari
2795 720 3011 774 unicum
3063 719 3362 788 baptisma,
3390 735 3498 789 quo
3539 718 3794 780 Dominus

2232 804 2534 872 baptizatus
2565 817 2682 871 est,
2722 822 2882 876 quam
2927 808 3214 878 baptisma,
3246 824 3353 878 quo
3377 810 3532 864 multi
3574 811 3645 865 ab
3685 812 3793 884 ipso

2232 892 2458 949 Domino
2480 903 2535 950 et
2560 895 2833 967 discipulis
2862 897 2973 952 suis
3002 897 3256 966 baptizati
3297 906 3440 952 sunt.
3468 898 3581 954 Sed
3606 915 3676 955 ne
3697 902 3793 958 hoc

2229 991 2529 1050 putaretur,
2556 984 2708 1039 multi
2755 1001 2784 1040 a
2821 987 3026 1041 Joanne
3054 996 3178 1041 sunt
3201 988 3476 1057 baptizati.
3514 990 3577 1045 Si
3617 999 3792 1046 autem

2229 1075 2543 1142 quaeritur,
2594 1087 2774 1130 utrum
2826 1077 2879 1131 in
2926 1077 3106 1147 aliquo
3152 1078 3351 1147 profuit
3390 1080 3491 1150 ipsi
3541 1079 3791 1148 Domino,

2229 1164 2367 1231 quod
2419 1178 2449 1217 a
2497 1179 2595 1219 suo
2646 1171 2997 1234 praecurSore
3049 1168 3355 1237 baptizatus
3393 1168 3468 1223 sit
3497 1208 3514 1234 ,
3580 1170 3792 1238 quidam

2228 1268 2334 1307 non
2361 1253 2591 1309 absurde
2620 1257 2969 1324 respondent,
2995 1255 3272 1313 Christum
3309 1259 3792 1316 sanctiﬁcationem

2230 1344 2502 1414 quandam
2550 1343 2772 1400 Joannis
2819 1346 3081 1401 eﬂ'ecisse.
3125 1347 3256 1402 Illud
3300 1357 3478 1403 autem
3527 1349 3792 1419 baptisma

2227 1433 2361 1487 nihil
2408 1433 2625 1489 Christo
2665 1435 2910 1489 contulit.
2962 1434 3175 1490 Scimus
3218 1446 3434 1503 tamen,
3461 1436 3792 1493 Graecorum

2226 1532 2474 1579 auctores
2520 1524 2843 1581 ﬁducialiter
2881 1541 3145 1593 asserere,
3176 1528 3667 1584 sanctiﬁcationem
3696 1530 3792 1585 huc

2227 1616 2498 1670 manitatis
2515 1614 2713 1671 Christi
2733 1633 2831 1687 per
2867 1626 3263 1672 sacramentum
3286 1618 3794 1688 baptismatisJoan-

2223 1703 2310 1758 nis
2350 1712 2559 1758 auctam
2609 1704 2793 1760 fuisse.
2849 1706 3001 1773 Quod
3050 1708 3283 1763 maxime
3327 1724 3393 1764 ex
3446 1709 3796 1765 descensione

632 1802 930 1877 Non[dum]
965 1802 1098 1855 enim
1116 1799 1306 1869 missus
1334 1799 1502 1867 fuerat
1527 1800 1583 1853 in
1600 1813 1857 1852 carcerem
1869 1796 2121 1852 Joannes.
2156 1786 2201 1846 Β
2230 1792 2463 1862 Spiritus
2501 1796 2671 1851 sancti
2713 1796 2764 1849 in
2805 1797 2983 1866 specie
3007 1796 3286 1853 columbae
3313 1813 3479 1869 super
3501 1800 3682 1869 ipsum
3710 1800 3796 1855 ba.

553 1897 685 1952 Nam
705 1902 984 1965 postquam
1001 1891 1194 1945 missus
1205 1896 1287 1943 est
1302 1888 1353 1941 in
1368 1886 1923 1953 carcerem,continuo
1935 1886 2129 1940 desivit

556 1985 845 2055 baptizare,
878 1980 1202 2050 baptismate
1239 1976 1436 2031 Christi
1484 1974 1789 2030 inchoante.
1814 1975 2122 2040 Quaeritur,

555 2076 684 2145 quid
713 2072 977 2142 baptisma
1004 2067 1225 2124 Joannis
1247 2068 1351 2130 his,
1381 2066 1472 2135 qui
1502 2065 1571 2120 ab
1600 2081 1665 2120 eo
1696 2066 1953 2136 baptizati
1979 2072 2123 2130 sunt,

555 2164 793 2238 profuit?
815 2161 971 2218 Nullo
997 2161 1155 2214 modo
1177 2158 1320 2213 enim
1344 2157 1676 2225 credendum
1697 2166 1797 2222 est,
1825 2174 1925 2211 non
1954 2158 2124 2211 solum

553 2252 834 2326 originalis
868 2249 1099 2320 peccati,
1131 2262 1317 2301 verum
1344 2248 1504 2301 etiam
1538 2248 1879 2318 propriorum
1908 2247 2127 2302 delicto—

550 2362 672 2404 rum
717 2342 1091 2399 remissionem
1133 2337 1423 2393 contulisse
1450 2339 1494 2392 ¹.
1527 2337 1663 2404 Quid
1706 2353 1835 2409 ergo
1861 2337 2126 2392 contulit?

550 2436 802 2507 Magnum
834 2430 1071 2502 quidem.
1102 2428 1367 2497 Quantum
1396 2429 1537 2485 enim
1560 2431 1961 2485 catechumenis
1990 2444 2125 2484 non-

551 2525 678 2580 dum
729 2518 1058 2591 baptizatis'
1123 2519 1364 2572 doctrina
1421 2517 1541 2573 ﬁdei
1592 2518 1852 2589 prodest,
1915 2527 2120 2574 tantum

559 2615 783 2672 Joannis
824 2612 1090 2682 baptisma
1145 2609 1431 2679 baptizatis
1475 2610 1528 2663 in
1558 2626 1658 2675 eo,
1686 2610 1997 2680 priusquam
2030 2610 2124 2663 ba-

557 2706 755 2779 ptisma
808 2701 1008 2758 Christi
1058 2700 1335 2764 subirtnt,
1393 2699 1613 2770 profuit.
1641 2698 1888 2769 Joannes
1925 2700 2122 2770 quippe

551 2792 937 2867 poenitentiam
959 2790 1324 2860 praedicabat,
1342 2798 1395 2844 et
1415 2788 1737 2858 baptismum
1750 2790 1943 2844 Christi
1969 2804 2124 2859 prae-

547 2885 851 2947 nuntiabat,
880 2893 933 2936 et
961 2882 1012 2935 in
1040 2879 1399 2950 cognitionem
1429 2879 1696 2944 veritatis,
1740 2895 1878 2950 quae
1922 2879 2122 2933 mundo

528 2974 814 3045 apparuit,
844 2972 1087 3026 attraxit.
1118 2968 1308 3045 Nonne
1333 2969 1584 3023 similiter
1611 2969 1854 3038 quotidie
1886 2968 2119 3022 ministri

544 3044 748 3122 faciunt
762 3061 1065 3119 Ecclesiae?
1081 3044 1343 3135 Er'udiunt
1362 3058 1535 3129 primo
1551 3060 1826 3113 venientes
1842 3059 1905 3112 ad
1923 3058 2112 3124 ﬁdem;

545 3156 738 3212 deinde
758 3162 981 3224 peccata
1005 3164 1191 3205 eorum
1228 3124 1589 3216 redarguunt;
1616 3148 1809 3201 deinde
1840 3147 2115 3201 remissio-
2142 3121 2186 3184 (ἶ

543 3262 666 3303 nem
697 3245 936 3300 omnium
965 3249 1310 3310 peccatorum
1343 3239 1396 3292 in
1421 3238 1739 3307 baptismate
1761 3236 2111 3305 promittunt;

544 3352 608 3392 ac
645 3337 723 3391 sic
748 3335 815 3388 ad
843 3332 1207 3403 cognitionem
1253 3338 1309 3384 et
1349 3328 1688 3382 dilectionem
1734 3327 1979 3382 veritatis
2022 3342 2116 3381 eos

544 3425 844 3479 attrahunt.
874 3421 1104 3476 Additur
1128 3421 1196 3473 ad
1223 3416 1495 3473 cumulum
1538 3416 1711 3471 laudis
1752 3426 1805 3471 et
1843 3416 2113 3482 utilitatis,

536 3530 703 3584 quam
737 3513 959 3569 Joannis
989 3510 1249 3580 baptisma
1276 3507 1522 3578 perfecit.
1538 3506 1937 3577 Dehuitquippe
1961 3523 2118 3575 prae-

545 3618 737 3660 cursor
798 3603 851 3656 in
915 3600 1164 3655 omnibus
1221 3596 1619 3667 praecursionis
1677 3610 1805 3650 suae
1864 3596 2114 3650 eﬁectum

536 3692 810 3763 implere,
855 3698 952 3755 ut,
1005 3684 1450 3757 quemadmodum
1502 3684 1795 3753 praecessit
1841 3684 2112 3739 Christum

545 3781 827 3838 nativitate
871 3788 927 3834 et
970 3775 1408 3847 praedicatione,
1448 3775 1520 3827 ita
1568 3775 1732 3829 etiam
1778 3774 2114 3845 baptismatis

542 3872 911 3930 similitudine.
944 3869 1016 3926 Ut
1036 3867 1178 3923 enim
1210 3881 1406 3921 aurora
1430 3866 1704 3934 praecedit
1743 3875 1921 3921 ortum
1960 3866 2111 3934 solis,

541 3974 617 4021 tta
641 3968 980 4019 sacramenta
1013 3956 1237 4013 Joannis
1259 3971 1423 4025 opera
1455 3943 1654 4010 Christi
1679 3965 2110 4024 praecesserunt,

541 4065 596 4111 ει
636 4052 1088 4126 quemadmodum
1130 4063 1323 4102 aurora
1351 4046 1750 4116 quodammodo
1776 4048 1995 4103 umbras
2019 4064 2113 4103 ex-

543 4156 749 4210 cutere,
778 4146 852 4199 ita
879 4142 1123 4199 doctrina
1148 4151 1203 4195 et
1230 4140 1541 4212 mysterium
1567 4140 1934 4208 praecursoris
1963 4150 2112 4196 tene-

547 4237 674 4292 bras
715 4232 1050 4305 ignorantiae
1096 4232 1259 4284 totius
1294 4230 1480 4283 mundi
1518 4229 1809 4284 inchoabat
1836 4239 2108 4286 excutere.

540 4329 749 4397 itaque,
781 4340 848 4379 nc
887 4322 1067 4377 subito
1092 4334 1280 4373 verum
1309 4319 1576 4388 baptisma
1598 4318 1800 4375 Christi
1827 4329 2112 4390 appareret

544 4417 764 4480 mundo,
790 4410 1087 4484 praecessit
1128 4410 1413 4480 ﬁguratum
1455 4410 1745 4480 baptisma,
1775 4418 1835 4465 ut
1867 4411 2026 4466 altius
2053 4420 2108 4466 et

539 4508 742 4565 clarius
768 4505 971 4559 veritas
998 4502 1358 4564 elucesceret,
1410 4502 1454 4555 si
1503 4501 1651 4571 prius
1695 4501 2006 4557 sedentibus
2050 4502 2108 4557 in

542 4596 782 4653 tenebris
814 4594 983 4664 ﬁgura
1013 4590 1300 4645 arrideret.
1335 4587 1466 4643 item
1499 4591 1798 4659 quaeritur,
1826 4605 1924 4644 cur
1954 4589 2110 4644 Chri-

539 4697 662 4744 stus
687 4685 991 4756 baptizatus
1019 4688 1103 4736 est
1126 4695 1156 4734 a
1185 4695 1282 4734 suo
1309 4694 1486 4734 servo.
1512 4679 1590 4733 Ad
1617 4681 1756 4748 quod
1783 4680 2067 4734 dicendum
2094 4697 2106 4733 :

540 4788 825 4849 propterea
853 4775 1102 4830 Christus
1121 4788 1151 4825 a
1176 4786 1336 4825 servo
1361 4770 1622 4841 baptizari
1646 4771 1890 4839 dignatus
1919 4778 2021 4834 est,
2050 4780 2112 4824 ut

542 4864 913 4939 praecursoris
934 4862 1015 4916 sui
1041 4859 1273 4916 cilicium
1301 4868 1357 4914 et
1388 4858 1798 4925 honoriﬁcaret,
1829 4868 1885 4914 et
1925 4875 2108 4913 verum

541 4958 673 5015 illud
703 4956 898 5020 fuisse,
923 4953 1176 5009 omnibus
1209 4951 1429 5007 Judaeis
1458 4967 1521 5007 ac
1551 4960 1661 5006 toto
1689 4952 1885 5007 mundo
1922 4961 2109 5007 notum

544 5052 768 5106 faceret.
821 5044 925 5099 Sed
961 5043 1005 5098 si
1047 5041 1159 5098 sola
1205 5042 1339 5096 bace
1374 5055 1535 5095 causa
1582 5039 1679 5095 fuit
1724 5042 2028 5111 baptizandi
2078 5056 2108 5096 a

544 5155 699 5197 servo
721 5152 820 5194 suo
853 5133 1082 5197 Domini,
1109 5146 1206 5188 cur
1235 5147 1337 5185 non
1361 5131 1506 5186 solus
1530 5130 1777 5186 Christus
1807 5132 2108 5201 baptizatus

542 5241 626 5288 cst
652 5246 682 5285 a
721 5225 962 5284 Joanne?
991 5222 1300 5279 Sttﬁiciebat
1351 5222 1494 5276 enim
1526 5221 1591 5274 ad
1624 5221 1832 5275 laudem
1876 5230 1930 5276 et
1958 5222 2108 5277 testi-

545 5321 780 5379 monium
808 5313 1149 5388 baptismatis
1176 5312 1317 5367 servi
1350 5311 1624 5366 humilitas
1652 5312 1880 5366 Domini.
1912 5312 2017 5369 Sed
2040 5319 2105 5370 ad

2139 4461 2186 4522 D

2228 1882 2486 1951 ptizatum
2519 1892 2982 1953 argumentantur.
3012 1885 3121 1941 Nec
3160 1888 3377 1953 mirum,
3407 1903 3531 1943 cum
3570 1904 3796 1960 evange-

2227 1971 2348 2026 lista
2390 1973 2571 2028 dicat:
2607 1992 2627 2025 ι
2661 1973 2816 2030 Jesus
2854 1984 3032 2031 autem
3078 1977 3396 2046 proﬁciebat
3436 1978 3704 2047 sapientia
3742 1988 3795 2033 et

2227 2075 2404 2123 aetate
2449 2077 2503 2123 et
2549 2068 2723 2139 gratia
2777 2069 2916 2139 apud
2967 2069 3135 2124 Deum
3178 2078 3233 2125 et
3275 2070 3521 2125 homines
3564 2089 3612 2126 ι.
3659 2071 3796 2139 Quid

2227 2159 2444 2225 mirum,
2475 2160 2519 2214 si
2545 2161 2813 2229 quoddam
2853 2172 3197 2233 augmentum
3227 2163 3578 2219 humanitatis
3594 2163 3795 2220 Christi

2224 2264 2322 2319 per
2348 2259 2748 2304 sacramentum
2777 2253 3148 2329 praecursoris
3172 2253 3255 2308 sui
3273 2253 3617 2323 baptismatis
3642 2254 3797 2309 Citrio

2225 2349 2340 2395 stus
2367 2340 2661 2409 acciperet,
2688 2342 2837 2397 verbi
2868 2344 3039 2412 gratia
3067 2342 3384 2398 humilitatis
3410 2358 3543 2399 suae
3578 2344 3794 2408 merito,

2224 2446 2328 2500 qua
2354 2431 2622 2501 baptisma
2654 2432 2737 2486 sui
2764 2432 2906 2487 servi
2938 2433 3120 2488 subire
3162 2448 3268 2488 non
3312 2434 3633 2504 dedignatus
3673 2435 3797 2490 est?

2222 2521 2443 2591 Accepit
2478 2522 2731 2592 gratiam,
2756 2532 2815 2577 ut
2843 2524 2925 2578 sui
2958 2524 3295 2595 baptismatis
3319 2525 3520 2580 virtute
3552 2528 3795 2581 omnium

2222 2611 2538 2667 delictorum
2567 2618 2620 2668 et
2647 2613 2987 2681 originalium
3010 2623 3065 2668 et
3092 2615 3429 2684 propriorum
3456 2630 3650 2671 omnes
3681 2630 3796 2671 cre-

2222 2700 2409 2757 dentes
2454 2702 2506 2757 in
2539 2717 2599 2759 se
2640 2704 3015 2783 remissionem
3063 2704 3387 2773 acciperent.
3430 2704 3599 2759 Addit
3628 2707 3792 2760 etiam

2220 2795 2551 2869 Augustinus
2577 2796 2737 2851 aliam
2760 2812 2976 2852 causam
3001 2797 3311 2866 baptizandi
3339 2796 3554 2851 Domini
3581 2811 3613 2851 a
3637 2812 3796 2853 servo

2221 2902 2320 2942 suo
2344 2905 2357 2941 :
2390 2903 2457 2943 ne
2486 2887 2858 2943 catechumeni
2894 2894 3043 2941 caste
3071 2894 3231 2954 atque
3258 2886 3346 2957 pie
3371 2897 3490 2954 post
3511 2895 3797 2956 acceptam

2222 2977 2379 3031 ﬁdem
2408 2977 2648 3031 viventes
2675 2976 3039 3046 superbirent,
3077 2974 3450 3029 existimantes
3474 2976 3794 3045 mysterium

2221 3066 2557 3137 baptismatis
2605 3066 2680 3120 nil
2724 3066 2805 3121 eis
2848 3065 3046 3119 addere
3086 3079 3276 3134 posse,
3328 3079 3449 3119 cum
3494 3066 3797 3121 secundum

2219 3158 2384 3223 illam,
2412 3172 2517 3228 qua
2541 3157 2731 3212 imbuti
2780 3165 2925 3221 sunt,
2960 3156 3118 3211 tidem
3140 3157 3341 3210 vivant.
3374 3155 3484 3210 Sed
3514 3171 3585 3213 ne
3602 3157 3660 3213 in
3689 3158 3797 3216 hoc

2216 3256 2485 3309 errarent,
2514 3253 2569 3299 et
2596 3245 2646 3299 in
2680 3261 2876 3299 vanum
2921 3243 3263 3307 laborarent,
3317 3230 3577 3299 Dominus
3624 3245 3798 3301 voluit

2217 3334 2521 3403 exemplum
2567 3334 2646 3388 eis
2689 3335 2817 3389 dare
2863 3333 2928 3388 de
2962 3347 3062 3387 suo
3110 3333 3458 3402 baptismate,
3503 3340 3564 3387 ut
3613 3332 3797 3389 nullus

2216 3438 2403 3478 eorum
2430 3422 2655 3476 auderet
2675 3421 2868 3486 inﬂari,
2893 3421 3138 3476 videntes
3162 3420 3447 3475 Dominum
3467 3436 3628 3476 suum
3648 3422 3796 3477 servi

2217 3513 2299 3568 sui
2318 3513 2641 3582 baptismum
2660 3512 2910 3567 subiisse.
2933 3511 2988 3566 Si
3013 3510 3154 3566 enim
3183 3511 3441 3566 Dominus
3463 3511 3797 3580 baptismum

2216 3605 2298 3659 sui
2329 3603 2471 3658 servi
2501 3604 2669 3658 noluit
2686 3603 2988 3673 despicere,
3008 3616 3115 3673 qua
3136 3602 3343 3658 ratione
3361 3601 3436 3656 illi
3460 3600 3795 3671 baptismum

2216 3694 2430 3751 Domini
2462 3693 2542 3748 sui
2573 3694 2780 3749 nollent
2809 3692 3026 3748 subire?

2287 3781 2455 3837 Facta
2470 3793 2544 3837 est
2569 3799 2688 3853 ergo
2703 3782 2935 3851 quaestio
2948 3794 3012 3839 ea:
3035 3779 3303 3850 discipulis
3319 3780 3544 3834 Joannis
3556 3793 3676 3835 cunt
3688 3788 3798 3835 ιη-

2214 3873 2360 3927 daei:
2378 3873 2441 3926 de
2465 3872 2848 3943 puriﬁcatione.
2868 3870 3120 3940 Discipuli
3134 3869 3380 3933 Joannis,
3397 3868 3797 3924 videntesmnlo

2218 3970 2300 4017 los
2324 3960 2649 4016 Judaeorum
2680 3959 2972 4014 credidisse
3000 3959 3053 4012 in
3087 3957 3380 4020 Christum,
3406 3965 3462 4010 et
3488 3956 3797 4026 baptizatos

2214 4051 2380 4107 fuisse
2401 4068 2430 4105 a
2451 4049 2724 4119 discipulis
2735 4048 2872 4118 ejus,
2887 4048 3083 4103 invidia
3098 4047 3371 4111 commoti,
3386 4044 3796 4117 interrogabant

2216 4151 2357 4221 ipsos
2369 4149 2601 4204 Judaeos
2626 4148 2693 4202 de
2712 4145 3110 4217 puriﬁcatione,
3135 4143 3236 4196 hoe
3256 4151 3339 4196 est
3357 4141 3425 4196 de
3444 4139 3793 4210 baptismate.

2214 4237 2545 4293 Mirabantur
2563 4237 2706 4292 enim
2728 4236 2861 4291 alios
2882 4248 3040 4306 posse
3070 4232 3342 4302 baptizare
3375 4237 3592 4300 praeter
3626 4228 3795 4284 Joan-

2214 4346 2336 4385 nem
2366 4340 2419 4385 et
2452 4327 2742 4399 discipulos
2774 4327 2910 4398 ejus,
2939 4324 3344 4387 existimantes,
3373 4322 3633 4392 majorem
3666 4334 3796 4375 esse

2212 4422 2472 4478 Joannem
2518 4420 2751 4488 Christo,
2778 4419 3031 4489 quoniam
3058 4416 3305 4470 viderunt
3334 4427 3441 4467 non
3465 4411 3624 4481 longe
3651 4420 3790 4465 ante

2218 4513 2389 4584 ipsum
2417 4510 2686 4566 Christum
2717 4524 2745 4562 a
2772 4506 2978 4565 Joanne
3001 4506 3055 4560 in
3074 4504 3308 4560 Jordane
3334 4500 3685 4571 baptizatum.

2287 4597 2356 4653 Et
2393 4606 2640 4655 venerunt
2683 4596 2751 4649 ad
2793 4596 3071 4658 Joannem,
3104 4604 3361 4648 accusare
3391 4589 3666 4645 Christum
3688 4603 3795 4644 vo-

2218 4689 2391 4744 lentes
2432 4689 2656 4758 ejusque
2701 4682 3021 4754 discipulos,
3061 4681 3223 4737 veluti
3271 4680 3325 4734 in
3369 4678 3623 4750 injuriam
3670 4677 3799 4747 ejus

2220 4780 2494 4851 baptizare
2536 4784 2974 4847 praesumentes,
3009 4783 3056 4828 et
3097 4773 3340 4826 dixerunt
3361 4772 3410 4825 ei
3433 4785 3454 4824 :
3487 4769 3800 4844 Ruben”?

2219 4880 2328 4922 erat
2354 4884 2517 4923 rerum
2549 4878 2692 4920 trans
2722 4864 3030 4927 Iordanem,
3059 4864 3148 4932 qui
3176 4863 3460 4917 videbatur
3492 4861 3800 4930 discipulus

2220 4968 2344 5014 tuus
2376 4968 2635 5029 tempore,
2678 4971 2784 5026 quo
2811 4971 2840 5009 a
2868 4963 2921 5009 te
2963 4954 3266 5023 baptizatus
3291 4960 3377 5008 est
3416 4960 3569 5007 trans
3591 4950 3798 5007 Jorda-

2222 5063 2363 5112 nem,
2391 5048 2549 5101 cuitu
2573 5045 2921 5100 testimonium
2943 5043 3266 5111 perhibuisti,
3298 5042 3527 5097 dicendo
3553 5059 3568 5095 :
3599 5060 3620 5093 ε
3651 5042 3799 5097 Ecce

2222 5155 2390 5209 agnus
2423 5136 2547 5200 Dei,
2581 5150 2705 5190 ecce
2750 5134 2840 5204 qui
2886 5132 3023 5187 tollit
3059 5141 3340 5202 peccatum
3369 5131 3557 5187 mundi
3594 5152 3643 5197 ι,
3672 5148 3800 5187 ecce

2216 5228 2300 5280 hic
2329 5227 2576 5295 baptizat,
2611 5240 2749 5278 nunc
2783 5223 2836 5275 in
2863 5220 3062 5276 Judaea
3089 5260 3104 5286 ,
3133 5220 3274 5289 quod
3309 5219 3466 5274 valde
3508 5221 3793 5282 miramur,

2217 5330 2262 5373 et
2292 5333 2466 5371 omnes
2492 5316 2697 5370 veniunt
2724 5314 2795 5367 ad
2828 5329 2967 5368 eum.
2993 5311 3251 5387 Volumus
3295 5311 3480 5381 itaque
3525 5319 3576 5365 te
3615 5312 3793 5364 inten-

614 5484 630 5513 ³
663 5480 796 5537 Cod.
824 5498 947 5535 non.
1021 5482 1042 5510 ¹
1080 5477 1211 5535 Cod.
1260 5494 1360 5532 non
1407 5475 1700 5532 contulisse.
1778 5408 2119 5549 'ilﬁﬁlAbEplt

2223 5410 2509 5493 3Ti0NES.

2223 5492 2360 5535 ιαιιδ.

2068 5554 2080 5575 η

615 5636 640 5662 ι
672 5621 1143 5693 S.Hieronymus:
1176 5616 1494 5706 Jerusalem,
1538 5607 1679 5671 cisio
1719 5619 1885 5706 pacis,
1916 5553 2119 5676 lintei);J

2223 5552 2403 5674 fama;
2431 5620 2597 5689 pacis,
2623 5619 2969 5690 praeferenda
3016 5626 3101 5676 est
3130 5616 3282 5674 alteri
3325 5630 3353 5671 a
3380 5615 3516 5704 an:
3543 5623 3600 5669 et
3630 5596 3792 5706 D'th,

534 5712 781 5781 perfecte.
799 5710 1067 5766 Derivatio
1095 5709 1242 5763 verbi
1268 5693 1498 5768 utimini
1529 5710 1597 5763 ab
1620 5718 1702 5769 1"!”
1717 5695 1929 5775 διωθεῖ,
1948 5711 2112 5779 idest,

2223 5727 2276 5779 id
2297 5735 2399 5784 est,
2429 5727 2682 5779 nossessio
2718 5727 2880 5784 pacis.

3796 5815 3885 5865 σο·κὲ
