4028 6274
211 362 326 421 ω»

1306 354 1660 416 COMMENT.
1697 355 1764 408 ll\
1800 351 2046 410 EVANG.
2086 353 2211 412 SEC
2248 347 2437 412 JOAN.

3351 348 3457 410 338

210 490 430 550 rogare,
482 474 612 544 quid
658 473 727 528 de
777 473 878 529 hac
926 470 1358 541 praesumptione
1405 469 1502 525 tibi
1556 468 1786 524 videtur.
1816 467 1867 527 Α
1895 464 2017 521 Non
2061 475 2224 537 potest
2253 468 2406 522 homo
2455 467 2687 539 accipere
2722 470 3018 539 quicquam,
3063 470 3163 524 nisi
3207 469 3365 540 fuerit
3411 468 3459 526 ei

286 563 574 631 Respondit
597 561 831 617 Joannes
855 570 903 615 et
932 559 1063 612 dixit
1094 575 1114 613 :
1146 557 1269 612 Non
1281 568 1445 628 potest
1467 554 1621 611 homo
1649 557 1787 610 acci-

209 671 341 726 pere
369 653 647 724 quicquam
680 651 723 715 ’,
753 648 856 704 nisi
893 647 1051 718 fuerit
1092 649 1138 701 ei
1180 646 1359 700 datum
1407 645 1472 700 de
1517 644 1679 700 caelo.
1730 643 1788 698 In

208 746 536 818 quibusdam
567 744 845 801 codicibus
869 743 1200 799 Graecorum
1226 742 1461 812 legitur:
1490 742 1590 794 nisi
1631 739 1789 808 fuerit

205 837 262 890 ei
309 836 490 890 datum
539 835 814 891 desursum
867 835 933 888 de
958 833 1122 888 caelo.
1166 831 1449 889 Humiliter
1507 832 1789 902 respondit

208 940 409 981 servus
450 924 829 980 accusantibus
872 921 1158 979 Dominum
1204 936 1382 977 suum.
1441 919 1559 974 Non
1597 928 1786 990 potest,

210 1014 414 1083 inquit,
456 1014 610 1067 homo
636 1013 867 1082 accipere
890 1010 1189 1080 quicquam.
1223 1008 1303 1065 Ac
1330 1009 1378 1064 si
1405 1009 1610 1064 diceret
1636 1023 1651 1061 :
1686 1007 1789 1061 Pu-

212 1105 347 1160 tatis
376 1118 463 1159 me
491 1102 750 1171 majorem
783 1115 904 1157 esse
933 1100 1050 1171 ipso
1077 1140 1092 1165 ,
1118 1098 1271 1169 cujus
1298 1114 1487 1155 servus
1530 1108 1585 1154 et
1625 1112 1786 1168 prae-

208 1210 412 1251 cursor
437 1209 589 1260 sum;
622 1193 820 1249 erratis
845 1192 899 1246 in
927 1206 1052 1248 eum
1082 1206 1190 1246 non
1226 1191 1528 1257 credentes,
1557 1197 1614 1245 et
1640 1190 1791 1260 igno-

209 1294 422 1349 rantes,
442 1284 573 1353 quid
596 1284 666 1339 sit
679 1293 734 1338 et
753 1283 894 1338 unde
913 1282 1083 1346 venit,
1105 1290 1157 1338 et
1181 1281 1380 1350 putatis
1400 1295 1487 1335 me
1507 1294 1625 1336 esse
1645 1279 1788 1349 quod

209 1392 325 1432 non
353 1392 496 1431 sum.
525 1373 595 1430 Ut
613 1382 793 1429 autem
822 1372 1032 1438 sciatis,
1056 1372 1183 1440 quid
1213 1370 1300 1427 ille
1328 1371 1420 1435 sit,
1451 1378 1505 1425 et
1532 1370 1659 1440 quid
1687 1385 1786 1439 ego

209 1482 359 1532 sum,
407 1465 588 1519 audite
628 1478 807 1519 meum
851 1476 1167 1532 responsum
1210 1478 1227 1518 :
1276 1460 1398 1516 Non
1446 1471 1607 1530 potest
1633 1460 1786 1513 homo

205 1559 450 1625 accipere
466 1556 764 1626 quicquam.
794 1554 967 1609 Homo
990 1568 1107 1609 sum
1138 1562 1193 1608 et
1222 1567 1331 1607 non
1357 1551 1519 1614 Deus,
1549 1549 1636 1603 ille
1660 1563 1786 1603 vero

206 1654 270 1699 et
298 1645 443 1699 Deus
470 1653 557 1699 est
586 1652 641 1698 et
664 1644 845 1699 homo.
889 1643 1008 1713 lpse
1031 1650 1134 1707 est,
1169 1644 1234 1696 de
1276 1656 1383 1711 quo
1420 1638 1784 1695 testimonium

206 1734 465 1804 perhibui
511 1733 738 1789 dicens:
770 1750 789 1783 ι
823 1732 899 1786 De
939 1731 1272 1801 plenitudine
1311 1728 1427 1797 ejus
1463 1743 1561 1782 nos
1598 1739 1785 1781 omnes

1870 1183 2035 1237 ‘nium
2106 1184 2394 1240 adhibetis.
2458 1184 2610 1249 Quod
2674 1184 2895 1237 dixerim
2951 1198 2969 1235 :

1891 554 2073 609 datum
2100 557 2163 609 de
2186 554 2351 621 caelo,
2384 557 2589 611 hocest
2613 556 2678 612 de
2698 556 2880 624 Patre,
2904 557 2996 628 qui
3020 558 3344 628 principium
3373 567 3457 615 est

1890 644 2130 699 omnium
2151 646 2447 708 bonorum;
2479 660 2563 710 ac,
2587 647 2629 701 si
2653 646 2717 702 de
2749 646 2930 712 Patre,
2949 647 3131 716 utique
3160 647 3333 717 primo
3360 660 3461 717 per

1889 731 2106 799 Filium,
2132 735 2197 789 de
2226 734 2379 804 cujus
2425 733 2755 805 plenitudine
2790 750 2886 790 nos
2921 749 3110 791 omnes
3131 736 3456 805 accepimus.
3501 790 3508 807 ζ

1960 821 2070 895 Ipsi
2104 839 2189 878 vos
2238 823 2364 877 mihi
2417 825 2765 878 testimonium
2815 825 3109 895 perhibetis.
3166 824 3280 881 Hoc
3326 828 3461 882 mihi

1888 913 2225 970 solummodo
2260 915 2312 970 in
2354 914 2547 971 vestris
2572 915 2749 970 verbis
2781 916 3047 985 congruit,
3091 917 3181 985 qui
3228 932 3331 972 non
3374 933 3462 972 so-

1888 1001 1997 1056 lum
2028 1018 2132 1057 non
2159 1003 2377 1059 creditis
2407 1003 2462 1058 in
2512 1020 2634 1059 eum
2666 1004 2755 1074 qui
2786 1005 2933 1058 misit
2955 1020 3059 1070 me,
3084 1020 3269 1060 verum
3298 1007 3462 1060 etiam

1890 1091 2149 1163 baptisma
2180 1093 2348 1163 ipsius
2384 1093 2595 1149 irritum
2626 1095 2844 1166 putatis,
2879 1094 3019 1164 quod
3054 1095 3185 1149 mihi
3223 1096 3464 1151 testimo-

3026 1184 3139 1255 Ego
3192 1201 3296 1239 non
3344 1198 3461 1240 sum

1886 1270 2145 1337 Christus,
2174 1274 2266 1327 sed
2293 1274 2417 1344 quia
2459 1275 2649 1328 missus
2690 1290 2806 1327 sum
2851 1284 2971 1327 ante
3015 1274 3182 1328 illum.
3225 1274 3466 1331 Audistis

1886 1375 1954 1415 ex
2004 1377 2092 1416 me
2137 1361 2270 1419 haec
2314 1364 2511 1429 verba,
2558 1363 2772 1433 quando
2803 1364 2870 1419 de
2916 1380 2981 1420 eo
3021 1365 3280 1436 loquebar
3324 1366 3465 1421 ultra

1885 1446 2205 1517 Jordanem;
2253 1453 2479 1508 audistis
2524 1453 2707 1522 utique
2735 1490 2751 1518 ,
2786 1453 3001 1522 quando
3043 1455 3220 1511 dicitis
3255 1473 3268 1509 :
3305 1475 3326 1508 ‹
3360 1453 3468 1524 Qui

1884 1548 2004 1595 erat
2049 1549 2223 1596 tecum
2265 1551 2413 1597 trans
2455 1541 2767 1607 Jordanem,
2810 1543 2899 1597 cui
2940 1545 3300 1600 testimonium
3339 1561 3467 1615 per-

1884 1628 2104 1683 bibuisti
2148 1646 2208 1691 ις
2250 1638 2304 1685 et
2324 1631 2367 1684 si
2399 1631 2641 1693 audistis,
2683 1645 2850 1699 quare
2892 1630 3040 1686 illum
3064 1672 3078 1695 ,
3109 1633 3176 1687 de
3216 1648 3322 1703 quo
3360 1632 3467 1688 tale

1886 1716 2250 1773 testimonium
2292 1719 2541 1789 perhibui
2568 1759 2583 1783 ,
2633 1718 2700 1773 ad
2752 1734 2836 1773 me
2881 1720 3165 1785 accusatis,
3211 1722 3365 1790 quasi
3409 1723 3466 1778 in

205 1801 528 1892 ξιεεερίηιυε
547 1840 594 1875 ,,
635 1820 809 1875 nomo
850 1820 1035 1890 itaque
1063 1835 1213 1884 sum;
1240 1834 1271 1875 ει
1305 1833 1390 1874 me
1419 1817 1551 1872 ηίιιίι
1581 1814 1784 1883 accepi,
1824 1801 1862 1857 Β
1893 1808 2143 1879 injuriam
2174 1824 2348 1864 meam
2396 1809 2589 1886 multos
2632 1809 2949 1880 baptizarit?
2978 1810 3097 1865 Dixi
3123 1828 3138 1865 :
3171 1808 3288 1867 Non
3342 1828 3465 1870 sum

208 1913 309 1983 qui
358 1926 467 1966 non
520 1912 730 1973 habeo,
781 1911 924 1979 quod
967 1926 998 1964 a
1046 1924 1133 1964 me
1182 1909 1462 1979 accipiam.
1519 1903 1783 1974 Quicquid

208 2003 427 2071 accepi,
446 2001 514 2055 ab
541 2016 607 2056 eo
627 2001 835 2070 accepi.
860 1999 917 2055 Si
938 2000 1169 2071 gratiam
1192 1999 1372 2070 accepi
1393 1995 1784 2069 praecursoris,

209 2093 285 2147 ab
330 2107 400 2148 eo
440 2091 646 2160 accepi.
675 2090 1048 2156 Existimatis,
1079 2104 1163 2145 me
1206 2090 1343 2144 ultra
1390 2097 1638 2142 naturam
1668 2100 1789 2159 esse

209 2179 533 2234 humanam.
567 2178 703 2245 Quia
743 2179 1003 2243 audistis,
1033 2178 1173 2248 quod
1219 2192 1323 2232 non
1369 2176 1487 2232 sine
1530 2174 1788 2230 miraculo

209 2268 435 2323 divinae
464 2267 681 2322 virtutis
708 2275 869 2321 natus
916 2281 1073 2332 sum,
1125 2280 1191 2320 ex
1237 2264 1548 2335 parentibus
1591 2264 1789 2334 quippe

208 2367 508 2428 provectae
536 2358 749 2421 aetatis,
786 2372 850 2413 ac
881 2357 1044 2414 veluti
1082 2357 1223 2413 ultra
1268 2358 1533 2412 humanae
1563 2364 1790 2411 naturae

213 2450 668 2506 consuetudinem
703 2458 864 2504 natus
891 2464 1033 2513 sum,
1062 2457 1284 2518 propter
1315 2448 1420 2502 hoc
1448 2446 1670 2517 putatis,
1704 2459 1791 2501 me

212 2538 365 2593 ultra
389 2538 661 2593 hominem
681 2551 821 2592 esse.
846 2536 960 2591 Non
984 2537 1083 2603 ita,
1106 2537 1268 2591 homo
1288 2535 1623 2591 solummodo
1646 2549 1783 2590 sum.

212 2628 279 2683 Si
310 2626 696 2697 cognovissetis
716 2626 842 2696 quid
876 2641 1019 2692 sum,
1060 2642 1164 2681 non
1196 2625 1508 2681 exaltaretis
1533 2638 1618 2679 me
1649 2623 1788 2678 ultra

212 2720 275 2776 id
301 2719 449 2789 quod
474 2733 622 2781 sum;
649 2726 706 2773 et
753 2718 800 2773 si
828 2717 1228 2788 cognosceretis
1248 2716 1375 2787 quid
1402 2716 1488 2772 ille
1510 2723 1615 2780 est,
1642 2712 1790 2768 nullo

213 2809 383 2867 modo
410 2807 801 2877 compararetis
847 2822 932 2861 me
975 2806 1073 2862 illi.
1108 2805 1282 2862 llomo
1326 2805 1472 2860 enim
1517 2819 1669 2869 sum,
1702 2801 1790 2857 ille

216 2899 402 2960 Deus;
424 2896 679 2966 quicquid
691 2895 894 2965 accepi,
921 2895 990 2950 ab
1012 2895 1101 2949 illo
1121 2893 1324 2964 accepi.
1349 2892 1791 2972 sapientissimus

214 3000 546 3059 praecursor
570 2985 774 3040 Christi
818 2993 1064 3054 segregat
1090 2984 1145 3041 in
1176 2998 1235 3038 se
1279 2985 1395 3055 ipso
1443 2990 1693 3037 naturam
1735 2989 1792 3036 et

218 3077 475 3147 gratiam,
502 3075 606 3131 sibi
637 3074 960 3139 attribuens,
989 3076 1132 3144 quod
1177 3075 1361 3139 homo,
1404 3079 1507 3128 hoc
1540 3081 1618 3128 est
1648 3072 1789 3142 quod

221 3168 499 3234 mortalis,
544 3167 685 3237 quod
732 3176 1012 3237 peccator,
1043 3166 1185 3236 quod
1236 3181 1303 3221 ex
1349 3165 1526 3239 primo
1575 3164 1788 3218 homine
1816 3147 1860 3207 (ἶ

221 3270 446 3315 terreno
477 3267 722 3316 terrenus
753 3258 932 3314 factus
961 3257 1057 3323 sit,
1092 3264 1148 3314 et
1182 3267 1385 3318 cetera,
1418 3271 1557 3326 quae
1594 3256 1661 3311 de
1689 3254 1788 3308 hu-

222 3365 419 3405 manae
442 3357 668 3404 naturae
696 3348 1008 3404 inﬁrmitate
1035 3356 1091 3402 et
1131 3355 1352 3417 peccato
1388 3354 1443 3400 et
1472 3359 1644 3415 poena
1667 3359 1792 3414 pec-

222 3440 331 3495 cati
367 3441 420 3494 in
458 3454 518 3495 se
546 3440 663 3510 ipso
702 3438 1006 3508 ceterisque
1045 3438 1355 3493 hominibus
1394 3435 1792 3501 considerabat,

224 3528 459 3598 gratiam
476 3541 719 3582 seorsum
741 3541 1034 3597 segregans
1047 3541 1077 3580 a
1092 3542 1170 3590 se,
1195 3540 1357 3596 quam
1383 3532 1664 3594 acceperat
1688 3540 1793 3580 non

223 3634 295 3674 ex
341 3619 572 3683 meritis,
612 3619 705 3674 sed
743 3634 812 3673 ex
857 3617 1179 3674 abundantia
1224 3616 1572 3688 plenitudinis
1605 3616 1793 3686 ipsius,

224 3710 381 3779 cujus
396 3724 715 3779 praecursor
730 3719 866 3764 erat.
890 3709 1005 3765 Duo
1026 3709 1434 3764 considerantur
1456 3708 1509 3763 in
1534 3708 1752 3763 homine
1780 3725 1792 3760 :

227 3801 418 3855 datum
445 3799 691 3855 videlicet
716 3809 771 3853 et
795 3799 1017 3854 donum.
1047 3798 1239 3854 Datum
1271 3799 1505 3853 refertur
1529 3798 1597 3852 ad
1642 3803 1798 3851 natu-

228 3905 370 3953 ram,
402 3890 599 3945 donum
628 3887 858 3944 refertur
877 3889 943 3942 ad
965 3889 1214 3959 gratiam.
1240 3887 1307 3941 Et
1326 3886 1571 3958 quamvis
1594 3886 1797 3940 nullum

228 3983 427 4037 horum
472 3981 543 4037 sit
579 3980 682 4036 nisi
723 3996 793 4035 ex
841 3980 982 4045 Deo,
1032 3980 1172 4034 sicut
1216 3980 1293 4033 ait
1338 3976 1668 4048 Apostolus:
1710 3995 1727 4028 ι
1756 3974 1801 4032 Ο

231 4074 419 4137 homo,
446 4071 573 4140 quid
596 4071 766 4126 habes
794 4070 938 4141 quod
960 4084 1064 4124 non
1093 4069 1347 4137 accepisti
1371 4088 1389 4119 ι
1410 4068 1434 4122 ?
1459 4066 1597 4123 solet
1621 4075 1801 4121 tamen

229 4161 515 4229 Scriptum
540 4160 725 4213 datum
773 4165 999 4212 naturae
1023 4156 1178 4226 quasi
1209 4156 1309 4224 ipsi
1338 4154 1569 4218 homini,
1600 4154 1801 4207 donum

232 4265 367 4307 vero
408 4250 538 4304 nulli
583 4250 684 4304 nisi
717 4249 828 4304 Deo
857 4247 1192 4303 adscribere.
1220 4246 1302 4300 Ad
1330 4246 1435 4300 hoc
1466 4244 1614 4300 enim
1658 4243 1805 4298 dedit

230 4340 379 4396 Deus
403 4349 675 4405 naturam,
709 4347 769 4394 ut
799 4353 921 4393 eam
959 4347 1179 4392 ornaret
1202 4351 1299 4406 per
1330 4336 1580 4405 gratiam.
1608 4335 1677 4389 Et
1702 4335 1805 4389 hoc

1886 1896 2167 1963 Christus,
2214 1898 2308 1953 sed
2346 1897 2570 1969 simplex
2622 1899 2810 1965 homo;
2861 1914 2969 1956 non
3016 1915 3132 1956 sum
3186 1910 3380 1957 unctus
3433 1918 3467 1958 a

1886 1990 2048 2046 Patre
2087 1990 2416 2061 plenitudine
2450 1990 2689 2059 spiritus,
2738 1990 2828 2045 ille
2858 1999 3037 2045 autem
3065 2001 3288 2059 unctus;
3316 1992 3470 2049 etde

1886 2079 2215 2150 plenitudine
2256 2078 2372 2148 ejus
2417 2080 2619 2149 accepi.
2666 2078 2773 2135 Sed
2801 2080 2926 2149 quia
2962 2081 3158 2136 missus
3191 2097 3309 2137 sum
3341 2091 3470 2137 ante

1888 2171 2059 2236 illum,
2090 2171 2287 2226 missus
2314 2186 2432 2226 sum
2467 2171 2519 2224 in
2552 2170 2807 2224 mundum
2840 2171 3021 2241 prius,
3046 2173 3315 2227 nascendo
3343 2181 3470 2228 ante

1887 2260 2057 2316 illum.
2087 2260 2178 2316 llle
2208 2269 2333 2316 ante
2365 2260 2546 2316 omnia
2573 2259 2750 2315 secula
2794 2257 2936 2314 Deus
2962 2275 3082 2315 cum
3118 2259 3229 2316 Deo
3270 2261 3431 2316 Patre
3450 2299 3467 2326 ,

1887 2370 1986 2425 ego
2016 2354 2174 2409 homo
2209 2354 2262 2407 in
2292 2353 2396 2407 [ine
2427 2350 2591 2407 seculi
2632 2351 2829 2408 missus
2880 2352 2933 2406 in
2960 2364 3141 2417 carne,
3178 2360 3467 2423 antequam

1888 2445 1979 2499 ille
2016 2453 2330 2499 nasceretur
2360 2442 2412 2496 in
2440 2455 2624 2496 carne.

1960 2532 2064 2600 Qui
2089 2532 2240 2586 habet
2265 2548 2530 2602 sponsam,
2558 2547 2778 2601 sponsus
2803 2538 2898 2586 est.
2925 2529 3126 2586 Videns
3148 2544 3471 2602 praecursor

1888 2623 2245 2696 cogitationes
2264 2636 2486 2676 suorum
2511 2620 2917 2689 discipulorum,
2945 2619 3039 2689 qui
3069 2619 3194 2674 talia
3218 2618 3287 2674 de
3309 2618 3469 2674 Chri-

1888 2724 1974 2770 sto
2015 2712 2235 2784 ejusque
2276 2712 2599 2782 baptismate
2652 2709 3039 2780 proferebant,
3084 2719 3141 2766 et
3180 2709 3472 2764 audiebant

1888 2806 1971 2862 sui
2003 2804 2243 2876 magistri
2286 2818 2601 2874 responsum
2631 2803 2697 2857 de
2731 2816 2791 2857 se
2832 2802 2947 2872 ipso
2985 2810 3039 2856 et
3064 2802 3130 2856 de
3156 2817 3253 2857 suo
3293 2800 3471 2870 bapti-

1887 2898 2083 2958 smate.
2130 2895 2358 2952 dicens:
2395 2915 2411 2948 ε
2455 2895 2571 2950 Νοη
2600 2902 2774 2964 potest
2818 2895 2979 2949 homo
3024 2892 3268 2962 accipere
3316 2892 3470 2963 quic-

1888 3002 2048 3056 quam
2080 3005 2125 3051 ι,
2149 2985 2439 3040 humilians
2459 2998 2519 3039 se
2559 2983 2755 3053 ipsum,
2776 2982 3155 3051 veraciterque
3184 2982 3250 3035 de
3276 2995 3334 3035 se
3354 2980 3472 3049 ipso

1889 3076 2266 3146 pronuntians,
2309 3074 2450 3143 quod
2494 3082 2738 3128 terrenus
2789 3072 2949 3128 homo
2993 3071 3084 3137 sit,
3120 3079 3175 3126 et
3221 3070 3477 3126 volebant

1895 3167 2272 3234 interrogare:
2304 3162 2362 3216 Si
2400 3148 2561 3218 homo
2610 3176 2670 3218 es
2716 3159 3073 3226 solummodo,
3119 3169 3175 3215 et
3212 3160 3471 3230 majorem

1896 3264 2218 3325 potestatem
2243 3262 2299 3309 et
2325 3254 2552 3325 gratiam
2591 3267 2621 3307 a
2651 3261 2703 3307 te
2734 3252 2851 3322 ipso
2891 3267 2999 3306 non
3043 3252 3231 3316 habes,
3259 3258 3477 3321 praeter
3540 3291 3543 3294 μ

1896 3348 2040 3419 quod
2068 3347 2135 3402 ab
2171 3360 2237 3402 eo
2277 3345 2552 3415 accepisti,
2599 3343 2691 3415 qui
2722 3359 2863 3398 nunc
2901 3343 3137 3414 baptizat
3167 3344 3220 3397 in
3250 3341 3475 3408 Judaea,

1897 3448 1954 3493 et
1984 3446 2038 3492 tu
2066 3436 2221 3500 dicis,
2249 3436 2373 3504 quia
2415 3435 2609 3489 missus
2649 3442 2733 3487 est
2758 3441 2884 3486 ante
2913 3431 3084 3498 illum,
3112 3431 3218 3496 die,
3246 3445 3476 3501 quaesu-

1899 3540 2039 3592 mus,
2070 3524 2200 3594 quid
2225 3538 2284 3579 es
2328 3530 2544 3593 praeter
2584 3520 2877 3587 hominem,
2919 3527 3012 3574 aut
3062 3519 3368 3591 quantus”,
3423 3528 3481 3574 et

1898 3613 2027 3685 quid
2055 3613 2260 3685 gratiae
2281 3610 2535 3681 accepisti
2559 3612 2624 3664 de
2650 3609 2833 3675 caelo;
2859 3608 3163 3677 respondit:
3194 3608 3298 3674 Qui
3325 3607 3479 3662 habet

1897 3721 2141 3775 sponsam
2167 3720 2386 3774 sponsus
2410 3711 2505 3757 est.
2537 3701 2639 3768 Qui
2670 3712 2889 3771 propter
2903 3699 3199 3755 Ecclesium
3227 3698 3392 3763 venit,
3421 3706 3484 3752 ut

1902 3796 2127 3851 haberet
2152 3809 2400 3864 sponsam
2420 3793 2587 3857 venit,
2611 3807 2772 3862 quam
2793 3806 2936 3846 nunc
2962 3790 3148 3860 incipit
3169 3805 3238 3843 ex
3254 3787 3480 3845 Iudaico
3538 3822 3543 3825 -

1900 3886 2095 3958 populo
2132 3878 2355 3951 voeare,
2403 3884 2601 3939 multos
2639 3882 2968 3938 Iudaeorum
3012 3881 3311 3952 baptizans.
3365 3880 3485 3951 Ipse

1901 3992 2130 4049 sponsus
2155 3984 2256 4032 est.
2288 3976 2401 4048 Ego
2436 3984 2616 4030 autem
2635 4015 2650 4041 ,
2676 3982 2735 4030 ut
2760 3974 3102 4038 existimatis,
3126 3987 3299 4043 neque
3321 3987 3482 4042 spon-

1903 4083 1998 4123 sus
2041 4081 2180 4132 sum,
2231 4080 2404 4135 neque
2453 4078 2705 4134 sponsam
2758 4064 2968 4126 habeo,
3016 4064 3110 4118 sed
3154 4063 3209 4116 in
3256 4076 3483 4116 numero

1903 4171 2131 4229 sponsae
2161 4171 2247 4212 me
2276 4157 2447 4227 ipsum
2483 4163 2754 4225 computo.
2783 4153 2855 4210 Ut
2893 4153 3078 4210 sciatis
3121 4161 3320 4218 autem,
3351 4152 3482 4222 quid

1905 4263 2047 4311 sum,
2082 4256 2139 4302 et
2180 4245 2394 4316 qualem
2427 4244 2657 4316 gratiam
2686 4244 2857 4299 habeo
2886 4243 2953 4296 ab
3000 4242 3090 4297 illo
3134 4254 3351 4311 sponso,
3388 4240 3481 4310 qui

1905 4340 2070 4394 habet
2097 4351 2346 4408 sponsam
2369 4376 2385 4401 ,
2415 4335 2598 4390 audite
2629 4353 2643 4390 :
2685 4334 2897 4388 Amicus
2924 4343 3096 4388 autem
3125 4332 3320 4403 sponsi.
3362 4329 3481 4386 Non

230 4438 322 4485 est
363 4430 509 4498 quod
531 4429 609 4483 ait
638 4447 653 4483 :
687 4428 812 4483 Non
851 4436 1023 4497 potest
1064 4429 1250 4489 homo,
1296 4427 1400 4481 hoc
1442 4434 1526 4481 est
1566 4426 1803 4480 humana
1834 4473 1882 4498 η
1906 4444 2026 4484 sum
2073 4441 2320 4496 sponsus,
2363 4426 2461 4482 sed
2508 4440 2756 4497 magnam
2784 4426 3012 4494 gratiam
3053 4425 3235 4494 sponsi
3288 4424 3480 4487 habeo,

235 4527 455 4582 natura,
493 4518 723 4587 accipere
744 4516 1021 4587 quicquam
1050 4516 1286 4586 gratiae,
1316 4515 1417 4570 nisi
1445 4515 1603 4585 fuerit
1632 4516 1680 4570 ei
1707 4515 1803 4569 da—

235 4620 350 4664 tum
373 4609 439 4664 de
456 4608 622 4663 caelo.
640 4608 832 4663 Datum
857 4609 911 4661 in
934 4608 1036 4662 hoc
1062 4607 1181 4662 loco
1207 4621 1305 4677 pro
1347 4608 1543 4663 donum
1569 4606 1809 4663 Joannes

234 4698 457 4769 posuit,
485 4697 626 4765 quod
655 4695 969 4765 saepissime
1013 4695 1286 4749 invenitur
1330 4695 1383 4750 in
1429 4696 1613 4750 divina
1663 4694 1812 4752 Scri—

235 4798 420 4862 ptura.
467 4791 661 4844 Datum
704 4789 845 4844 enim
883 4802 981 4858 pro
1007 4787 1169 4853 dono,
1199 4797 1256 4843 et
1294 4788 1493 4845 donum
1536 4780 1640 4858 pro
1682 4789 1810 4844 dato

234 4889 421 4953 potest
443 4881 632 4951 accipi.
664 4880 740 4935 lta
767 4879 911 4935 enim
939 4878 1128 4947 juncta
1155 4880 1285 4934 data
1323 4887 1547 4935 naturae
1572 4888 1629 4934 et
1668 4880 1808 4935 dona

239 4971 472 5042 gratiae,
493 4979 555 5025 ut
576 4967 953 5038 inseparabilis
975 4967 1091 5022 ﬁeri
1109 4968 1410 5023 videantur.
1438 4967 1591 5022 Nulla
1612 4969 1811 5039 quippe

238 5070 441 5116 natura
491 5068 575 5115 est
617 5059 912 5127 rationalis,
961 5071 1101 5129 quae
1148 5058 1385 5127 omnino,
1411 5058 1556 5114 dono
1599 5061 1808 5130 gratiae

240 5157 450 5207 amat.
483 5149 607 5204 Nisi
636 5150 791 5218 fuerit
825 5150 1002 5204 datum
1036 5150 1101 5204 de
1136 5148 1300 5204 caelo.
1347 5150 1420 5205 De
1461 5164 1569 5219 quo
1621 5151 1809 5206 caelo?

240 5241 325 5297 De
354 5240 517 5295 Patre
549 5239 816 5295 videlicet.
841 5239 980 5296 Audi
1007 5238 1269 5296 Iacobum
1299 5241 1598 5311 apostolum
1630 5241 1811 5297 dicen-

242 5343 396 5387 tem:
426 5350 447 5382 ι
479 5329 652 5386 Omne
682 5330 865 5387 datum
901 5331 1163 5400 optimum
1192 5340 1249 5385 et
1274 5345 1434 5387 omne
1463 5332 1659 5385 donum
1688 5347 1813 5401 per-

241 5421 447 5475 fectum
470 5419 754 5476 desursum
773 5426 875 5482 est,
892 5418 1225 5474 descendens
1244 5434 1274 5473 a
1301 5418 1461 5474 Patre
1481 5419 1742 5476 luminum
1767 5442 1811 5476 ι.

243 5508 456 5575 Quibus
479 5508 656 5563 verbis
680 5507 900 5563 omnino
924 5507 1205 5579 congruit,
1234 5509 1376 5578 quod
1419 5506 1654 5565 Joannes
1698 5513 1810 5567 ait:

1834 4473 1882 4533 ι)

1912 4517 2119 4572 amicus
2142 4515 2255 4585 ejus
2279 4530 2416 4570 sum.
2452 4513 2554 4580 Qui
2578 4522 2681 4569 stat
2708 4524 2757 4568 et
2787 4515 2933 4568 audit
2965 4530 3105 4580 eum,
3130 4514 3321 4584 gaudio
3348 4528 3482 4583 gau-

1912 4606 2016 4661 det.
2040 4606 2153 4677 Ego
2180 4604 2384 4659 amicus
2423 4603 2606 4674 sponsi
2635 4618 2775 4667 sum,
2808 4612 2865 4658 et
2886 4612 2971 4658 sto
3014 4603 3067 4657 in
3109 4602 3224 4670 ejus
3272 4602 3481 4672 gratia;

1912 4694 1967 4749 in
1989 4691 2105 4762 ejus
2130 4690 2368 4747 amicitia
2396 4706 2713 4762 permaneo;
2741 4707 2846 4746 non
2876 4692 3038 4757 cado;
3072 4691 3161 4746 ille
3184 4706 3271 4745 me
3299 4701 3484 4746 custo-

1912 4783 2013 4849 dit,
2027 4798 2094 4838 ne
2113 4783 2330 4846 cadam;
2360 4780 2449 4836 ille
2470 4782 2599 4836 mihi
2622 4782 2805 4847 donat,
2829 4781 3144 4853 neﬁgratiam
3163 4772 3315 4837 suam
3333 4783 3485 4837 dese-

1914 4887 2028 4927 ram
2047 4911 2064 4938 ,
2084 4871 2177 4926 sed
2194 4884 2407 4940 semper
2420 4877 2556 4925 stem
2570 4880 2626 4925 et
2639 4871 2854 4926 audiam
2874 4887 3018 4936 eum,
3050 4872 3262 4927 audiam
3284 4871 3487 4927 doctri-

1922 4982 2046 5022 nam
2074 4964 2207 5034 ejus,
2229 4980 2331 5020 non
2355 4964 2689 5020 extrinsecus
2708 4964 3039 5021 solummodo
3073 4981 3202 5020 aure
3221 4965 3485 5035 corporis,

1910 5071 2099 5114 verum
2122 5056 2284 5111 etiam
2303 5055 2627 5111 intrinsecus
2647 5072 2777 5112 aure
2805 5057 3009 5123 cordis,
3028 5066 3084 5114 et
3099 5056 3216 5127 plus
3236 5056 3499 5111 intrinse-'

1916 5163 2012 5204 cus
2036 5161 2199 5218 quam
2244 5144 2598 5200 extrinsecus.
2633 5146 2743 5203 Vox
2791 5147 2908 5219 ejus
2950 5147 3310 5203 testimonium
3345 5144 3481 5213 ejus,

1918 5253 2025 5308 quo
2045 5234 2290 5307 perhibet
2314 5250 2372 5290 se
2396 5234 2589 5290 Filium
2612 5235 2708 5291 Dei
2733 5245 2788 5290 et
2814 5252 3069 5308 sponsum
3096 5235 3393 5298 Ecclesiae;
3434 5242 3490 5289 et

1918 5324 2045 5401 quia
2090 5326 2250 5382 audio
2301 5326 2524 5381 verbum
2591 5326 2706 5397 ejus
2734 5367 2750 5391 ,
2802 5330 3009 5399 gaudeo
3057 5334 3267 5397 propter
3310 5340 3486 5378 nocent

1918 5418 2111 5489 sponsi.
2142 5416 2217 5470 De
2238 5430 2296 5471 se
2322 5415 2437 5486 ipso
2480 5430 2609 5487 ergo
2648 5415 2856 5488 profert
2915 5415 3148 5471 Joannes
3192 5413 3334 5484 quod
3364 5412 3440 5466 ait
3470 5429 3485 5465 :

1922 5511 2135 5563 Amicus
2163 5518 2330 5563 autem
2358 5508 2552 5575 sponsi,
2582 5510 2671 5578 qui
2714 5519 2814 5564 stat
2840 5517 2892 5562 et
2920 5506 3068 5561 audit
3110 5520 3248 5571 eum,
3295 5501 3488 5574 gaudi,

1524 5617 1779 5672 VARIAE
1816 5616 2211 5674 LECTIONES.

323 5719 340 5748 ⁸
369 5714 500 5771 Cod.
530 5712 803 5778 quicquam
826 5711 1075 5777 accipere.
1151 5712 1172 5742 ¹
1210 5708 1385 5773 Corn,
1418 5710 1825 5778 cod.'quanties.
