4028 6274
528 358 630 416 397

1904 346 2181 410 JUANNIS
2220 351 2414 409 SCOTI

3672 354 3768 411 328

529 468 719 538 gaudet
743 474 952 539 prapter
992 482 1164 521 vocem
1190 467 1400 537 sponsi,
1431 474 1491 522 ut
1519 466 1763 537 discipuli
1792 470 1874 524 sui
1921 479 2105 539 aperte
2133 469 2179 527 Α
2208 481 2395 521 omnes
2426 465 2623 521 terreni
2649 474 2925 537 peccatum
2969 477 3021 524 et
3048 481 3274 538 poenam
3303 468 3530 540 peccati,
3558 468 3665 526 hoc
3691 480 3770 528 est

523 563 932 627 cognoscerent,
961 556 1089 627 quid
1120 557 1234 628 ipse
1275 565 1441 622 esset,
1477 565 1531 611 et
1575 558 1702 625 quid
1745 558 2010 625 Christus,
2042 558 2096 614 in

522 661 683 715 quem
731 646 907 700 adhuc
960 660 1067 698 non
1114 645 1494 709 crediderant,
1543 661 1714 715 neque
1771 648 2095 717 baptismum

521 735 639 804 ejus
667 745 1007 805 acceperant.
1057 734 1169 789 Hoc
1199 750 1320 804 ergo
1355 735 1606 806 gaudium
1634 753 1805 790 uicum
1831 737 2095 806 impletum

518 836 614 882 est.
642 827 723 882 Ae
747 828 793 882 si
823 827 1031 883 diceret
1062 826 1153 880 :ln
1177 826 1279 880 hoc
1300 826 1555 895 gaudium
1583 842 1760 883 meum
1791 827 2092 898 impletum,

519 918 574 972 in
607 932 691 980 eo,
740 918 880 986 quod
931 916 1105 971 factus
1148 931 1268 969 sum
1314 916 1520 971 amicus
1570 918 1775 986 sponsi,
1822 924 1877 971 et
1918 927 2002 972 sto
2039 917 2092 972 in

517 1010 636 1080 ejus
661 1010 853 1081 gratia,
891 1017 947 1064 et
988 1009 1147 1062 audio
1175 1023 1362 1062 vocem
1407 1008 1631 1078 sponsi,
1672 1009 1914 1063 vocantis
1950 1022 2094 1063 nunc

516 1114 772 1169 sponsam
799 1100 851 1153 in
877 1097 1077 1153 Iudaea
1106 1112 1173 1151 ex
1201 1095 1442 1161 Judaeis,
1474 1106 1529 1151 et
1556 1097 1858 1152 inclinantis
1899 1112 1999 1167 per
2034 1111 2093 1152 se

517 1191 694 1261 ipsum
740 1198 794 1245 et
833 1188 1150 1259 praedicare
1199 1194 1255 1240 et
1296 1185 1606 1256 baptizare;
1646 1187 1787 1256 quod
1823 1184 1938 1256 jam
1984 1201 2091 1240 non

454 1301 467 1311 ·
515 1280 750 1341 sentitis,
799 1277 891 1347 qui
927 1278 980 1332 in
1026 1291 1147 1331 eum
1182 1291 1286 1331 non
1320 1275 1559 1330 creditis.
1610 1274 1676 1328 Et
1701 1290 1769 1330 ne
1797 1275 2089 1340 miremini,

514 1368 658 1437 quod
681 1366 767 1423 ille
792 1366 1049 1436 baptizat,
1074 1373 1130 1419 et
1154 1378 1341 1419 omnes
1368 1365 1590 1419 veniunt
1613 1365 1678 1418 ad
1704 1380 1849 1423 eum.
1886 1373 1945 1419 ut
1973 1380 2092 1419 creo

514 1459 651 1512 dant
664 1465 720 1514 et
740 1456 1102 1527 baptizentur,
1129 1462 1183 1507 et
1210 1452 1351 1524 quod
1381 1452 1562 1523 plures
1590 1452 1881 1523 discipulos
1906 1453 2088 1520 habet,

512 1565 672 1619 quam
711 1558 809 1619 ego
835 1564 849 1601 :

582 1640 745 1694 Illum
799 1646 996 1710 oportet
1064 1652 1291 1690 crescere
1326 1675 1342 1701 ,
1398 1650 1481 1688 me
1545 1645 1719 1688 autem
1775 1633 1962 1688 minui.
2017 1632 2089 1688 ll-

510 1732 620 1786 lum
669 1739 882 1801 oportet
928 1742 1180 1784 crescere
1236 1728 1289 1781 in
1333 1727 1604 1782 mentibus
1648 1726 1874 1789 vestris,
1926 1741 2087 1795 quem

2197 565 2449 622 mortem,
2477 564 2712 624 traxere,
2745 557 2870 614 inde
2900 573 3039 613 sum.
3069 558 3133 613 Et
3163 559 3282 613 ideo
3308 566 3451 614 terra
3479 574 3621 621 sum,
3649 562 3764 629 quia

2197 648 2263 701 de
2303 657 2447 703 terra
2486 658 2644 705 natus
2685 664 2828 714 sum,
2875 663 2976 705 nec
3026 649 3169 704 aliud
3217 664 3304 703 me
3346 664 3469 705 esse
3515 648 3761 707 arbitror.

2196 736 2253 792 Si
2299 738 2426 808 quid
2480 754 2641 809 supra
2692 740 2826 793 haec
2864 738 3073 803 habeo,
3123 740 3189 794 de
3232 739 3566 809 plenitudine
3608 740 3767 810 ipsius

2194 828 2419 897 accipio,
2455 837 2579 882 ante
2601 842 2761 897 quem
2790 828 2989 883 missus
3018 841 3157 882 sum.
3190 826 3258 881 Et
3291 827 3357 881 de
3406 836 3551 882 terra
3595 827 3763 898 loqui-

2194 926 2298 983 tur,
2351 917 2454 973 hoc
2473 929 2577 982 est,
2632 918 2698 972 de
2757 916 3045 988 fragilitate
3087 930 3241 972 meae
3289 926 3516 971 naturae
3557 915 3768 986 loquor,

2192 1022 2521 1077 cognoscens
2543 1021 2660 1061 eam
2694 1006 2767 1060 nil
2793 1021 2933 1071 esse,
2961 1006 3008 1061 si
3033 1006 3315 1061 desursum
3342 1022 3449 1061 non
3479 1008 3767 1076 acciperet.

2192 1095 2259 1150 Et
2283 1111 2352 1151 ne
2375 1095 2590 1151 mireris
2608 1136 2622 1159 ,
2647 1094 2908 1150 Joannem
2934 1096 2999 1151 de
3025 1110 3084 1150 se
3106 1096 3220 1164 ipso
3250 1095 3413 1150 veluti
3442 1096 3510 1150 de
3537 1098 3773 1165 quadam

2193 1185 2352 1240 tertia
2402 1200 2638 1255 persona
2668 1184 2889 1246 dixisse,
2936 1190 3035 1239 nec
3074 1185 3190 1239 sine
3233 1184 3465 1249 ratione,
3511 1185 3773 1254 quoniam

2189 1292 2471 1345 personam
2496 1276 2672 1331 omnis
2702 1276 2900 1331 terreni
2930 1275 3162 1330 hominis
3204 1275 3258 1330 in
3291 1288 3350 1329 se
3376 1275 3639 1330 ostendit.
3668 1275 3773 1341 Qui

2189 1368 2254 1421 de
2279 1367 2423 1421 caelo
2446 1368 2605 1432 venit,
2645 1383 2802 1437 super
2845 1382 3020 1421 omnes
3047 1376 3141 1421 est.
3180 1366 3377 1421 Eadem
3413 1366 3577 1421 verba
3621 1374 3771 1432 sunt,

2188 1466 2404 1527 praeter
2454 1459 2596 1527 quod
2652 1458 2805 1529 prius
2856 1458 3128 1512 desursum
3176 1458 3336 1521 venit,
3384 1472 3527 1511 nunc
3587 1466 3770 1512 autem

2188 1548 2252 1601 de
2289 1547 2434 1604 caelo
2471 1550 2625 1603 venit.
2665 1549 2732 1603 Et
2763 1562 2901 1618 quae
2947 1556 3031 1603 est
3077 1548 3179 1603 ista
3210 1548 3490 1618 repetitio,
3538 1556 3595 1602 et
3639 1549 3770 1617 quid

2186 1639 2337 1693 vult?
2376 1639 2456 1693 An
2487 1638 2626 1693 forte
2666 1637 2809 1692 aliud
2859 1646 2943 1693 est
2990 1656 3010 1688 α
3041 1637 3322 1692 desursum
3358 1639 3506 1691 venit
3545 1655 3593 1703 ι,
3624 1636 3771 1691 aliud

2196 1746 2216 1777 ι
2252 1727 2318 1782 de
2348 1728 2497 1782 caelo
2521 1727 2669 1781 venit
2703 1727 2767 1781 s?
2799 1725 3047 1781 Christus
3076 1726 3357 1781 desursum
3398 1727 3566 1791 venit,
3612 1726 3773 1781 Chri-

509 1823 683 1877 adhuc
728 1820 1064 1875 solummodo
1120 1818 1393 1872 hominem
1446 1827 1501 1872 et
1550 1817 1748 1873 nullius
1800 1819 2085 1887 potestatis
2113 1806 2159 1864 Β
2186 1828 2301 1875 stus
2327 1820 2393 1874 de
2423 1821 2574 1875 caelo
2620 1820 2788 1885 venit,
2842 1819 3069 1888 ideoque
3111 1833 3274 1888 super
3318 1833 3509 1873 omnes
3561 1829 3668 1883 est,
3716 1829 3770 1874 et

508 1909 869 1974 existimatis;
927 1908 1022 1963 sed
1075 1907 1223 1961 illum
1273 1916 1488 1977 oportet
1544 1921 1829 1971 crescere,
1874 1917 1935 1961 ut
1975 1922 2082 1961 non

507 2002 686 2056 solum
707 2015 893 2055 verum
914 1999 1187 2053 hominem
1216 1998 1573 2068 cognoscatis,
1597 1998 1691 2055 sed
1713 1999 1874 2052 etiam
1895 2012 2082 2052 verum

510 2094 698 2156 Deum,
726 2100 781 2145 et
805 2105 903 2144 suo
930 2088 1210 2158 aequalem
1251 2087 1419 2140 Patri.
1470 2085 1696 2157 Oportet
1742 2087 1920 2157 itaque
1961 2102 2083 2140 eum

505 2188 756 2235 crescere
780 2179 835 2233 in
866 2176 1281 2247 cogitationibus
1318 2176 1514 2230 vestris
1532 2215 1547 2239 ,
1575 2190 1661 2231 me
1690 2184 1867 2229 autem
1894 2175 2080 2229 minui.

508 2270 713 2325 Putatis
740 2266 992 2337 majorem
1024 2255 1157 2339 [me]
1186 2266 1202 2297 ί
1227 2280 1377 2330 esse,
1420 2279 1579 2334 quam
1609 2278 1748 2327 sum,
1778 2262 1927 2317 illum
1954 2279 2083 2319 vero

508 2360 793 2424 minorem,
821 2372 983 2428 quam
1012 2366 1112 2412 est.
1158 2355 1352 2425 Opinio
1378 2363 1557 2409 vestra
1584 2354 1651 2409 de
1698 2369 1784 2408 me
1833 2353 1884 2407 iu
1931 2353 2083 2408 vobis

506 2451 800 2515 minuetur,
846 2448 1029 2518 opinio
1067 2455 1247 2503 vestra
1278 2448 1344 2500 de
1382 2444 1472 2500 illo
1500 2445 1552 2500 in
1596 2444 1749 2500 vobis
1778 2445 2079 2514 augebitnr.

504 2542 657 2609 Quod
685 2540 730 2595 si
758 2538 1179 2610 cognosceretis,
1205 2553 1270 2593 ex
1302 2535 1605 2592 visibilibus
1631 2535 1800 2606 signis
1826 2548 2084 2606 augmen-

506 2632 609 2685 tari
654 2630 986 2700 potuissetis.
1016 2628 1127 2699 Ego
1164 2626 1472 2683 decollahor
1497 2666 1513 2691 ,
1558 2626 1646 2680 ille
1674 2626 1999 2680 exaltabitur
2028 2626 2081 2685 in

504 2732 688 2782 cruce,
737 2726 797 2772 ut
840 2731 937 2787 per
966 2716 1069 2771 hoc
1099 2716 1460 2787 cognoscatis,
1507 2713 1631 2785 quia
1680 2723 1893 2784 oportet
1931 2714 2080 2769 illum

503 2821 753 2862 crescere
782 2819 944 2874 super
975 2803 1157 2859 omnia
1201 2802 1256 2856 in
1286 2802 1558 2857 mentibus
1587 2802 1823 2872 perfecte
1860 2803 2082 2859 creden-

505 2898 637 2951 tium
688 2896 739 2951 in
782 2910 931 2958 eum,
982 2908 1070 2949 me
1110 2902 1289 2948 autem
1344 2892 1548 2958 minui,
1590 2902 1650 2948 ut
1689 2909 1850 2948 nemo
1886 2895 1951 2949 de
1994 2910 2083 2949 me

477 2986 793 3050 'existimet,
839 2991 1057 3055 praeter
1098 2983 1239 3054 quod
1281 2998 1400 3038 sum
1444 2990 1498 3038 et
1542 2983 1609 3038 ah
1653 2998 1719 3038 eo
1763 2983 1965 3054 accepi.
2021 2981 2080 3039 Id

504 3075 677 3145 ipsum
703 3073 999 3145 significat,
1031 3072 1172 3142 quod
1193 3073 1308 3141 ipse
1349 3071 1468 3126 luce
1511 3071 1797 3126 inchoante
1814 3084 2076 3137 crescere,

506 3163 743 3219 tenebris
774 3170 953 3218 autem
983 3164 1299 3218 decrescere
1335 3169 1495 3216 natus
1516 3162 1617 3225 sit;
1667 3175 1765 3232 ego
1805 3176 1934 3218 vero
1962 3161 2080 3217 luce

2184 1927 2348 1983 super
2399 1913 2603 1967 omnia.
2652 1910 2840 1967 Potest
2908 1911 3089 1979 itaque
3151 1909 3273 1964 talis
3321 1910 3579 1964 distantia
3628 1912 3773 1965 inter

2190 2022 2209 2055 ι
2245 2003 2529 2058 desursum
2556 2002 2702 2056 venit
2738 2021 2755 2054 ι
2810 2009 2866 2056 et
2915 2020 2934 2052 «
2970 2001 3037 2055 de
3065 2000 3215 2055 caelo
3245 2000 3390 2053 venit
3431 2019 3450 2052 ι
3505 1999 3762 2069 intelligi,

2184 2101 2243 2147 ut
2272 2093 2326 2146 in
2354 2107 2419 2147 eo
2441 2134 2455 2157 ,
2505 2092 2647 2162 quod
2684 2090 2821 2146 dixit
2852 2110 2871 2142 ‹
2910 2090 3192 2146 desursum
3225 2090 3373 2144 venit
3418 2109 3466 2155 ι,
3503 2092 3768 2161 intelliga-

2185 2197 2306 2237 mus
2362 2180 2697 2236 altitudinem
2772 2181 3042 2236 humanae
3100 2188 3326 2234 naturae
3392 2192 3521 2234 ante
3604 2181 3765 2251 primi

2181 2266 2415 2333 hominis
2443 2277 2716 2342 delictum,
2763 2277 2828 2331 de
2876 2291 2979 2346 qua
3022 2275 3305 2331 altitudine
3348 2275 3622 2330 hominem
3672 2289 3764 2328 ve-

2183 2370 2327 2424 nisse
2367 2368 2640 2424 Christum
2673 2383 2777 2423 non
2816 2367 3145 2421 dubitamus.
3179 2364 3315 2419 Nam
3360 2365 3402 2419 si
3450 2366 3517 2419 de
3547 2365 3766 2419 homine

2180 2466 2302 2528 post
2326 2465 2603 2528 peccatum
2632 2458 2860 2521 veniret,
2893 2466 3120 2526 peccato
3156 2455 3336 2510 forsan
3369 2467 3473 2509 non
3517 2465 3761 2520 careret;

2180 2545 2431 2615 quoniam
2463 2559 2591 2599 vero
2618 2554 2836 2615 peccato
2861 2544 3055 2606 caruit,
3110 2552 3254 2598 recte
3294 2543 3594 2597 credendus
3628 2544 3652 2575 ¹
3682 2552 3767 2598 est

2182 2633 2451 2688 hominem
2493 2643 2621 2688 ante
2670 2640 2951 2702 peceatum
3013 2632 3301 2701 accepisse.
3346 2630 3476 2685 Nam
3504 2631 3767 2687 Dominus

2181 2731 2364 2778 noster
2397 2720 2555 2777 Iesus
2600 2722 2869 2794 Christus,
2918 2722 3188 2776 humanae
3233 2722 3485 2776 conditor
3532 2730 3765 2775 naturae

2179 2822 2339 2882 atque
2385 2812 2662 2877 salvator,
2707 2820 2763 2867 et
2801 2812 2867 2866 de
2909 2811 3086 2881 primo
3129 2810 3347 2865 homine
3387 2810 3595 2880 accepit
3638 2820 3763 2865 ante

2178 2911 2476 2974 peccatum,
2522 2912 2576 2957 et
2598 2902 2764 2956 veluti
2791 2902 2857 2957 de
2883 2900 3122 2955 secundo
3162 2901 3381 2955 homine
3420 2907 3542 2969 post
3568 2913 3762 2969 pecea-

2180 3003 2311 3047 tum.
2342 2991 2479 3059 Quid
2507 2992 2714 3063 aeeepit
2734 2993 2802 3047 ab
2829 2991 3047 3047 homine
3070 2998 3194 3044 ante
3217 2989 3537 3060 peccatum?
3560 2988 3760 3044 Carere

2179 3089 2423 3151 peccato,
2453 3079 2575 3149 quia
2606 3081 2839 3135 humana
2864 3090 3056 3134 natura
3077 3120 3091 3144 ,
3130 3079 3439 3148 priusquam
3487 3087 3757 3147 peccaret.

2181 3171 2401 3226 omnino
2447 3179 2670 3240 peccato
2718 3171 2959 3225 carebat.
2995 3168 3133 3235 Qui'l
3182 3168 3399 3237 accepit.
3431 3167 3500 3221 ab
3544 3167 3761 3221 homine

505 3256 794 3335 inchoante
826 3254 1029 3318 minui,
1061 3253 1300 3309 tenebris
1323 3262 1503 3307 autem
1545 3253 1918 3310 inchoantibus
1962 3270 2080 3311 creo
2179 3266 2300 3329 post
2326 3259 2640 3328 peccatum?
2665 3256 2798 3312 Mori
2826 3272 2922 3326 pro
2953 3265 3196 3328 peccato,
3239 3256 3443 3326 absque
3468 3253 3577 3309 ullo
3605 3263 3755 3308 reatu

504 3358 656 3398 scere
701 3351 859 3396 natus
893 3357 1031 3396 sum.
1054 3341 1240 3396 Potest
1276 3350 1330 3396 et
1357 3341 1513 3396 aliter
1552 3341 1793 3412 intelligi.
1843 3340 2082 3398 Joannes
2178 3350 2402 3421 peccati.
2430 3349 2581 3417 Quod
2601 3364 2731 3418 ergo
2750 3348 2899 3419 prius
2924 3348 3000 3401 ait
3033 3366 3053 3398 ι
3094 3347 3184 3417 qui
3218 3346 3501 3400 desursum
3530 3345 3681 3399 venit
3704 3363 3754 3407 ι,

507 3430 733 3500 ﬁguram
762 3429 895 3501 legis
936 3429 1431 3501 gestat,'Christus
1473 3444 1604 3484 vero
1649 3430 1873 3500 ﬁguram
1903 3446 2077 3495 suam.
2181 3450 2325 3495 recte
2355 3439 2688 3510 intelligitur,
2731 3440 2822 3509 qui
2866 3438 2931 3493 de
2964 3436 3295 3492 sublimitate
3340 3436 3610 3489 humanae
3660 3449 3755 3487 na-

507 3519 558 3572 id
596 3528 682 3574 est
704 3519 964 3574 veritatis.
995 3519 1303 3590 Apparente
1340 3518 1505 3587 igitur
1533 3520 1762 3573 veritate
1789 3520 1841 3573 in
1882 3520 2082 3575 mundo
2182 3539 2350 3592 rurae,
2383 3530 2449 3583 ad
2484 3528 2771 3599 imaginem
2809 3526 2905 3580 Dei
2939 3526 3131 3586 factae,
3165 3532 3455 3591 antequam
3483 3529 3757 3589 peccaret.

506 3608 685 3677 coepit,
728 3607 814 3661 lex
857 3607 1067 3672 minui,
1098 3608 1200 3663 hoc
1240 3615 1324 3662 est
1374 3607 1609 3691 carnalia
1640 3622 1822 3677 opera.
1867 3607 2080 3679 Cogno-

2187 3622 2348 3675 venit.
2376 3620 2565 3675 Nullus
2594 3619 2739 3673 enim
2777 3617 2901 3672 inde
2930 3616 3097 3681 venit,
3125 3616 3226 3670 nisi
3253 3616 3367 3684 ipse
3392 3613 3559 3668 solus.
3588 3613 3758 3680 Quot-

506 3714 665 3754 scens
709 3699 843 3754 haec
893 3712 1219 3770 praecursor
1262 3706 1318 3753 et
1386 3698 1644 3767 prepheta
1696 3706 1753 3752 et
1800 3698 2081 3767 plusquam

2187 3702 2312 3783 quot
2350 3711 2495 3766 enim
2530 3715 2792 3763 venerunt
2835 3707 2887 3760 in
2935 3705 3215 3768 mundum,
3253 3704 3322 3757 ab
3367 3703 3584 3757 homine
3632 3716 3759 3771 pec-

506 3790 790 3859 propheta,
838 3787 914 3842 ait
959 3787 1172 3843 :Illum
1218 3795 1415 3858 oportet
1468 3804 1730 3849 crescere,
1772 3804 1853 3841 me
1907 3797 2081 3841 autem

2187 3808 2339 3855 caute
2366 3805 2659 3862 venerunt;
2686 3795 2833 3851 solus
2860 3793 2947 3848 ille
2969 3794 3172 3862 absque
3196 3800 3419 3862 peccato
3442 3791 3511 3845 ab
3537 3791 3761 3845 homine

508 3880 691 3933 minui.
720 3878 834 3941 Ille,
865 3877 989 3948 quia
1014 3877 1217 3932 veritas
1241 3884 1345 3942 est,
1391 3885 1594 3932 crescet
1625 3879 1677 3931 in
1724 3879 1919 3932 mundo
1938 3918 1951 3941 ,
1980 3878 2082 3933 hoc
2180 3897 2306 3943 ante
2333 3896 2612 3959 peccatum
2633 3884 2917 3956 processit.
2944 3882 3099 3951 Quod
3119 3889 3297 3936 autem
3325 3881 3379 3935 in
3408 3880 3758 3951 sequentibus

510 3980 616 4033 est,
649 3969 949 4025 clarissime
989 3978 1344 4038 coguoscetur
1382 3968 1449 4022 ah
1492 3968 1576 4023 his
1622 3967 1713 4037 qui
1759 3969 1985 4023 credunt
2029 3977 2085 4023 et
2180 3977 2352 4042 dixit,
2392 3976 2481 4046 qui
2518 3975 2582 4028 de
2604 3973 2749 4028 σαειο
2779 3973 2933 4038 venit,
2959 3986 3114 4041 super
3138 3986 3313 4024 οηιηεε
3339 3968 3758 4034 e31,ibi|ngeUi-

509 4061 768 4115 credituri
813 4067 938 4114 sunt
965 4060 1017 4113 in
1065 4073 1208 4113 eum.
1252 4057 1361 4112 Lex
1409 4065 1610 4121 autem,
1657 4056 1808 4128 cuius
1856 4057 2080 4127 ﬁguram
2180 4067 2356 4135 simus
2400 4065 2618 4119 Patrem
2666 4062 2803 4119 caeli
2866 4063 3083 4118 nomine
3130 4061 3488 4131 signiﬁcatum
3517 4096 3534 4124 ,
3578 4073 3609 4114 a
3650 4073 3758 4128 quo

510 4167 659 4221 gero.
685 4150 975 4215 minuetur,
1008 4149 1237 4204 veritate
1265 4156 1560 4203 crescente.

580 4248 683 4314 Qui
711 4248 981 4302 desursum
1014 4247 1169 4309 venit,
1194 4262 1348 4315 super
1377 4262 1551 4301 omnes
1579 4255 1675 4300 est.
1717 4244 1914 4303 lterum
1944 4246 2082 4301 redit

508 4352 701 4392 servus
747 4337 812 4391 ad
856 4335 1309 4404 comparationem
1352 4335 1434 4388 sui
1482 4345 1538 4389 et
1585 4334 1794 4389 Domini
1826 4335 1928 4389 sui.
1979 4336 2085 4400 Qui

507 4427 787 4481 desursum
836 4426 1010 4486 venit,
1063 4425 1167 4480 hoc
1210 4432 1338 4489 est,
1384 4426 1475 4495 qui
1519 4440 1586 4480 ex
1629 4425 1787 4480 Patre
1832 4425 1980 4480 venit
2025 4425 2078 4480 in

508 4516 791 4579 mundum,
845 4523 904 4569 ut
952 4514 1187 4570 salvarct
1231 4515 1509 4581 mundum,
1560 4532 1715 4587 super
1756 4532 1932 4570 omnes
1974 4526 2079 4583 est,

511 4622 619 4664 non
679 4605 850 4661 solum
903 4619 990 4659 me
1054 4613 1273 4674 superat
1316 4620 1529 4660 servum
1574 4615 1629 4661 et
1669 4620 2079 4676 praecursorem

510 4710 689 4759 suum,
721 4709 908 4749 verum
937 4694 1097 4750 etiam
1143 4707 1330 4749 omnes
1379 4694 1644 4759 homines,
1690 4703 1745 4749 et
1774 4711 1878 4749 non
1907 4696 2077 4750 solum

511 4784 776 4849 homines,
806 4799 990 4841 verum
1018 4785 1178 4839 etiam
1206 4800 1393 4840 omnes
1434 4786 1658 4840 virtutes
1705 4784 1981 4853 caelestes,
2025 4796 2082 4843 et

510 4874 709 4936 omnia,
751 4886 888 4944 quae
914 4880 1061 4937 sunt,
1096 4881 1314 4942 etquae
1341 4889 1445 4928 non
1477 4883 1619 4929 sunt.
1667 4873 1776 4929 Nec
1809 4874 1910 4930 hoc
1927 4874 2082 4944 juxta

510 4964 872 5028 divinitatem,
917 4963 1012 5018 sed
1049 4960 1200 5030 juxta
1232 4963 1653 5031 humanitatem;
1679 4964 1841 5021 homo
1887 4966 2085 5037 quippe

509 5050 594 5109 est
626 5062 682 5109 et
721 5053 1003 5123 plusquam
1031 5054 1212 5108 homo.
1240 5054 1500 5109 Divinitas
1538 5055 1652 5124 ejus
1683 5055 1812 5111 nihil
1843 5067 2082 5126 superat,

512 5146 638 5213 quia
684 5144 865 5199 omnia
913 5153 1016 5198 est.
1060 5143 1162 5208 Qui
1203 5152 1277 5196 est
1325 5140 1390 5196 de
1417 5151 1579 5210 terra,
1627 5154 1767 5198 terra
1809 5155 1905 5210 est,
1942 5156 1989 5198 et
2021 5146 2086 5200 de

512 5244 651 5288 terra
679 5233 929 5304 loquitur.
984 5234 1057 5285 De
1085 5247 1142 5286 se
1188 5232 1307 5300 ipso
1349 5231 1449 5287 hoc
1494 5233 1604 5298 ait,
1643 5248 1705 5287 ac
1743 5232 1788 5287 si
1836 5233 2084 5289 diceret:

515 5324 647 5393 Ego,
686 5323 776 5392 qui
806 5322 871 5377 de
897 5332 1041 5377 terra
1083 5337 1225 5384 sum,
1254 5321 1354 5376 hoc
1380 5333 1465 5376 est
1494 5322 1560 5377 de
1597 5323 1824 5378 terrenis
1847 5325 2088 5392 parenti-

518 5414 636 5475 bus,
666 5421 823 5467 natus
853 5426 919 5466 ex
954 5411 1061 5475 illo,
1090 5412 1174 5465 cui
1219 5411 1417 5465 dictum
1444 5420 1548 5477 est,
1575 5431 1595 5464 ι
1628 5411 1795 5467 Terra
1840 5428 1898 5469 es
1938 5422 1994 5469 et
2035 5415 2088 5468 in

514 5508 718 5555 terram
745 5501 846 5556 ibis
878 5521 926 5566 ι,
968 5500 1069 5555 hoc
1096 5509 1174 5554 est
1208 5499 1323 5568 ipso
1350 5509 1561 5556 terreno
1598 5499 1834 5567 homine,
1878 5519 1944 5557 ex
1985 5519 2091 5573 quo

2181 4157 2380 4211 missus
2428 4163 2513 4209 est
2559 4153 2807 4209 Christus
2853 4152 2906 4207 in
2956 4150 3249 4215 mundum,
3300 4149 3442 4203 sicut
3480 4148 3595 4217 ipse
3638 4147 3755 4201 ait:

2187 4263 2205 4297 ι
2246 4245 2394 4300 Exivi
2439 4260 2469 4299 a
2512 4241 2709 4308 Patre,
2756 4250 2810 4296 et
2878 4241 3000 4296 veni
3048 4241 3104 4295 in
3156 4238 3470 4292 mundums.
3540 4236 3761 4291 Duobus

2182 4338 2363 4407 itaque
2415 4334 2588 4389 modis
2641 4333 2945 4404 unigenitus
2988 4330 3157 4385 Filius
3213 4329 3306 4384 Dei
3371 4343 3534 4399 super
3577 4325 3761 4381 omnia

2182 4441 2303 4481 esse
2331 4423 2631 4479 credendus
2671 4430 2754 4477 est
2781 4439 2796 4476 :
2832 4422 3027 4491 primo,
3057 4421 3182 4491 quia
3228 4434 3390 4489 super
3409 4433 3624 4472 omnem
3655 4417 3761 4470 hu-

2186 4516 2500 4571 manitatem
2530 4513 2818 4578 exaltatur,
2841 4513 2933 4581 qui
2962 4513 3027 4567 de
3068 4512 3204 4581 ipsa,
3222 4511 3538 4580 priusquam
3565 4521 3758 4577 pecca-

2183 4614 2284 4663 ret,
2302 4605 2445 4660 venit
2464 4621 2478 4670 ;
2501 4600 3071 4673 secundo,quodjuxta
3088 4602 3418 4656 altitudinem
3440 4598 3762 4661 divinitatis,

2185 4696 2238 4749 in
2262 4711 2365 4765 qua
2400 4692 2542 4762 Patri
2567 4692 2803 4763 aequalis
2824 4702 2924 4755 est,
2950 4705 3161 4745 omnem
3194 4696 3411 4758 supcrat
3432 4701 3763 4745 creaturam.

2258 4782 2326 4838 Et
2348 4788 2492 4855 quod
2508 4783 2629 4837 vidit
2651 4793 2697 4837 et
2714 4781 2932 4847 audivit,
2948 4788 3045 4835 hoc
3064 4789 3304 4834 testatur.
3332 4779 3469 4846 Quid
3489 4788 3596 4843 est,
3618 4780 3762 4847 quod

2187 4872 2357 4927 Filius
2382 4872 2473 4927 Dei
2494 4872 2658 4927 vidit?
2686 4869 2800 4926 Non
2827 4871 2992 4935 aliud,
3020 4871 3117 4926 nisi
3134 4871 3473 4940 cognovit,se
3500 4871 3554 4925 in
3582 4870 3764 4931 Patre,

2187 4968 2243 5015 et
2269 4959 2647 5029 aequalitatem
2674 4959 2841 5029 ipsius
2864 4973 3001 5014 esse.
3033 4958 3101 5012 Et
3135 4959 3352 5012 audivit.
3369 4958 3509 5024 Quid
3528 4959 3769 5012 audivit?

2188 5052 2404 5108 Audivit
2423 5067 2452 5105 a
2473 5052 2631 5106 Patre
2659 5069 2673 5105 :
2707 5071 2725 5103 ι
2750 5052 2858 5123 Ego
2879 5053 3039 5106 hodie
3053 5053 3207 5123 genui
3234 5059 3287 5106 te
3308 5070 3351 5103 ι.
3369 5050 3513 5105 Vidit
3528 5052 3691 5122 igitur
3709 5067 3771 5107 se

2192 5144 2365 5214 ipsum
2386 5142 2675 5199 secundum
2698 5156 2848 5197 suam
2867 5142 3201 5196 divinitatem
3239 5142 3292 5195 in
3324 5156 3424 5196 suo
3468 5141 3662 5205 Patre,
3711 5150 3769 5197 et

2194 5235 2400 5288 audivit
2420 5248 2450 5287 a
2470 5249 2567 5288 suo
2586 5233 2770 5297 Patre,
2791 5233 2933 5303 quod
2952 5234 3064 5301 ipse
3082 5248 3204 5287 eum
3226 5234 3468 5302 genuerit
3491 5232 3770 5301 aequalem

2196 5323 2316 5377 sibi.
2358 5321 2473 5375 Hoc
2511 5332 2744 5375 testatur.
2797 5321 2933 5389 Quid
2980 5323 3241 5375 testatur?
3282 5320 3435 5387 Quod
3463 5320 3632 5376 Filius
3674 5322 3772 5376 Dei

2196 5415 2284 5469 sit.
2319 5413 2385 5467 Et
2407 5413 2497 5467 ubi
2528 5411 2788 5467 testatur?
2828 5411 3027 5482 Redige
3068 5412 3135 5466 ad
3178 5411 3479 5480 superiora,
3524 5411 3619 5466 ubi
3657 5412 3773 5479 ipse

2196 5506 2263 5558 de
2284 5520 2340 5558 se
2364 5503 2478 5572 ipso
2505 5504 2581 5557 ait
2611 5522 2623 5556 :
2656 5521 2673 5553 ι
2708 5502 2823 5558 Non
2849 5502 2994 5558 enim
3037 5503 3182 5558 misit
3224 5502 3367 5557 Deus
3392 5501 3591 5556 Filium
3615 5516 3773 5556 suum

1816 5592 2070 5650 VARIAE
2108 5592 2505 5652 LECTlONES.

592 5666 609 5698 ³
649 5680 731 5721 me
765 5680 871 5719 om.
899 5663 1042 5729 eod.,
1072 5665 1194 5719 add.
1223 5680 1288 5719 ex
1316 5662 1454 5733 conj.
1530 5666 1550 5697 ⁸
1588 5663 1780 5731 Corr.;
1815 5664 1935 5722 cod.
1968 5668 2303 5724 credendum.
