4028 6274
291 319 405 380 529

1328 316 1465 378 C081
1482 321 1674 377 llEN'l‘.
1715 321 1781 377 IN
1817 321 2066 378 EVANG.
2103 319 2248 378 SEC.
2285 317 2470 377 JOAN.

3450 323 3554 374 330

294 438 362 492 in
395 411 676 500 mundum,
727 438 786 488 ut
809 433 1010 506 judicet
1061 436 1341 501 mundum,
1396 437 1492 491 sed
1543 446 1601 490 ut
1647 437 1884 492 salvetur
1911 450 1957 505 Α
1991 447 2079 490 tur
2107 445 2268 505 atque
2302 435 2440 489 idem
2472 433 2739 504 Spiritus,
2766 433 3008 489 dividens
3055 431 3276 504 singulis
3303 435 3549 504 propria,

294 529 536 583 mundus
564 543 660 597 per
692 528 887 597 ipsum.
919 527 1019 594 Qui
1053 528 1224 582 credit
1273 529 1325 581 in
1354 544 1474 582 enm
1499 569 1514 592 ,
1547 543 1650 582 non
1676 528 1882 597 judica-

293 628 409 672 tur.
443 619 547 685 Qui
575 627 751 674 autem
781 633 887 672 non
931 618 1139 682 credit,
1166 616 1278 685 jam
1320 618 1590 687 judicatus
1617 629 1721 682 εει,
1758 619 1884 686 quia

294 724 406 763 non
427 709 602 763 credit
627 708 678 761 in
701 709 917 762 nomine
943 708 1202 776 unigeniti
1230 707 1350 761 Filii
1382 708 1474 762 Dei
1496 727 1538 759 ι.
1561 707 1672 761 Hoc
1702 707 1884 776 itaque

291 809 402 863 est.
429 800 572 870 quod
601 799 734 853 vidit
761 799 927 854 Filius
967 799 1082 864 Dei,
1129 809 1184 853 et
1209 800 1274 854 de
1303 814 1361 853 se
1396 799 1510 867 ipso
1541 807 1786 852 testatur.
1815 796 1883 850 Et

292 888 654 942 testimonium
683 888 797 956 ejus
826 904 982 942 nemo.
1018 887 1227 956 accipit.
1276 886 1334 941 Si
1369 887 1731 942 testimonium
1770 884 1884 952 ejus

293 990 461 1029 nemo
489 975 706 1043 accipit,
743 989 910 1043 quare
944 974 1125 1040 venit,
1167 983 1224 1029 et
1257 975 1384 1043 quid
1411 974 1657 1028 utilitatis
1685 973 1884 1028 mundo

292 1063 560 1117 contulit?
589 1063 822 1118 Joannes
873 1078 1226 1133 praecursor,
1256 1064 1447 1133 plenus
1475 1064 1646 1133 gratia
1671 1062 1885 1116 divinae

293 1155 634 1224 prophetiae,
681 1155 919 1224 providit
956 1169 1072 1218 eos,
1114 1155 1206 1223 qui
1240 1155 1292 1208 in
1323 1155 1596 1209 Christum
1626 1153 1884 1209 credituri

295 1255 452 1310 sunt,
475 1244 834 1298 testimonium
855 1244 999 1299 illius
1021 1244 1368 1314 accipientes,
1391 1252 1446 1298 et
1465 1258 1576 1307 eos,
1592 1244 1682 1313 qui
1700 1243 1884 1297 ineum

294 1348 406 1386 non
438 1341 563 1386 sunt
595 1331 875 1397 credituri,
933 1333 1294 1387 testimonium
1349 1332 1492 1386 illius
1551 1341 1882 1402 respuentes.

295 1421 377 1476 De
412 1423 519 1486 his,
551 1423 643 1490 qui
675 1437 778 1476 non
801 1423 1028 1476 credunt
1049 1437 1223 1492 neque
1254 1423 1508 1479 credituri
1535 1433 1659 1478 sunt
1683 1427 1722 1488 ³,
1754 1440 1783 1477 a
1828 1440 1886 1479 se

294 1511 432 1581 ipsis
453 1511 563 1583 [ad]
583 1512 856 1566 interitum
880 1513 1202 1581 praeparati,
1238 1529 1393 1568 neruo
1417 1514 1624 1583 accepit
1650 1514 1888 1570 testimo-

293 1607 448 1660 nium
477 1607 592 1661 Filii
623 1608 736 1662 Dei.
762 1608 836 1662 De
852 1608 1148 1672 hisautem,
1175 1608 1265 1676 qui
1293 1608 1516 1662 credunt
1542 1619 1597 1662 et
1630 1595 1885 1662 credituri

292 1705 446 1760 sunt,
489 1713 647 1751 nemo
677 1709 784 1761 est,
823 1698 913 1766 qui
947 1699 1312 1752 testimonium
1339 1697 1454 1767 ejus
1490 1714 1595 1753 non
1627 1699 1882 1767 accipiat,

293 1800 363 1836 ac
383 1800 480 1853 per
504 1786 621 1847 hoc,
651 1786 740 1856 qui
785 1785 965 1841 salvus
1009 1804 1114 1841 non
1157 1788 1247 1841 sit.
1293 1788 1518 1856 Ideoque
1545 1791 1788 1857 sequitur
1818 1805 1833 1843 :

371 1874 476 1938 Qui
504 1877 688 1944 accipit
733 1877 848 1945 ejus
885 1879 1258 1940 testimoniunt,
1304 1880 1526 1948 signavit
1564 1882 1684 1948 quia
1746 1881 1884 1935 Deus

299 1983 459 2021 verax
486 1978 581 2032 est,
613 1967 716 2022 hoc
753 1978 854 2032 est,
881 1970 933 2022 in
965 1971 1127 2024 corde
1153 1985 1250 2026 suo
1281 1971 1532 2034 firmavit,
1558 1981 1613 2025 et
1639 1973 1789 2040 quasi
1815 1973 1885 2026 si-

297 2057 431 2126 gillo
470 2057 892 2114 incommutabili
938 2060 1208 2130 perfectae
1252 2061 1372 2115 fidei
1415 2062 1708 2126 conclusit,
1758 2063 1883 2133 quia

297 2147 445 2203 Deus
479 2163 638 2203 verax
669 2160 771 2205 est.
799 2149 952 2216 Quod
981 2150 1190 2206 facilius
1217 2151 1552 2220 intelligitur,
1581 2154 1623 2208 si
1659 2168 1885 2223 graecus

297 2253 485 2292 sermo
514 2239 720 2308 legatur
745 2258 758 2294 :
787 2239 924 2305 Quia
970 2239 1108 2294 Deus
1150 2258 1301 2295 verus
1333 2251 1439 2306 est,
1465 2251 1528 2297 ut
1549 2244 1617 2298 sit
1649 2259 1842 2300 sensus
1867 2263 1880 2298 :

298 2327 405 2393 Qui
445 2328 642 2397 accipit
688 2331 1051 2384 testimonium
1083 2329 1204 2384 Filii
1239 2329 1332 2385 Dei
1355 2331 1422 2385 de
1460 2347 1518 2387 se
1559 2333 1693 2400 ipso,
1740 2334 1882 2403 quod

297 2415 475 2472 Filius
507 2419 600 2473 Dei
640 2419 732 2484 sit,
763 2429 818 2494 et
845 2420 988 2488 quod
1017 2435 1114 2490 pro
1143 2420 1315 2476 salute
1354 2423 1538 2476 mundi
1566 2423 1726 2478 Pater
1755 2439 1883 2478 suns

296 2526 424 2564 eum
452 2512 678 2574 miserit,
711 2511 798 2566 ille
825 2513 1054 2568 ﬁrmiter
1073 2514 1263 2578 credit,
1282 2514 1405 2582 quia
1432 2515 1573 2569 Deus
1598 2531 1756 2570 verus
1776 2524 1878 2581 est,

297 2605 394 2673 qui
421 2605 488 2657 de
515 2620 572 2660 se
599 2605 738 2675 ipso,
770 2607 912 2674 quod
944 2621 1104 2661 verus
1138 2608 1277 2662 Deus
1313 2607 1404 2673 sit,
1427 2608 1539 2662 veri
1568 2607 1660 2662 Dei
1690 2607 1876 2674 Filius,

297 2693 669 2748 testimonium
699 2695 990 2763 perhibuit.

373 2781 538 2845 Quem
569 2783 705 2835 enim
735 2784 874 2837 misit
902 2782 1073 2848 Deus,
1105 2784 1255 2837 verba
1277 2784 1373 2838 Dei
1402 2785 1647 2856 loquitur.
1675 2786 1786 2841 Hoc
1814 2787 1878 2840 de

295 2869 441 2923 Filio
476 2870 569 2924 Dei
600 2870 836 2941 loquitur
863 2871 1228 2937 solummodo,
1257 2874 1379 2942 qui,
1421 2875 1676 2944 quoniam
1713 2892 1742 2930 a
1765 2877 1878 2932 Deo

293 2957 462 3012 Patre
483 2959 678 3014 missus
699 2969 798 3024 est,
825 2962 984 3016 verba
1009 2962 1099 3016 Dei
1124 2962 1379 3032 loquitur.
1410 2963 1599 3018 Nonne
1629 2973 1649 3001 ⁸
1677 2974 1732 3019 et
1755 2981 1878 3036 pro-

201 3066 212 3076 -
293 3047 494 3117 phetae
541 3049 610 3103 ab
644 3065 709 3103 eo
743 3051 891 3105 missi
919 3053 1076 3105 sunt?
1101 3051 1286 3106 Nonne
1312 3053 1333 3084 ³
1373 3062 1428 3108 et
1458 3055 1682 3123 apostoli
1714 3057 1782 3109 ab
1811 3071 1876 3109 eo

1948 561 1950 563 ›
1983 535 2141 597 prout
2169 525 2280 580 vult
2308 546 2353 579 ι.
2383 524 2598 580 Christo
2624 532 2824 589 autem,
2851 525 2942 593 qui
2965 531 3047 578 est
3070 529 3231 592 caput
3256 523 3548 583 Ecclesiae.

1983 631 2090 670 non
2121 632 2151 670 e
2180 631 2432 671 mensura
2459 616 2550 670 dat
2580 616 2718 668 Deus
2745 614 2990 684 spiritum
3017 654 3032 679 ,
3065 615 3157 670 sed
3199 615 3338 668 sicut
3382 623 3550 668 totum

1982 721 2047 760 ex
2076 721 2134 761 se
2173 707 2289 776 ipso
2333 716 2446 761 toto
2486 706 2671 777 genuit
2699 705 2892 759 Filium
2926 697 3114 769 suum,
3159 704 3229 758 ita
3274 704 3579 758 inearnatm

1983 797 2118 852 Filio
2167 811 2264 852 suo
2294 806 2465 851 totum
2503 797 2750 866 spiritum
2783 810 2937 850 suum
2971 795 3146 858 dedit,
3181 809 3285 848 non
3327 795 3552 861 partici-

1983 889 2195 958 patitcr,
2236 902 2340 941 non
2385 902 2484 956 per
2520 884 2915 942 subdivisiones
2941 923 2955 950 ,
2997 883 3089 940 sed
3136 883 3462 954 generaliter
3495 892 3554 937 et

1985 975 2380 1030 universaliter.

2056 1063 2215 1116 Pater
2235 1063 2404 1132 diligit
2447 1061 2647 1116 Filium
2685 1072 2732 1117 et
2764 1063 2939 1117 omnia
2976 1061 3114 1116 dedit
3150 1061 3204 1114 in
3234 1077 3392 1115 manu
3416 1062 3549 1130 ejus.

1988 1151 2220 1206 Causam
2250 1151 2453 1215 reddit,
2483 1168 2582 1206 cur
2619 1153 2816 1207 ceteris
2855 1152 3161 1207 hominibus
3196 1166 3261 1206 ex
3303 1166 3551 1206 mensura

1986 1248 2077 1301 dat
2101 1248 2240 1301 Deus
2265 1247 2512 1316 spiritum
2533 1285 2548 1310 ,
2579 1245 2715 1300 Filio
2740 1256 2918 1299 autem
2945 1260 3043 1299 suo
3065 1260 3170 1299 non
3191 1259 3257 1299 ex
3280 1258 3553 1304 mensura,

1985 1336 2080 1390 sed
2110 1351 2176 1390 ex
2208 1326 2320 1391 toto
2349 1337 2441 1391 dat
2467 1336 2735 1405 spiritum.
2766 1334 2978 1402 Quare?
2997 1333 3110 1388 Non
3141 1335 3210 1390 ob
3235 1335 3377 1388 aliud
3405 1374 3420 1398 ,
3453 1335 3554 1388 nisi

1985 1428 2111 1496 quia
2141 1425 2304 1480 Pater
2345 1427 2515 1497 diligit
2540 1425 2587 1478 F
2592 1426 2738 1479 ilium
2759 1426 2920 1504 ,ﬁideo
2951 1427 3096 1481 dedit
3122 1426 3170 1479 ei
3203 1434 3370 1480 totum
3401 1440 3555 1479 suum

1987 1520 2255 1589 spiritum,
2283 1528 2338 1574 et
2361 1521 2539 1574 omnia
2567 1519 2712 1572 dedit
2734 1518 2786 1571 in
2816 1533 2974 1571 manu
2998 1516 3130 1584 ejus.
3161 1516 3308 1583 Quae
3341 1517 3558 1571 omnia?

1947 1667 1952 1672 ,
1985 1613 2066 1664 An
2096 1611 2234 1665 forte
2255 1611 2456 1673 omnia,
2486 1609 2630 1680 quae
2652 1610 2703 1663 in
2729 1610 2842 1678 ipso
2868 1607 3008 1662 facta
3039 1607 3269 1661 sunt?ln
3295 1607 3558 1676 principio

1988 1700 2128 1754 enim
2185 1700 2311 1754 fecit
2362 1701 2503 1754 Deus
2549 1700 2755 1756 caelum
2808 1707 2863 1752 et
2912 1706 3145 1762 terram;
3183 1707 3237 1750 et
3273 1698 3574 1767 psalmus,

1917 1791 1963 1848 Β
1998 1803 2015 1835 ι
2052 1786 2244 1840 Omnia
2291 1785 2343 1837 in
2394 1784 2656 1852 sapientia
2709 1782 2879 1837 fecisti
2919 1803 2962 1834 ι.
2996 1781 3086 1835 Illa
3119 1782 3298 1851 itaque
3341 1783 3554 1845 omnia,

1989 1889 2125 1944 quae
2170 1873 2222 1927 in
2268 1873 2404 1927 Filio
2440 1874 2578 1926 facta
2608 1879 2764 1936 sunt,
2789 1871 2932 1926 dedit
2962 1869 3123 1924 Pater
3147 1871 3199 1923 in
3229 1886 3389 1924 manu
3417 1870 3552 1938 ejus.

1985 1967 2158 2020 Altius
2202 1966 2376 2019 omnia
2415 1966 2555 2019 dedit
2588 1965 2638 2018 in
2680 1981 2837 2018 manu
2870 1964 3017 2032 ejus,
3072 1963 3172 2017 hoc
3216 1972 3332 2026 est,
3375 1963 3555 2018 omnia

1985 2073 2122 2126 quae
2171 2057 2598 2112 substantialiter
2638 2056 2801 2111 habet
2850 2056 3030 2119 Pater,
3075 2056 3224 2110 dedit
3268 2055 3429 2120 Filio,
3477 2056 3555 2125 gi-

1984 2148 2206 2218 gnendo
2233 2148 2402 2216 ipsum
2434 2145 2500 2200 de
2529 2161 2588 2200 se
2613 2145 2893 2215 aequalem
2921 2145 3022 2199 sibi
3053 2160 3150 2214 per
3175 2147 3372 2200 omnia.

2055 2236 2159 2301 Qui
2178 2237 2338 2290 credit
2361 2238 2414 2289 in
2438 2235 2657 2299 Filium,
2682 2235 2831 2311 habet
2861 2236 3016 2289 vitam
3043 2246 3329 2289 aeternam.
3346 2235 3557 2301 Quare?

1984 2325 2120 2392 Quia
2164 2326 2278 2394 ipse
2314 2324 2482 2378 Filius
2533 2323 2643 2377 vita
2693 2333 2908 2378 aeterna
2941 2333 3054 2389 est,
3094 2324 3234 2378 sicut
3275 2324 3389 2392 ipse
3440 2325 3552 2378 ait:

1989 2439 2008 2471 ‹
2044 2421 2155 2491 Ego
2179 2435 2294 2474 sum
2323 2419 2522 2473 veritas
2555 2427 2610 2473 et
2637 2417 2747 2472 vita
2777 2436 2818 2472 ι.
2851 2417 3042 2472 Merito
3069 2432 3226 2488 ergo,
3269 2417 3358 2488 qui
3395 2418 3560 2470 credit

1982 2511 2034 2563 iu
2062 2508 2278 2574 Filium,
2307 2509 2456 2563 habet
2504 2510 2662 2562 vitam
2688 2518 2968 2562 aeternam.
2993 2505 3072 2561 Ac
3093 2507 3138 2563 si
3167 2507 3391 2562 dixisset
3415 2525 3428 2560 :
3455 2507 3556 2573 Qui

1982 2599 2154 2653 credit
2199 2599 2249 2652 in
2295 2599 2510 2657 Filium.
2544 2599 2704 2653 habet
2730 2598 2903 2667 ipsum
2935 2598 3152 2662 Filium,
3206 2614 3269 2653 ac
3320 2614 3418 2668 per
3456 2601 3557 2653 hoc

1981 2688 2145 2742 habet
2174 2688 2337 2741 vitam
2371 2695 2666 2748 aeternam,
2698 2687 2822 2755 quia
2858 2687 2973 2754 ipse
3003 2685 3172 2744 Filius
3201 2687 3309 2741 vita
3337 2697 3556 2742 aeterna

1979 2785 2082 2832 est.
2114 2776 2217 2842 Qui
2253 2785 2426 2830 autem
2457 2794 2559 2831 non
2586 2777 2748 2830 credit
2772 2776 2825 2829 in
2861 2775 3026 2841 Filio,
3057 2792 3161 2830 non
3190 2777 3378 2830 videbit
3397 2779 3555 2831 vitam

1980 2879 2263 2922 aeternam.
2293 2867 2493 2923 Eodem
2525 2881 2721 2938 genere
2753 2866 3036 2921 locutionis
3074 2885 3087 2920 :
3119 2867 3210 2936 qui
3240 2877 3418 2922 autem
3449 2881 3552 2919 non

1980 2960 2150 3014 credit
2193 2960 2356 3024 Filio,
2391 2975 2493 3014 non
2542 2959 2742 3013 videbit
2769 2957 2983 3022 Filium,
3028 2958 3121 3028 qui
3167 2965 3252 3012 est
3289 2957 3416 3012 vita.
3449 2957 3554 3012 Sed

1980 3051 2060 3103 ira
2093 3049 2185 3104 Dei
2213 3060 2383 3104 manet
2428 3066 2580 3120 super
2616 3065 2752 3103 eum.
2791 3047 2904 3104 Non
2942 3049 3106 3104 dicit:
3132 3049 3210 3103 ira
3237 3048 3344 3104 Dei.
3370 3048 3554 3102 veniet

297 3138 449 3192 missi
487 3148 629 3203 sunt,
657 3150 710 3194 et
742 3140 903 3194 verba
945 3141 1038 3195 Dei
1087 3142 1248 3197 locuti
1294 3145 1456 3196 sunt?
1493 3146 1630 3210 Quid
1657 3161 1785 3216 ergo
1812 3147 1878 3200 de
1907 3151 1952 3210 ο
1981 3157 2142 3212 super
2170 3159 2313 3206 eum,
2343 3143 2436 3198 sed
2466 3143 2541 3197 ait
2577 3160 2590 3198 :
2623 3153 2793 3198 manet
2815 3161 2970 3214 super
3000 3161 3136 3198 eum.
3167 3143 3314 3210 Quae
3343 3152 3426 3198 est
3460 3143 3551 3197 illa

295 3228 414 3282 solo
442 3228 658 3285 Christo
685 3231 887 3286 dictum
914 3241 997 3287 est
1019 3251 1033 3286 :
1065 3232 1230 3298 Quem
1259 3235 1396 3288 misit
1423 3233 1583 3299 Deus,
1605 3237 1757 3289 verba
1783 3236 1878 3290 Dei

292 3317 569 3388 loquitur?
597 3321 820 3376 Videtur
854 3324 996 3378 enim
1041 3325 1237 3380 dixisse
1264 3342 1278 3378 :
1308 3325 1478 3392 Quem
1529 3328 1676 3382 misit
1706 3330 1875 3394 Deus,

295 3411 446 3467 illius
470 3414 733 3470 mittentis
765 3431 824 3470 se
861 3416 955 3470 Dei
984 3418 1144 3471 verba
1177 3417 1443 3486 loquitur;
1473 3421 1613 3489 quod
1652 3421 1880 3491 prephe-

297 3510 390 3555 tae
420 3501 703 3567 fecerunt,
739 3504 990 3559 similiter
1020 3507 1267 3575 apostoli.
1293 3507 1430 3574 Quid
1460 3524 1589 3578 ergo
1620 3526 1876 3582 magnum

295 3590 462 3644 datur
483 3591 718 3652 Christo.
737 3583 878 3662 quod
905 3595 1026 3649 aliis
1053 3610 1157 3648 non
1192 3597 1407 3649 datum?
1433 3597 1652 3653 lntcnde
1677 3600 1727 3653 in
1756 3615 1878 3654 ver-

298 3677 367 3731 ba
393 3696 407 3731 :
450 3677 616 3743 Quem
642 3683 778 3734 misit
807 3681 963 3746 Deus,
996 3682 1155 3738 Pater
1183 3684 1450 3748 videlicet,
1479 3687 1630 3741 verba
1663 3688 1760 3743 Dei
1797 3689 1878 3743 lo-

295 3767 514 3835 quitur;
554 3770 807 3836 quoniam
836 3779 891 3824 et
923 3771 1041 3834 ille,
1085 3773 1175 3842 qui
1221 3773 1418 3828 missus
1443 3784 1558 3839 est,
1589 3776 1728 3832 Deus
1764 3792 1874 3842 est,

296 3855 422 3909 ideo
451 3858 608 3912 verba
651 3858 742 3912 Dei
788 3859 1046 3928 loquitur,
1078 3873 1136 3916 ut
1167 3864 1238 3918 sit
1265 3879 1455 3920 sensus
1483 3884 1496 3920 :
1527 3866 1694 3932 Quem
1736 3869 1880 3924 misit

297 3945 487 4010 Deus,
540 3948 782 4016 profecto
831 3951 973 4006 Deus
1016 3961 1130 4017 est,
1176 3969 1240 4007 ac
1269 3969 1366 4024 per
1411 3955 1513 4010 hoc
1547 3957 1708 4012 verba
1740 3957 1879 4013 illius

295 4040 463 4095 verba
489 4041 582 4096 Dei
609 4051 753 4107 sunt;
792 4059 920 4116 ergo
941 4045 1103 4101 verba
1135 4047 1252 4102 Filii
1281 4048 1347 4102 de
1373 4063 1431 4103 se
1475 4049 1609 4117 ipso,
1637 4051 1878 4104 testimo-

297 4131 448 4186 nium
491 4135 821 4202 perhibentis
875 4138 1016 4208 quod
1049 4138 1189 4193 Deus
1258 4141 1359 4205 sit,
1408 4140 1569 4196 verba
1604 4140 1700 4195 Dei
1731 4154 1872 4196 sunt.

298 4219 481 4278 Verba
510 4226 897 4294 prophetarum
928 4237 982 4282 et
1009 4228 1374 4298 apostolorum
1407 4232 1570 4284 verba
1598 4231 1690 4286 Dei
1727 4240 1875 4296 sunt,

295 4311 430 4380 quia
480 4314 643 4368 verba
678 4314 768 4370 Dei
800 4316 962 4371 locuti
996 4329 1140 4372 sunt.
1189 4317 1418 4374 Sanctus
1459 4319 1601 4373 enim
1645 4319 1876 4389 Spiritus

294 4398 515 4454 locutus
541 4411 625 4456 est
649 4404 702 4457 in
725 4404 825 4467 eis,
849 4420 950 4460 nec
979 4415 1155 4461 tamen
1180 4407 1268 4462 illa
1288 4408 1450 4462 verba
1479 4408 1782 4462 referuntur
1807 4410 1872 4462 ad

1981 3233 2061 3285 ira
2089 3231 2223 3286 Dei?
2252 3231 2395 3287 Nihil
2425 3233 2566 3287 aliud
2594 3273 2608 3298 ,
2641 3234 2744 3289 nisi
2777 3234 3198 3290 maledictioilla
3218 3276 3232 3298 ,
3279 3249 3382 3303 qua
3411 3234 3553 3289 Deus

1980 3325 2260 3379 maledixit
2284 3327 2442 3394 primi
2477 3328 2710 3383 hominis
2740 3338 2994 3398 peccato,
3045 3328 3355 3382 mandatum
3395 3343 3551 3382 suum
3624 3398 3628 3402 ι

1984 3415 2462 3483 transgredientis,
2491 3418 2675 3471 dicens
2703 3437 2716 3470 :
2755 3437 2773 3468 ι
2806 3417 3082 3472 Maledicta
3115 3426 3257 3473 terra
3286 3419 3340 3473 in
3371 3419 3550 3489 operi-

1979 3505 2081 3561 bus
2113 3508 2216 3562 tuis
2247 3529 2291 3562 ›.
2317 3509 2462 3564 lllins
2485 3510 2598 3565 irae
2621 3507 2843 3565 etl‘ectus
2868 3519 2950 3566 est
2981 3527 3151 3575 mors,
3173 3521 3227 3566 et
3255 3512 3548 3581 corruptio,

1979 3606 2036 3653 et
2065 3599 2284 3653 omnino
2309 3599 2552 3654 veritatis
2583 3601 2885 3672 ignorantia
2905 3643 2920 3666 ,
2949 3617 3086 3672 quae
3125 3603 3302 3657 omnia
3333 3611 3552 3657 manent

1981 3701 2143 3755 super
2171 3703 2313 3742 eum.
2344 3688 2419 3742 De
2450 3688 2536 3742 illa
2571 3689 2648 3743 ira
2680 3691 2756 3743 ait
2785 3691 3068 3758 Apostolus
3100 3708 3113 3743 :
3151 3710 3170 3742 ‹
3204 3690 3406 3746 Fuistis
3444 3691 3546 3744 ali.-

1979 3779 2194 3846 quando
2222 3778 2313 3832 lilii
2336 3780 2447 3833 irae
2471 3780 2605 3834 sicut
2629 3791 2684 3833 et
2721 3783 2882 3835 ceteri
2916 3800 2958 3833 ι.
2997 3781 3078 3835 lra
3116 3781 3208 3835 Dei
3242 3789 3418 3851 potest
3442 3783 3552 3834 ori-

1979 3869 2156 3938 ginale
2204 3879 2483 3938 peccatum
2529 3870 2788 3940 intelligi,
2823 3871 3077 3939 quoniam
3122 3871 3250 3925 illud
3293 3870 3550 3940 originale

1977 3967 2259 4026 peccatum
2293 3960 2426 4013 iram
2454 3960 2546 4014 Dei
2589 3961 2641 4014 in
2685 3961 2972 4014 humanam
3007 3969 3254 4014 naturam
3293 3976 3552 4030 provoca-

1978 4047 2086 4112 vit;
2118 4049 2263 4112 quod
2289 4049 2550 4117 originale
2589 4059 2864 4119 peccatum
2895 4056 3075 4101 manet
3106 4049 3156 4102 in
3195 4049 3307 4113 his,
3338 4050 3426 4117 qui
3456 4065 3548 4102 no~

1977 4136 2094 4190 lunt
2131 4139 2350 4192 credere
2379 4140 2430 4191 in
2461 4153 2604 4202 eum,
2640 4137 2730 4207 qui
2752 4153 2851 4208 pro
2881 4137 2984 4192 illis
3005 4145 3248 4191 mortuus
3270 4145 3371 4191 est.-

2048 4222 2115 4277 Ut
2151 4241 2270 4295 ergo
2305 4225 2540 4295 cognovit
2565 4224 2752 4288 Jesus,
2782 4225 2904 4296 quia
2934 4225 3207 4278 audierant
3238 4223 3546 4287 Pharisaei,

1975 4318 2098 4384 quia
2127 4315 2282 4369 Jesus
2315 4317 2488 4386 plures
2530 4314 2812 4385 discipulos
2844 4316 2990 4384 facit,
3029 4323 3075 4367 et
3115 4315 3362 4384 baptisat,
3391 4329 3546 4382 quam

1975 4404 2226 4468 Joannes,
2265 4407 2362 4460 etsi
2396 4405 2551 4460 Iesus
2581 4408 2688 4475 ipse
2714 4423 2817 4460 non
2851 4405 3147 4475 baptizavit,
3183 4404 3271 4458 sed
3305 4402 3548 4473 discipuli

295 4487 453 4553 illos,
500 4499 560 4543 ut
605 4491 814 4546 illorum
857 4497 1018 4550 verba
1066 4495 1208 4560 sint,
1240 4497 1334 4551 sed
1373 4498 1484 4552 veri
1527 4496 1622 4550 Dei
1673 4499 1858 4551 verba.
1895 4495 1940 4552 D
1965 4496 2099 4564 ejus.
2126 4496 2425 4565 Baptizavit
2449 4494 2699 4550 Christus
2726 4506 2780 4550 et
2815 4511 2920 4550 non
2958 4495 3270 4563 baptizavit.
3303 4493 3547 4563 Baptiza-

298 4575 476 4631 Verba
503 4577 704 4634 Christi
735 4582 800 4636 ad
827 4597 886 4637 se
914 4583 1086 4652 ipsum
1119 4584 1450 4651 referuntur,
1496 4597 1550 4642 et
1579 4588 1741 4641 verba
1773 4588 1865 4642 Dei

294 4668 553 4724 dicuntur
580 4671 795 4737 merito,
818 4673 943 4741 quia
975 4674 1294 4728 naturaliter
1323 4675 1463 4729 Deus
1488 4684 1570 4730 est
1589 4715 1603 4739 ,
1630 4685 1685 4729 et
1717 4684 1862 4731 totus

295 4755 462 4821 Deus,
491 4767 547 4812 et
578 4767 686 4816 tota
714 4763 975 4832 sapientia
995 4803 1010 4828 ,
1040 4771 1095 4817 et
1126 4764 1178 4817 in
1206 4779 1272 4818 eo
1297 4763 1570 4834 plenitudo
1598 4764 1862 4820 donorum

296 4845 416 4899 Dei.
450 4846 738 4917 Propterea
768 4853 1047 4921 sequitur:
1084 4851 1208 4906 Non
1236 4855 1372 4908 enim
1402 4870 1466 4908 ea:
1499 4871 1742 4909 mensura
1783 4857 1875 4909 dat

297 4935 436 4992 Deus
463 4940 724 5009 spiritum.
754 4943 832 4998 Ac
859 4944 903 4998 si
932 4945 1158 4999 dixisset
1181 4963 1194 4998 :
1226 4945 1304 4998 Ex
1331 4958 1584 5000 mensura
1608 4945 1702 4999 dat
1733 4947 1876 5001 Dens

290 5027 542 5094 spiritum
573 5047 726 5086 suum
759 5033 980 5103 singulis
1011 5035 1340 5098 hominibus,
1369 5035 1504 5090 sicut
1533 5035 1610 5089 ait
1638 5035 1872 5105 Aposto-

292 5116 417 5171 lus:
453 5137 473 5169 ι
506 5119 606 5174 Alii
638 5122 794 5175 datur
820 5137 920 5192 per
950 5123 1210 5192 Spiritum
1243 5139 1420 5178 sermo
1444 5125 1756 5192 sapientiae,
1782 5126 1870 5182 alii

289 5220 475 5262 sermo
515 5211 772 5267 scientiae
806 5232 825 5263 ι
847 5253 862 5277 ,
899 5222 1186 5281 ceteraque
1213 5213 1571 5283 spiritualium
1607 5215 1868 5278 donorum

288 5296 506 5352 divisio.
530 5299 735 5367 Quibus
765 5303 944 5358 verbis
988 5304 1309 5369 ostenditur,
1355 5319 1423 5359 ex
1464 5319 1715 5359 mensura
1753 5307 1867 5361 dari

291 5387 554 5455 Spiritum
582 5402 822 5447 sanctum
863 5395 1120 5449 membris
1147 5394 1442 5449 Ecclesiae.
1476 5392 1627 5459 Quod
1674 5409 1864 5448 conse-

290 5487 524 5546 quenter
552 5481 628 5534 ait
649 5482 954 5551 Apostolus,
986 5484 1171 5541 dicens
1197 5505 1208 5538 :
1248 5503 1267 5536 ι
1305 5484 1454 5540 Unus
1478 5491 1654 5538 autem
1677 5501 1869 5555 opera-

1974 4588 2070 4651 vit,
2104 4588 2155 4641 id
2184 4596 2266 4642 est
2292 4588 2540 4658 purgavit
2566 4589 2617 4642 in
2642 4588 2852 4658 spiritu,
2884 4603 3019 4656 quos
3045 4603 3149 4641 non
3177 4587 3311 4658 ipse,
3343 4587 3436 4642 sed
3465 4589 3546 4643 sui

1971 4679 2219 4747 discipuli
2248 4694 2385 4748 aqua
2412 4679 2693 4749 tingebant
2722 4680 2773 4732 in
2810 4694 3054 4748 corpore.

2047 4766 2274 4838 Reliquit
2319 4767 2611 4830 Judaeum,
2652 4779 2698 4821 et
2742 4767 2868 4820 abiit
2907 4767 3091 4821 iterum
3138 4767 3541 4822 in-Galiiaeam.

1976 4856 2266 4926 Postquam
2318 4857 2576 4911 Dominus
2625 4857 2894 4926 cognovit,
2933 4857 3020 4910 cui
3061 4859 3242 4912 omnia
3270 4860 3429 4914 corda
3456 4874 3547 4913 co-

1978 4948 2124 5018 gnita
2161 4956 2306 5011 sunt,
2336 4947 2476 5015 quod
2509 4946 2789 5001 audierant
2829 4946 3106 5003 Pharisaei
3148 4948 3329 5019 plures
3379 4949 3544 5003 disci-

1977 5035 2132 5103 pulos
2158 5035 2224 5088 ad
2252 5049 2373 5089 eum
2413 5035 2654 5099 venisse,
2685 5049 2845 5102 quam
2872 5037 2938 5089 ad
2968 5035 3226 5092 Joannem
3245 5079 3259 5102 ,
3285 5046 3338 5092 et
3366 5037 3546 5106 plures

1978 5124 2284 5193 baptizasse
2314 5140 2472 5192 quam
2505 5123 2772 5189 Joannes,
2805 5124 3021 5194 reliquit
3053 5124 3332 5181 Judaeam.
3361 5125 3549 5179 Phari-

1977 5216 2088 5270 saei
2139 5217 2373 5285 quippe,
2421 5215 2623 5268 invidia
2666 5216 2920 5270 commoti
2969 5217 3226 5271 adversus
3268 5215 3542 5270 Christum

1977 5307 2197 5377 ejusque
2225 5306 2536 5376 discipulos,
2559 5306 2800 5361 videntes
2823 5308 3143 5377 baptismum
3171 5303 3393 5359 Joannis
3414 5321 3545 5374 pan-

1976 5395 2141 5450 lulum
2167 5395 2448 5460 vilescere,
2479 5395 2736 5464 quoniam
2758 5397 2990 5451 maxime
3029 5411 3095 5449 ex
3125 5395 3434 5448 Pharisaeis
3461 5395 3547 5448 di-

1975 5487 2169 5556 scipuli
2196 5485 2419 5543 Joannis
2450 5487 2690 5553 fuerunt,
2721 5487 2859 5543 sicut
2891 5490 3054 5544 etiam
3083 5497 3206 5542 tunc
3231 5495 3286 5542 et
3307 5486 3541 5549 Christi,

1561 5575 1764 5630 VARIA
1779 5579 1815 5630 l".
1857 5577 2030 5634 LECT
2036 5578 2146 5633 ΙοΝ
2153 5579 2254 5634 ES.

365 5640 382 5671 ⁸
412 5640 593 5707 Corn,
624 5658 720 5712 pro
743 5656 861 5699 sunt
887 5647 1007 5703 cod.
1030 5646 1136 5702 sed.
1217 5649 1235 5678 '
1267 5646 1394 5701 Cod.
1422 5646 1672 5717 nunquid.
1751 5647 1770 5678 ³
1797 5649 1928 5703 Cod.
1961 5650 2210 5718 nunquid.
