4028 6274
531 262 628 318 53!

1911 259 2188 317 IOANNlS
2226 261 2420 320 SCOTI

3661 269 3761 325 352

530 373 794 445 baptisma
819 385 948 426 vero
975 371 1174 426 Christi
1207 385 1453 428 crescere
1474 380 1528 426 et
1557 385 1842 428 numerum
1867 373 2100 442 diseipu-
2123 381 2170 437 Α
2199 373 2310 428 siae
2329 415 2345 439 ,
2374 375 2657 445 oportebat
2697 389 2820 429 eum
2871 375 3103 430 transire
3141 389 3242 445 per
3290 382 3478 447 gentes
3520 377 3622 432 sub
3656 379 3764 451 lege

491 511 498 519 .
531 467 703 521 lorum
729 463 870 532 ejus,
897 464 1120 534 insuper
1144 465 1306 518 etiam
1343 473 1731 534 cognoscentes
1761 479 1858 533 per
1901 465 2090 518 doctri-

529 568 652 610 nam
684 551 883 607 Christi
911 551 1082 621 legem
1108 553 1382 618 evacuari,
1408 553 1727 621 Veterisque
1751 552 2084 608 Testamenti

484 683 486 685 ›
528 643 923 708 caerimonias,
965 643 1106 712 quod
1148 643 1202 698 in
1237 644 1484 718 doctrina
1522 641 1744 697 Ioannis
1773 659 1879 698 non
1915 653 2097 714 potue-

531 744 657 790 runt
683 750 1040 806 cognoscere,
1072 735 1164 789 tali
1194 736 1374 804 itaque
1402 736 1517 791 zelo
1549 737 1782 800 turbati,
1823 737 2094 790 Christum

526 844 761 898 suosque
809 829 1102 897 discipulos
1145 843 1439 898 omnesque
1491 829 1771 883 credentes
1820 829 1872 881 in
1922 829 2093 897 ipsum

526 921 834 989 cogitabant
881 920 1148 990 persequi.
1205 919 1314 974 Hac
1361 921 1645 976 occasione
1685 919 1899 989 reliquit
1939 919 2096 975 Iesus

525 1008 818 1073 Judaeum,
849 1010 899 1062 id
932 1018 1016 1064 est
1056 1010 1378 1065 Pharisaeos
1413 1009 1751 1075 incredulos,
1799 1009 2096 1079 cogitantes

523 1116 648 1157 eum
690 1101 962 1171 persequi.
1002 1100 1113 1155 Hoc
1154 1111 1332 1156 autem
1365 1101 1509 1166 fecit,
1542 1117 1647 1157 non
1685 1102 1837 1171 quasi
1877 1101 2096 1156 timidus

522 1191 606 1246 vel
646 1192 944 1260 impotens;
979 1191 1152 1260 potuit
1197 1191 1339 1246 enim
1375 1205 1693 1261 permanere
1729 1191 1781 1244 in
1822 1190 2023 1246 Iudaea
2064 1206 2092 1244 a

525 1281 902 1350 persecutione
928 1281 1223 1334 carnalium
1265 1281 1658 1350 impiorumque
1677 1279 2094 1335 Pharisaeorum

522 1373 772 1439 illaesus;
805 1374 896 1427 sed
925 1382 983 1427 ut
1011 1375 1313 1444 exemplum
1359 1375 1644 1430 credituris
1680 1375 1733 1428 in
1768 1389 1890 1429 eum
1935 1373 2095 1428 relin-

521 1473 747 1532 queret,
777 1464 912 1518 dans
935 1464 1018 1519 eis
1048 1467 1147 1518 suo
1173 1462 1418 1532 exemplo
1445 1473 1765 1532 potestatem
1793 1463 2027 1534 fugiendi
2063 1477 2094 1516 a

525 1553 664 1609 facie
695 1555 1130 1623 persequentium
1162 1571 1236 1616 se,
1269 1569 1469 1626 eosque
1491 1557 1556 1610 ad
1584 1566 1794 1626 tempus
1817 1555 2093 1622 deserere,

527 1661 596 1700 ne
628 1656 753 1701 ante
779 1656 988 1716 tempus
1015 1645 1125 1702 Deo
1157 1647 1410 1716 placitum
1442 1657 1494 1703 et
1534 1648 1879 1716 praeﬁnitum
1917 1648 1983 1701 ab
2015 1648 2095 1701 eis

2196 475 2422 521 naturae
2457 467 2812 532 constitutas,
2845 475 2905 520 ut
2941 481 3009 522 ex
3039 467 3120 522 eis
3148 467 3398 521 similiter
3438 468 3492 521 in
3523 475 3756 524 structu-

2195 570 2333 618 ram,
2357 570 2520 624 quam
2543 565 2813 625 coeperat,
2845 555 3046 611 electos
3073 570 3173 624 per
3199 556 3356 610 ﬁdem
3386 557 3596 626 lapides
3614 573 3761 613 voca-

2195 654 2297 699 ret.
2331 645 2578 718 samaria
2611 648 2808 716 quippe
2842 649 2910 702 ab
2940 648 3286 719 alienigenis,
3319 649 3422 703 hoc
3445 657 3530 702 est
3560 651 3628 703 ab
3657 650 3765 710 his,

2195 735 2286 804 qui
2312 745 2370 790 et
2393 736 2547 806 legali
2583 737 2800 802 littera,
2835 754 2975 807 quae
3006 737 3104 792 soli
3149 739 3352 792 carnali
3393 738 3564 792 lsrael
3609 741 3769 810 impo-

2196 827 2296 881 sita
2321 867 2337 893 ,
2381 835 2436 882 et
2481 827 2710 882 naturali
2740 828 2858 898 lege
2889 829 2969 882 usi
3002 837 3127 882 sunt
3155 842 3247 883 seu
3289 829 3478 892 abusi,
3528 843 3769 897 possessa

2194 924 2298 980 est,
2326 924 2386 969 ut
2411 931 2532 970 cum
2574 915 2866 971 universali
2909 918 3149 974 Ecclesia
3173 959 3186 982 ,
3219 929 3272 974 et
3312 921 3380 974 ab
3407 920 3630 975 Iudaeis
3657 931 3710 976 et
3743 939 3769 976 a

2194 1007 2440 1077 gentibus
2476 1006 2698 1061 collecta
2722 1015 2783 1062 ct'
2804 1008 3104 1073 aediﬁcata,
3133 1011 3248 1080 ipse
3277 1011 3572 1067 fabricator
3594 1012 3650 1066 in
3674 1011 3774 1066 Ga-

2195 1097 2406 1151 lilaeam
2449 1106 2705 1152 aeternae
2738 1098 3089 1153 beatitudinis
3129 1099 3352 1154 rediret.
3397 1099 3552 1166 Quod
3596 1108 3773 1154 autem

2193 1185 2427 1242 Galilaea
2455 1197 2729 1242 aeternam
2749 1189 2917 1242 vitam
2942 1189 3229 1258 signiﬁcet,
3261 1206 3366 1244 non
3393 1191 3569 1245 solum
3592 1206 3665 1246 ex
3694 1193 3768 1246 in-

2195 1277 2579 1344 terpretatione
2607 1285 2783 1345 potest
2809 1276 3035 1344 conjici,
3063 1293 3252 1332 verum
3282 1281 3444 1333 etiam
3472 1294 3540 1334 ex
3577 1281 3772 1335 divinis

2193 1366 2391 1436 gestis,
2441 1380 2581 1435 quae
2632 1367 2685 1420 in
2726 1381 2791 1421 ea
2838 1377 3056 1438 peracta
3105 1377 3249 1423 sunt.
3292 1369 3534 1424 Galilaea
3579 1371 3772 1440 quippe

2194 1456 2584 1525 transmigratio
2639 1456 2782 1525 facta
2834 1456 2920 1510 vel
2977 1457 3226 1510 revela-tio
3282 1458 3678 1526 interpretatur
3715 1472 3772 1523 ις

2197 1547 2596 1616 transmigratio
2640 1556 2819 1602 autem
2855 1546 2998 1603 facta
3037 1550 3119 1602 eet
3149 1549 3414 1603 humanae
3454 1558 3687 1603 naturae
3723 1550 3772 1603 in

2193 1637 2474 1692 Salvatore
2501 1653 2598 1692 suo
2623 1638 2689 1692 de
2723 1638 2840 1707 lege
2869 1639 3100 1707 primum
3129 1639 3333 1693 carnali
3365 1640 3420 1694 in
3448 1640 3595 1710 leges
3616 1649 3774 1693 natu-

527 1738 1145 1808 comprehcnderentur;
1192 1754 1254 1792 ac
1301 1754 1396 1807 per
1439 1739 1540 1792 hoc
1567 1739 1618 1792 in
1657 1736 1858 1792 Iudaea
1894 1739 2094 1792 diutius
2122 1723 2167 1781 Β
2197 1727 2357 1791 rales,
2389 1727 2457 1781 ab
2484 1727 2615 1796 ίβείδ
2649 1728 2842 1782 "enim
2873 1728 3014 1782 “ma
3040 1736 3289 1785 "illum"
3332 1729 3384 1783 in
3417 1729 3567 1799 19803
3599 1740 3773 1784 δείδι’·

520 1836 786 1892 maneret,
813 1829 877 1890 si,
915 1844 1049 1897 quos
1077 1828 1292 1898 reliquit
1317 1870 1330 1893 ,
1374 1830 1677 1884 credituros
1720 1837 2090 1899 cognosceret.

520 1913 680 1970 quta
710 1931 838 1971 vero
878 1917 1025 1987 leges
1064 1918 1304 1972 theoriae
1348 1918 1566 1986 reliquit
1610 1917 1766 1973 Iesus
1800 1918 2090 1982 Iudaeam,

523 2015 810 2075 postquam
851 2023 914 2063 ex
945 2006 1170 2061 Iudaico
1206 2008 1420 2076 populo'
1441 2007 1794 2077 primordium
1820 2008 2094 2062 Ecclesiae

524 2100 576 2152 in
629 2099 748 2161 liis,
795 2099 886 2166 qui
925 2098 978 2152 in
1021 2114 1141 2151 eum
1175 2099 1550 2161 crediderunt,
1580 2099 1845 2168 suscepit;
1876 2098 2094 2166 reliquit

519 2189 764 2244 carnales
793 2187 1130 2257 perﬁdosque
1158 2185 1408 2244 Iudaeos.
1436 2187 1570 2256 legis
1596 2186 1830 2240 litteram
1857 2201 2091 2256 sequen—

522 2291 620 2340 lus,
657 2291 712 2332 et
742 2280 806 2332 ad
835 2278 1081 2348 Spiritum
1105 2279 1288 2347 ipsius
1320 2277 1561 2342 litterae,
1589 2277 1680 2347 qui
1705 2287 1788 2331 est
1811 2275 2057 2332 Christus
2077 2318 2090 2341 ,

520 2368 776 2424 accedere
800 2368 1063 2424 nolentes.
1094 2368 1400 2422 Morabatur
1433 2368 1611 2436 itaque
1637 2368 1894 2421 Dominus
1919 2369 1969 2421 in
1997 2367 2091 2421 Ju-

519 2461 688 2524 daea,
735 2468 794 2513 ut
838 2449 1070 2514 salvaret
1109 2473 1246 2528 quos
1296 2459 1492 2522 voluit;
1543 2459 1758 2527 reliquit
1800 2458 2089 2521 Iudaeam,

521 2551 780 2606 deserens
840 2565 974 2619 quos
1036 2551 1228 2604 merito
1271 2566 1401 2604 suae
1429 2551 1710 2619 superbiae
1749 2550 1958 2604 salvare
1995 2565 2092 2604 ne-

518 2638 706 2708 glexit.
757 2639 1004 2694 Deseruit
1061 2639 1296 2693 litteram
1338 2639 1501 2708 legis,
1539 2653 1679 2708 quae
1719 2639 1984 2692 neminem
2025 2639 2091 2694 ad

521 2726 817 2794 perfectum
855 2729 1032 2793 ducit;
1075 2728 1162 2780 lex
1201 2728 1344 2782 enim
1386 2727 1652 2781 neminem
1697 2727 1763 2780 ad
1793 2727 2090 2796 perfectum

517 2819 703 2884 duxit;
739 2830 793 2873 et
819 2820 886 2873 ab
909 2819 975 2873 iis
999 2819 1191 2872 iterum
1211 2818 1388 2890 [abiit]
1406 2819 1422 2850 ¹
1446 2819 1497 2872 in
1521 2817 1834 2880 Galilaeam,
1863 2819 1965 2872 hoc
1988 2827 2088 2879 est,

515 2908 570 2960 in
615 2907 952 2976 spiritualem
997 2907 1166 2977 ipsius
1212 2908 1424 2962 litterae
1469 2907 1817 2971 intellectum,
1867 2908 1957 2976 qui
1997 2922 2094 2976 per

515 2995 808 3051 Galilaeam
840 2995 1134 3066 symbolice
1162 2995 1437 3066 ﬁguratur.
1464 2993 1571 3050 Nec
1609 3004 1764 3048 vacat
1803 2995 1943 3062 quod
1974 2995 2088 3048 ait:

517 3087 653 3140 Abiit
679 3061 946 3140 lterumvin
966 3061 1276 3140 Galilaeam.
1302 3085 1379 3140 De
1397 3084 1632 3138 Galilaea
1677 3061 1833 3138 enim
1863 3084 2010 3137 venit
2037 3083 2090 3136 in
2119 3061 2162 3120 C

513 3174 794 3239 Iudaeam,
819 3175 959 3229 sicut
987 3175 1041 3228 in
1073 3174 1440 3244 superioribus
1461 3174 1720 3241 scriptum
1750 3179 1864 3227 est:
1896 3189 1913 3221 ε
1943 3171 2092 3225 Post-

516 3267 618 3318 hac
644 3265 792 3319 venit
809 3262 965 3317 Iesus
984 3271 1040 3316 et
1060 3262 1303 3332 discipuli
1325 3261 1441 3329 ejus
1457 3262 1507 3315 in
1523 3259 1777 3314 Iudaeam
1804 3268 2004 3314 terram
2040 3278 2058 3311 ι
2075 3299 2087 3312 .

515 3352 754 3406 Galilaca
783 3351 1030 3406 caelestis
1056 3351 1198 3406 vitae
1222 3366 1285 3404 ac
1314 3349 1527 3404 divinae
1565 3349 1820 3403 bonitatis
1864 3349 2088 3418 ﬁguram

516 3442 688 3511 gerit,
716 3442 784 3495 de
824 3456 928 3508 qua
973 3440 1231 3495 Dominus
1274 3453 1502 3494 nascens
1547 3439 1599 3493 in
1647 3452 1811 3492 carne
1850 3438 1996 3492 venit
2037 3438 2090 3491 in

517 3533 568 3585 in
591 3530 872 3594 Iudaeam,
892 3531 992 3584 hoc
1015 3539 1116 3594 est,
1143 3533 1194 3584 in
1222 3537 1559 3584 sacramenta
1588 3529 1755 3597 ipsius
1779 3529 1930 3598 legis,
1953 3545 2091 3596 quae

517 3621 692 3688 primo
718 3619 938 3674 Iudaeis
966 3621 1088 3674 data
1122 3629 1228 3684 est,
1251 3619 1392 3673 sicut
1432 3619 1508 3671 ait
1544 3617 1870 3687 Apostolus:
1903 3638 1919 3669 ι
1955 3619 2090 3672 Dum

519 3719 699 3769 autem
725 3711 870 3765 venit
895 3710 1170 3780 plenitudo
1200 3721 1497 3778 temporum
1516 3747 1532 3772 ,
1557 3709 1702 3762 misit
1730 3707 1872 3762 Deus
1897 3707 2089 3761 Filium

517 3817 671 3856 suum
703 3800 900 3857 factum
916 3817 982 3856 ex
1008 3801 1248 3862 muliere,
1282 3800 1476 3854 factum
1503 3799 1600 3854 sub
1622 3799 1738 3868 lege
1758 3818 1801 3852 ).
1825 3800 2088 3865 Quoniam

515 3909 646 3948 vero
669 3894 842 3949 noluit
872 3907 1090 3948 manere
1111 3893 1210 3946 sub
1236 3890 1380 3959 lege,
1411 3905 1585 3958 neque
1605 3904 1698 3943 eos
1717 3929 1732 3953 ,
1762 3889 1853 3958 qui
1883 3889 1936 3943 iu
1963 3903 2088 3943 eum

514 3986 773 4042 credituri
798 3995 1012 4048 essent,
1037 3985 1257 4054 reliquit
1284 3985 1482 4055 legem,
1515 3998 1580 4038 ne
1602 3984 1700 4038 sub
1731 3982 1845 4050 lege
1871 3990 2053 4038 essent
2073 4022 2088 4047 ,

514 4076 608 4133 sed
637 4078 735 4131 sub
761 4077 974 4149 spiritu.
1002 4075 1068 4130 Et
1091 4076 1194 4130 hoc
1217 4083 1331 4140 est,
1361 4075 1502 4146 quod
1524 4073 1813 4144 Apostolus
1844 4073 1950 4135 ait,
1983 4092 2000 4124 ι
2033 4081 2092 4128 ιιι

514 4180 630 4229 eos,
651 4165 741 4235 qui
775 4165 874 4220 sub
903 4165 1018 4235 lege
1046 4174 1223 4230 erant,
1246 4165 1535 4219 redimeret
1562 4183 1606 4228 ι,
1634 4165 1735 4218 hoc
1754 4173 1859 4228 est,
1885 4163 1951 4218 de
1977 4179 2087 4218 ser-

514 4260 684 4314 vitute
706 4259 940 4314 carnalis
969 4257 1102 4326 legis
1130 4257 1181 4310 in
1216 4255 1518 4310 libertatem
1544 4256 1764 4324 spiritus
1789 4264 2086 4310 revocaret.

512 4351 579 4408 Et
602 4351 704 4405 hoc
728 4359 811 4405 est
833 4367 846 4403 :
871 4349 995 4402 abiit
1018 4350 1073 4402 in
1093 4347 1405 4402 Galilaeam.

586 4439 868 4509 Oportebat
895 4446 1068 4491 autem
1098 4437 1322 4490 transire
1343 4452 1432 4504 per
1468 4435 1787 4490 Samariam.
1822 4436 1966 4490 Inter
1991 4433 2088 4489 Iu-

511 4531 704 4584 daeam
731 4538 787 4584 et
811 4527 1103 4585 Galilaeam
1133 4525 1378 4581 Samaria
1403 4527 1688 4580 constituta
1718 4533 1830 4590 est,
1862 4525 1964 4579 hoc
1983 4533 2087 4590 est,

513 4620 657 4674 inter
678 4619 848 4689 legem
877 4617 1117 4681 litterae,
1149 4632 1286 4687 quae
1313 4616 1645 4687 signiﬁcatur
1677 4632 1772 4686 per
1795 4615 2087 4682 Iudaeam,

515 4717 571 4763 et
595 4717 846 4763 aeternas
867 4707 1076 4765 divinas
1097 4707 1240 4774 leges
1268 4706 1411 4762 circa
1442 4705 1608 4760 Deum
1638 4705 1934 4770 revolutus,
1957 4721 2090 4774 qua-

517 4815 636 4854 rum
670 4798 895 4869 ﬁguram
925 4797 1345 4868 gerit‘Galilaca,
1383 4795 1467 4857 lex
1511 4793 1771 4848 naturalis
1814 4794 1866 4847 in
1913 4793 2089 4849 medio

515 4890 808 4944 constituta
837 4898 937 4944 est.
966 4887 1228 4954 Quoniam
1279 4886 1442 4956 igitur
1483 4885 1730 4939 Christus
1764 4885 1937 4954 primo
1971 4886 2092 4953 qui-

515 4979 636 5033 dem
663 4994 730 5034 cx
753 4979 868 5049 lege
892 4978 1102 5032 litterae
1131 4976 1478 5038 fundamenta
1505 4988 1632 5032 suae
1654 4975 1882 5044 sumpsit
1904 4975 2086 5040 Eccle-

2198 1833 2314 1872 nas.
2345 1818 2400 1872 ln
2436 1811 2672 1874 Galilaea
2694 1833 2907 1888 quoque
2925 1819 3080 1888 juxta
3109 1821 3268 1874 ﬁdem
3293 1835 3474 1873 rerum
3497 1831 3771 1889 gestarum

2197 1909 2595 1964 transformatio
2614 1910 2815 1964 Christi
2839 1910 2978 1964 facta
2999 1920 3102 1975 est,
3131 1926 3226 1980 per
3249 1924 3410 1979 quam
3436 1912 3774 1981 signiﬁcatur

2194 2000 2460 2055 humanae
2483 2007 2710 2055 naturae
2734 2001 3116 2056 transmutatio
3140 2003 3190 2054 in
3219 2001 3502 2070 pristinam
3526 2001 3771 2070 gloriam,

2195 2105 2354 2158 quam
2402 2092 2678 2160 peccando
2731 2091 2992 2148 deseruit.
3037 2091 3093 2146 ln
3147 2091 3384 2146 Galilaea
3431 2091 3680 2145 ascendit
3722 2091 3770 2144 in

2195 2193 2454 2246 tuentem,
2478 2183 2530 2236 in
2553 2197 2660 2252 quo
2687 2183 3017 2237 octonariam
3046 2182 3344 2237 doctrinam
3367 2181 3647 2249 discipulis
3667 2181 3775 2234 suis

2196 2273 2449 2338 tradidit,
2479 2288 2578 2341 per
2606 2289 2770 2342 quam
2817 2274 2882 2327 ad
2914 2273 3300 2326 beatitudinem
3343 2270 3558 2326 futurae
3585 2311 3598 2335 ,
3637 2285 3773 2340 quae

2192 2363 2474 2417 octonario
2515 2378 2740 2418 numero
2789 2362 3054 2428 innuitur,
3081 2363 3366 2418 credentes
3404 2361 3458 2416 in
3494 2360 3768 2417 Christum

2197 2455 2476 2509 transituri
2505 2461 2650 2508 sunt.

2273 2547 2419 2600 Venit
2445 2556 2619 2600 autem
2649 2545 2804 2600 Iesus
2834 2547 2890 2600 in
2918 2547 3173 2600 civitatem
3202 2543 3492 2607 Samariae,
3519 2559 3656 2614 quae
3682 2543 3763 2596 di-

2193 2636 2328 2688 citur
2346 2633 2552 2696 Sichar,
2563 2633 2720 2702 juxta
2747 2635 3040 2703 praedium,
3063 2633 3199 2703 quod
3223 2633 3365 2686 dedit
3383 2631 3551 2684 Iacob
3575 2631 3769 2699 Ioseph

2192 2723 2301 2791 ﬁlio
2347 2739 2463 2776 suo.
2515 2723 2782 2787 Samaria,
2817 2732 2874 2776 ut
2902 2724 3266 2792 praediximus
3294 2763 3309 2787 ,
3345 2722 3558 2793 gentilis
3584 2721 3764 2792 populi

2193 2815 2292 2868 sub
2317 2815 2544 2868 naturali
2575 2815 2691 2885 lege
2719 2815 2993 2870 constituti
3025 2823 3178 2884 typus
3214 2825 3328 2879 cst;
3363 2815 3554 2868 civitas
3581 2815 3770 2868 Sama-

2194 2905 2306 2958 riae
2327 2944 2342 2968 ,
2379 2919 2517 2973 quae
2542 2907 2683 2959 dicta
2715 2915 2798 2960 est
2829 2904 3039 2969 Sichar,
3070 2905 3399 2960 collectionis
3437 2906 3673 2960 ﬁdelium
3710 2905 3769 2958 il-

2194 2993 2297 3048 lius
2325 2995 2502 3063 populi
2549 2995 2705 3048 ﬁdem
2741 2995 2938 3049 Christi
2984 2996 3312 3065 accipientis.
3353 2997 3548 3051 Sichar
3576 2995 3773 3066 quippe

2195 3084 2581 3154 interpretatur
2607 3085 2869 3138 conclusio
2899 3100 2990 3139 seu
3025 3102 3199 3139 ramus
3215 3087 3262 3139 δ.
3281 3086 3572 3140 Gentilium
3599 3102 3769 3156 popu-

2196 3174 2277 3228 lus
2303 3174 2589 3228 conclusus
2632 3185 2770 3228 erat.
2818 3173 3098 3229 Conclusit
3125 3175 3403 3242 Scriptura
3439 3178 3618 3229 omnia
3671 3176 3772 3229 sub

2193 3275 2434 3334 peccato.
2467 3266 2582 3335 Ipse
2604 3277 2686 3320 est
2709 3282 2892 3320 ramus
2918 3268 2982 3320 de
3006 3266 3240 3321 oleastro
3261 3267 3475 3321 excisus
3495 3276 3549 3321 et
3576 3267 3770 3329 olivae,

2193 3357 2344 3426 cujus
2372 3358 2505 3409 rami
2555 3356 2710 3410 fracti
2738 3367 2888 3421 sunt,
2922 3357 3173 3411 insertus.
3221 3356 3544 3422 Notandum,
3580 3357 3772 3411 Sichar

2194 3462 2291 3516 pro
2331 3447 2558 3516 Sychem
2604 3456 2856 3515 corrupte
2904 3447 3049 3515 poni.
3107 3445 3336 3516 Sychem
3388 3447 3773 3514 interpretatur

2195 3541 2435 3593 numeris
2473 3557 2485 3590 :
2515 3539 2716 3592 electos
2745 3554 2813 3594 cx
2857 3538 3108 3607 gentibus
3138 3545 3446 3590 numeratos
3477 3536 3771 3603 investiga-

2194 3631 2267 3683 tio
2312 3616 2510 3683 mauet.
2577 3628 2639 3682 Et
2703 3629 2959 3697 quoniam
3012 3629 3126 3696 ipsa
3175 3625 3434 3680 naturalis
3484 3625 3621 3679 ratio
3666 3638 3772 3677 non

2191 3719 2404 3772 aliunde
2433 3718 2620 3788 surgit,
2651 3718 2750 3772 nisi
2780 3733 2808 3770 a
2838 3733 3002 3771 causa
3029 3719 3268 3772 omnium
3293 3719 3578 3780 bonorum,
3609 3732 3638 3768 a
3666 3715 3774 3768 Deo

2193 3808 2465 3869 videlicet,
2496 3808 2717 3877 pulchre
2747 3807 2944 3862 dicitur
2973 3807 3088 3874 fons
3112 3805 3302 3870 Iacob,
3334 3807 3386 3862 id
3417 3817 3500 3860 est
3527 3806 3668 3858 ratio
3693 3805 3776 3856 in-

2193 3898 2341 3952 ﬁnita
2372 3938 2386 3964 ,
2431 3898 2609 3955 Patris
2658 3899 2941 3953 altitudine
2994 3899 3309 3968 procedens.
3362 3898 3506 3953 Fons
3559 3911 3773 3967 quoque

2191 3989 2359 4046 Iacob
2408 3993 2548 4048 hanc
2595 3993 2964 4047 universitatis
2994 3992 3232 4046 inﬁmam
3260 3999 3468 4062 partem
3497 4029 3512 4055 ,
3553 3990 3655 4044 hoc
3689 3999 3775 4043 est

2191 4085 2370 4143 omnia
2398 4084 2630 4140 visibilia
2680 4084 2820 4138 intra
2865 4083 3023 4152 hujus
3054 4083 3236 4136 mundi
3289 4081 3561 4135 sensibilis
3590 4079 3772 4133 termio

2192 4190 2290 4230 nos
2333 4183 2615 4242 coartata,
2670 4190 2776 4230 non
2824 4174 3116 4244 incongrue
3173 4173 3461 4245 signiﬁcat.
3528 4171 3776 4226 Breviter

2158 4293 2165 4298 -
2191 4278 2320 4332 ergo
2349 4263 2702 4330 colligendum
2735 4279 2747 4314 :
2778 4262 2899 4316 fons
2923 4261 3089 4316 Iacob
3120 4270 3215 4315 aut
3241 4260 3511 4316 sensibilis
3546 4269 3775 4314 naturae

2194 4358 2284 4404 aut
2316 4349 2661 4419 intelligibilis
2694 4349 2918 4403 rationis
2951 4347 3248 4419 symbolum
3277 4356 3378 4402 est.

2262 4438 2417 4492 Iesus
2443 4455 2563 4508 ergo
2598 4439 2849 4507 fatigatus
2889 4454 2951 4491 ea:
2982 4439 3166 4492 itinere
3203 4438 3333 4491 sedit
3369 4438 3442 4490 sic
3471 4453 3626 4505 super
3651 4436 3771 4504 fon-

2191 4538 2311 4581 tem.
2361 4527 2626 4597 Fatigatio
2681 4525 2808 4582 Iesu
2856 4527 3155 4582 incarnatio
3201 4528 3318 4596 ejus
3365 4536 3466 4580 est.
3519 4527 3772 4580 Nostram

2191 4621 2384 4690 quippe
2410 4629 2656 4675 naturam
2688 4621 2881 4675 merito
2914 4621 3190 4691 originalis
3235 4620 3460 4689 peccati,
3493 4619 3770 4672 laboribus

2191 4709 2347 4780 hujus
2375 4712 2558 4766 mundi
2589 4721 2748 4783 atque
2779 4710 3050 4764 aerumnis
3081 4708 3380 4778 fatigatam,
3409 4709 3638 4776 accepit.
3667 4707 3774 4760 lter

2190 4797 2306 4866 ejus
2356 4801 2648 4856 descensus
2700 4799 2993 4854 divinitatis
3050 4812 3221 4861 suae,
3260 4797 3326 4850 ad
3375 4795 3770 4865 suscipiendam

2193 4897 2407 4946 nostrae
2439 4901 2668 4946 naturae
2701 4891 3125 4946 similitudinem.
3162 4888 3378 4959 Absque
3407 4889 3591 4944 labore
3621 4903 3773 4942 crea-

2193 4979 2269 5032 vit
2296 4995 2393 5034 nos
2431 4996 2525 5050 per
2563 4980 2922 5044 divinitatem,
2961 4995 3082 5034 cum
3111 4978 3292 5034 labore
3322 4978 3524 5033 creavit
3553 4992 3654 5032 nos
3678 4991 3772 5046 per

1793 5065 2046 5121 VARIAE
2082 5065 2484 5129 LECTIONES.

589 5141 604 5170 ³
633 5139 773 5193 Abiit
793 5141 1064 5221 om..cod.,
1097 5138 1219 5194 add.
1259 5152 1326 5192 es
1350 5137 1494 5192 coni.

586 5292 612 5318 α
637 5277 694 5332 S.
714 5279 1072 5350 Hieronymus
1089 5297 1105 5350 ς
1122 5276 1386 5350 (ἓιιιίιαςῖαἐ
1399 5272 1715 5337 volutabilis,
1731 5283 1818 5326 aut
1835 5275 2086 5350 transmi-

513 5350 682 5421 gratio
706 5343 997 5418 perpetrata
1020 5348 1103 5402 vel
1126 5357 1258 5400 rota.
1282 5347 1330 5401 I.
1356 5346 1550 5399 Scelus
1575 5353 1718 5397 recte
1743 5357 1930 5396 vocem
1954 5343 2088 5397 deri-

517 5447 608 5492 vat
647 5455 677 5492 a
713 5423 838 5522 ἧς,
867 5438 1096 5502 volvere;
1136 5435 1454 5527 interpretio
1492 5432 1881 5502 transmigratio
1920 5433 2093 5502 reSpi-

523 5544 595 5600 cit
624 5525 749 5627 ‘73'5;
774 5585 787 5607 ,
840 5545 1064 5609 GthtL,
1092 5525 1264 5599 Iosua—
1285 5543 1347 5606 ν,
1375 5539 1428 5595 9.

606 5650 629 5691 ³³
671 5650 759 5705 Sic
793 5650 850 5703 S.
878 5649 1232 5708 llieronvmus
1259 5667 1268 5703 :
1298 5647 1483 5702 Sichar
1498 5643 1760 5700 conclusio
1778 5643 1880 5698 sive
1896 5659 2090 5700 ramus.

1999 5203 2250 5262 NOTAE.

2270 5285 2292 5313 ο
2342 5271 2400 5328 S.
2445 5273 2801 5342 Hieronymus
2851 5289 2864 5324 :
2917 5269 3170 5339 Corrupte
3207 5286 3299 5339 pro
3352 5266 3592 5330 Sicliem,
3637 5282 3770 5342 quae

2197 5345 2516 5410 transfertur
2538 5345 2590 5396 in
2618 5338 2877 5404 humeros,
2901 5354 2954 5396 ut
2979 5338 3167 5398 Sichar
3188 5338 3457 5410 legeretur,
3491 5354 3614 5390 usus
3641 5338 3771 5410 otto:

2199 5416 2329 5470 nuit.
2348 5405 2402 5468 ’.1.
2427 5413 2829 5482 Scotuslegisse
2856 5411 3065 5466 videtur
3086 5405 3283 5462 numeri
3301 5424 3398 5477 pro
3412 5409 3648 5469 humeri;
3675 5405 3766 5482 sed

2200 5485 2572 5554 interpretatio
2604 5474 2803 5536 numeri
2822 5497 2925 5554 non
2959 5482 3089 5537 satis
3118 5474 3366 5534 accurata
3389 5492 3501 5546 est;
3541 5495 3664 5534 nam
3687 5474 3766 5529 Si-

2199 5553 2354 5610 clicm
2385 5553 2655 5609 derivatur
2680 5569 2710 5606 a
2735 5553 2883 5639 gert}.
