4028 6274
808 212 940 221 δ’-..το

296 256 411 313 353

1310 210 1656 313 coenam.
1699 257 1765 311 is
1805 255 2052 312 suae.
2097 255 2240 312 sec.
2281 256 2468 313 JOAN.

3437 261 3542 317 551

297 367 1104 427 humanitatem;Aeternalitcr
1132 369 1266 427 in'sc
1293 371 1406 440 ipso
1431 382 1484 425 et
1512 372 1562 426 in
1593 371 1753 426 Patre
1778 386 1875 425 suo
1902 386 1951 441 Α
1981 380 2097 424 rcnt
2143 370 2448 439 spirituales
2489 384 2668 432 escas,
2719 369 2821 423 hoc
2858 379 2941 423 est
2975 369 3132 424 ﬁdem
3181 378 3237 424 et
3275 370 3545 428 actionem

295 474 530 519 manens
551 468 606 514 et
634 458 1057 523 immutabiliter,
1085 460 1252 514 movit
1274 475 1331 514 se
1354 461 1526 530 ipsum
1554 462 1715 516 veluti
1745 477 1877 532 quo-

295 550 427 603 dam
458 548 652 603 itinere
696 548 1008 619 temporalis
1056 549 1467 621 dispensationis
1500 567 1597 620 per
1635 568 1874 607 carnem.

295 637 447 693 Sedit
488 654 647 708 super
689 638 903 707 fontem.
953 638 1138 694 Sessio
1184 639 1383 696 Christi
1428 642 1878 699 incommutabilis

291 728 600 785 divinitatis
627 743 761 785 suae
804 731 856 784 in
887 738 1068 785 nostra
1112 743 1303 785 natura
1342 733 1630 802 possessio.
1680 732 1876 789 Nostra

293 828 482 875 autem
509 828 701 875 natura
733 821 930 891 duplex
955 832 1040 878 est
1074 841 1086 876 :
1119 832 1332 879 constat
1359 825 1556 897 quippe
1584 841 1650 881 ex
1680 827 1874 882 visibili

293 925 529 981 corpore
567 920 621 965 et
657 912 908 967 invisibili
943 912 1142 968 anima.
1175 913 1325 981 Quae
1353 915 1458 971 duo
1485 917 1676 987 duplex
1709 919 1874 987 ipsius

293 995 465 1053 fontis
494 999 867 1068 interpretatio
893 1000 1112 1056 indicat.
1143 1000 1484 1059 Praedictum
1511 1020 1743 1077 namque
1767 1014 1873 1073 est,

288 1094 352 1140 et
377 1082 750 1143 rationabilem
778 1090 1013 1146 animam
1043 1101 1097 1146 et
1129 1092 1384 1148 visibilem
1422 1104 1724 1151 creaturam
1758 1097 1874 1154 fon-

291 1186 407 1233 tem
438 1177 715 1256 ﬁgurasse.
756 1181 1018 1248 Quoniam
1057 1198 1183 1239 vero
1209 1184 1515 1241 humanitas
1541 1187 1738 1244 Christi
1766 1205 1871 1246 non

289 1268 471 1326 solum
494 1286 707 1327 omnem
740 1272 1032 1339 visibilem,
1060 1290 1246 1330 verum
1274 1277 1440 1332 etiam
1475 1293 1686 1334 omnem
1717 1280 1874 1335 intel-

288 1357 578 1415 lectualem
620 1371 922 1418 creaturam
952 1376 1203 1436 superat,
1238 1366 1399 1421 homo
1424 1368 1566 1422 enim
1596 1368 1791 1424 dicitur
1817 1378 1873 1426 et

286 1448 417 1520 plus
440 1466 600 1520 quam
629 1452 791 1507 homo
812 1493 828 1519 ,
872 1464 996 1525 apte
1038 1470 1201 1526 super
1228 1455 1427 1511 fontem
1454 1458 1656 1514 sedisse
1686 1475 1872 1515 narra-

286 1548 403 1607 tur,
452 1543 696 1611 quamvis
741 1559 809 1598 ex
859 1544 1052 1601 itinere
1085 1546 1355 1618 fatigatus.
1404 1548 1691 1607 lnﬁrmitas
1727 1554 1868 1609 enim

287 1631 649 1687 humanitatis
677 1632 845 1703 ipsius
873 1635 1019 1689 omni
1050 1645 1294 1692 creatura
1324 1638 1517 1695 fortior
1543 1648 1627 1697 est
1651 1644 1867 1710 merito,

1976 467 2030 514 et
2059 460 2439 530 cognitionem,
2467 460 2661 529 quibus
2688 448 2989 528 spiritualcs
3018 461 3258 529 magistri
3275 460 3547 519 Ecclesiae

1977 549 2262 604 satiantur.
2306 549 2485 604 Primo
2520 550 2783 619 siquidem
2827 551 2894 605 ab
2943 552 3048 617 his,
3094 552 3539 622 qnihuspraedi»

1976 650 2140 706 cant,
2184 642 2340 697 ﬁdem
2389 640 2694 711 postulant,
2750 641 2943 697 deinde
2992 658 3259 713 congruas
3290 645 3388 714 ipsi
3416 644 3540 699 ﬁdei

1975 732 2245 798 actiones,
2277 741 2548 802 postremo
2591 731 2949 801 cognitionem
2995 733 3275 800 veritatis,
3323 743 3541 809 propter

1973 836 2133 891 quam
2160 830 2213 875 et
2245 821 2375 877 ﬁdes
2405 822 2747 891 praedicatur
2768 830 2823 876 et
2849 823 2990 877 actio
3019 822 3351 894 scientiaque
3369 817 3540 894 perﬁ-

1972 912 2134 967 citur.

2044 1003 2180 1058 Dicit
2229 1020 2348 1075 ergo
2400 1005 2448 1059 ei
2497 1005 2685 1060 mulier
2725 1002 3061 1064 Samaritana
3098 1022 3116 1060 :
3151 1004 3422 1070 Quomodo
3462 1015 3539 1071 tu,

1971 1092 2209 1147 Iudaeus
2248 1110 2363 1147 cum
2398 1095 2489 1158 sis,
2527 1112 2559 1148 a
2596 1112 2676 1149 me
2702 1096 2871 1149 bibere
2897 1097 3047 1166 petis,
3083 1096 3209 1150 dum
3233 1096 3331 1151 sint
3358 1097 3546 1151 mulier

1973 1183 2356 1237 Samaritana?
2377 1183 2501 1239 Non
2521 1184 2656 1238 enim
2676 1185 3159 1239 coutunturludaei
3173 1184 3538 1242 Samaritanis‘.
3560 1234 3563 1237 .

1972 1271 2162 1328 Mulier
2207 1274 2294 1328 illa
2343 1275 2677 1330 Samaritana
2705 1315 2721 1341 ,
2765 1291 2902 1346 quae
2930 1286 3108 1349 typum
3136 1277 3411 1334 Ecclesiae
3449 1293 3542 1334 seu
3560 1318 3567 1323 ι

1972 1370 2196 1418 naturae
2239 1364 2526 1435 gestabat,
2576 1364 2805 1420 miratur
2831 1365 3149 1433 Dominum,
3179 1385 3338 1438 quem
3370 1369 3544 1425 adhuc

1970 1451 2283 1522 ignorabat,
2316 1453 2410 1508 sed
2461 1462 2665 1508 tantum
2699 1452 2957 1510 Judaeum
3002 1456 3167 1512 fuisse
3198 1471 3563 1529 cognoverat,

1970 1556 2069 1596 cur
2098 1543 2315 1613 petierit
2342 1542 2410 1597 ab
2440 1558 2502 1598 ea
2528 1544 2733 1609 bibere,
2765 1560 2886 1599 cum
2912 1554 3055 1601 esset
3084 1546 3276 1601 mulier
3304 1545 3544 1601 Samari-

1969 1640 2113 1687 tana.
2162 1632 2278 1688 Non
2316 1635 2488 1697 enim,
2531 1644 2589 1688 ut
2623 1634 2728 1700 ait,
2758 1624 3046 1690 coutitntur
3082 1634 3269 1690 Judaei
3303 1636 3545 1691 Samari-

286 1725 422 1793 quia
444 1725 498 1778 in
528 1726 693 1781 Deum
715 1737 1010 1799 assumpta.
1037 1729 1183 1785 Hora
1209 1741 1318 1786 erat
1341 1735 1490 1804 quasi
1510 1744 1677 1789 sexta.
1705 1734 1864 1793 Sexta

1976 1723 2136 1778 lanis.
2178 1721 2279 1778 Ubi
2326 1725 2617 1779 secundum
2663 1724 2899 1780 litteram
2940 1727 3245 1794 quaeritur,
3284 1727 3413 1795 quid
3440 1735 3544 1790 est,

284 1811 427 1869 hora
446 1822 658 1870 sextam
685 1818 868 1873 mundi
898 1827 1129 1875 aetatem
1143 1820 1489 1891 praeﬁgurat.
1514 1822 1677 1892 Cujus
1701 1825 1872 1895 prima

288 1914 450 1960 aetas
488 1905 557 1960 ab
590 1907 905 1976 expulsione
932 1910 1090 1978 primi
1130 1911 1365 1968 hominis
1400 1911 1467 1967 de
1502 1914 1754 1983 paradiso
1782 1932 1871 1971 us-

286 2007 403 2062 que
435 1996 502 2050 ad
534 1995 727 2063 altare,
754 2000 896 2068 quod
937 1997 1050 2055 Noe
1094 2001 1282 2056 exiens
1329 2001 1397 2057 de
1438 2018 1566 2059 arca
1596 2015 1715 2074 post
1739 2006 1873 2062 dilu-

194 2072 205 2079 ’
291 2082 444 2138 vium
473 2095 886 2156 construxerat,
922 2099 1284 2159 computatur.
1326 2072 1610 2161 Secunda,
1632 2095 1755 2150 inde
1780 2111 1871 2152 us-

289 2188 402 2244 que
426 2175 494 2229 ad
522 2176 718 2245 altare,
748 2178 803 2234 in
841 2195 949 2250 quo
976 2181 1250 2237 Abraham
1271 2182 1457 2253 jussus
1483 2202 1511 2240 a
1542 2186 1652 2242 Deo
1681 2187 1871 2245 immo-

287 2263 411 2320 lare
446 2264 613 2322 lsaac.
664 2268 846 2325 Tertia
870 2310 888 2337 ,
931 2272 1125 2328 dehinc
1153 2275 1219 2330 ad
1245 2274 1416 2332 altare
1449 2278 1590 2349 regis
1618 2279 1785 2335 David
1817 2281 1868 2335 in

287 2367 420 2410 area
450 2354 635 2411 Ornan
661 2356 897 2416 Jebusei.
936 2361 1139 2420 Deinde
1162 2376 1375 2436 quarta,
1403 2384 1574 2440 usque
1605 2373 1671 2426 ad
1700 2372 1870 2430 altare

283 2443 587 2501 Zombabel
612 2449 665 2503 in
694 2452 891 2521 templo
919 2456 1276 2513 reaediﬁcato.
1308 2459 1435 2514 lnde
1459 2464 1670 2531 quinta,
1698 2480 1869 2534 usque

282 2535 353 2589 ad
380 2536 707 2607 baptismum
731 2541 972 2610 Joannis,
1005 2561 1129 2612 seu,
1155 2557 1214 2603 ut
1243 2550 1423 2607 multis
1449 2568 1553 2608 non
1586 2554 1868 2611 irrationa-

282 2623 468 2681 biliter
495 2627 731 2694 videtur,
770 2647 940 2702 usque
985 2635 1051 2689 ad
1088 2651 1275 2692 verum
1312 2639 1502 2706 altare,
1534 2642 1635 2697 hoc
1660 2655 1744 2698 est
1775 2662 1866 2701 us-

280 2729 391 2785 que
415 2718 484 2772 ad
510 2717 712 2775 Christi
749 2737 994 2789 crucem,
1034 2741 1195 2796 quam
1230 2738 1419 2783 cuncta
1453 2732 1693 2800 praefata
1726 2734 1864 2805 typi-

280 2806 482 2860 cabant
510 2807 722 2864 altaria.
771 2810 1117 2868 Protenditur
1163 2817 1289 2872 hinc
1325 2828 1475 2873 sexta
1514 2830 1664 2877 actas
1693 2838 1865 2894 usque

280 2895 354 2950 ad
382 2897 541 2954 ﬁnem
562 2901 778 2965 mundi;
809 2919 952 2959 nunc
971 2906 1166 2974 agitur.
1200 2907 1438 2977 Septima
1462 2925 1691 2980 namque
1715 2923 1865 2969 aetas

280 2986 340 3041 in
367 2985 473 3041 alia
518 2989 629 3045 vita
653 2993 932 3062 perﬁcitur
979 2995 1031 3050 in
1061 2997 1346 3053 animabus
1376 3015 1601 3072 corpore
1629 3003 1857 3071 solutis;

1973 1818 2115 1886 quod
2141 1814 2217 1870 ait
2241 1815 2457 1881 femina,
2485 1834 2587 1871 non
2621 1818 2757 1871 enim
2787 1826 3068 1870 coutuntur
3087 1816 3281 1870 Judaei
3304 1815 3543 1870 Samari-

1972 1908 2111 1960 tanis
2133 1947 2148 1971 ,
2190 1907 2314 1961 dum
2353 1906 2679 1962 Samaritani
2718 1916 2773 1961 et
2809 1906 2910 1961 sub
2938 1906 3052 1978 lege
3079 1906 3243 1977 Moysi
3272 1906 3546 1962 omnibus-

1970 2009 2077 2062 que
2104 1993 2220 2063 ejus
2251 1993 2554 2065 praeceptis
2590 2006 2644 2051 et
2682 1996 2937 2068 symbolis
2975 1997 3241 2062 vixerint,
3277 1995 3545 2066 simulque

1971 2085 2352 2151 cohabitarint,
2385 2104 2449 2142 ac
2478 2104 2573 2158 per
2613 2088 2745 2154 hoc,
2778 2089 2822 2143 si
2852 2090 2952 2144 sub
2980 2105 3084 2143 una
3117 2090 3233 2161 lege
3267 2088 3541 2150 vivebant.

1972 2175 2025 2229 in
2054 2176 2188 2231 cibis
2217 2177 2382 2233 etiam
2410 2179 2838 2234 communicasse
2877 2180 3312 2235 existimandum.
3357 2179 3412 2234 ln
3437 2195 3546 2249 quo

1968 2278 2098 2335 ergo
2127 2280 2233 2321 non
2260 2267 2659 2322 coutebautur?
2688 2269 2769 2323 Ad
2795 2269 2899 2325 hoc
2925 2269 3208 2325 dicendum
3243 2287 3255 2323 :
3282 2268 3469 2325 Judaei
3491 2278 3546 2325 et

1969 2355 2328 2421 Samaritaui,
2364 2358 2465 2411 sub
2510 2372 2614 2411 una
2659 2357 2775 2427 lege
2818 2359 3104 2429 degentes,
3144 2374 3305 2413 unum
3356 2359 3540 2422 Deum,

1968 2444 2182 2500 Patrem
2216 2446 2469 2501 videlicet
2514 2447 2850 2513 adorabant,
2901 2449 2993 2503 sed
3036 2448 3102 2503 de
3143 2447 3259 2515 loco
3286 2448 3546 2504 orationis

1967 2537 2375 2592 contendebant.
2417 2536 2602 2593 Judaei
2634 2539 2829 2608 quippe
2866 2538 2920 2593 in
2952 2539 3097 2594 nullo
3148 2538 3253 2593 alio
3298 2539 3416 2595 loco
3447 2540 3545 2595 ad-

1966 2631 2111 2684 orari
2156 2631 2442 2701 putabant,
2479 2631 2578 2685 nisi
2625 2631 2677 2684 in
2720 2630 3111 2701 templo,quod
3153 2642 3271 2686 erat
3296 2632 3543 2686 Hieroso-

1969 2716 2129 2773 limis.
2183 2719 2507 2774 Samaritani
2534 2734 2664 2776 vero
2697 2720 2750 2774 in
2783 2728 2963 2775 monte
3004 2719 3315 2785 Samariae,
3356 2721 3408 2775 in
3436 2735 3543 2791 quo

1966 2807 2227 2862 habitavit
2263 2806 2429 2864 Jacob
2455 2849 2470 2876 ,
2517 2808 2683 2864 Deum
2714 2809 2997 2864 colendum
3040 2809 3441 2864 existimabant.
3485 2810 3542 2865 la

1970 2897 2073 2952 hoc
2102 2913 2231 2969 ergo
2271 2914 2376 2953 non
2407 2899 2783 2965 comebantur,
2811 2899 2877 2953 de
2905 2898 3022 2953 loco
3051 2899 3313 2952 orationis
3338 2898 3542 2954 discre-

1965 2998 2174 3061 pantes.
2226 2989 2284 3044 Si
2329 2989 2472 3043 enim
2522 2988 2604 3043 lex
2646 2986 2868 3046 Judaica
2911 2987 3141 3045 Judaeos
3186 2989 3541 3045 Samaritanis

280 3090 428 3145 quae
457 3086 609 3135 aetas
638 3079 824 3151 incipit
852 3086 1110 3158 martyrio
1139 3086 1270 3144 Abel
1297 3129 1312 3153 ,
1360 3100 1414 3144 et
1452 3093 1503 3146 in
1542 3092 1647 3147 ﬁne
1677 3096 1865 3151 mundi
1892 3090 1936 3154 ο
1968 3083 2109 3139 conti
2132 3083 2460 3154 prohiberet,
2494 3080 2736 3138 fortassis
2761 3082 3008 3137 Christus
3041 3081 3323 3153 ﬁguratum
3352 3091 3537 3152 potum

282 3169 685 3225 resurrectione
757 3174 994 3228 omnium
1065 3176 1461 3233 terminabitur.
1523 3180 1860 3253 Postquam

276 3268 474 3314 oetava
522 3262 742 3332 incipiet
789 3280 1070 3334 apparere,
1111 3283 1251 3339 quae
1297 3270 1442 3326 nullo
1484 3272 1589 3328 ﬁne
1625 3275 1859 3330 circum-

279 3350 571 3405 scribetur.
604 3352 787 3408 Potest
815 3356 975 3410 etiam
1017 3356 1069 3411 in
1106 3368 1258 3413 sexta
1301 3360 1430 3415 hora
1468 3363 1705 3430 perfecta
1737 3380 1862 3420 cae-

277 3439 437 3497 lestis
461 3434 667 3513 gratiae
694 3445 936 3512 claritas,
968 3464 1106 3535 quae
1130 3450 1347 3507 Christo
1374 3453 1724 3512 inhumanato
1750 3458 1863 3527 ple-

277 3531 508 3587 nissime
534 3533 709 3589 illuxit
745 3531 977 3601 mundo,
1015 3540 1189 3610 typice
1220 3541 1443 3611 ﬁgurata
1475 3543 1718 3614 intelligi.
1765 3546 1861 3603 Se-

280 3623 474 3678 narius
500 3624 763 3694 siquidem
791 3644 1047 3684 numerus
1068 3631 1339 3700 perfectus
1369 3642 1468 3690 est.

360 3713 513 3770 Venit
540 3718 728 3774 mulier
749 3737 815 3775 ex
841 3720 1085 3777 Samaria
1106 3725 1319 3780 haurire
1346 3744 1558 3797 aquaist.
1589 3729 1859 3795 Samaria,

277 3812 344 3859 ut
366 3807 762 3875 praediximus,
806 3811 1031 3882 ﬁguram
1079 3815 1316 3884 gentium
1363 3819 1621 3888 suggerit.
1674 3818 1862 3875 Mulier

275 3907 503 3963 egressa
530 3896 598 3952 de
628 3895 869 3953 Samaria
895 3900 1137 3958 Ecclesia
1183 3913 1269 3959 est
1289 3944 1305 3969 ,
1350 3921 1416 3959 ex
1459 3907 1587 3974 ipsis
1614 3908 1860 3977 gentibus

277 3984 529 4052 collecta,
555 4002 713 4056 quae,
742 4000 988 4060 suscepta
1018 3991 1121 4048 ﬁde
1144 3995 1409 4061 veritatis,
1435 3995 1636 4051 fontem
1669 3997 1856 4067 ipsius,

278 4076 337 4130 id
364 4085 449 4131 est
476 4077 770 4145 Christum,
812 4083 1027 4138 haurire
1073 4086 1360 4141 desiderat.
1411 4087 1542 4144 ltem
1575 4091 1768 4147 mulier
1794 4093 1860 4149 de

278 4165 503 4221 civitate
546 4184 763 4240 egressa
813 4181 1060 4228 naturam
1115 4176 1315 4233 indicat
1360 4179 1678 4245 humanam,
1721 4199 1859 4253 quae

277 4257 605 4313 naturaliter
639 4261 862 4317 rationis
898 4262 1101 4320 fontem
1142 4269 1374 4338 appetit,
1403 4271 1542 4324 unde
1581 4271 1667 4326 siti
1707 4288 1854 4337 suae,

279 4344 387 4400 hoc
414 4355 519 4412 est,
550 4349 719 4405 indito
754 4353 854 4407 sibi
882 4370 1040 4411 verae
1068 4359 1388 4428 cognitionis
1414 4361 1672 4430 appetitui
1698 4364 1857 4419 satis-

1965 3192 1996 3231 a
2026 3176 2251 3231 muliere
2279 3190 2385 3230 non
2424 3182 2650 3245 peteret,
2683 3190 2781 3229 nec
2810 3189 2936 3229 suos
2972 3171 3266 3243 discipulos
3296 3174 3447 3228 cibos
3471 3174 3539 3227 ab

1964 3267 2042 3323 eis
2084 3282 2266 3322 emere
2313 3266 2553 3329 sineret,
2601 3280 2723 3319 cum
2772 3263 3139 3319 indubitanter
3196 3279 3301 3317 non
3349 3271 3538 3334 potum

1962 3372 2134 3428 aquae
2160 3356 2473 3428 corporalis,
2507 3357 2599 3411 sed
2628 3364 2814 3427 patum
2841 3355 2961 3409 ﬁdei
2999 3353 3294 3425 spiritualis
3321 3353 3540 3424 petiisse

1962 3448 2289 3504 credendum
2316 3447 2406 3502 sit.

2033 3539 2317 3609 Respondit
2338 3535 2494 3590 Iesus
2515 3545 2560 3589 et
2588 3536 2719 3589 dixit
2748 3536 2795 3590 ei
2821 3551 2838 3589 :
2866 3533 2922 3589 Si
2945 3535 3101 3588 scires
3125 3532 3320 3587 donum
3347 3529 3458 3595 Dei,
3490 3539 3539 3584 et

1961 3627 2076 3698 quis
2118 3636 2226 3693 est,
2260 3628 2348 3697 qui
2389 3626 2513 3678 dicit
2552 3623 2644 3677 tibi
2674 3640 2691 3678 :
2730 3622 2815 3677 Da
2850 3622 2976 3676 mihi
3004 3620 3204 3685 bibere,
3240 3627 3296 3671 tu
3326 3618 3538 3687 petisses

1961 3734 2100 3782 eum,
2141 3725 2189 3771 et
2230 3716 2452 3770 dedisset
2486 3714 2576 3767 tibi
2612 3729 2823 3783 aquam.
2868 3709 2947 3766 Ac
2986 3710 3030 3765 si
3071 3708 3291 3763 dixisset
3321 3725 3333 3761 :
3367 3704 3426 3760 Si
3455 3714 3538 3768 tu,

1962 3807 2173 3872 mulier,
2206 3820 2393 3861 nosses
2421 3818 2526 3868 me,
2554 3813 2609 3857 et
2639 3804 2692 3856 in
2734 3815 2819 3854 me
2848 3798 3085 3869 perfecte
3110 3800 3380 3860 crederes,
3409 3800 3463 3848 ct
3489 3793 3534 3848 si

1960 3899 2131 3952 scires
2168 3897 2366 3951 donum
2416 3893 2539 3958 Dei,
2587 3894 2688 3947 hoc
2734 3901 2818 3945 est
2870 3888 3129 3958 Spiritum
3173 3893 3441 3948 sanctum,
3479 3891 3534 3934 tu

1960 3991 2187 4063 petisses
2217 4004 2247 4042 a
2280 4002 2365 4041 me
2389 3986 2593 4051 bibere,
2621 3988 2681 4037 et"
2700 3983 2883 4037 darem
2912 3980 3004 4034 tibi
3035 3979 3226 4032 merito
3260 3986 3381 4030 tuae
3409 3976 3535 4030 fdei

1962 4095 2162 4149 aquam
2191 4078 2389 4139 vivam,
2419 4074 2677 4143 Spiritum
2710 4069 2954 4125 videlicet
2981 4076 3244 4122 sanctum.

2030 4169 2169 4223 Dicit
2196 4168 2243 4220 ei
2265 4164 2494 4219 mulier:
2521 4161 2763 4226 Domine,
2787 4175 2949 4231 neque
2975 4156 3320 4211 [maritorium
3353 4152 3529 4217 habes,

1958 4267 2005 4311 et
2045 4266 2227 4326 puteus
2260 4252 2401 4308 altus
2433 4261 2527 4306 est.
2576 4249 2849 4317 Quomodo
2889 4264 3010 4318 ergo
3046 4246 3431 4313 habesaquant
3461 4242 3534 4295 vi-

1958 4350 2114 4403 vam?
2159 4346 2368 4410 Mulier,
2416 4343 2592 4399 adhuc
2630 4340 2863 4396 carnalis
2908 4347 2965 4394 et
3008 4335 3245 4391 nondum
3280 4334 3527 4397 credens,

278 4434 463 4492 facere
497 4439 706 4505 valeat;
755 4444 897 4511 quod
934 4455 1058 4500 ante
1087 4422 1510 4505 incarnationem
1538 4454 1853 4523 conditoris,

1966 4436 2240 4508 ignorabat
2286 4435 2449 4489 verba
2488 4430 2758 4502 loquentis
2783 4445 2902 4485 cum
2931 4442 3027 4492 ea;
3080 4431 3360 4496 putaverat
3385 4422 3529 4523 enim

277 4525 372 4594 qui
397 4536 483 4581 est
508 4527 627 4584 fons
654 4532 814 4597 vitae,
842 4534 1136 4604 adimplere
1164 4541 1493 4609 nequiverat.
1517 4543 1740 4600 Bibebat
1772 4554 1853 4600 la—

278 4630 409 4671 mcn
435 4616 701 4677 laboriose
725 4638 788 4677 ex
822 4626 1052 4680 naturali
1082 4626 1229 4682 fonte
1260 4631 1485 4687 rationis
1513 4633 1614 4689 sibi
1644 4634 1851 4701 insitae,

280 4710 532 4760 naturam
582 4724 761 4765 rerum
811 4713 1033 4785 physico
1078 4727 1228 4773 motu
1257 4721 1546 4792 vestigans,
1582 4724 1857 4794 ipsiusque

279 4804 511 4851 naturae
550 4809 851 4858 creatorem
890 4813 945 4860 et
982 4823 1221 4864 causam.
1270 4810 1406 4866 Dicit
1450 4815 1497 4868 ei
1539 4815 1693 4870 Iesus
1723 4830 1743 4867 :
1772 4817 1855 4872 Da

279 4885 411 4938 mihi
436 4886 623 4943 bibere.
656 4890 908 4962 Discipuli
930 4896 1065 4949 enim
1089 4899 1203 4967 ejus
1231 4900 1466 4956 abierant
1493 4903 1546 4957 in
1575 4904 1852 4971 civitatem,

278 4981 337 5061 ει
363 4974 506 5061 cibos
525 4988 771 5033 emerent.
810 4980 967 5036 Jesus
992 4998 1153 5056 super
1175 4986 1376 5043 fontem
1406 4992 1599 5046 sedens
1623 4993 1758 5061 petit
1786 4992 1854 5048 ab

278 5058 524 5117 Ecclesia
548 5067 838 5135 primitiva,
879 5087 1041 5141 quam
1081 5089 1147 5130 ex
1177 5078 1426 5146 gentibus
1463 5058 1718 5151 elegerat,
1755 5098 1852 5152 po-

280 5160 396 5207 tum
428 5154 584 5221 lidei,
623 5173 731 5228 qua
773 5160 828 5215 in
853 5176 975 5216 eum
1005 5165 1264 5220 creditur.
1308 5167 1449 5223 Petit
1477 5185 1507 5222 a
1537 5181 1725 5223 natura
1761 5186 1854 5242 po-

279 5252 394 5298 tum
438 5248 665 5305 rationis
691 5291 705 5315 ,
752 5268 857 5320 qua
904 5255 1150 5311 conditor
1194 5267 1353 5329 atque
1383 5262 1688 5332 redemptor
1725 5278 1855 5318 suos

279 5334 653 5407 investigatur.
733 5342 989 5414 Discipuli
1046 5346 1098 5401 in
1149 5348 1417 5404 civitatem
1469 5366 1651 5406 emere
1705 5352 1854 5409 cibos

277 5425 561 5495 abeuntes,
601 5432 826 5501 apostoli
857 5444 985 5488 sunt
1022 5436 1074 5491 in
1115 5439 1371 5494 mundum
1409 5440 1582 5507 missi,
1611 5450 1669 5496 ut
1709 5456 1850 5496 cme-

350 5636 365 5667 ‘
384 5642 389 5653 '
408 5637 539 5694 Cod.
566 5640 922 5696 deiectionem.

1961 4528 2050 4583 illa
2082 4529 2146 4583 de
2174 4524 2413 4582 sensibili
2447 4539 2586 4592 aqua
2632 4520 2917 4576 Dominum
2965 4516 3163 4572 dixisse
3187 4556 3202 4579 ,
3253 4528 3377 4568 cum
3416 4512 3530 4580 ipse

1960 4623 2028 4678 de
2059 4618 2376 4691 intelligibili
2408 4623 2683 4671 tractaret.
2720 4612 2920 4667 Puteus
2963 4608 3121 4672 altus,
3160 4613 3220 4660 ut
3255 4601 3527 4672 praedixi-

1961 4731 2100 4778 mus,
2136 4720 2228 4768 aut
2252 4710 2665 4783 profunditatem
2700 4706 2963 4759 humanae
2990 4710 3216 4754 naturae
3240 4695 3531 4767 signiﬁcat,

1960 4816 2053 4861 aut
2090 4802 2441 4859 humilitatem
2481 4796 2752 4855 sensibilis
2786 4804 2947 4863 atque
2989 4786 3285 4859 corporalis
3318 4793 3533 4841 creatu-

1962 4912 2070 4957 rae,
2098 4896 2238 4964 quae
2278 4900 2561 4964 propterea
2608 4885 2869 4959 profunda
2903 4882 3118 4946 dicitur,
3147 4879 3274 4949 quia
3317 4876 3449 4932 nihil
3477 4876 3529 4929 iu

1959 4986 2312 5040 universitate
2340 4997 2518 5038 rerum
2555 4987 2860 5034 creatarum
2898 4973 3120 5030 inferius
3153 4980 3238 5026 est
3264 4966 3529 5038 corporali

1960 5082 2174 5128 natura.
2224 5070 2588 5126 llauritorium
2635 5082 2765 5120 vero
2797 5064 3030 5119 studium
3077 5059 3387 5131 sapientiae,
3419 5071 3530 5125 quo

1958 5164 2161 5219 intimis
2190 5172 2411 5216 naturae
2441 5159 2648 5215 sinibus
2685 5156 2911 5212 rationis
2952 5154 3091 5208 unda
3138 5148 3527 5222 promulgatur,

1959 5258 2085 5312 dum
2137 5257 2203 5311 de
2260 5256 2494 5309 humana
2555 5249 2857 5307 substantia
2912 5246 3217 5304 sensibilive
3276 5251 3526 5299 creatura

1959 5349 2179 5419 physica
2231 5354 2430 5401 tractat
2486 5344 2848 5414 investigatio.
2915 5341 3145 5395 Sanctus
3196 5335 3522 5406 Augustinus

1957 5449 2176 5510 puteum
2239 5437 2558 5511 profundum
2621 5435 3026 5492 delectationem
3077 5430 3096 5464 ⁸
3167 5426 3525 5499 corporalium

1541 5552 1797 5612 VARIAE
1830 5552 2229 5612 LECTIONES.
