  <div class='ocr_page' id='page_1' title='image "/cluster/home/n/w/nwhite01/storage/ocr_20150623/122/hvd.32044015471659/205.png"; bbox 0 0 4028 6274; ppageno 0'>
   <div class='ocr_carea' id='block_1_1' title="bbox 536 323 638 380">
    <p class='ocr_par' dir='ltr' id='par_1_1' title="bbox 536 323 638 380">
     <span class='ocr_line' id='line_1_1' title="bbox 536 323 638 380; baseline 0.02 -2"><span class='ocrx_word' id='word_1_1' title='bbox 536 323 638 380; x_wconf 74' lang='lat'><strong>355</strong></span> 
     </span>
    </p>
   </div>
   <div class='ocr_carea' id='block_1_2' title="bbox 1910 325 2430 387">
    <p class='ocr_par' dir='ltr' id='par_1_2' title="bbox 1910 325 2430 387">
     <span class='ocr_line' id='line_1_2' title="bbox 1910 325 2430 387; baseline 0.006 -5"><span class='ocrx_word' id='word_1_2' title='bbox 1910 325 2192 383; x_wconf 75' lang='lat' dir='ltr'><strong>JO.\NNIS</strong></span> <span class='ocrx_word' id='word_1_3' title='bbox 2235 329 2430 387; x_wconf 85' lang='lat' dir='ltr'><strong>SCOTI</strong></span> 
     </span>
    </p>
   </div>
   <div class='ocr_carea' id='block_1_3' title="bbox 3687 339 3782 396">
    <p class='ocr_par' dir='ltr' id='par_1_3' title="bbox 3687 339 3782 396">
     <span class='ocr_line' id='line_1_3' title="bbox 3687 339 3782 396; baseline 0 0"><span class='ocrx_word' id='word_1_4' title='bbox 3687 339 3782 396; x_wconf 74' lang='lat'><strong>356</strong></span> 
     </span>
    </p>
   </div>
   <div class='ocr_carea' id='block_1_4' title="bbox 493 435 2115 518">
    <p class='ocr_par' dir='ltr' id='par_1_4' title="bbox 493 435 2108 509">
     <span class='ocr_line' id='line_1_4' title="bbox 493 435 2108 509; baseline 0.001 -15"><span class='ocrx_word' id='word_1_5' title='bbox 493 467 496 470; x_wconf 57' lang='grc' dir='ltr'>λ</span> <span class='ocrx_word' id='word_1_6' title='bbox 539 457 739 504; x_wconf 85' lang='lat' dir='ltr'><strong>rerum,</strong></span> <span class='ocrx_word' id='word_1_7' title='bbox 770 455 836 494; x_wconf 85' lang='lat' dir='ltr'><strong>ex</strong></span> <span class='ocrx_word' id='word_1_8' title='bbox 863 437 1061 508; x_wconf 87' lang='lat' dir='ltr'><strong>quibus</strong></span> <span class='ocrx_word' id='word_1_9' title='bbox 1086 445 1140 492; x_wconf 89' lang='lat' dir='ltr'><strong>et</strong></span> <span class='ocrx_word' id='word_1_10' title='bbox 1176 438 1228 492; x_wconf 90' lang='lat' dir='ltr'><strong>in</strong></span> <span class='ocrx_word' id='word_1_11' title='bbox 1259 435 1454 508; x_wconf 88' lang='lat' dir='ltr'><strong>quibus</strong></span> <span class='ocrx_word' id='word_1_12' title='bbox 1480 439 1650 494; x_wconf 88' lang='lat' dir='ltr'><strong>instar</strong></span> <span class='ocrx_word' id='word_1_13' title='bbox 1681 454 1851 509; x_wconf 89' lang='lat' dir='ltr'><strong>aquae</strong></span> <span class='ocrx_word' id='word_1_14' title='bbox 1886 455 2108 496; x_wconf 85' lang='lat' dir='ltr'><strong>manan-</strong></span> 
     </span>
    </p>
   </div>
   <div class='ocr_carea' id='block_1_5' title="bbox 2217 435 3760 518">
    <p class='ocr_par' dir='ltr' id='par_1_5' title="bbox 2217 441 3760 518">
     <span class='ocr_line' id='line_1_5' title="bbox 2217 441 3760 518; baseline 0.005 -21"><span class='ocrx_word' id='word_1_15' title='bbox 2217 441 2785 511; x_wconf 54' lang='lat' dir='ltr'><strong>humanamutaturam</strong></span> <span class='ocrx_word' id='word_1_16' title='bbox 2816 446 3186 517; x_wconf 88' lang='lat' dir='ltr'><strong>participantis</strong></span> <span class='ocrx_word' id='word_1_17' title='bbox 3223 447 3446 518; x_wconf 84' lang='lat' dir='ltr'><strong>ﬁguram</strong></span> <span class='ocrx_word' id='word_1_18' title='bbox 3473 453 3760 518; x_wconf 86' lang='lat' dir='ltr'><strong>praetendit</strong></span> 
     </span>
    </p>
   </div>
   <div class='ocr_carea' id='block_1_6' title="bbox 537 530 2112 602">
    <p class='ocr_par' dir='ltr' id='par_1_6' title="bbox 537 530 2112 602">
     <span class='ocr_line' id='line_1_6' title="bbox 537 530 2112 602; baseline 0.001 -16"><span class='ocrx_word' id='word_1_19' title='bbox 537 533 604 586; x_wconf 85' lang='lat' dir='ltr'><strong>tis</strong></span> <span class='ocrx_word' id='word_1_20' title='bbox 632 533 739 602; x_wconf 87' lang='lat' dir='ltr'><strong>ipsa</strong></span> <span class='ocrx_word' id='word_1_21' title='bbox 765 531 1050 586; x_wconf 72' lang='lat' dir='ltr'><strong>delectatio</strong></span> <span class='ocrx_word' id='word_1_22' title='bbox 1079 531 1267 600; x_wconf 77' lang='lat' dir='ltr'><strong>surgit,</strong></span> <span class='ocrx_word' id='word_1_23' title='bbox 1293 530 1594 602; x_wconf 88' lang='lat' dir='ltr'><strong>signiﬁcare</strong></span> <span class='ocrx_word' id='word_1_24' title='bbox 1623 534 1838 597; x_wconf 89' lang='lat' dir='ltr'><strong>astruit;</strong></span> <span class='ocrx_word' id='word_1_25' title='bbox 1868 534 2112 588; x_wconf 85' lang='lat' dir='ltr'><strong>haurite-</strong></span> 
     </span>
    </p>
   </div>
   <div class='ocr_carea' id='block_1_7' title="bbox 536 623 2111 694">
    <p class='ocr_par' dir='ltr' id='par_1_7' title="bbox 536 623 2111 694">
     <span class='ocr_line' id='line_1_7' title="bbox 536 623 2111 694; baseline 0.001 -18"><span class='ocrx_word' id='word_1_26' title='bbox 536 623 672 676; x_wconf 91' lang='lat' dir='ltr'><strong>rium</strong></span> <span class='ocrx_word' id='word_1_27' title='bbox 708 637 834 676; x_wconf 88' lang='lat' dir='ltr'><strong>vero</strong></span> <span class='ocrx_word' id='word_1_28' title='bbox 865 623 1216 690; x_wconf 78' lang='lat' dir='ltr'><strong>cupiditatem</strong></span> <span class='ocrx_word' id='word_1_29' title='bbox 1245 623 1477 677; x_wconf 92' lang='lat' dir='ltr'><strong>carnalis</strong></span> <span class='ocrx_word' id='word_1_30' title='bbox 1523 624 1762 687; x_wconf 87' lang='lat' dir='ltr'><strong>animae,</strong></span> <span class='ocrx_word' id='word_1_31' title='bbox 1803 639 1941 694; x_wconf 88' lang='lat' dir='ltr'><strong>quae</strong></span> <span class='ocrx_word' id='word_1_32' title='bbox 1970 640 2111 678; x_wconf 90' lang='lat' dir='ltr'><strong>sem-</strong></span> 
     </span>
    </p>
   </div>
   <div class='ocr_carea' id='block_1_8' title="bbox 534 712 2114 785">
    <p class='ocr_par' dir='ltr' id='par_1_8' title="bbox 534 712 2114 785">
     <span class='ocr_line' id='line_1_8' title="bbox 534 712 2114 785; baseline 0.004 -21"><span class='ocrx_word' id='word_1_33' title='bbox 534 727 631 780; x_wconf 86' lang='lat' dir='ltr'><strong>per</strong></span> <span class='ocrx_word' id='word_1_34' title='bbox 659 713 861 782; x_wconf 87' lang='lat' dir='ltr'><strong>appetit</strong></span> <span class='ocrx_word' id='word_1_35' title='bbox 891 712 1251 768; x_wconf 79' lang='lat' dir='ltr'><strong>delectatione</strong></span> <span class='ocrx_word' id='word_1_36' title='bbox 1289 714 1304 744; x_wconf 85' lang='grc'>¹</span> <span class='ocrx_word' id='word_1_37' title='bbox 1351 715 1722 783; x_wconf 85' lang='lat' dir='ltr'><strong>temporalium</strong></span> <span class='ocrx_word' id='word_1_38' title='bbox 1759 723 1814 768; x_wconf 90' lang='lat' dir='ltr'><strong>et</strong></span> <span class='ocrx_word' id='word_1_39' title='bbox 1863 730 2114 785; x_wconf 84' lang='lat' dir='ltr'><strong>corpora-</strong></span> 
     </span>
    </p>
   </div>
   <div class='ocr_carea' id='block_1_9' title="bbox 534 801 1705 874">
    <p class='ocr_par' dir='ltr' id='par_1_9' title="bbox 534 801 1705 874">
     <span class='ocr_line' id='line_1_9' title="bbox 534 801 1705 874; baseline 0.004 -19"><span class='ocrx_word' id='word_1_40' title='bbox 534 801 664 855; x_wconf 89' lang='lat' dir='ltr'><strong>lium</strong></span> <span class='ocrx_word' id='word_1_41' title='bbox 695 818 874 856; x_wconf 91' lang='lat' dir='ltr'><strong>rernm</strong></span> <span class='ocrx_word' id='word_1_42' title='bbox 905 803 1108 858; x_wconf 87' lang='lat' dir='ltr'><strong>satiari.</strong></span> <span class='ocrx_word' id='word_1_43' title='bbox 1144 803 1399 874; x_wconf 80' lang='lat' dir='ltr'><strong>Sequitur</strong></span> <span class='ocrx_word' id='word_1_44' title='bbox 1428 823 1440 858; x_wconf 91' lang='lat'>:</span> <span class='ocrx_word' id='word_1_45' title='bbox 1699 865 1705 872; x_wconf 63' lang='grc'><em>,</em></span> 
     </span>
    </p>
   </div>
   <div class='ocr_carea' id='block_1_10' title="bbox 609 893 2114 967">
    <p class='ocr_par' dir='ltr' id='par_1_10' title="bbox 609 893 2114 967">
     <span class='ocr_line' id='line_1_10' title="bbox 609 893 2114 967; baseline 0.002 -20"><span class='ocrx_word' id='word_1_46' title='bbox 609 893 880 964; x_wconf 74' lang='lat' dir='ltr'><strong>Numquid</strong></span> <span class='ocrx_word' id='word_1_47' title='bbox 913 904 966 947; x_wconf 87' lang='lat' dir='ltr'><strong>tu</strong></span> <span class='ocrx_word' id='word_1_48' title='bbox 993 895 1165 965; x_wconf 84' lang='lat' dir='ltr'><strong>major</strong></span> <span class='ocrx_word' id='word_1_49' title='bbox 1200 912 1251 948; x_wconf 85' lang='lat' dir='ltr'><strong>es</strong></span> <span class='ocrx_word' id='word_1_50' title='bbox 1276 905 1423 964; x_wconf 83' lang='lat' dir='ltr'><strong>patre</strong></span> <span class='ocrx_word' id='word_1_51' title='bbox 1446 907 1619 950; x_wconf 87' lang='lat' dir='ltr'><strong>nostro</strong></span> <span class='ocrx_word' id='word_1_52' title='bbox 1652 895 1834 957; x_wconf 84' lang='lat' dir='ltr'><strong>Jacob,</strong></span> <span class='ocrx_word' id='word_1_53' title='bbox 1860 898 1949 967; x_wconf 90' lang='lat' dir='ltr'><strong>qui</strong></span> <span class='ocrx_word' id='word_1_54' title='bbox 1973 898 2114 951; x_wconf 91' lang='lat' dir='ltr'><strong>dedit</strong></span> 
     </span>
    </p>
   </div>
   <div class='ocr_carea' id='block_1_11' title="bbox 533 986 2113 1059">
    <p class='ocr_par' dir='ltr' id='par_1_11' title="bbox 533 986 2113 1059">
     <span class='ocr_line' id='line_1_11' title="bbox 533 986 2113 1059; baseline 0.001 -17"><span class='ocrx_word' id='word_1_55' title='bbox 533 986 683 1042; x_wconf 83' lang='lat' dir='ltr'><strong>nobis</strong></span> <span class='ocrx_word' id='word_1_56' title='bbox 713 996 958 1056; x_wconf 81' lang='lat' dir='ltr'><strong>puteum,</strong></span> <span class='ocrx_word' id='word_1_57' title='bbox 999 997 1046 1040; x_wconf 86' lang='lat' dir='ltr'><strong>et</strong></span> <span class='ocrx_word' id='word_1_58' title='bbox 1091 989 1199 1056; x_wconf 81' lang='lat' dir='ltr'><strong>ipse</strong></span> <span class='ocrx_word' id='word_1_59' title='bbox 1245 1005 1308 1042; x_wconf 78' lang='lat' dir='ltr'><strong>ex</strong></span> <span class='ocrx_word' id='word_1_60' title='bbox 1344 1005 1402 1042; x_wconf 87' lang='lat' dir='ltr'><strong>eo</strong></span> <span class='ocrx_word' id='word_1_61' title='bbox 1441 989 1672 1054; x_wconf 79' lang='lat' dir='ltr'><strong>bibebat,</strong></span> <span class='ocrx_word' id='word_1_62' title='bbox 1712 1002 1759 1044; x_wconf 87' lang='lat' dir='ltr'><strong>et</strong></span> <span class='ocrx_word' id='word_1_63' title='bbox 1787 991 1896 1059; x_wconf 77' lang='lat' dir='ltr'><strong>lilii</strong></span> <span class='ocrx_word' id='word_1_64' title='bbox 1921 992 2026 1055; x_wconf 84' lang='lat' dir='ltr'><strong>sui,</strong></span> <span class='ocrx_word' id='word_1_65' title='bbox 2066 1001 2113 1044; x_wconf 91' lang='lat' dir='ltr'><strong>et</strong></span> 
     </span>
    </p>
   </div>
   <div class='ocr_carea' id='block_1_12' title="bbox 534 1078 2114 1156">
    <p class='ocr_par' dir='ltr' id='par_1_12' title="bbox 534 1078 2114 1156">
     <span class='ocr_line' id='line_1_12' title="bbox 534 1078 2114 1156; baseline 0.006 -26"><span class='ocrx_word' id='word_1_66' title='bbox 534 1093 720 1145; x_wconf 80' lang='lat' dir='ltr'><strong>pecora</strong></span> <span class='ocrx_word' id='word_1_67' title='bbox 750 1079 886 1131; x_wconf 86' lang='lat' dir='ltr'><strong>sua?</strong></span> <span class='ocrx_word' id='word_1_68' title='bbox 922 1078 1112 1134; x_wconf 84' lang='lat' dir='ltr'><strong>Mulier</strong></span> <span class='ocrx_word' id='word_1_69' title='bbox 1145 1080 1485 1134; x_wconf 87' lang='lat' dir='ltr'><strong>Samaritana</strong></span> <span class='ocrx_word' id='word_1_70' title='bbox 1515 1081 1808 1152; x_wconf 81' lang='lat' dir='ltr'><strong>alienigena</strong></span> <span class='ocrx_word' id='word_1_71' title='bbox 1842 1093 1990 1150; x_wconf 81' lang='lat' dir='ltr'><strong>erat,</strong></span> <span class='ocrx_word' id='word_1_72' title='bbox 2023 1102 2114 1156; x_wconf 77' lang='lat' dir='ltr'><strong>pa—</strong></span> 
     </span>
    </p>
   </div>
   <div class='ocr_carea' id='block_1_13' title="bbox 537 1172 2112 1247">
    <p class='ocr_par' dir='ltr' id='par_1_13' title="bbox 537 1172 2112 1247">
     <span class='ocr_line' id='line_1_13' title="bbox 537 1172 2112 1247; baseline 0.006 -25"><span class='ocrx_word' id='word_1_73' title='bbox 537 1176 674 1223; x_wconf 85' lang='lat' dir='ltr'><strong>trem</strong></span> <span class='ocrx_word' id='word_1_74' title='bbox 717 1179 896 1224; x_wconf 88' lang='lat' dir='ltr'><strong>autem</strong></span> <span class='ocrx_word' id='word_1_75' title='bbox 940 1186 1096 1225; x_wconf 93' lang='lat' dir='ltr'><strong>suum</strong></span> <span class='ocrx_word' id='word_1_76' title='bbox 1134 1172 1500 1228; x_wconf 86' lang='lat' dir='ltr'><strong>vocatJacob.</strong></span> <span class='ocrx_word' id='word_1_77' title='bbox 1536 1174 1643 1230; x_wconf 84' lang='lat' dir='ltr'><strong>Nec</strong></span> <span class='ocrx_word' id='word_1_78' title='bbox 1673 1175 1962 1241; x_wconf 89' lang='lat' dir='ltr'><strong>immerito,</strong></span> <span class='ocrx_word' id='word_1_79' title='bbox 1988 1179 2112 1247; x_wconf 84' lang='lat' dir='ltr'><strong>quia</strong></span> 
     </span>
    </p>
   </div>
   <div class='ocr_carea' id='block_1_14' title="bbox 536 1261 2113 1336">
    <p class='ocr_par' dir='ltr' id='par_1_14' title="bbox 536 1261 2113 1336">
     <span class='ocr_line' id='line_1_14' title="bbox 536 1261 2113 1336; baseline 0.007 -22"><span class='ocrx_word' id='word_1_80' title='bbox 536 1261 638 1315; x_wconf 91' lang='lat' dir='ltr'><strong>sub</strong></span> <span class='ocrx_word' id='word_1_81' title='bbox 670 1261 784 1332; x_wconf 85' lang='lat' dir='ltr'><strong>lege</strong></span> <span class='ocrx_word' id='word_1_82' title='bbox 815 1262 984 1333; x_wconf 84' lang='lat' dir='ltr'><strong>Moysi</strong></span> <span class='ocrx_word' id='word_1_83' title='bbox 1031 1263 1277 1327; x_wconf 87' lang='lat' dir='ltr'><strong>vixerat,</strong></span> <span class='ocrx_word' id='word_1_84' title='bbox 1323 1273 1376 1318; x_wconf 91' lang='lat' dir='ltr'><strong>et</strong></span> <span class='ocrx_word' id='word_1_85' title='bbox 1415 1265 1734 1334; x_wconf 89' lang='lat' dir='ltr'><strong>praedium,</strong></span> <span class='ocrx_word' id='word_1_86' title='bbox 1776 1268 1914 1336; x_wconf 90' lang='lat' dir='ltr'><strong>quod</strong></span> <span class='ocrx_word' id='word_1_87' title='bbox 1948 1267 2113 1325; x_wconf 81' lang='lat' dir='ltr'><strong>Jacob</strong></span> 
     </span>
    </p>
   </div>
   <div class='ocr_carea' id='block_1_15' title="bbox 535 1352 2108 1431">
    <p class='ocr_par' dir='ltr' id='par_1_15' title="bbox 535 1352 2108 1431">
     <span class='ocr_line' id='line_1_15' title="bbox 535 1352 2108 1431; baseline 0.007 -26"><span class='ocrx_word' id='word_1_88' title='bbox 535 1352 645 1407; x_wconf 87' lang='lat' dir='ltr'><strong>ﬁlio</strong></span> <span class='ocrx_word' id='word_1_89' title='bbox 674 1368 773 1408; x_wconf 92' lang='lat' dir='ltr'><strong>suo</strong></span> <span class='ocrx_word' id='word_1_90' title='bbox 801 1352 997 1422; x_wconf 88' lang='lat' dir='ltr'><strong>Joscph</strong></span> <span class='ocrx_word' id='word_1_91' title='bbox 1028 1354 1270 1418; x_wconf 85' lang='lat' dir='ltr'><strong>dederat,</strong></span> <span class='ocrx_word' id='word_1_92' title='bbox 1300 1356 1627 1424; x_wconf 88' lang='lat' dir='ltr'><strong>possidebat.</strong></span> <span class='ocrx_word' id='word_1_93' title='bbox 1656 1357 1807 1424; x_wconf 87' lang='lat' dir='ltr'><strong>Quod</strong></span> <span class='ocrx_word' id='word_1_94' title='bbox 1838 1376 1968 1431; x_wconf 87' lang='lat' dir='ltr'><strong>ergo</strong></span> <span class='ocrx_word' id='word_1_95' title='bbox 1995 1362 2068 1416; x_wconf 88' lang='lat' dir='ltr'><strong>ait</strong></span> <span class='ocrx_word' id='word_1_96' title='bbox 2096 1380 2108 1416; x_wconf 86' lang='lat'><strong>:</strong></span> 
     </span>
    </p>
   </div>
   <div class='ocr_carea' id='block_1_16' title="bbox 537 1437 2114 1513">
    <p class='ocr_par' dir='ltr' id='par_1_16' title="bbox 537 1437 2114 1513">
     <span class='ocr_line' id='line_1_16' title="bbox 537 1437 2114 1513; baseline 0.008 -18"><span class='ocrx_word' id='word_1_97' title='bbox 537 1441 808 1512; x_wconf 77' lang='lat' dir='ltr'><strong>Numquid</strong></span> <span class='ocrx_word' id='word_1_98' title='bbox 838 1453 891 1496; x_wconf 87' lang='lat' dir='ltr'><strong>tu</strong></span> <span class='ocrx_word' id='word_1_99' title='bbox 921 1444 1090 1513; x_wconf 83' lang='lat' dir='ltr'><strong>major</strong></span> <span class='ocrx_word' id='word_1_100' title='bbox 1112 1461 1165 1498; x_wconf 87' lang='lat' dir='ltr'><strong>es</strong></span> <span class='ocrx_word' id='word_1_101' title='bbox 1187 1454 1333 1510; x_wconf 86' lang='lat' dir='ltr'><strong>patre</strong></span> <span class='ocrx_word' id='word_1_102' title='bbox 1354 1456 1528 1500; x_wconf 80' lang='lat' dir='ltr'><strong>nostra</strong></span> <span class='ocrx_word' id='word_1_103' title='bbox 1548 1448 1712 1501; x_wconf 73' lang='lat' dir='ltr'><strong>Jacob</strong></span> <span class='ocrx_word' id='word_1_104' title='bbox 1732 1450 1757 1502; x_wconf 71' lang='grc' dir='ltr'><strong>Σ)</strong></span> <span class='ocrx_word' id='word_1_105' title='bbox 1783 1437 1990 1504; x_wconf 62' lang='grc' dir='ltr'><strong>ξ’ἰιιοῑιιι·</strong></span> <span class='ocrx_word' id='word_1_106' title='bbox 2011 1454 2114 1508; x_wconf 92' lang='lat' dir='ltr'><strong>hoc</strong></span> 
     </span>
    </p>
   </div>
   <div class='ocr_carea' id='block_1_17' title="bbox 534 1531 2113 1607">
    <p class='ocr_par' dir='ltr' id='par_1_17' title="bbox 534 1531 2113 1607">
     <span class='ocr_line' id='line_1_17' title="bbox 534 1531 2113 1607; baseline 0.008 -22"><span class='ocrx_word' id='word_1_107' title='bbox 534 1531 689 1597; x_wconf 81' lang='lat' dir='ltr'><strong>velle,</strong></span> <span class='ocrx_word' id='word_1_108' title='bbox 723 1547 786 1587; x_wconf 92' lang='lat' dir='ltr'><strong>ac</strong></span> <span class='ocrx_word' id='word_1_109' title='bbox 820 1533 864 1586; x_wconf 87' lang='lat' dir='ltr'><strong>si</strong></span> <span class='ocrx_word' id='word_1_110' title='bbox 893 1533 1098 1587; x_wconf 88' lang='lat' dir='ltr'><strong>diceret</strong></span> <span class='ocrx_word' id='word_1_111' title='bbox 1126 1553 1138 1586; x_wconf 89' lang='lat'><strong>:</strong></span> <span class='ocrx_word' id='word_1_112' title='bbox 1167 1532 1436 1603; x_wconf 77' lang='lat' dir='ltr'><strong>Numquid</strong></span> <span class='ocrx_word' id='word_1_113' title='bbox 1476 1535 1696 1604; x_wconf 79' lang='lat' dir='ltr'><strong>majoris</strong></span> <span class='ocrx_word' id='word_1_114' title='bbox 1729 1543 2012 1607; x_wconf 72' lang='lat' dir='ltr'><strong>potestatis</strong></span> <span class='ocrx_word' id='word_1_115' title='bbox 2053 1557 2113 1598; x_wconf 89' lang='lat' dir='ltr'><strong>cs</strong></span> 
     </span>
    </p>
   </div>
   <div class='ocr_carea' id='block_1_18' title="bbox 535 1620 2113 1695">
    <p class='ocr_par' dir='ltr' id='par_1_18' title="bbox 535 1620 2113 1695">
     <span class='ocr_line' id='line_1_18' title="bbox 535 1620 2113 1695; baseline 0.007 -21"><span class='ocrx_word' id='word_1_116' title='bbox 535 1632 689 1690; x_wconf 88' lang='lat' dir='ltr'><strong>patre</strong></span> <span class='ocrx_word' id='word_1_117' title='bbox 738 1633 918 1676; x_wconf 73' lang='lat' dir='ltr'><strong>uestro</strong></span> <span class='ocrx_word' id='word_1_118' title='bbox 965 1620 1132 1678; x_wconf 84' lang='lat' dir='ltr'><strong>Jacob</strong></span> <span class='ocrx_word' id='word_1_119' title='bbox 1158 1664 1172 1686; x_wconf 93' lang='lat'><strong>,</strong></span> <span class='ocrx_word' id='word_1_120' title='bbox 1218 1624 1307 1693; x_wconf 89' lang='lat' dir='ltr'><strong>qui</strong></span> <span class='ocrx_word' id='word_1_121' title='bbox 1341 1625 1484 1680; x_wconf 92' lang='lat' dir='ltr'><strong>hunc</strong></span> <span class='ocrx_word' id='word_1_122' title='bbox 1527 1635 1742 1695; x_wconf 87' lang='lat' dir='ltr'><strong>puteum</strong></span> <span class='ocrx_word' id='word_1_123' title='bbox 1774 1627 2018 1693; x_wconf 82' lang='lat' dir='ltr'><strong>foderat,</strong></span> <span class='ocrx_word' id='word_1_124' title='bbox 2059 1639 2113 1686; x_wconf 86' lang='lat' dir='ltr'><strong>et</strong></span> 
     </span>
    </p>
   </div>
   <div class='ocr_carea' id='block_1_19' title="bbox 534 1713 2112 1784">
    <p class='ocr_par' dir='ltr' id='par_1_19' title="bbox 534 1713 2112 1784">
     <span class='ocr_line' id='line_1_19' title="bbox 534 1713 2112 1784; baseline 0.006 -17"><span class='ocrx_word' id='word_1_125' title='bbox 534 1713 890 1767; x_wconf 87' lang='lat' dir='ltr'><strong>bauritorium</strong></span> <span class='ocrx_word' id='word_1_126' title='bbox 932 1713 1197 1780; x_wconf 81' lang='lat' dir='ltr'><strong>habebat,</strong></span> <span class='ocrx_word' id='word_1_127' title='bbox 1231 1731 1338 1784; x_wconf 90' lang='lat' dir='ltr'><strong>quo</strong></span> <span class='ocrx_word' id='word_1_128' title='bbox 1366 1731 1560 1784; x_wconf 87' lang='lat' dir='ltr'><strong>aquam</strong></span> <span class='ocrx_word' id='word_1_129' title='bbox 1600 1727 1655 1773; x_wconf 86' lang='lat' dir='ltr'><strong>et</strong></span> <span class='ocrx_word' id='word_1_130' title='bbox 1689 1719 1788 1774; x_wconf 90' lang='lat' dir='ltr'><strong>sibi</strong></span> <span class='ocrx_word' id='word_1_131' title='bbox 1818 1730 1872 1775; x_wconf 90' lang='lat' dir='ltr'><strong>et</strong></span> <span class='ocrx_word' id='word_1_132' title='bbox 1909 1722 2030 1777; x_wconf 92' lang='lat' dir='ltr'><strong>ﬁliis</strong></span> <span class='ocrx_word' id='word_1_133' title='bbox 2059 1732 2112 1777; x_wconf 91' lang='lat' dir='ltr'><strong>et</strong></span> 
     </span>
    </p>
   </div>
   <div class='ocr_carea' id='block_1_20' title="bbox 2215 532 3771 607">
    <p class='ocr_par' dir='ltr' id='par_1_20' title="bbox 2215 532 3771 607">
     <span class='ocr_line' id='line_1_20' title="bbox 2215 532 3771 607; baseline 0.006 -23"><span class='ocrx_word' id='word_1_134' title='bbox 2215 532 2404 588; x_wconf 80' lang='lat' dir='ltr'><strong>Mulier</strong></span> <span class='ocrx_word' id='word_1_135' title='bbox 2433 536 2612 605; x_wconf 87' lang='lat' dir='ltr'><strong>itaque</strong></span> <span class='ocrx_word' id='word_1_136' title='bbox 2640 547 2723 592; x_wconf 92' lang='lat' dir='ltr'><strong>est</strong></span> <span class='ocrx_word' id='word_1_137' title='bbox 2755 539 2932 592; x_wconf 90' lang='lat' dir='ltr'><strong>anima</strong></span> <span class='ocrx_word' id='word_1_138' title='bbox 2976 538 3276 602; x_wconf 89' lang='lat' dir='ltr'><strong>rationalis,</strong></span> <span class='ocrx_word' id='word_1_139' title='bbox 3305 538 3459 607; x_wconf 79' lang='lat' dir='ltr'><strong>cujus</strong></span> <span class='ocrx_word' id='word_1_140' title='bbox 3485 539 3570 592; x_wconf 90' lang='lat' dir='ltr'><strong>vir</strong></span> <span class='ocrx_word' id='word_1_141' title='bbox 3595 540 3771 595; x_wconf 85' lang='lat' dir='ltr'><strong>intelli-</strong></span> 
     </span>
    </p>
   </div>
   <div class='ocr_carea' id='block_1_21' title="bbox 2213 624 3771 699">
    <p class='ocr_par' dir='ltr' id='par_1_21' title="bbox 2213 624 3771 699">
     <span class='ocr_line' id='line_1_21' title="bbox 2213 624 3771 699; baseline 0.005 -23"><span class='ocrx_word' id='word_1_142' title='bbox 2213 624 2357 694; x_wconf 80' lang='lat' dir='ltr'><strong>gitur</strong></span> <span class='ocrx_word' id='word_1_143' title='bbox 2410 627 2660 693; x_wconf 90' lang='lat' dir='ltr'><strong>animus,</strong></span> <span class='ocrx_word' id='word_1_144' title='bbox 2723 630 2814 698; x_wconf 89' lang='lat' dir='ltr'><strong>qui</strong></span> <span class='ocrx_word' id='word_1_145' title='bbox 2864 629 3232 699; x_wconf 87' lang='lat' dir='ltr'><strong>multipliciter</strong></span> <span class='ocrx_word' id='word_1_146' title='bbox 3276 629 3630 694; x_wconf 85' lang='lat' dir='ltr'><strong>nominatur;</strong></span> <span class='ocrx_word' id='word_1_147' title='bbox 3691 630 3771 684; x_wconf 86' lang='lat' dir='ltr'><strong>ali-</strong></span> 
     </span>
    </p>
   </div>
   <div class='ocr_carea' id='block_1_22' title="bbox 2213 719 3772 790">
    <p class='ocr_par' dir='ltr' id='par_1_22' title="bbox 2213 719 3772 790">
     <span class='ocr_line' id='line_1_22' title="bbox 2213 719 3772 790; baseline 0.004 -20"><span class='ocrx_word' id='word_1_148' title='bbox 2213 719 2428 787; x_wconf 89' lang='lat' dir='ltr'><strong>quando</strong></span> <span class='ocrx_word' id='word_1_149' title='bbox 2483 721 2628 774; x_wconf 86' lang='lat' dir='ltr'><strong>cnim</strong></span> <span class='ocrx_word' id='word_1_150' title='bbox 2680 721 3020 788; x_wconf 88' lang='lat' dir='ltr'><strong>intellectus,</strong></span> <span class='ocrx_word' id='word_1_151' title='bbox 3091 723 3380 790; x_wconf 82' lang='lat' dir='ltr'><strong>aliquando</strong></span> <span class='ocrx_word' id='word_1_152' title='bbox 3444 738 3636 787; x_wconf 87' lang='lat' dir='ltr'><strong>mens,</strong></span> <span class='ocrx_word' id='word_1_153' title='bbox 3697 723 3772 777; x_wconf 84' lang='lat' dir='ltr'><strong>ali-</strong></span> 
     </span>
    </p>
   </div>
   <div class='ocr_carea' id='block_1_23' title="bbox 2214 808 3778 882">
    <p class='ocr_par' dir='ltr' id='par_1_23' title="bbox 2214 808 3778 882">
     <span class='ocr_line' id='line_1_23' title="bbox 2214 808 3778 882; baseline 0.006 -24"><span class='ocrx_word' id='word_1_154' title='bbox 2214 808 2429 876; x_wconf 86' lang='lat' dir='ltr'><strong>quando</strong></span> <span class='ocrx_word' id='word_1_155' title='bbox 2501 810 2744 874; x_wconf 89' lang='lat' dir='ltr'><strong>animns,</strong></span> <span class='ocrx_word' id='word_1_156' title='bbox 2815 826 2976 881; x_wconf 88' lang='lat' dir='ltr'><strong>saepe</strong></span> <span class='ocrx_word' id='word_1_157' title='bbox 3037 811 3200 866; x_wconf 87' lang='lat' dir='ltr'><strong>etiam</strong></span> <span class='ocrx_word' id='word_1_158' title='bbox 3268 813 3509 882; x_wconf 91' lang='lat' dir='ltr'><strong>spiritus.</strong></span> <span class='ocrx_word' id='word_1_159' title='bbox 3563 811 3640 867; x_wconf 86' lang='lat' dir='ltr'><strong>De</strong></span> <span class='ocrx_word' id='word_1_160' title='bbox 3693 814 3778 867; x_wconf 70' lang='lat' dir='ltr'><strong>hor</strong></span> 
     </span>
    </p>
   </div>
   <div class='ocr_carea' id='block_1_24' title="bbox 2213 899 3782 973">
    <p class='ocr_par' dir='ltr' id='par_1_24' title="bbox 2213 899 3782 973">
     <span class='ocr_line' id='line_1_24' title="bbox 2213 899 3782 973; baseline 0.005 -23"><span class='ocrx_word' id='word_1_161' title='bbox 2213 899 2331 953; x_wconf 87' lang='lat' dir='ltr'><strong>viro</strong></span> <span class='ocrx_word' id='word_1_162' title='bbox 2379 900 2453 954; x_wconf 87' lang='lat' dir='ltr'><strong>ait</strong></span> <span class='ocrx_word' id='word_1_163' title='bbox 2499 901 2792 972; x_wconf 82' lang='lat' dir='ltr'><strong>Apostolus</strong></span> <span class='ocrx_word' id='word_1_164' title='bbox 2837 920 2851 956; x_wconf 93' lang='lat'>:</span> <span class='ocrx_word' id='word_1_165' title='bbox 2911 920 2930 952; x_wconf 74' lang='grc' dir='ltr'><em>α</em></span> <span class='ocrx_word' id='word_1_166' title='bbox 2977 902 3151 973; x_wconf 88' lang='lat' dir='ltr'><strong>Caput</strong></span> <span class='ocrx_word' id='word_1_167' title='bbox 3196 904 3438 958; x_wconf 83' lang='lat' dir='ltr'><strong>mulieris</strong></span> <span class='ocrx_word' id='word_1_168' title='bbox 3472 904 3580 967; x_wconf 87' lang='lat' dir='ltr'><strong>vir,</strong></span> <span class='ocrx_word' id='word_1_169' title='bbox 3637 913 3782 973; x_wconf 82' lang='lat' dir='ltr'><strong>caput</strong></span> 
     </span>
    </p>
   </div>
   <div class='ocr_carea' id='block_1_25' title="bbox 2212 991 3785 1065">
    <p class='ocr_par' dir='ltr' id='par_1_25' title="bbox 2212 991 3785 1065">
     <span class='ocr_line' id='line_1_25' title="bbox 2212 991 3785 1065; baseline 0.003 -21"><span class='ocrx_word' id='word_1_170' title='bbox 2212 991 2313 1044; x_wconf 89' lang='lat' dir='ltr'><strong>viri</strong></span> <span class='ocrx_word' id='word_1_171' title='bbox 2344 991 2626 1057; x_wconf 87' lang='lat' dir='ltr'><strong>Christus,</strong></span> <span class='ocrx_word' id='word_1_172' title='bbox 2677 1002 2839 1063; x_wconf 91' lang='lat' dir='ltr'><strong>caput</strong></span> <span class='ocrx_word' id='word_1_173' title='bbox 2884 995 3084 1049; x_wconf 89' lang='lat' dir='ltr'><strong>Christi</strong></span> <span class='ocrx_word' id='word_1_174' title='bbox 3133 995 3274 1049; x_wconf 90' lang='lat' dir='ltr'><strong>Deus</strong></span> <span class='ocrx_word' id='word_1_175' title='bbox 3308 1012 3370 1058; x_wconf 75' lang='grc' dir='ltr'><strong>»ς</strong></span> <span class='ocrx_word' id='word_1_176' title='bbox 3425 1010 3489 1051; x_wconf 88' lang='lat' dir='ltr'><strong>ae</strong></span> <span class='ocrx_word' id='word_1_177' title='bbox 3528 996 3574 1050; x_wconf 88' lang='lat' dir='ltr'><strong>si</strong></span> <span class='ocrx_word' id='word_1_178' title='bbox 3616 1006 3785 1065; x_wconf 67' lang='lat' dir='ltr'><strong>aperte</strong></span> 
     </span>
    </p>
   </div>
   <div class='ocr_carea' id='block_1_26' title="bbox 2214 1079 3770 1154">
    <p class='ocr_par' dir='ltr' id='par_1_26' title="bbox 2214 1079 3770 1154">
     <span class='ocr_line' id='line_1_26' title="bbox 2214 1079 3770 1154; baseline 0.004 -21"><span class='ocrx_word' id='word_1_179' title='bbox 2214 1079 2416 1136; x_wconf 88' lang='lat' dir='ltr'><strong>diceret</strong></span> <span class='ocrx_word' id='word_1_180' title='bbox 2443 1101 2455 1135; x_wconf 90' lang='lat'><strong>:</strong></span> <span class='ocrx_word' id='word_1_181' title='bbox 2482 1082 2708 1137; x_wconf 89' lang='lat' dir='ltr'><strong>Animae</strong></span> <span class='ocrx_word' id='word_1_182' title='bbox 2749 1082 3027 1138; x_wconf 87' lang='lat' dir='ltr'><strong>rationalis</strong></span> <span class='ocrx_word' id='word_1_183' title='bbox 3051 1093 3214 1154; x_wconf 89' lang='lat' dir='ltr'><strong>caput</strong></span> <span class='ocrx_word' id='word_1_184' title='bbox 3245 1093 3329 1139; x_wconf 90' lang='lat' dir='ltr'><strong>est</strong></span> <span class='ocrx_word' id='word_1_185' title='bbox 3357 1083 3604 1152; x_wconf 66' lang='lat' dir='ltr'><strong>vir&#39;ejus,</strong></span> <span class='ocrx_word' id='word_1_186' title='bbox 3647 1085 3770 1139; x_wconf 84' lang='lat' dir='ltr'><strong>intel</strong></span> 
     </span>
    </p>
   </div>
   <div class='ocr_carea' id='block_1_27' title="bbox 2213 1168 3780 1245">
    <p class='ocr_par' dir='ltr' id='par_1_27' title="bbox 2213 1168 3780 1245">
     <span class='ocr_line' id='line_1_27' title="bbox 2213 1168 3780 1245; baseline 0.005 -24"><span class='ocrx_word' id='word_1_187' title='bbox 2213 1168 2384 1225; x_wconf 87' lang='lat' dir='ltr'><strong>lectus</strong></span> <span class='ocrx_word' id='word_1_188' title='bbox 2421 1170 2572 1238; x_wconf 84' lang='lat' dir='ltr'><strong>ejus;</strong></span> <span class='ocrx_word' id='word_1_189' title='bbox 2612 1172 2782 1242; x_wconf 83' lang='lat' dir='ltr'><strong>ipsius</strong></span> <span class='ocrx_word' id='word_1_190' title='bbox 2812 1188 2942 1227; x_wconf 87' lang='lat' dir='ltr'><strong>vero</strong></span> <span class='ocrx_word' id='word_1_191' title='bbox 2977 1168 3279 1230; x_wconf 80' lang='lat' dir='ltr'><strong>intellectus</strong></span> <span class='ocrx_word' id='word_1_192' title='bbox 3318 1185 3480 1245; x_wconf 90' lang='lat' dir='ltr'><strong>caput</strong></span> <span class='ocrx_word' id='word_1_193' title='bbox 3521 1185 3606 1231; x_wconf 89' lang='lat' dir='ltr'><strong>est</strong></span> <span class='ocrx_word' id='word_1_194' title='bbox 3644 1176 3780 1231; x_wconf 86' lang='lat' dir='ltr'><strong>Chri-</strong></span> 
     </span>
    </p>
   </div>
   <div class='ocr_carea' id='block_1_28' title="bbox 2213 1259 3768 1320">
    <p class='ocr_par' dir='ltr' id='par_1_28' title="bbox 2213 1259 3768 1320">
     <span class='ocr_line' id='line_1_28' title="bbox 2213 1259 3768 1320; baseline 0.003 -7"><span class='ocrx_word' id='word_1_195' title='bbox 2213 1269 2349 1314; x_wconf 90' lang='lat' dir='ltr'><strong>stus.</strong></span> <span class='ocrx_word' id='word_1_196' title='bbox 2396 1259 2495 1314; x_wconf 90' lang='lat' dir='ltr'><strong>llic</strong></span> <span class='ocrx_word' id='word_1_197' title='bbox 2535 1269 2619 1316; x_wconf 88' lang='lat' dir='ltr'><strong>est</strong></span> <span class='ocrx_word' id='word_1_198' title='bbox 2668 1263 2811 1317; x_wconf 90' lang='lat' dir='ltr'><strong>enim</strong></span> <span class='ocrx_word' id='word_1_199' title='bbox 2855 1263 3114 1319; x_wconf 87' lang='lat' dir='ltr'><strong>naturalis</strong></span> <span class='ocrx_word' id='word_1_200' title='bbox 3156 1265 3290 1320; x_wconf 88' lang='lat' dir='ltr'><strong>ordo</strong></span> <span class='ocrx_word' id='word_1_201' title='bbox 3341 1265 3609 1319; x_wconf 87' lang='lat' dir='ltr'><strong>humanae</strong></span> <span class='ocrx_word' id='word_1_202' title='bbox 3651 1281 3768 1318; x_wconf 86' lang='lat' dir='ltr'><strong>crea</strong></span> 
     </span>
    </p>
   </div>
   <div class='ocr_carea' id='block_1_29' title="bbox 2214 1349 3790 1421">
    <p class='ocr_par' dir='ltr' id='par_1_29' title="bbox 2214 1349 3790 1421">
     <span class='ocr_line' id='line_1_29' title="bbox 2214 1349 3790 1421; baseline 0.003 -18"><span class='ocrx_word' id='word_1_203' title='bbox 2214 1358 2386 1414; x_wconf 91' lang='lat' dir='ltr'><strong>turae,</strong></span> <span class='ocrx_word' id='word_1_204' title='bbox 2416 1359 2474 1403; x_wconf 92' lang='lat' dir='ltr'><strong>ut</strong></span> <span class='ocrx_word' id='word_1_205' title='bbox 2498 1349 2597 1404; x_wconf 92' lang='lat' dir='ltr'><strong>sub</strong></span> <span class='ocrx_word' id='word_1_206' title='bbox 2626 1351 2884 1421; x_wconf 88' lang='lat' dir='ltr'><strong>regimine</strong></span> <span class='ocrx_word' id='word_1_207' title='bbox 2913 1353 3107 1407; x_wconf 89' lang='lat' dir='ltr'><strong>mentis</strong></span> <span class='ocrx_word' id='word_1_208' title='bbox 3131 1355 3392 1408; x_wconf 88' lang='lat' dir='ltr'><strong>subdatur</strong></span> <span class='ocrx_word' id='word_1_209' title='bbox 3417 1355 3620 1416; x_wconf 89' lang='lat' dir='ltr'><strong>anima,</strong></span> <span class='ocrx_word' id='word_1_210' title='bbox 3653 1370 3790 1408; x_wconf 75' lang='lat' dir='ltr'><strong>mens</strong></span> 
     </span>
    </p>
   </div>
   <div class='ocr_carea' id='block_1_30' title="bbox 2213 1438 3789 1513">
    <p class='ocr_par' dir='ltr' id='par_1_30' title="bbox 2213 1438 3789 1513">
     <span class='ocr_line' id='line_1_30' title="bbox 2213 1438 3789 1513; baseline 0.001 -20"><span class='ocrx_word' id='word_1_211' title='bbox 2213 1447 2394 1493; x_wconf 87' lang='lat' dir='ltr'><strong>autem</strong></span> <span class='ocrx_word' id='word_1_212' title='bbox 2427 1440 2526 1494; x_wconf 92' lang='lat' dir='ltr'><strong>sub</strong></span> <span class='ocrx_word' id='word_1_213' title='bbox 2552 1438 2803 1503; x_wconf 84' lang='lat' dir='ltr'><strong>Christo;</strong></span> <span class='ocrx_word' id='word_1_214' title='bbox 2843 1458 2905 1496; x_wconf 91' lang='lat' dir='ltr'><strong>ac</strong></span> <span class='ocrx_word' id='word_1_215' title='bbox 2935 1443 3012 1496; x_wconf 90' lang='lat' dir='ltr'><strong>sic</strong></span> <span class='ocrx_word' id='word_1_216' title='bbox 3043 1451 3188 1497; x_wconf 90' lang='lat' dir='ltr'><strong>totus</strong></span> <span class='ocrx_word' id='word_1_217' title='bbox 3216 1447 3376 1497; x_wconf 91' lang='lat' dir='ltr'><strong>homo</strong></span> <span class='ocrx_word' id='word_1_218' title='bbox 3404 1459 3498 1513; x_wconf 87' lang='lat' dir='ltr'><strong>per</strong></span> <span class='ocrx_word' id='word_1_219' title='bbox 3527 1444 3789 1498; x_wconf 76' lang='lat' dir='ltr'><strong>Christum</strong></span> 
     </span>
    </p>
   </div>
   <div class='ocr_carea' id='block_1_31' title="bbox 2205 1528 3791 1602">
    <p class='ocr_par' dir='ltr' id='par_1_31' title="bbox 2205 1528 3791 1602">
     <span class='ocr_line' id='line_1_31' title="bbox 2205 1528 3791 1602; baseline 0.003 -21"><span class='ocrx_word' id='word_1_220' title='bbox 2205 1528 2447 1598; x_wconf 88' lang='lat' dir='ltr'><strong>jungitur</strong></span> <span class='ocrx_word' id='word_1_221' title='bbox 2477 1529 2586 1584; x_wconf 83' lang='lat' dir='ltr'><strong>Deo</strong></span> <span class='ocrx_word' id='word_1_222' title='bbox 2619 1538 2672 1585; x_wconf 88' lang='lat' dir='ltr'><strong>et</strong></span> <span class='ocrx_word' id='word_1_223' title='bbox 2699 1530 2868 1585; x_wconf 85' lang='lat' dir='ltr'><strong>Patri.</strong></span> <span class='ocrx_word' id='word_1_224' title='bbox 2920 1531 3055 1585; x_wconf 75' lang='lat' dir='ltr'><strong>Nam</strong></span> <span class='ocrx_word' id='word_1_225' title='bbox 3082 1540 3136 1586; x_wconf 88' lang='lat' dir='ltr'><strong>et</strong></span> <span class='ocrx_word' id='word_1_226' title='bbox 3165 1547 3328 1587; x_wconf 81' lang='lat' dir='ltr'><strong>sexus</strong></span> <span class='ocrx_word' id='word_1_227' title='bbox 3371 1532 3562 1602; x_wconf 81' lang='lat' dir='ltr'><strong>duplex</strong></span> <span class='ocrx_word' id='word_1_228' title='bbox 3582 1573 3597 1597; x_wconf 91' lang='lat'><strong>,</strong></span> <span class='ocrx_word' id='word_1_229' title='bbox 3633 1533 3791 1586; x_wconf 78' lang='lat' dir='ltr'><strong>virilis</strong></span> 
     </span>
    </p>
   </div>
   <div class='ocr_carea' id='block_1_32' title="bbox 2211 1621 3790 1693">
    <p class='ocr_par' dir='ltr' id='par_1_32' title="bbox 2211 1621 3790 1693">
     <span class='ocr_line' id='line_1_32' title="bbox 2211 1621 3790 1693; baseline 0.001 -19"><span class='ocrx_word' id='word_1_230' title='bbox 2211 1634 2341 1674; x_wconf 88' lang='lat' dir='ltr'><strong>sane</strong></span> <span class='ocrx_word' id='word_1_231' title='bbox 2387 1629 2548 1690; x_wconf 87' lang='lat' dir='ltr'><strong>atque</strong></span> <span class='ocrx_word' id='word_1_232' title='bbox 2593 1621 2886 1686; x_wconf 84' lang='lat' dir='ltr'><strong>femineus,</strong></span> <span class='ocrx_word' id='word_1_233' title='bbox 2939 1622 3031 1692; x_wconf 82' lang='lat' dir='ltr'><strong>qui</strong></span> <span class='ocrx_word' id='word_1_234' title='bbox 3078 1623 3132 1676; x_wconf 88' lang='lat' dir='ltr'><strong>in</strong></span> <span class='ocrx_word' id='word_1_235' title='bbox 3163 1621 3277 1676; x_wconf 90' lang='lat' dir='ltr'><strong>solo</strong></span> <span class='ocrx_word' id='word_1_236' title='bbox 3304 1638 3536 1693; x_wconf 89' lang='lat' dir='ltr'><strong>corpore</strong></span> <span class='ocrx_word' id='word_1_237' title='bbox 3561 1623 3790 1678; x_wconf 85' lang='lat' dir='ltr'><strong>exterius</strong></span> 
     </span>
    </p>
   </div>
   <div class='ocr_carea' id='block_1_33' title="bbox 2212 1711 3790 1782">
    <p class='ocr_par' dir='ltr' id='par_1_33' title="bbox 2212 1711 3790 1782">
     <span class='ocr_line' id='line_1_33' title="bbox 2212 1711 3790 1782; baseline -0.001 -16"><span class='ocrx_word' id='word_1_238' title='bbox 2212 1711 2514 1782; x_wconf 88' lang='lat' dir='ltr'><strong>inspicitur,</strong></span> <span class='ocrx_word' id='word_1_239' title='bbox 2573 1713 2857 1770; x_wconf 88' lang='lat' dir='ltr'><strong>interiores</strong></span> <span class='ocrx_word' id='word_1_240' title='bbox 2902 1715 3067 1769; x_wconf 88' lang='lat' dir='ltr'><strong>animi</strong></span> <span class='ocrx_word' id='word_1_241' title='bbox 3113 1724 3166 1770; x_wconf 89' lang='lat' dir='ltr'><strong>et</strong></span> <span class='ocrx_word' id='word_1_242' title='bbox 3205 1715 3418 1770; x_wconf 89' lang='lat' dir='ltr'><strong>animae</strong></span> <span class='ocrx_word' id='word_1_243' title='bbox 3459 1715 3790 1770; x_wconf 79' lang='lat' dir='ltr'><strong>habitudines</strong></span> 
     </span>
    </p>
   </div>
   <div class='ocr_carea' id='block_1_34' title="bbox 532 1790 2115 1879">
    <p class='ocr_par' dir='ltr' id='par_1_34' title="bbox 532 1801 2109 1879">
     <span class='ocr_line' id='line_1_34' title="bbox 532 1801 2109 1879; baseline 0.006 -23"><span class='ocrx_word' id='word_1_244' title='bbox 532 1801 816 1872; x_wconf 89' lang='lat' dir='ltr'><strong>pecoribus</strong></span> <span class='ocrx_word' id='word_1_245' title='bbox 845 1804 956 1858; x_wconf 90' lang='lat' dir='ltr'><strong>suis</strong></span> <span class='ocrx_word' id='word_1_246' title='bbox 986 1804 1363 1860; x_wconf 88' lang='lat' dir='ltr'><strong>ministrabat?</strong></span> <span class='ocrx_word' id='word_1_247' title='bbox 1406 1807 1483 1860; x_wconf 91' lang='lat' dir='ltr'><strong>Tu</strong></span> <span class='ocrx_word' id='word_1_248' title='bbox 1513 1816 1687 1863; x_wconf 90' lang='lat' dir='ltr'><strong>autem</strong></span> <span class='ocrx_word' id='word_1_249' title='bbox 1719 1825 1892 1879; x_wconf 85' lang='lat' dir='ltr'><strong>neque</strong></span> <span class='ocrx_word' id='word_1_250' title='bbox 1924 1812 2109 1866; x_wconf 50' lang='lat' dir='ltr'><strong>hauri;</strong></span> 
     </span>
    </p>
   </div>
   <div class='ocr_carea' id='block_1_35' title="bbox 2217 1790 3782 1879">
    <p class='ocr_par' dir='ltr' id='par_1_35' title="bbox 2217 1799 3782 1873">
     <span class='ocr_line' id='line_1_35' title="bbox 2217 1799 3782 1873; baseline 0.001 -21"><span class='ocrx_word' id='word_1_251' title='bbox 2217 1799 2517 1869; x_wconf 83' lang='lat' dir='ltr'><strong>praetendit</strong></span> <span class='ocrx_word' id='word_1_252' title='bbox 2543 1800 2585 1852; x_wconf 81' lang='lat'><strong>’.</strong></span> <span class='ocrx_word' id='word_1_253' title='bbox 2619 1799 2879 1854; x_wconf 87' lang='lat' dir='ltr'><strong>Tcrnaria</strong></span> <span class='ocrx_word' id='word_1_254' title='bbox 2907 1800 3103 1870; x_wconf 79' lang='lat' dir='ltr'><strong>quippe</strong></span> <span class='ocrx_word' id='word_1_255' title='bbox 3124 1801 3461 1856; x_wconf 88' lang='lat' dir='ltr'><strong>rationabilis</strong></span> <span class='ocrx_word' id='word_1_256' title='bbox 3473 1803 3694 1873; x_wconf 75' lang='lat' dir='ltr'><strong>animae</strong></span> <span class='ocrx_word' id='word_1_257' title='bbox 3723 1803 3782 1854; x_wconf 64' lang='lat' dir='ltr'><strong>di</strong></span> 
     </span>
    </p>
   </div>
   <div class='ocr_carea' id='block_1_36' title="bbox 533 1894 2112 1973">
    <p class='ocr_par' dir='ltr' id='par_1_36' title="bbox 533 1894 2112 1973">
     <span class='ocr_line' id='line_1_36' title="bbox 533 1894 2112 1973; baseline 0.008 -25"><span class='ocrx_word' id='word_1_258' title='bbox 533 1894 731 1948; x_wconf 82' lang='lat' dir='ltr'><strong>torium</strong></span> <span class='ocrx_word' id='word_1_259' title='bbox 777 1895 984 1960; x_wconf 90' lang='lat' dir='ltr'><strong>habes,</strong></span> <span class='ocrx_word' id='word_1_260' title='bbox 1035 1911 1208 1966; x_wconf 90' lang='lat' dir='ltr'><strong>neque</strong></span> <span class='ocrx_word' id='word_1_261' title='bbox 1254 1897 1418 1952; x_wconf 92' lang='lat' dir='ltr'><strong>ullum</strong></span> <span class='ocrx_word' id='word_1_262' title='bbox 1469 1899 1883 1957; x_wconf 88' lang='lat' dir='ltr'><strong>instrumentum</strong></span> <span class='ocrx_word' id='word_1_263' title='bbox 1941 1919 2112 1973; x_wconf 88' lang='lat' dir='ltr'><strong>aquae</strong></span> 
     </span>
    </p>
   </div>
   <div class='ocr_carea' id='block_1_37' title="bbox 534 1987 2110 2060">
    <p class='ocr_par' dir='ltr' id='par_1_37' title="bbox 534 1987 2110 2060">
     <span class='ocr_line' id='line_1_37' title="bbox 534 1987 2110 2060; baseline 0.005 -20"><span class='ocrx_word' id='word_1_264' title='bbox 534 1987 856 2052; x_wconf 85' lang='lat' dir='ltr'><strong>trahendae,</strong></span> <span class='ocrx_word' id='word_1_265' title='bbox 884 1997 939 2043; x_wconf 89' lang='lat' dir='ltr'><strong>et</strong></span> <span class='ocrx_word' id='word_1_266' title='bbox 969 1989 1096 2042; x_wconf 92' lang='lat' dir='ltr'><strong>mihi</strong></span> <span class='ocrx_word' id='word_1_267' title='bbox 1127 1989 1394 2059; x_wconf 90' lang='lat' dir='ltr'><strong>promittis</strong></span> <span class='ocrx_word' id='word_1_268' title='bbox 1422 1991 1548 2044; x_wconf 87' lang='lat' dir='ltr'><strong>dare</strong></span> <span class='ocrx_word' id='word_1_269' title='bbox 1577 1992 1794 2060; x_wconf 86' lang='lat' dir='ltr'><strong>bibere;</strong></span> <span class='ocrx_word' id='word_1_270' title='bbox 1840 1995 2000 2050; x_wconf 88' lang='lat' dir='ltr'><strong>verba</strong></span> <span class='ocrx_word' id='word_1_271' title='bbox 2031 1995 2110 2049; x_wconf 89' lang='lat' dir='ltr'><strong>lo-</strong></span> 
     </span>
    </p>
   </div>
   <div class='ocr_carea' id='block_1_38' title="bbox 533 2077 1660 2149">
    <p class='ocr_par' dir='ltr' id='par_1_38' title="bbox 533 2077 1660 2149">
     <span class='ocr_line' id='line_1_38' title="bbox 533 2077 1660 2149; baseline 0.004 -21"><span class='ocrx_word' id='word_1_272' title='bbox 533 2077 751 2145; x_wconf 88' lang='lat' dir='ltr'><strong>quentis</strong></span> <span class='ocrx_word' id='word_1_273' title='bbox 782 2092 964 2132; x_wconf 85' lang='lat' dir='ltr'><strong>secum</strong></span> <span class='ocrx_word' id='word_1_274' title='bbox 996 2079 1171 2133; x_wconf 89' lang='lat' dir='ltr'><strong>adhuc</strong></span> <span class='ocrx_word' id='word_1_275' title='bbox 1203 2095 1307 2133; x_wconf 89' lang='lat' dir='ltr'><strong>non</strong></span> <span class='ocrx_word' id='word_1_276' title='bbox 1340 2077 1660 2149; x_wconf 77' lang='lat' dir='ltr'><strong>intelligens.</strong></span> 
     </span>
    </p>
   </div>
   <div class='ocr_carea' id='block_1_39' title="bbox 609 2185 2113 2266">
    <p class='ocr_par' dir='ltr' id='par_1_39' title="bbox 609 2185 2113 2266">
     <span class='ocr_line' id='line_1_39' title="bbox 609 2185 2113 2266; baseline 0.007 -28"><span class='ocrx_word' id='word_1_277' title='bbox 609 2185 888 2256; x_wconf 77' lang='lat' dir='ltr'><strong>Respondit</strong></span> <span class='ocrx_word' id='word_1_278' title='bbox 910 2187 1063 2242; x_wconf 73' lang='lat' dir='ltr'><strong>Iesus</strong></span> <span class='ocrx_word' id='word_1_279' title='bbox 1085 2207 1128 2243; x_wconf 81' lang='lat' dir='ltr'><strong>et</strong></span> <span class='ocrx_word' id='word_1_280' title='bbox 1156 2190 1288 2243; x_wconf 73' lang='lat' dir='ltr'><strong>dixit</strong></span> <span class='ocrx_word' id='word_1_281' title='bbox 1310 2191 1356 2245; x_wconf 90' lang='lat' dir='ltr'><strong>ei</strong></span> <span class='ocrx_word' id='word_1_282' title='bbox 1379 2204 1397 2242; x_wconf 90' lang='lat'><strong>.&#39;</strong></span> <span class='ocrx_word' id='word_1_283' title='bbox 1429 2190 1611 2245; x_wconf 81' lang='lat' dir='ltr'><strong>Omnis</strong></span> <span class='ocrx_word' id='word_1_284' title='bbox 1631 2194 1720 2262; x_wconf 88' lang='lat' dir='ltr'><strong>qui</strong></span> <span class='ocrx_word' id='word_1_285' title='bbox 1742 2193 1863 2247; x_wconf 84' lang='lat' dir='ltr'><strong>bibit</strong></span> <span class='ocrx_word' id='word_1_286' title='bbox 1890 2211 1955 2248; x_wconf 82' lang='lat' dir='ltr'><strong>ea:</strong></span> <span class='ocrx_word' id='word_1_287' title='bbox 1977 2213 2113 2266; x_wconf 82' lang='lat' dir='ltr'><strong>aqua</strong></span> 
     </span>
    </p>
   </div>
   <div class='ocr_carea' id='block_1_40' title="bbox 534 2273 2114 2344">
    <p class='ocr_par' dir='ltr' id='par_1_40' title="bbox 534 2273 2114 2344">
     <span class='ocr_line' id='line_1_40' title="bbox 534 2273 2114 2344; baseline 0.008 -18"><span class='ocrx_word' id='word_1_288' title='bbox 534 2273 656 2337; x_wconf 81' lang='lat' dir='ltr'><strong>Lac,</strong></span> <span class='ocrx_word' id='word_1_289' title='bbox 685 2291 845 2344; x_wconf 88' lang='lat' dir='ltr'><strong>quam</strong></span> <span class='ocrx_word' id='word_1_290' title='bbox 877 2279 1091 2334; x_wconf 90' lang='lat' dir='ltr'><strong>haurire</strong></span> <span class='ocrx_word' id='word_1_291' title='bbox 1123 2281 1222 2344; x_wconf 82' lang='lat' dir='ltr'><strong>vis,</strong></span> <span class='ocrx_word' id='word_1_292' title='bbox 1252 2280 1474 2344; x_wconf 79' lang='lat' dir='ltr'><strong>femina,</strong></span> <span class='ocrx_word' id='word_1_293' title='bbox 1505 2291 1560 2336; x_wconf 91' lang='lat' dir='ltr'><strong>et</strong></span> <span class='ocrx_word' id='word_1_294' title='bbox 1583 2283 1860 2338; x_wconf 74' lang='lat' dir='ltr'><strong>existimas</strong></span> <span class='ocrx_word' id='word_1_295' title='bbox 1886 2301 1971 2338; x_wconf 85' lang='lat' dir='ltr'><strong>tne</strong></span> <span class='ocrx_word' id='word_1_296' title='bbox 2001 2291 2114 2338; x_wconf 83' lang='lat' dir='ltr'><strong>a‘te</strong></span> 
     </span>
    </p>
   </div>
   <div class='ocr_carea' id='block_1_41' title="bbox 534 2373 2115 2444">
    <p class='ocr_par' dir='ltr' id='par_1_41' title="bbox 534 2373 2115 2444">
     <span class='ocr_line' id='line_1_41' title="bbox 534 2373 2115 2444; baseline 0.004 -20"><span class='ocrx_word' id='word_1_297' title='bbox 534 2379 737 2438; x_wconf 86' lang='lat' dir='ltr'><strong>petere.</strong></span> <span class='ocrx_word' id='word_1_298' title='bbox 760 2373 897 2426; x_wconf 81' lang='lat' dir='ltr'><strong>sitiet</strong></span> <span class='ocrx_word' id='word_1_299' title='bbox 925 2375 1133 2439; x_wconf 85' lang='lat' dir='ltr'><strong>iterum,</strong></span> <span class='ocrx_word' id='word_1_300' title='bbox 1161 2375 1507 2444; x_wconf 85' lang='lat' dir='ltr'><strong>temporalem</strong></span> <span class='ocrx_word' id='word_1_301' title='bbox 1533 2375 1785 2430; x_wconf 83' lang='lat' dir='ltr'><strong>videlicet</strong></span> <span class='ocrx_word' id='word_1_302' title='bbox 1808 2378 1956 2430; x_wconf 89' lang='lat' dir='ltr'><strong>sitim</strong></span> <span class='ocrx_word' id='word_1_303' title='bbox 1983 2387 2115 2431; x_wconf 85' lang='lat' dir='ltr'><strong>tent-</strong></span> 
     </span>
    </p>
   </div>
   <div class='ocr_carea' id='block_1_42' title="bbox 540 2459 2116 2535">
    <p class='ocr_par' dir='ltr' id='par_1_42' title="bbox 540 2459 2116 2535">
     <span class='ocr_line' id='line_1_42' title="bbox 540 2459 2116 2535; baseline 0.007 -24"><span class='ocrx_word' id='word_1_304' title='bbox 540 2459 795 2527; x_wconf 90' lang='lat' dir='ltr'><strong>poraliter</strong></span> <span class='ocrx_word' id='word_1_305' title='bbox 851 2464 1162 2533; x_wconf 82' lang='lat' dir='ltr'><strong>exstinguit.</strong></span> <span class='ocrx_word' id='word_1_306' title='bbox 1220 2464 1546 2535; x_wconf 82' lang='lat' dir='ltr'><strong>Quicumque</strong></span> <span class='ocrx_word' id='word_1_307' title='bbox 1595 2476 1767 2519; x_wconf 82' lang='lat' dir='ltr'><strong>autent</strong></span> <span class='ocrx_word' id='word_1_308' title='bbox 1819 2468 1999 2520; x_wconf 87' lang='lat' dir='ltr'><strong>biberit</strong></span> <span class='ocrx_word' id='word_1_309' title='bbox 2052 2485 2116 2522; x_wconf 80' lang='lat' dir='ltr'><strong>ea:</strong></span> 
     </span>
    </p>
   </div>
   <div class='ocr_carea' id='block_1_43' title="bbox 537 2554 2112 2622">
    <p class='ocr_par' dir='ltr' id='par_1_43' title="bbox 537 2554 2112 2622">
     <span class='ocr_line' id='line_1_43' title="bbox 537 2554 2112 2622; baseline 0.008 -23"><span class='ocrx_word' id='word_1_310' title='bbox 537 2564 694 2617; x_wconf 87' lang='lat' dir='ltr'><strong>aqua,</strong></span> <span class='ocrx_word' id='word_1_311' title='bbox 721 2567 877 2612; x_wconf 87' lang='lat' dir='ltr'><strong>quam</strong></span> <span class='ocrx_word' id='word_1_312' title='bbox 907 2570 998 2622; x_wconf 79' lang='lat' dir='ltr'><strong>ego</strong></span> <span class='ocrx_word' id='word_1_313' title='bbox 1023 2554 1158 2606; x_wconf 87' lang='lat' dir='ltr'><strong>dabo</strong></span> <span class='ocrx_word' id='word_1_314' title='bbox 1181 2556 1248 2617; x_wconf 89' lang='lat' dir='ltr'><strong>ei,</strong></span> <span class='ocrx_word' id='word_1_315' title='bbox 1268 2571 1370 2608; x_wconf 85' lang='lat' dir='ltr'><strong>non</strong></span> <span class='ocrx_word' id='word_1_316' title='bbox 1399 2556 1534 2608; x_wconf 88' lang='lat' dir='ltr'><strong>sitiet</strong></span> <span class='ocrx_word' id='word_1_317' title='bbox 1564 2556 1616 2608; x_wconf 79' lang='lat' dir='ltr'><strong>in</strong></span> <span class='ocrx_word' id='word_1_318' title='bbox 1641 2565 1928 2610; x_wconf 87' lang='lat' dir='ltr'><strong>aeternum.</strong></span> <span class='ocrx_word' id='word_1_319' title='bbox 1963 2558 2040 2612; x_wconf 86' lang='lat' dir='ltr'><strong>Ac</strong></span> <span class='ocrx_word' id='word_1_320' title='bbox 2069 2559 2112 2613; x_wconf 92' lang='lat' dir='ltr'><strong>si</strong></span> 
     </span>
    </p>
   </div>
   <div class='ocr_carea' id='block_1_44' title="bbox 534 2641 2114 2713">
    <p class='ocr_par' dir='ltr' id='par_1_44' title="bbox 534 2641 2114 2713">
     <span class='ocr_line' id='line_1_44' title="bbox 534 2641 2114 2713; baseline 0.006 -19"><span class='ocrx_word' id='word_1_321' title='bbox 534 2641 775 2696; x_wconf 86' lang='lat' dir='ltr'><strong>diceret:</strong></span> <span class='ocrx_word' id='word_1_322' title='bbox 809 2643 1140 2713; x_wconf 84' lang='lat' dir='ltr'><strong>Cuicumque</strong></span> <span class='ocrx_word' id='word_1_323' title='bbox 1180 2645 1419 2700; x_wconf 89' lang='lat' dir='ltr'><strong>credenti</strong></span> <span class='ocrx_word' id='word_1_324' title='bbox 1465 2647 1516 2700; x_wconf 92' lang='lat' dir='ltr'><strong>in</strong></span> <span class='ocrx_word' id='word_1_325' title='bbox 1568 2662 1652 2700; x_wconf 89' lang='lat' dir='ltr'><strong>me</strong></span> <span class='ocrx_word' id='word_1_326' title='bbox 1696 2648 1893 2701; x_wconf 88' lang='lat' dir='ltr'><strong>donum</strong></span> <span class='ocrx_word' id='word_1_327' title='bbox 1944 2651 2114 2704; x_wconf 90' lang='lat' dir='ltr'><strong>sancti</strong></span> 
     </span>
    </p>
   </div>
   <div class='ocr_carea' id='block_1_45' title="bbox 539 2731 2113 2805">
    <p class='ocr_par' dir='ltr' id='par_1_45' title="bbox 539 2731 2113 2805">
     <span class='ocr_line' id='line_1_45' title="bbox 539 2731 2113 2805; baseline 0.006 -21"><span class='ocrx_word' id='word_1_328' title='bbox 539 2731 773 2800; x_wconf 89' lang='lat' dir='ltr'><strong>Spiritus</strong></span> <span class='ocrx_word' id='word_1_329' title='bbox 819 2749 848 2787; x_wconf 93' lang='lat' dir='ltr'><strong>a</strong></span> <span class='ocrx_word' id='word_1_330' title='bbox 897 2734 1057 2789; x_wconf 83' lang='lat' dir='ltr'><strong>Patre</strong></span> <span class='ocrx_word' id='word_1_331' title='bbox 1105 2750 1202 2805; x_wconf 89' lang='lat' dir='ltr'><strong>per</strong></span> <span class='ocrx_word' id='word_1_332' title='bbox 1245 2751 1331 2790; x_wconf 89' lang='lat' dir='ltr'><strong>me</strong></span> <span class='ocrx_word' id='word_1_333' title='bbox 1364 2737 1704 2804; x_wconf 88' lang='lat' dir='ltr'><strong>procedentis</strong></span> <span class='ocrx_word' id='word_1_334' title='bbox 1746 2739 1967 2802; x_wconf 89' lang='lat' dir='ltr'><strong>dedero,</strong></span> <span class='ocrx_word' id='word_1_335' title='bbox 2009 2755 2113 2794; x_wconf 90' lang='lat' dir='ltr'><strong>non</strong></span> 
     </span>
    </p>
   </div>
   <div class='ocr_carea' id='block_1_46' title="bbox 534 2823 2111 2886">
    <p class='ocr_par' dir='ltr' id='par_1_46' title="bbox 534 2823 2111 2886">
     <span class='ocr_line' id='line_1_46' title="bbox 534 2823 2111 2886; baseline 0.006 -10"><span class='ocrx_word' id='word_1_336' title='bbox 534 2823 682 2877; x_wconf 86' lang='lat' dir='ltr'><strong>sitiet</strong></span> <span class='ocrx_word' id='word_1_337' title='bbox 702 2825 753 2877; x_wconf 91' lang='lat' dir='ltr'><strong>in</strong></span> <span class='ocrx_word' id='word_1_338' title='bbox 779 2834 1077 2881; x_wconf 89' lang='lat' dir='ltr'><strong>aeternum.</strong></span> <span class='ocrx_word' id='word_1_339' title='bbox 1105 2827 1356 2881; x_wconf 84' lang='lat' dir='ltr'><strong>Dicturus</strong></span> <span class='ocrx_word' id='word_1_340' title='bbox 1378 2829 1520 2882; x_wconf 88' lang='lat' dir='ltr'><strong>enim</strong></span> <span class='ocrx_word' id='word_1_341' title='bbox 1546 2838 1628 2884; x_wconf 91' lang='lat' dir='ltr'><strong>est</strong></span> <span class='ocrx_word' id='word_1_342' title='bbox 1649 2845 1770 2883; x_wconf 92' lang='lat' dir='ltr'><strong>cum</strong></span> <span class='ocrx_word' id='word_1_343' title='bbox 1790 2830 2072 2886; x_wconf 85' lang='lat' dir='ltr'><strong>Psalmista</strong></span> <span class='ocrx_word' id='word_1_344' title='bbox 2099 2853 2111 2885; x_wconf 83' lang='lat'><strong>:</strong></span> 
     </span>
    </p>
   </div>
   <div class='ocr_carea' id='block_1_47' title="bbox 541 2912 1744 2988">
    <p class='ocr_par' dir='ltr' id='par_1_47' title="bbox 541 2912 1744 2988">
     <span class='ocr_line' id='line_1_47' title="bbox 541 2912 1744 2988; baseline 0.007 -25"><span class='ocrx_word' id='word_1_345' title='bbox 541 2931 560 2963; x_wconf 75' lang='grc' dir='ltr'>ι</span> <span class='ocrx_word' id='word_1_346' title='bbox 601 2912 871 2979; x_wconf 88' lang='lat' dir='ltr'><strong>Satiahor,</strong></span> <span class='ocrx_word' id='word_1_347' title='bbox 903 2932 1023 2971; x_wconf 90' lang='lat' dir='ltr'><strong>eum</strong></span> <span class='ocrx_word' id='word_1_348' title='bbox 1051 2917 1360 2986; x_wconf 88' lang='lat' dir='ltr'><strong>apparuerit</strong></span> <span class='ocrx_word' id='word_1_349' title='bbox 1384 2917 1547 2988; x_wconf 86' lang='lat' dir='ltr'><strong>gioria</strong></span> <span class='ocrx_word' id='word_1_350' title='bbox 1579 2927 1666 2972; x_wconf 88' lang='lat' dir='ltr'><strong>ttta</strong></span> <span class='ocrx_word' id='word_1_351' title='bbox 1699 2940 1744 2972; x_wconf 74' lang='grc' dir='ltr'><strong>ι.</strong></span> 
     </span>
    </p>
   </div>
   <div class='ocr_carea' id='block_1_48' title="bbox 610 3024 2116 3104">
    <p class='ocr_par' dir='ltr' id='par_1_48' title="bbox 610 3024 2116 3104">
     <span class='ocr_line' id='line_1_48' title="bbox 610 3024 2116 3104; baseline 0.005 -25"><span class='ocrx_word' id='word_1_352' title='bbox 610 3024 713 3079; x_wconf 78' lang='lat' dir='ltr'><strong>Sed</strong></span> <span class='ocrx_word' id='word_1_353' title='bbox 743 3044 902 3097; x_wconf 91' lang='lat' dir='ltr'><strong>aqua,</strong></span> <span class='ocrx_word' id='word_1_354' title='bbox 935 3046 1090 3099; x_wconf 84' lang='lat' dir='ltr'><strong>quam</strong></span> <span class='ocrx_word' id='word_1_355' title='bbox 1121 3030 1254 3083; x_wconf 83' lang='lat' dir='ltr'><strong>dabo</strong></span> <span class='ocrx_word' id='word_1_356' title='bbox 1287 3031 1353 3093; x_wconf 88' lang='lat' dir='ltr'><strong>ei,</strong></span> <span class='ocrx_word' id='word_1_357' title='bbox 1390 3031 1476 3099; x_wconf 86' lang='lat' dir='ltr'><strong>ﬁet</strong></span> <span class='ocrx_word' id='word_1_358' title='bbox 1510 3032 1560 3083; x_wconf 88' lang='lat' dir='ltr'><strong>in</strong></span> <span class='ocrx_word' id='word_1_359' title='bbox 1595 3049 1654 3085; x_wconf 87' lang='lat' dir='ltr'><strong>eo</strong></span> <span class='ocrx_word' id='word_1_360' title='bbox 1694 3033 1810 3101; x_wconf 78' lang='lat' dir='ltr'><strong>fons</strong></span> <span class='ocrx_word' id='word_1_361' title='bbox 1837 3052 2004 3104; x_wconf 84' lang='lat' dir='ltr'><strong>aquae</strong></span> <span class='ocrx_word' id='word_1_362' title='bbox 2033 3052 2116 3087; x_wconf 88' lang='lat' dir='ltr'><strong>sa-</strong></span> 
     </span>
    </p>
   </div>
   <div class='ocr_carea' id='block_1_49' title="bbox 536 3114 2090 3191">
    <p class='ocr_par' dir='ltr' id='par_1_49' title="bbox 536 3114 2090 3191">
     <span class='ocr_line' id='line_1_49' title="bbox 536 3114 2090 3191; baseline 0.008 -25"><span class='ocrx_word' id='word_1_363' title='bbox 536 3114 707 3168; x_wconf 81' lang='lat' dir='ltr'><strong>lientis</strong></span> <span class='ocrx_word' id='word_1_364' title='bbox 739 3118 790 3169; x_wconf 87' lang='lat' dir='ltr'><strong>in</strong></span> <span class='ocrx_word' id='word_1_365' title='bbox 832 3119 989 3171; x_wconf 82' lang='lat' dir='ltr'><strong>vitam</strong></span> <span class='ocrx_word' id='word_1_366' title='bbox 1021 3129 1305 3174; x_wconf 83' lang='lat' dir='ltr'><strong>aeternam.</strong></span> <span class='ocrx_word' id='word_1_367' title='bbox 1340 3120 1490 3189; x_wconf 84' lang='lat' dir='ltr'><strong>Aqua</strong></span> <span class='ocrx_word' id='word_1_368' title='bbox 1524 3122 1838 3191; x_wconf 87' lang='lat' dir='ltr'><strong>spiritualis,</strong></span> <span class='ocrx_word' id='word_1_369' title='bbox 1879 3127 1981 3180; x_wconf 91' lang='lat' dir='ltr'><strong>hoc</strong></span> <span class='ocrx_word' id='word_1_370' title='bbox 2010 3135 2090 3180; x_wconf 88' lang='lat' dir='ltr'><strong>est</strong></span> 
     </span>
    </p>
   </div>
   <div class='ocr_carea' id='block_1_50' title="bbox 539 3205 2115 3284">
    <p class='ocr_par' dir='ltr' id='par_1_50' title="bbox 539 3205 2115 3284">
     <span class='ocr_line' id='line_1_50' title="bbox 539 3205 2115 3284; baseline 0.008 -28"><span class='ocrx_word' id='word_1_371' title='bbox 539 3205 735 3257; x_wconf 89' lang='lat' dir='ltr'><strong>donum</strong></span> <span class='ocrx_word' id='word_1_372' title='bbox 764 3208 935 3262; x_wconf 90' lang='lat' dir='ltr'><strong>sancti</strong></span> <span class='ocrx_word' id='word_1_373' title='bbox 964 3208 1197 3275; x_wconf 85' lang='lat' dir='ltr'><strong>Spiritus</strong></span> <span class='ocrx_word' id='word_1_374' title='bbox 1225 3209 1348 3263; x_wconf 80' lang='lat' dir='ltr'><strong>salit</strong></span> <span class='ocrx_word' id='word_1_375' title='bbox 1379 3211 1430 3263; x_wconf 93' lang='lat' dir='ltr'><strong>in</strong></span> <span class='ocrx_word' id='word_1_376' title='bbox 1458 3211 1619 3263; x_wconf 87' lang='lat' dir='ltr'><strong>vitam</strong></span> <span class='ocrx_word' id='word_1_377' title='bbox 1645 3223 1936 3267; x_wconf 88' lang='lat' dir='ltr'><strong>aeternam.</strong></span> <span class='ocrx_word' id='word_1_378' title='bbox 1965 3215 2115 3284; x_wconf 75' lang='lat' dir='ltr'><strong>Aqua</strong></span> 
     </span>
    </p>
   </div>
   <div class='ocr_carea' id='block_1_51' title="bbox 538 3295 2115 3369">
    <p class='ocr_par' dir='ltr' id='par_1_51' title="bbox 538 3295 2115 3369">
     <span class='ocr_line' id='line_1_51' title="bbox 538 3295 2115 3369; baseline 0.007 -21"><span class='ocrx_word' id='word_1_379' title='bbox 538 3295 835 3364; x_wconf 79' lang='lat' dir='ltr'><strong>corporalis</strong></span> <span class='ocrx_word' id='word_1_380' title='bbox 859 3297 1108 3351; x_wconf 86' lang='lat' dir='ltr'><strong>deorsum</strong></span> <span class='ocrx_word' id='word_1_381' title='bbox 1135 3296 1269 3360; x_wconf 88' lang='lat' dir='ltr'><strong>ﬁttit,</strong></span> <span class='ocrx_word' id='word_1_382' title='bbox 1300 3314 1435 3367; x_wconf 89' lang='lat' dir='ltr'><strong>aqua</strong></span> <span class='ocrx_word' id='word_1_383' title='bbox 1463 3301 1757 3369; x_wconf 82' lang='lat' dir='ltr'><strong>Spiritualis</strong></span> <span class='ocrx_word' id='word_1_384' title='bbox 1786 3318 1997 3356; x_wconf 85' lang='lat' dir='ltr'><strong>sursum</strong></span> <span class='ocrx_word' id='word_1_385' title='bbox 2026 3320 2115 3358; x_wconf 89' lang='lat' dir='ltr'><strong>sa-</strong></span> 
     </span>
    </p>
   </div>
   <div class='ocr_carea' id='block_1_52' title="bbox 540 3384 2116 3456">
    <p class='ocr_par' dir='ltr' id='par_1_52' title="bbox 540 3384 2116 3456">
     <span class='ocr_line' id='line_1_52' title="bbox 540 3384 2116 3456; baseline 0.008 -21"><span class='ocrx_word' id='word_1_386' title='bbox 540 3384 622 3447; x_wconf 88' lang='lat' dir='ltr'><strong>lit,</strong></span> <span class='ocrx_word' id='word_1_387' title='bbox 655 3401 715 3438; x_wconf 89' lang='lat' dir='ltr'><strong>ac</strong></span> <span class='ocrx_word' id='word_1_388' title='bbox 756 3401 937 3439; x_wconf 86' lang='lat' dir='ltr'><strong>secum</strong></span> <span class='ocrx_word' id='word_1_389' title='bbox 969 3401 1092 3448; x_wconf 88' lang='lat' dir='ltr'><strong>eos,</strong></span> <span class='ocrx_word' id='word_1_390' title='bbox 1126 3388 1216 3456; x_wconf 90' lang='lat' dir='ltr'><strong>qui</strong></span> <span class='ocrx_word' id='word_1_391' title='bbox 1262 3401 1380 3440; x_wconf 89' lang='lat' dir='ltr'><strong>eam</strong></span> <span class='ocrx_word' id='word_1_392' title='bbox 1435 3389 1716 3456; x_wconf 81' lang='lat' dir='ltr'><strong>imbibnnt,</strong></span> <span class='ocrx_word' id='word_1_393' title='bbox 1753 3392 1803 3445; x_wconf 93' lang='lat' dir='ltr'><strong>in</strong></span> <span class='ocrx_word' id='word_1_394' title='bbox 1845 3401 2116 3447; x_wconf 90' lang='lat' dir='ltr'><strong>aeternam</strong></span> 
     </span>
    </p>
   </div>
   <div class='ocr_carea' id='block_1_53' title="bbox 541 3473 1552 3540">
    <p class='ocr_par' dir='ltr' id='par_1_53' title="bbox 541 3473 1552 3540">
     <span class='ocr_line' id='line_1_53' title="bbox 541 3473 1552 3540; baseline 0.008 -17"><span class='ocrx_word' id='word_1_395' title='bbox 541 3473 762 3540; x_wconf 75' lang='lat' dir='ltr'><strong>gloriam</strong></span> <span class='ocrx_word' id='word_1_396' title='bbox 789 3483 845 3528; x_wconf 90' lang='lat' dir='ltr'><strong>et</strong></span> <span class='ocrx_word' id='word_1_397' title='bbox 873 3475 1258 3531; x_wconf 89' lang='lat' dir='ltr'><strong>beatitudinem</strong></span> <span class='ocrx_word' id='word_1_398' title='bbox 1283 3478 1552 3533; x_wconf 77' lang='lat' dir='ltr'><strong>subvehit.</strong></span> 
     </span>
    </p>
   </div>
   <div class='ocr_carea' id='block_1_54' title="bbox 617 3584 2114 3666">
    <p class='ocr_par' dir='ltr' id='par_1_54' title="bbox 617 3584 2114 3666">
     <span class='ocr_line' id='line_1_54' title="bbox 617 3584 2114 3666; baseline 0.009 -30"><span class='ocrx_word' id='word_1_399' title='bbox 617 3584 752 3638; x_wconf 76' lang='lat' dir='ltr'><strong>Dicit</strong></span> <span class='ocrx_word' id='word_1_400' title='bbox 775 3586 844 3639; x_wconf 89' lang='lat' dir='ltr'><strong>ad</strong></span> <span class='ocrx_word' id='word_1_401' title='bbox 871 3604 986 3641; x_wconf 87' lang='lat' dir='ltr'><strong>eum</strong></span> <span class='ocrx_word' id='word_1_402' title='bbox 1014 3588 1236 3643; x_wconf 86' lang='lat' dir='ltr'><strong>mulier:</strong></span> <span class='ocrx_word' id='word_1_403' title='bbox 1265 3590 1502 3657; x_wconf 80' lang='lat' dir='ltr'><strong>Domine,</strong></span> <span class='ocrx_word' id='word_1_404' title='bbox 1525 3593 1592 3646; x_wconf 86' lang='lat' dir='ltr'><strong>da</strong></span> <span class='ocrx_word' id='word_1_405' title='bbox 1618 3595 1740 3648; x_wconf 77' lang='lat' dir='ltr'><strong>milii</strong></span> <span class='ocrx_word' id='word_1_406' title='bbox 1765 3596 1898 3650; x_wconf 76' lang='lat' dir='ltr'><strong>lianc</strong></span> <span class='ocrx_word' id='word_1_407' title='bbox 1927 3613 2114 3666; x_wconf 87' lang='lat' dir='ltr'><strong>aquam</strong></span> 
     </span>
    </p>
   </div>
   <div class='ocr_carea' id='block_1_55' title="bbox 541 3678 2110 3757">
    <p class='ocr_par' dir='ltr' id='par_1_55' title="bbox 541 3678 2110 3757">
     <span class='ocr_line' id='line_1_55' title="bbox 541 3678 2110 3757; baseline 0.01 -30"><span class='ocrx_word' id='word_1_408' title='bbox 541 3685 597 3727; x_wconf 90' lang='lat' dir='ltr'><strong>ut</strong></span> <span class='ocrx_word' id='word_1_409' title='bbox 623 3693 723 3729; x_wconf 87' lang='lat' dir='ltr'><strong>non</strong></span> <span class='ocrx_word' id='word_1_410' title='bbox 751 3678 949 3741; x_wconf 80' lang='lat' dir='ltr'><strong>sitiant,</strong></span> <span class='ocrx_word' id='word_1_411' title='bbox 979 3697 1138 3750; x_wconf 85' lang='lat' dir='ltr'><strong>neque</strong></span> <span class='ocrx_word' id='word_1_412' title='bbox 1166 3682 1363 3735; x_wconf 76' lang='lat' dir='ltr'><strong>veniam</strong></span> <span class='ocrx_word' id='word_1_413' title='bbox 1391 3684 1490 3736; x_wconf 80' lang='lat' dir='ltr'><strong>huc</strong></span> <span class='ocrx_word' id='word_1_414' title='bbox 1528 3685 1758 3740; x_wconf 84' lang='lat' dir='ltr'><strong>haurire.</strong></span> <span class='ocrx_word' id='word_1_415' title='bbox 1803 3686 1991 3757; x_wconf 82' lang='lat' dir='ltr'><strong>Incipit</strong></span> <span class='ocrx_word' id='word_1_416' title='bbox 2019 3707 2110 3742; x_wconf 86' lang='lat' dir='ltr'><strong>na-</strong></span> 
     </span>
    </p>
   </div>
   <div class='ocr_carea' id='block_1_56' title="bbox 546 3772 2115 3839">
    <p class='ocr_par' dir='ltr' id='par_1_56' title="bbox 546 3772 2115 3839">
     <span class='ocr_line' id='line_1_56' title="bbox 546 3772 2115 3839; baseline 0.01 -22"><span class='ocrx_word' id='word_1_417' title='bbox 546 3778 664 3820; x_wconf 87' lang='lat' dir='ltr'><strong>tura</strong></span> <span class='ocrx_word' id='word_1_418' title='bbox 701 3784 1025 3837; x_wconf 85' lang='lat' dir='ltr'><strong>cognosccre</strong></span> <span class='ocrx_word' id='word_1_419' title='bbox 1057 3772 1387 3827; x_wconf 84' lang='lat' dir='ltr'><strong>conditorem</strong></span> <span class='ocrx_word' id='word_1_420' title='bbox 1430 3790 1621 3839; x_wconf 89' lang='lat' dir='ltr'><strong>suum;</strong></span> <span class='ocrx_word' id='word_1_421' title='bbox 1667 3777 1802 3831; x_wconf 90' lang='lat' dir='ltr'><strong>inest</strong></span> <span class='ocrx_word' id='word_1_422' title='bbox 1841 3780 1982 3832; x_wconf 88' lang='lat' dir='ltr'><strong>enim</strong></span> <span class='ocrx_word' id='word_1_423' title='bbox 2029 3796 2115 3833; x_wconf 91' lang='lat' dir='ltr'><strong>ra-</strong></span> 
     </span>
    </p>
   </div>
   <div class='ocr_carea' id='block_1_57' title="bbox 543 3858 2120 3932">
    <p class='ocr_par' dir='ltr' id='par_1_57' title="bbox 543 3858 2120 3932">
     <span class='ocr_line' id='line_1_57' title="bbox 543 3858 2120 3932; baseline 0.009 -23"><span class='ocrx_word' id='word_1_424' title='bbox 543 3858 782 3912; x_wconf 87' lang='lat' dir='ltr'><strong>tionabili</strong></span> <span class='ocrx_word' id='word_1_425' title='bbox 823 3869 1102 3915; x_wconf 88' lang='lat' dir='ltr'><strong>creaturae</strong></span> <span class='ocrx_word' id='word_1_426' title='bbox 1152 3864 1422 3932; x_wconf 87' lang='lat' dir='ltr'><strong>appetitus</strong></span> <span class='ocrx_word' id='word_1_427' title='bbox 1475 3867 1820 3920; x_wconf 85' lang='lat' dir='ltr'><strong>beatitudinis</strong></span> <span class='ocrx_word' id='word_1_428' title='bbox 1865 3878 1918 3921; x_wconf 92' lang='lat' dir='ltr'><strong>ct</strong></span> <span class='ocrx_word' id='word_1_429' title='bbox 1960 3885 2120 3924; x_wconf 86' lang='lat' dir='ltr'><strong>verae</strong></span> 
     </span>
    </p>
   </div>
   <div class='ocr_carea' id='block_1_58' title="bbox 541 3952 2118 4030">
    <p class='ocr_par' dir='ltr' id='par_1_58' title="bbox 541 3952 2118 4030">
     <span class='ocr_line' id='line_1_58' title="bbox 541 3952 2118 4030; baseline 0.008 -28"><span class='ocrx_word' id='word_1_430' title='bbox 541 3952 882 4020; x_wconf 81' lang='lat' dir='ltr'><strong>cognitionis,</strong></span> <span class='ocrx_word' id='word_1_431' title='bbox 915 3955 1054 4022; x_wconf 88' lang='lat' dir='ltr'><strong>quod</strong></span> <span class='ocrx_word' id='word_1_432' title='bbox 1086 3971 1182 4024; x_wconf 85' lang='lat' dir='ltr'><strong>per</strong></span> <span class='ocrx_word' id='word_1_433' title='bbox 1212 3955 1604 4012; x_wconf 87' lang='lat' dir='ltr'><strong>Satnaritanam</strong></span> <span class='ocrx_word' id='word_1_434' title='bbox 1636 3959 1913 4015; x_wconf 89' lang='lat' dir='ltr'><strong>mulierem</strong></span> <span class='ocrx_word' id='word_1_435' title='bbox 1957 3976 2118 4030; x_wconf 86' lang='lat' dir='ltr'><strong>prae-</strong></span> 
     </span>
    </p>
   </div>
   <div class='ocr_carea' id='block_1_59' title="bbox 545 4042 2118 4120">
    <p class='ocr_par' dir='ltr' id='par_1_59' title="bbox 545 4042 2118 4120">
     <span class='ocr_line' id='line_1_59' title="bbox 545 4042 2118 4120; baseline 0.007 -26"><span class='ocrx_word' id='word_1_436' title='bbox 545 4042 894 4113; x_wconf 87' lang='lat' dir='ltr'><strong>ﬁgurabatur.</strong></span> <span class='ocrx_word' id='word_1_437' title='bbox 923 4045 1114 4117; x_wconf 86' lang='lat' dir='ltr'><strong>Incipit</strong></span> <span class='ocrx_word' id='word_1_438' title='bbox 1148 4048 1382 4103; x_wconf 86' lang='lat' dir='ltr'><strong>Ecclesia</strong></span> <span class='ocrx_word' id='word_1_439' title='bbox 1415 4049 1597 4114; x_wconf 91' lang='lat' dir='ltr'><strong>ﬁdem,</strong></span> <span class='ocrx_word' id='word_1_440' title='bbox 1624 4066 1786 4120; x_wconf 89' lang='lat' dir='ltr'><strong>quam</strong></span> <span class='ocrx_word' id='word_1_441' title='bbox 1815 4051 1964 4120; x_wconf 91' lang='lat' dir='ltr'><strong>prius</strong></span> <span class='ocrx_word' id='word_1_442' title='bbox 1992 4052 2118 4105; x_wconf 85' lang='lat' dir='ltr'><strong>sim-</strong></span> 
     </span>
    </p>
   </div>
   <div class='ocr_carea' id='block_1_60' title="bbox 541 4137 2117 4214">
    <p class='ocr_par' dir='ltr' id='par_1_60' title="bbox 541 4137 2117 4214">
     <span class='ocr_line' id='line_1_60' title="bbox 541 4137 2117 4214; baseline 0.006 -24"><span class='ocrx_word' id='word_1_443' title='bbox 541 4137 752 4205; x_wconf 89' lang='lat' dir='ltr'><strong>pliciter</strong></span> <span class='ocrx_word' id='word_1_444' title='bbox 793 4142 968 4210; x_wconf 85' lang='lat' dir='ltr'><strong>coepit</strong></span> <span class='ocrx_word' id='word_1_445' title='bbox 1016 4143 1233 4197; x_wconf 86' lang='lat' dir='ltr'><strong>haurire</strong></span> <span class='ocrx_word' id='word_1_446' title='bbox 1260 4184 1274 4205; x_wconf 93' lang='lat'><strong>,</strong></span> <span class='ocrx_word' id='word_1_447' title='bbox 1323 4144 1483 4198; x_wconf 90' lang='lat' dir='ltr'><strong>altius</strong></span> <span class='ocrx_word' id='word_1_448' title='bbox 1529 4160 1874 4214; x_wconf 86' lang='lat' dir='ltr'><strong>cognoscere,</strong></span> <span class='ocrx_word' id='word_1_449' title='bbox 1906 4146 2030 4200; x_wconf 90' lang='lat' dir='ltr'><strong>dtnn</strong></span> <span class='ocrx_word' id='word_1_450' title='bbox 2065 4146 2117 4199; x_wconf 91' lang='lat' dir='ltr'><strong>in</strong></span> 
     </span>
    </p>
   </div>
   <div class='ocr_carea' id='block_1_61' title="bbox 547 4228 1633 4300">
    <p class='ocr_par' dir='ltr' id='par_1_61' title="bbox 547 4228 1633 4300">
     <span class='ocr_line' id='line_1_61' title="bbox 547 4228 1633 4300; baseline 0.006 -18"><span class='ocrx_word' id='word_1_451' title='bbox 547 4228 873 4300; x_wconf 88' lang='lat' dir='ltr'><strong>theologicas</strong></span> <span class='ocrx_word' id='word_1_452' title='bbox 905 4233 1139 4288; x_wconf 86' lang='lat' dir='ltr'><strong>rationes</strong></span> <span class='ocrx_word' id='word_1_453' title='bbox 1168 4234 1386 4289; x_wconf 91' lang='lat' dir='ltr'><strong>inchoat</strong></span> <span class='ocrx_word' id='word_1_454' title='bbox 1413 4235 1633 4290; x_wconf 89' lang='lat' dir='ltr'><strong>intrare.</strong></span> 
     </span>
    </p>
   </div>
   <div class='ocr_carea' id='block_1_62' title="bbox 613 4339 2115 4408">
    <p class='ocr_par' dir='ltr' id='par_1_62' title="bbox 613 4339 2115 4408">
     <span class='ocr_line' id='line_1_62' title="bbox 613 4339 2115 4408; baseline 0.005 -16"><span class='ocrx_word' id='word_1_455' title='bbox 613 4339 750 4393; x_wconf 84' lang='lat' dir='ltr'><strong>Dicit</strong></span> <span class='ocrx_word' id='word_1_456' title='bbox 777 4341 822 4394; x_wconf 87' lang='lat' dir='ltr'><strong>ei</strong></span> <span class='ocrx_word' id='word_1_457' title='bbox 844 4342 995 4394; x_wconf 84' lang='lat' dir='ltr'><strong>Jesus</strong></span> <span class='ocrx_word' id='word_1_458' title='bbox 1023 4359 1040 4396; x_wconf 94' lang='lat'><em>:</em></span> <span class='ocrx_word' id='word_1_459' title='bbox 1077 4341 1235 4408; x_wconf 86' lang='lat' dir='ltr'><strong>Vade,</strong></span> <span class='ocrx_word' id='word_1_460' title='bbox 1265 4359 1388 4398; x_wconf 74' lang='lat' dir='ltr'><strong>voca</strong></span> <span class='ocrx_word' id='word_1_461' title='bbox 1404 4346 1568 4398; x_wconf 85' lang='lat' dir='ltr'><strong>virum</strong></span> <span class='ocrx_word' id='word_1_462' title='bbox 1597 4357 1763 4408; x_wconf 86' lang='lat' dir='ltr'><strong>tuum,</strong></span> <span class='ocrx_word' id='word_1_463' title='bbox 1789 4357 1835 4400; x_wconf 89' lang='lat' dir='ltr'><strong>et</strong></span> <span class='ocrx_word' id='word_1_464' title='bbox 1858 4349 1971 4401; x_wconf 86' lang='lat' dir='ltr'><strong>veni</strong></span> <span class='ocrx_word' id='word_1_465' title='bbox 1997 4349 2115 4400; x_wconf 83' lang='lat' dir='ltr'><strong>huc.</strong></span> 
     </span>
    </p>
   </div>
   <div class='ocr_carea' id='block_1_63' title="bbox 540 4430 2117 4504">
    <p class='ocr_par' dir='ltr' id='par_1_63' title="bbox 540 4430 2117 4504">
     <span class='ocr_line' id='line_1_63' title="bbox 540 4430 2117 4504; baseline 0.004 -22"><span class='ocrx_word' id='word_1_466' title='bbox 540 4431 618 4483; x_wconf 78' lang='lat' dir='ltr'><strong>Ac</strong></span> <span class='ocrx_word' id='word_1_467' title='bbox 650 4430 692 4483; x_wconf 91' lang='lat' dir='ltr'><strong>si</strong></span> <span class='ocrx_word' id='word_1_468' title='bbox 724 4431 962 4484; x_wconf 87' lang='lat' dir='ltr'><strong>diceret:</strong></span> <span class='ocrx_word' id='word_1_469' title='bbox 988 4431 1132 4487; x_wconf 87' lang='lat' dir='ltr'><strong>Petis</strong></span> <span class='ocrx_word' id='word_1_470' title='bbox 1164 4449 1194 4486; x_wconf 89' lang='lat' dir='ltr'><strong>a</strong></span> <span class='ocrx_word' id='word_1_471' title='bbox 1220 4451 1306 4490; x_wconf 88' lang='lat' dir='ltr'><strong>me</strong></span> <span class='ocrx_word' id='word_1_472' title='bbox 1334 4450 1526 4504; x_wconf 85' lang='lat' dir='ltr'><strong>aquam</strong></span> <span class='ocrx_word' id='word_1_473' title='bbox 1565 4436 1842 4491; x_wconf 86' lang='lat' dir='ltr'><strong>salientem</strong></span> <span class='ocrx_word' id='word_1_474' title='bbox 1873 4438 1923 4490; x_wconf 94' lang='lat' dir='ltr'><strong>in</strong></span> <span class='ocrx_word' id='word_1_475' title='bbox 1953 4437 2117 4490; x_wconf 84' lang='lat' dir='ltr'><strong>vitam</strong></span> 
     </span>
    </p>
   </div>
   <div class='ocr_carea' id='block_1_64' title="bbox 541 4504 2196 4595">
    <p class='ocr_par' dir='ltr' id='par_1_64' title="bbox 541 4504 2196 4595">
     <span class='ocr_line' id='line_1_64' title="bbox 541 4504 2196 4595; baseline 0.002 -21"><span class='ocrx_word' id='word_1_476' title='bbox 541 4531 832 4583; x_wconf 85' lang='lat' dir='ltr'><strong>aeternam,</strong></span> <span class='ocrx_word' id='word_1_477' title='bbox 878 4522 1134 4592; x_wconf 92' lang='lat' dir='ltr'><strong>Spiritum</strong></span> <span class='ocrx_word' id='word_1_478' title='bbox 1182 4525 1428 4580; x_wconf 90' lang='lat' dir='ltr'><strong>videlicet</strong></span> <span class='ocrx_word' id='word_1_479' title='bbox 1472 4535 1738 4590; x_wconf 89' lang='lat' dir='ltr'><strong>sanctum,</strong></span> <span class='ocrx_word' id='word_1_480' title='bbox 1785 4528 1936 4595; x_wconf 70' lang='lat' dir='ltr'><strong>cujus</strong></span> <span class='ocrx_word' id='word_1_481' title='bbox 1982 4529 2119 4580; x_wconf 91' lang='lat' dir='ltr'><strong>dono</strong></span> <span class='ocrx_word' id='word_1_482' title='bbox 2152 4504 2196 4561; x_wconf 76' lang='grc' dir='ltr'><strong>ί)</strong></span> 
     </span>
    </p>
   </div>
   <div class='ocr_carea' id='block_1_65' title="bbox 541 4612 2116 4684">
    <p class='ocr_par' dir='ltr' id='par_1_65' title="bbox 541 4612 2116 4684">
     <span class='ocr_line' id='line_1_65' title="bbox 541 4612 2116 4684; baseline 0.004 -22"><span class='ocrx_word' id='word_1_483' title='bbox 541 4612 703 4664; x_wconf 88' lang='lat' dir='ltr'><strong>vitam</strong></span> <span class='ocrx_word' id='word_1_484' title='bbox 744 4621 1016 4667; x_wconf 90' lang='lat' dir='ltr'><strong>aeternam</strong></span> <span class='ocrx_word' id='word_1_485' title='bbox 1049 4614 1134 4668; x_wconf 92' lang='lat' dir='ltr'><strong>do.</strong></span> <span class='ocrx_word' id='word_1_486' title='bbox 1159 4613 1272 4669; x_wconf 85' lang='lat' dir='ltr'><strong>Non</strong></span> <span class='ocrx_word' id='word_1_487' title='bbox 1301 4623 1452 4684; x_wconf 89' lang='lat' dir='ltr'><strong>potes</strong></span> <span class='ocrx_word' id='word_1_488' title='bbox 1483 4616 1642 4671; x_wconf 90' lang='lat' dir='ltr'><strong>talem</strong></span> <span class='ocrx_word' id='word_1_489' title='bbox 1673 4632 1864 4684; x_wconf 90' lang='lat' dir='ltr'><strong>aquam</strong></span> <span class='ocrx_word' id='word_1_490' title='bbox 1912 4615 2116 4678; x_wconf 88' lang='lat' dir='ltr'><strong>bibere,</strong></span> 
     </span>
    </p>
   </div>
   <div class='ocr_carea' id='block_1_66' title="bbox 543 4701 2116 4776">
    <p class='ocr_par' dir='ltr' id='par_1_66' title="bbox 543 4701 2116 4776">
     <span class='ocr_line' id='line_1_66' title="bbox 543 4701 2116 4776; baseline 0.004 -24"><span class='ocrx_word' id='word_1_491' title='bbox 543 4701 641 4754; x_wconf 91' lang='lat' dir='ltr'><strong>nisi</strong></span> <span class='ocrx_word' id='word_1_492' title='bbox 673 4701 846 4754; x_wconf 89' lang='lat' dir='ltr'><strong>virum</strong></span> <span class='ocrx_word' id='word_1_493' title='bbox 881 4711 1025 4756; x_wconf 87' lang='lat' dir='ltr'><strong>tutttn</strong></span> <span class='ocrx_word' id='word_1_494' title='bbox 1056 4705 1347 4758; x_wconf 86' lang='lat' dir='ltr'><strong>vocaveris.</strong></span> <span class='ocrx_word' id='word_1_495' title='bbox 1367 4706 1513 4760; x_wconf 79' lang='lat' dir='ltr'><strong>Vade</strong></span> <span class='ocrx_word' id='word_1_496' title='bbox 1538 4722 1684 4776; x_wconf 88' lang='lat' dir='ltr'><strong>ergo,</strong></span> <span class='ocrx_word' id='word_1_497' title='bbox 1715 4707 1760 4758; x_wconf 89' lang='lat' dir='ltr'><strong>si</strong></span> <span class='ocrx_word' id='word_1_498' title='bbox 1792 4705 1873 4759; x_wconf 90' lang='lat' dir='ltr'><strong>vis</strong></span> <span class='ocrx_word' id='word_1_499' title='bbox 1902 4704 2116 4767; x_wconf 86' lang='lat' dir='ltr'><strong>bibere,</strong></span> 
     </span>
    </p>
   </div>
   <div class='ocr_carea' id='block_1_67' title="bbox 541 4792 2114 4868">
    <p class='ocr_par' dir='ltr' id='par_1_67' title="bbox 541 4792 2114 4868">
     <span class='ocr_line' id='line_1_67' title="bbox 541 4792 2114 4868; baseline 0.006 -28"><span class='ocrx_word' id='word_1_500' title='bbox 541 4807 671 4844; x_wconf 86' lang='lat' dir='ltr'><strong>voca</strong></span> <span class='ocrx_word' id='word_1_501' title='bbox 717 4792 890 4846; x_wconf 87' lang='lat' dir='ltr'><strong>virum</strong></span> <span class='ocrx_word' id='word_1_502' title='bbox 933 4802 1104 4868; x_wconf 88' lang='lat' dir='ltr'><strong>tuum,</strong></span> <span class='ocrx_word' id='word_1_503' title='bbox 1145 4807 1200 4849; x_wconf 93' lang='lat' dir='ltr'><strong>et</strong></span> <span class='ocrx_word' id='word_1_504' title='bbox 1237 4813 1358 4851; x_wconf 91' lang='lat' dir='ltr'><strong>cum</strong></span> <span class='ocrx_word' id='word_1_505' title='bbox 1411 4798 1498 4851; x_wconf 90' lang='lat' dir='ltr'><strong>illo</strong></span> <span class='ocrx_word' id='word_1_506' title='bbox 1545 4798 1661 4850; x_wconf 86' lang='lat' dir='ltr'><strong>veni</strong></span> <span class='ocrx_word' id='word_1_507' title='bbox 1693 4798 1833 4862; x_wconf 89' lang='lat' dir='ltr'><strong>huc;</strong></span> <span class='ocrx_word' id='word_1_508' title='bbox 1875 4797 1973 4850; x_wconf 90' lang='lat' dir='ltr'><strong>hoc</strong></span> <span class='ocrx_word' id='word_1_509' title='bbox 2003 4808 2114 4852; x_wconf 87' lang='lat' dir='ltr'><strong>est:</strong></span> 
     </span>
    </p>
   </div>
   <div class='ocr_carea' id='block_1_68' title="bbox 539 4883 2115 4956">
    <p class='ocr_par' dir='ltr' id='par_1_68' title="bbox 539 4883 2115 4956">
     <span class='ocr_line' id='line_1_68' title="bbox 539 4883 2115 4956; baseline 0.004 -21"><span class='ocrx_word' id='word_1_510' title='bbox 539 4883 698 4936; x_wconf 84' lang='lat' dir='ltr'><strong>crede</strong></span> <span class='ocrx_word' id='word_1_511' title='bbox 739 4884 790 4937; x_wconf 92' lang='lat' dir='ltr'><strong>in</strong></span> <span class='ocrx_word' id='word_1_512' title='bbox 821 4901 924 4949; x_wconf 83' lang='lat' dir='ltr'><strong>me,</strong></span> <span class='ocrx_word' id='word_1_513' title='bbox 960 4896 1016 4940; x_wconf 92' lang='lat' dir='ltr'><strong>ut</strong></span> <span class='ocrx_word' id='word_1_514' title='bbox 1044 4897 1098 4939; x_wconf 88' lang='lat' dir='ltr'><strong>et</strong></span> <span class='ocrx_word' id='word_1_515' title='bbox 1128 4897 1275 4950; x_wconf 89' lang='lat' dir='ltr'><strong>tu,et</strong></span> <span class='ocrx_word' id='word_1_516' title='bbox 1307 4899 1430 4943; x_wconf 89' lang='lat' dir='ltr'><strong>tuus</strong></span> <span class='ocrx_word' id='word_1_517' title='bbox 1444 4889 1544 4952; x_wconf 90' lang='lat' dir='ltr'><strong>vir,</strong></span> <span class='ocrx_word' id='word_1_518' title='bbox 1576 4888 1832 4956; x_wconf 86' lang='lat' dir='ltr'><strong>Spiritum</strong></span> <span class='ocrx_word' id='word_1_519' title='bbox 1871 4897 2115 4943; x_wconf 86' lang='lat' dir='ltr'><strong>sanctum</strong></span> 
     </span>
    </p>
   </div>
   <div class='ocr_carea' id='block_1_69' title="bbox 541 4972 2117 5047">
    <p class='ocr_par' dir='ltr' id='par_1_69' title="bbox 541 4972 2117 5047">
     <span class='ocr_line' id='line_1_69' title="bbox 541 4972 2117 5047; baseline 0.006 -24"><span class='ocrx_word' id='word_1_520' title='bbox 541 4972 788 5026; x_wconf 83' lang='lat' dir='ltr'><strong>imbibas.</strong></span> <span class='ocrx_word' id='word_1_521' title='bbox 823 4973 878 5028; x_wconf 93' lang='lat' dir='ltr'><strong>lu</strong></span> <span class='ocrx_word' id='word_1_522' title='bbox 910 4976 1008 5029; x_wconf 89' lang='lat' dir='ltr'><strong>hoc</strong></span> <span class='ocrx_word' id='word_1_523' title='bbox 1040 4976 1156 5030; x_wconf 89' lang='lat' dir='ltr'><strong>loco</strong></span> <span class='ocrx_word' id='word_1_524' title='bbox 1183 4977 1248 5031; x_wconf 90' lang='lat' dir='ltr'><strong>de</strong></span> <span class='ocrx_word' id='word_1_525' title='bbox 1277 4993 1474 5046; x_wconf 87' lang='lat' dir='ltr'><strong>genere</strong></span> <span class='ocrx_word' id='word_1_526' title='bbox 1507 4979 1558 5030; x_wconf 88' lang='lat' dir='ltr'><strong>itt</strong></span> <span class='ocrx_word' id='word_1_527' title='bbox 1587 4977 1821 5047; x_wconf 87' lang='lat' dir='ltr'><strong>speciem</strong></span> <span class='ocrx_word' id='word_1_528' title='bbox 1861 4980 2117 5034; x_wconf 84' lang='lat' dir='ltr'><strong>transitus</strong></span> 
     </span>
    </p>
   </div>
   <div class='ocr_carea' id='block_1_70' title="bbox 542 5063 2116 5139">
    <p class='ocr_par' dir='ltr' id='par_1_70' title="bbox 542 5063 2116 5139">
     <span class='ocr_line' id='line_1_70' title="bbox 542 5063 2116 5139; baseline 0.005 -25"><span class='ocrx_word' id='word_1_529' title='bbox 542 5063 855 5132; x_wconf 76' lang='lat' dir='ltr'><strong>intelligitur</strong></span> <span class='ocrx_word' id='word_1_530' title='bbox 902 5066 1156 5121; x_wconf 88' lang='lat' dir='ltr'><strong>tlteoriac.</strong></span> <span class='ocrx_word' id='word_1_531' title='bbox 1211 5067 1550 5122; x_wconf 88' lang='lat' dir='ltr'><strong>Praedictum</strong></span> <span class='ocrx_word' id='word_1_532' title='bbox 1581 5078 1664 5122; x_wconf 90' lang='lat' dir='ltr'><strong>est</strong></span> <span class='ocrx_word' id='word_1_533' title='bbox 1695 5085 1942 5139; x_wconf 88' lang='lat' dir='ltr'><strong>namque,</strong></span> <span class='ocrx_word' id='word_1_534' title='bbox 1974 5073 2116 5139; x_wconf 88' lang='lat' dir='ltr'><strong>quod</strong></span> 
     </span>
    </p>
   </div>
   <div class='ocr_carea' id='block_1_71' title="bbox 537 5153 2117 5230">
    <p class='ocr_par' dir='ltr' id='par_1_71' title="bbox 537 5153 2117 5230">
     <span class='ocr_line' id='line_1_71' title="bbox 537 5153 2117 5230; baseline 0.004 -24"><span class='ocrx_word' id='word_1_535' title='bbox 537 5153 876 5210; x_wconf 87' lang='lat' dir='ltr'><strong>Samaritana</strong></span> <span class='ocrx_word' id='word_1_536' title='bbox 905 5158 1096 5212; x_wconf 90' lang='lat' dir='ltr'><strong>mulier</strong></span> <span class='ocrx_word' id='word_1_537' title='bbox 1120 5167 1173 5212; x_wconf 92' lang='lat' dir='ltr'><strong>et</strong></span> <span class='ocrx_word' id='word_1_538' title='bbox 1201 5159 1466 5229; x_wconf 86' lang='lat' dir='ltr'><strong>generalis</strong></span> <span class='ocrx_word' id='word_1_539' title='bbox 1480 5158 1751 5214; x_wconf 84' lang='lat' dir='ltr'><strong>Ecclesiae</strong></span> <span class='ocrx_word' id='word_1_540' title='bbox 1776 5160 1843 5216; x_wconf 89' lang='lat' dir='ltr'><strong>de</strong></span> <span class='ocrx_word' id='word_1_541' title='bbox 1870 5161 2117 5230; x_wconf 82' lang='lat' dir='ltr'><strong>gentibus</strong></span> 
     </span>
    </p>
   </div>
   <div class='ocr_carea' id='block_1_72' title="bbox 538 5237 2114 5318">
    <p class='ocr_par' dir='ltr' id='par_1_72' title="bbox 538 5237 2114 5318">
     <span class='ocr_line' id='line_1_72' title="bbox 538 5237 2114 5318; baseline 0.005 -24"><span class='ocrx_word' id='word_1_542' title='bbox 538 5243 814 5307; x_wconf 88' lang='lat' dir='ltr'><strong>collectae,</strong></span> <span class='ocrx_word' id='word_1_543' title='bbox 847 5255 900 5299; x_wconf 89' lang='lat' dir='ltr'><strong>et</strong></span> <span class='ocrx_word' id='word_1_544' title='bbox 932 5248 1196 5316; x_wconf 89' lang='lat' dir='ltr'><strong>generalis</strong></span> <span class='ocrx_word' id='word_1_545' title='bbox 1243 5248 1508 5303; x_wconf 88' lang='lat' dir='ltr'><strong>humanae</strong></span> <span class='ocrx_word' id='word_1_546' title='bbox 1563 5258 1788 5304; x_wconf 90' lang='lat' dir='ltr'><strong>naturae</strong></span> <span class='ocrx_word' id='word_1_547' title='bbox 1815 5237 2114 5318; x_wconf 82' lang='lat' dir='ltr'><strong>symbolum</strong></span> 
     </span>
    </p>
   </div>
   <div class='ocr_carea' id='block_1_73' title="bbox 533 5331 2114 5408">
    <p class='ocr_par' dir='ltr' id='par_1_73' title="bbox 533 5331 2114 5408">
     <span class='ocr_line' id='line_1_73' title="bbox 533 5331 2114 5408; baseline 0.006 -27"><span class='ocrx_word' id='word_1_548' title='bbox 533 5331 616 5383; x_wconf 87' lang='lat' dir='ltr'><strong>sit.</strong></span> <span class='ocrx_word' id='word_1_549' title='bbox 658 5332 808 5388; x_wconf 78' lang='lat' dir='ltr'><strong>Nunc</strong></span> <span class='ocrx_word' id='word_1_550' title='bbox 850 5352 976 5389; x_wconf 84' lang='lat' dir='ltr'><strong>vero</strong></span> <span class='ocrx_word' id='word_1_551' title='bbox 1017 5337 1203 5391; x_wconf 88' lang='lat' dir='ltr'><strong>eadem</strong></span> <span class='ocrx_word' id='word_1_552' title='bbox 1245 5339 1460 5402; x_wconf 90' lang='lat' dir='ltr'><strong>mulier,</strong></span> <span class='ocrx_word' id='word_1_553' title='bbox 1499 5348 1553 5391; x_wconf 92' lang='lat' dir='ltr'><strong>et</strong></span> <span class='ocrx_word' id='word_1_554' title='bbox 1601 5337 2014 5408; x_wconf 85' lang='lat' dir='ltr'><strong>uniuscujusque</strong></span> <span class='ocrx_word' id='word_1_555' title='bbox 2065 5340 2114 5391; x_wconf 92' lang='lat' dir='ltr'><strong>in</strong></span> 
     </span>
    </p>
   </div>
   <div class='ocr_carea' id='block_1_74' title="bbox 533 5423 2117 5496">
    <p class='ocr_par' dir='ltr' id='par_1_74' title="bbox 533 5423 2117 5496">
     <span class='ocr_line' id='line_1_74' title="bbox 533 5423 2117 5496; baseline 0.003 -21"><span class='ocrx_word' id='word_1_556' title='bbox 533 5423 739 5478; x_wconf 89' lang='lat' dir='ltr'><strong>unitate</strong></span> <span class='ocrx_word' id='word_1_557' title='bbox 770 5427 1042 5484; x_wconf 80' lang='lat' dir='ltr'><strong>Ecclesiae</strong></span> <span class='ocrx_word' id='word_1_558' title='bbox 1067 5429 1363 5494; x_wconf 80' lang='lat' dir='ltr'><strong>constituti,</strong></span> <span class='ocrx_word' id='word_1_559' title='bbox 1384 5440 1437 5482; x_wconf 78' lang='lat' dir='ltr'><strong>et</strong></span> <span class='ocrx_word' id='word_1_560' title='bbox 1465 5428 1880 5496; x_wconf 72' lang='lat' dir='ltr'><strong>uniusmtjustpte</strong></span> <span class='ocrx_word' id='word_1_561' title='bbox 1907 5429 2117 5482; x_wconf 88' lang='lat' dir='ltr'><strong>animae</strong></span> 
     </span>
    </p>
   </div>
   <div class='ocr_carea' id='block_1_75' title="bbox 2217 1891 3790 1958">
    <p class='ocr_par' dir='ltr' id='par_1_75' title="bbox 2217 1891 3790 1958">
     <span class='ocr_line' id='line_1_75' title="bbox 2217 1891 3790 1958; baseline 0.001 -13"><span class='ocrx_word' id='word_1_562' title='bbox 2217 1892 2350 1946; x_wconf 90' lang='lat' dir='ltr'><strong>visio</strong></span> <span class='ocrx_word' id='word_1_563' title='bbox 2384 1899 2468 1946; x_wconf 88' lang='lat' dir='ltr'><strong>est</strong></span> <span class='ocrx_word' id='word_1_564' title='bbox 2494 1909 2507 1947; x_wconf 92' lang='lat'><strong>:</strong></span> <span class='ocrx_word' id='word_1_565' title='bbox 2535 1891 2589 1945; x_wconf 94' lang='lat' dir='ltr'><strong>in</strong></span> <span class='ocrx_word' id='word_1_566' title='bbox 2621 1892 2879 1956; x_wconf 90' lang='lat' dir='ltr'><strong>animum,</strong></span> <span class='ocrx_word' id='word_1_567' title='bbox 2914 1902 2967 1946; x_wconf 86' lang='lat' dir='ltr'><strong>et</strong></span> <span class='ocrx_word' id='word_1_568' title='bbox 3008 1893 3298 1958; x_wconf 88' lang='lat' dir='ltr'><strong>rationem,</strong></span> <span class='ocrx_word' id='word_1_569' title='bbox 3325 1903 3379 1948; x_wconf 91' lang='lat' dir='ltr'><strong>et</strong></span> <span class='ocrx_word' id='word_1_570' title='bbox 3406 1909 3628 1952; x_wconf 87' lang='lat' dir='ltr'><strong>sensum</strong></span> <span class='ocrx_word' id='word_1_571' title='bbox 3669 1895 3790 1946; x_wconf 49' lang='lat' dir='ltr'><strong>inte-</strong></span> 
     </span>
    </p>
   </div>
   <div class='ocr_carea' id='block_1_76' title="bbox 2216 1981 3785 2051">
    <p class='ocr_par' dir='ltr' id='par_1_76' title="bbox 2216 1981 3785 2051">
     <span class='ocr_line' id='line_1_76' title="bbox 2216 1981 3785 2051; baseline 0.001 -15"><span class='ocrx_word' id='word_1_572' title='bbox 2216 1983 2434 2038; x_wconf 90' lang='lat' dir='ltr'><strong>rioretn.</strong></span> <span class='ocrx_word' id='word_1_573' title='bbox 2467 1981 2696 2037; x_wconf 87' lang='lat' dir='ltr'><strong>Animus</strong></span> <span class='ocrx_word' id='word_1_574' title='bbox 2729 1997 2942 2051; x_wconf 88' lang='lat' dir='ltr'><strong>semper</strong></span> <span class='ocrx_word' id='word_1_575' title='bbox 2987 1984 3129 2038; x_wconf 90' lang='lat' dir='ltr'><strong>circa</strong></span> <span class='ocrx_word' id='word_1_576' title='bbox 3164 1985 3331 2038; x_wconf 89' lang='lat' dir='ltr'><strong>Deum</strong></span> <span class='ocrx_word' id='word_1_577' title='bbox 3365 1985 3617 2047; x_wconf 81' lang='lat' dir='ltr'><strong>volvitur,</strong></span> <span class='ocrx_word' id='word_1_578' title='bbox 3654 1985 3785 2038; x_wconf 81' lang='lat' dir='ltr'><strong>idea-</strong></span> 
     </span>
    </p>
   </div>
   <div class='ocr_carea' id='block_1_77' title="bbox 2218 2073 3788 2142">
    <p class='ocr_par' dir='ltr' id='par_1_77' title="bbox 2218 2073 3788 2142">
     <span class='ocr_line' id='line_1_77' title="bbox 2218 2073 3788 2142; baseline -0.001 -15"><span class='ocrx_word' id='word_1_579' title='bbox 2218 2088 2319 2142; x_wconf 87' lang='lat' dir='ltr'><strong>que</strong></span> <span class='ocrx_word' id='word_1_580' title='bbox 2364 2073 2447 2127; x_wconf 93' lang='lat' dir='ltr'><strong>vir</strong></span> <span class='ocrx_word' id='word_1_581' title='bbox 2499 2082 2660 2142; x_wconf 89' lang='lat' dir='ltr'><strong>atque</strong></span> <span class='ocrx_word' id='word_1_582' title='bbox 2709 2083 2888 2128; x_wconf 90' lang='lat' dir='ltr'><strong>rector</strong></span> <span class='ocrx_word' id='word_1_583' title='bbox 2949 2082 3250 2128; x_wconf 87' lang='lat' dir='ltr'><strong>ceterarum</strong></span> <span class='ocrx_word' id='word_1_584' title='bbox 3300 2074 3514 2127; x_wconf 88' lang='lat' dir='ltr'><strong>animae</strong></span> <span class='ocrx_word' id='word_1_585' title='bbox 3567 2075 3788 2142; x_wconf 86' lang='lat' dir='ltr'><strong>partium</strong></span> 
     </span>
    </p>
   </div>
   <div class='ocr_carea' id='block_1_78' title="bbox 2216 2150 3789 2234">
    <p class='ocr_par' dir='ltr' id='par_1_78' title="bbox 2216 2150 3789 2234">
     <span class='ocr_line' id='line_1_78' title="bbox 2216 2150 3789 2234; baseline -0.001 -18"><span class='ocrx_word' id='word_1_586' title='bbox 2216 2163 2407 2217; x_wconf 89' lang='lat' dir='ltr'><strong>merito</strong></span> <span class='ocrx_word' id='word_1_587' title='bbox 2437 2163 2657 2228; x_wconf 82' lang='lat' dir='ltr'><strong>dicitur,</strong></span> <span class='ocrx_word' id='word_1_588' title='bbox 2687 2150 2938 2232; x_wconf 75' lang='lat' dir='ltr'><strong>quoniam</strong></span> <span class='ocrx_word' id='word_1_589' title='bbox 2991 2164 3133 2216; x_wconf 91' lang='lat' dir='ltr'><strong>inter</strong></span> <span class='ocrx_word' id='word_1_590' title='bbox 3181 2164 3352 2234; x_wconf 89' lang='lat' dir='ltr'><strong>ipsmn</strong></span> <span class='ocrx_word' id='word_1_591' title='bbox 3393 2171 3447 2217; x_wconf 87' lang='lat' dir='ltr'><strong>et</strong></span> <span class='ocrx_word' id='word_1_592' title='bbox 3491 2163 3789 2218; x_wconf 82' lang='lat' dir='ltr'><strong>Creatorem</strong></span> 
     </span>
    </p>
   </div>
   <div class='ocr_carea' id='block_1_79' title="bbox 2217 2252 3792 2323">
    <p class='ocr_par' dir='ltr' id='par_1_79' title="bbox 2217 2252 3792 2323">
     <span class='ocr_line' id='line_1_79' title="bbox 2217 2252 3792 2323; baseline -0.002 -15"><span class='ocrx_word' id='word_1_593' title='bbox 2217 2268 2370 2308; x_wconf 91' lang='lat' dir='ltr'><strong>suum</strong></span> <span class='ocrx_word' id='word_1_594' title='bbox 2401 2254 2548 2309; x_wconf 88' lang='lat' dir='ltr'><strong>nulla</strong></span> <span class='ocrx_word' id='word_1_595' title='bbox 2581 2253 2683 2308; x_wconf 82' lang='lat' dir='ltr'><strong>alia</strong></span> <span class='ocrx_word' id='word_1_596' title='bbox 2719 2253 3036 2323; x_wconf 85' lang='lat' dir='ltr'><strong>interposita</strong></span> <span class='ocrx_word' id='word_1_597' title='bbox 3064 2261 3147 2307; x_wconf 90' lang='lat' dir='ltr'><strong>est</strong></span> <span class='ocrx_word' id='word_1_598' title='bbox 3181 2262 3450 2308; x_wconf 89' lang='lat' dir='ltr'><strong>creatura.</strong></span> <span class='ocrx_word' id='word_1_599' title='bbox 3487 2252 3645 2306; x_wconf 77' lang='lat' dir='ltr'><strong>Ratio</strong></span> <span class='ocrx_word' id='word_1_600' title='bbox 3676 2268 3792 2306; x_wconf 80' lang='lat' dir='ltr'><strong>vero</strong></span> 
     </span>
    </p>
   </div>
   <div class='ocr_carea' id='block_1_80' title="bbox 2215 2344 3790 2415">
    <p class='ocr_par' dir='ltr' id='par_1_80' title="bbox 2215 2344 3790 2415">
     <span class='ocr_line' id='line_1_80' title="bbox 2215 2344 3790 2415; baseline -0.003 -12"><span class='ocrx_word' id='word_1_601' title='bbox 2215 2347 2361 2403; x_wconf 89' lang='lat' dir='ltr'><strong>circa</strong></span> <span class='ocrx_word' id='word_1_602' title='bbox 2391 2363 2569 2401; x_wconf 89' lang='lat' dir='ltr'><strong>rerum</strong></span> <span class='ocrx_word' id='word_1_603' title='bbox 2601 2356 2906 2402; x_wconf 85' lang='lat' dir='ltr'><strong>creatarum</strong></span> <span class='ocrx_word' id='word_1_604' title='bbox 2950 2359 3142 2399; x_wconf 86' lang='lat' dir='ltr'><strong>causas</strong></span> <span class='ocrx_word' id='word_1_605' title='bbox 3172 2355 3226 2398; x_wconf 89' lang='lat' dir='ltr'><strong>et</strong></span> <span class='ocrx_word' id='word_1_606' title='bbox 3257 2344 3592 2415; x_wconf 83' lang='lat' dir='ltr'><strong>cognitiones</strong></span> <span class='ocrx_word' id='word_1_607' title='bbox 3619 2358 3790 2398; x_wconf 81' lang='lat' dir='ltr'><strong>versa-</strong></span> 
     </span>
    </p>
   </div>
   <div class='ocr_carea' id='block_1_81' title="bbox 2217 2434 3788 2506">
    <p class='ocr_par' dir='ltr' id='par_1_81' title="bbox 2217 2434 3788 2506">
     <span class='ocr_line' id='line_1_81' title="bbox 2217 2434 3788 2506; baseline -0.003 -15"><span class='ocrx_word' id='word_1_608' title='bbox 2217 2447 2344 2501; x_wconf 89' lang='lat' dir='ltr'><strong>tur,</strong></span> <span class='ocrx_word' id='word_1_609' title='bbox 2386 2447 2439 2491; x_wconf 93' lang='lat' dir='ltr'><strong>ct</strong></span> <span class='ocrx_word' id='word_1_610' title='bbox 2477 2435 2728 2506; x_wconf 89' lang='lat' dir='ltr'><strong>quicquid</strong></span> <span class='ocrx_word' id='word_1_611' title='bbox 2767 2437 2979 2490; x_wconf 88' lang='lat' dir='ltr'><strong>animus</strong></span> <span class='ocrx_word' id='word_1_612' title='bbox 3016 2450 3046 2488; x_wconf 91' lang='lat' dir='ltr'><strong>a</strong></span> <span class='ocrx_word' id='word_1_613' title='bbox 3078 2450 3310 2504; x_wconf 87' lang='lat' dir='ltr'><strong>superna</strong></span> <span class='ocrx_word' id='word_1_614' title='bbox 3345 2434 3788 2503; x_wconf 82' lang='lat' dir='ltr'><strong>contemplatione</strong></span> 
     </span>
    </p>
   </div>
   <div class='ocr_carea' id='block_1_82' title="bbox 2215 2525 3791 2598">
    <p class='ocr_par' dir='ltr' id='par_1_82' title="bbox 2215 2525 3791 2598">
     <span class='ocr_line' id='line_1_82' title="bbox 2215 2525 3791 2598; baseline -0.003 -16"><span class='ocrx_word' id='word_1_615' title='bbox 2215 2528 2466 2598; x_wconf 88' lang='lat' dir='ltr'><strong>percipit,</strong></span> <span class='ocrx_word' id='word_1_616' title='bbox 2507 2527 2698 2581; x_wconf 85' lang='lat' dir='ltr'><strong>rationi</strong></span> <span class='ocrx_word' id='word_1_617' title='bbox 2747 2527 2930 2590; x_wconf 88' lang='lat' dir='ltr'><strong>tradit,</strong></span> <span class='ocrx_word' id='word_1_618' title='bbox 2987 2528 3125 2580; x_wconf 83' lang='lat' dir='ltr'><strong>ratio</strong></span> <span class='ocrx_word' id='word_1_619' title='bbox 3167 2541 3294 2580; x_wconf 87' lang='lat' dir='ltr'><strong>vero</strong></span> <span class='ocrx_word' id='word_1_620' title='bbox 3335 2525 3791 2580; x_wconf 79' lang='lat' dir='ltr'><strong>commendatme-</strong></span> 
     </span>
    </p>
   </div>
   <div class='ocr_carea' id='block_1_83' title="bbox 2218 2603 3788 2687">
    <p class='ocr_par' dir='ltr' id='par_1_83' title="bbox 2218 2603 3788 2687">
     <span class='ocr_line' id='line_1_83' title="bbox 2218 2603 3788 2687; baseline -0.003 -14"><span class='ocrx_word' id='word_1_621' title='bbox 2218 2603 2439 2674; x_wconf 88' lang='lat' dir='ltr'><strong>moriac.</strong></span> <span class='ocrx_word' id='word_1_622' title='bbox 2471 2618 2653 2672; x_wconf 85' lang='lat' dir='ltr'><strong>Tertia</strong></span> <span class='ocrx_word' id='word_1_623' title='bbox 2697 2633 2825 2687; x_wconf 88' lang='lat' dir='ltr'><strong>pars</strong></span> <span class='ocrx_word' id='word_1_624' title='bbox 2858 2619 3069 2671; x_wconf 86' lang='lat' dir='ltr'><strong>animae</strong></span> <span class='ocrx_word' id='word_1_625' title='bbox 3095 2627 3178 2673; x_wconf 86' lang='lat' dir='ltr'><strong>est</strong></span> <span class='ocrx_word' id='word_1_626' title='bbox 3208 2633 3399 2672; x_wconf 88' lang='lat' dir='ltr'><strong>sensus</strong></span> <span class='ocrx_word' id='word_1_627' title='bbox 3437 2617 3678 2680; x_wconf 85' lang='lat' dir='ltr'><strong>interior,</strong></span> <span class='ocrx_word' id='word_1_628' title='bbox 3707 2619 3788 2686; x_wconf 91' lang='lat' dir='ltr'><strong>qui</strong></span> 
     </span>
    </p>
   </div>
   <div class='ocr_carea' id='block_1_84' title="bbox 2223 2708 3791 2779">
    <p class='ocr_par' dir='ltr' id='par_1_84' title="bbox 2223 2708 3791 2779">
     <span class='ocr_line' id='line_1_84' title="bbox 2223 2708 3791 2779; baseline -0.001 -17"><span class='ocrx_word' id='word_1_629' title='bbox 2223 2709 2415 2762; x_wconf 89' lang='lat' dir='ltr'><strong>rationi</strong></span> <span class='ocrx_word' id='word_1_630' title='bbox 2447 2709 2712 2771; x_wconf 88' lang='lat' dir='ltr'><strong>subditur,</strong></span> <span class='ocrx_word' id='word_1_631' title='bbox 2727 2709 3156 2777; x_wconf 84' lang='lat' dir='ltr'><strong>quasisuperiori</strong></span> <span class='ocrx_word' id='word_1_632' title='bbox 3174 2710 3332 2779; x_wconf 88' lang='lat' dir='ltr'><strong>parti.</strong></span> <span class='ocrx_word' id='word_1_633' title='bbox 3361 2725 3424 2764; x_wconf 90' lang='lat' dir='ltr'><strong>ac</strong></span> <span class='ocrx_word' id='word_1_634' title='bbox 3450 2725 3546 2778; x_wconf 88' lang='lat' dir='ltr'><strong>per</strong></span> <span class='ocrx_word' id='word_1_635' title='bbox 3581 2708 3682 2762; x_wconf 89' lang='lat' dir='ltr'><strong>hoc</strong></span> <span class='ocrx_word' id='word_1_636' title='bbox 3706 2723 3791 2776; x_wconf 83' lang='lat' dir='ltr'><strong>per</strong></span> 
     </span>
    </p>
   </div>
   <div class='ocr_carea' id='block_1_85' title="bbox 2221 2797 3790 2856">
    <p class='ocr_par' dir='ltr' id='par_1_85' title="bbox 2221 2797 3790 2856">
     <span class='ocr_line' id='line_1_85' title="bbox 2221 2797 3790 2856; baseline -0.001 -4"><span class='ocrx_word' id='word_1_637' title='bbox 2221 2800 2482 2854; x_wconf 88' lang='lat' dir='ltr'><strong>rationem</strong></span> <span class='ocrx_word' id='word_1_638' title='bbox 2534 2797 2784 2852; x_wconf 90' lang='lat' dir='ltr'><strong>subditur</strong></span> <span class='ocrx_word' id='word_1_639' title='bbox 2829 2801 3016 2854; x_wconf 90' lang='lat' dir='ltr'><strong>menti.</strong></span> <span class='ocrx_word' id='word_1_640' title='bbox 3080 2799 3193 2854; x_wconf 86' lang='lat' dir='ltr'><strong>Sub</strong></span> <span class='ocrx_word' id='word_1_641' title='bbox 3239 2801 3330 2854; x_wconf 93' lang='lat' dir='ltr'><strong>illo</strong></span> <span class='ocrx_word' id='word_1_642' title='bbox 3378 2816 3511 2856; x_wconf 85' lang='lat' dir='ltr'><strong>vero</strong></span> <span class='ocrx_word' id='word_1_643' title='bbox 3558 2799 3790 2854; x_wconf 83' lang='lat' dir='ltr'><strong>interiori</strong></span> 
     </span>
    </p>
   </div>
   <div class='ocr_carea' id='block_1_86' title="bbox 2219 2889 3790 2960">
    <p class='ocr_par' dir='ltr' id='par_1_86' title="bbox 2219 2889 3790 2960">
     <span class='ocr_line' id='line_1_86' title="bbox 2219 2889 3790 2960; baseline 0.001 -17"><span class='ocrx_word' id='word_1_644' title='bbox 2219 2904 2380 2944; x_wconf 85' lang='lat' dir='ltr'><strong>sensu</strong></span> <span class='ocrx_word' id='word_1_645' title='bbox 2423 2890 2653 2943; x_wconf 89' lang='lat' dir='ltr'><strong>naturali</strong></span> <span class='ocrx_word' id='word_1_646' title='bbox 2699 2890 2886 2944; x_wconf 89' lang='lat' dir='ltr'><strong>ordine</strong></span> <span class='ocrx_word' id='word_1_647' title='bbox 2938 2905 3134 2945; x_wconf 90' lang='lat' dir='ltr'><strong>sensus</strong></span> <span class='ocrx_word' id='word_1_648' title='bbox 3182 2892 3421 2945; x_wconf 79' lang='lat' dir='ltr'><strong>exterior</strong></span> <span class='ocrx_word' id='word_1_649' title='bbox 3456 2889 3664 2960; x_wconf 73' lang='lat' dir='ltr'><strong>positu&#39;s</strong></span> <span class='ocrx_word' id='word_1_650' title='bbox 3691 2899 3790 2952; x_wconf 76' lang='lat' dir='ltr'><strong>est,</strong></span> 
     </span>
    </p>
   </div>
   <div class='ocr_carea' id='block_1_87' title="bbox 2219 2980 3793 3051">
    <p class='ocr_par' dir='ltr' id='par_1_87' title="bbox 2219 2980 3793 3051">
     <span class='ocr_line' id='line_1_87' title="bbox 2219 2980 3793 3051; baseline 0.001 -19"><span class='ocrx_word' id='word_1_651' title='bbox 2219 2994 2315 3048; x_wconf 90' lang='lat' dir='ltr'><strong>per</strong></span> <span class='ocrx_word' id='word_1_652' title='bbox 2343 2994 2500 3050; x_wconf 88' lang='lat' dir='ltr'><strong>quem</strong></span> <span class='ocrx_word' id='word_1_653' title='bbox 2537 2987 2645 3034; x_wconf 87' lang='lat' dir='ltr'><strong>tota</strong></span> <span class='ocrx_word' id='word_1_654' title='bbox 2671 2980 2850 3033; x_wconf 84' lang='lat' dir='ltr'><strong>anima</strong></span> <span class='ocrx_word' id='word_1_655' title='bbox 2881 2980 3377 3051; x_wconf 84' lang='lat' dir='ltr'><strong>qttinquepartitum</strong></span> <span class='ocrx_word' id='word_1_656' title='bbox 3406 2981 3652 3049; x_wconf 88' lang='lat' dir='ltr'><strong>corporis</strong></span> <span class='ocrx_word' id='word_1_657' title='bbox 3677 2993 3793 3034; x_wconf 86' lang='lat' dir='ltr'><strong>sen-</strong></span> 
     </span>
    </p>
   </div>
   <div class='ocr_carea' id='block_1_88' title="bbox 2219 3071 3790 3142">
    <p class='ocr_par' dir='ltr' id='par_1_88' title="bbox 2219 3071 3790 3142">
     <span class='ocr_line' id='line_1_88' title="bbox 2219 3071 3790 3142; baseline 0.001 -18"><span class='ocrx_word' id='word_1_658' title='bbox 2219 3084 2334 3124; x_wconf 91' lang='lat' dir='ltr'><strong>sum</strong></span> <span class='ocrx_word' id='word_1_659' title='bbox 2363 3078 2606 3141; x_wconf 87' lang='lat' dir='ltr'><strong>vegetat,</strong></span> <span class='ocrx_word' id='word_1_660' title='bbox 2638 3071 2805 3141; x_wconf 82' lang='lat' dir='ltr'><strong>regit,</strong></span> <span class='ocrx_word' id='word_1_661' title='bbox 2834 3081 3112 3141; x_wconf 90' lang='lat' dir='ltr'><strong>totumque</strong></span> <span class='ocrx_word' id='word_1_662' title='bbox 3140 3087 3336 3142; x_wconf 91' lang='lat' dir='ltr'><strong>corpus</strong></span> <span class='ocrx_word' id='word_1_663' title='bbox 3368 3072 3623 3126; x_wconf 84' lang='lat' dir='ltr'><strong>viviﬁcat.</strong></span> <span class='ocrx_word' id='word_1_664' title='bbox 3652 3072 3790 3138; x_wconf 76' lang='lat' dir='ltr'><strong>Quo-</strong></span> 
     </span>
    </p>
   </div>
   <div class='ocr_carea' id='block_1_89' title="bbox 2099 3150 3795 3232">
    <p class='ocr_par' dir='ltr' id='par_1_89' title="bbox 2099 3150 3795 3232">
     <span class='ocr_line' id='line_1_89' title="bbox 2099 3150 3795 3232; baseline -0.001 -16"><span class='ocrx_word' id='word_1_665' title='bbox 2099 3167 2113 3189; x_wconf 90' lang='lat'><strong>’</strong></span> <span class='ocrx_word' id='word_1_666' title='bbox 2145 3150 2187 3209; x_wconf 80' lang='lat' dir='ltr'><strong>C</strong></span> <span class='ocrx_word' id='word_1_667' title='bbox 2223 3163 2361 3216; x_wconf 88' lang='lat' dir='ltr'><strong>niam</strong></span> <span class='ocrx_word' id='word_1_668' title='bbox 2396 3163 2579 3232; x_wconf 88' lang='lat' dir='ltr'><strong>itaque</strong></span> <span class='ocrx_word' id='word_1_669' title='bbox 2625 3164 2804 3217; x_wconf 86' lang='lat' dir='ltr'><strong>anima</strong></span> <span class='ocrx_word' id='word_1_670' title='bbox 2836 3163 3116 3218; x_wconf 84' lang='lat' dir='ltr'><strong>rationalis</strong></span> <span class='ocrx_word' id='word_1_671' title='bbox 3151 3163 3227 3217; x_wconf 91' lang='lat' dir='ltr'><strong>nil</strong></span> <span class='ocrx_word' id='word_1_672' title='bbox 3257 3164 3320 3218; x_wconf 90' lang='lat' dir='ltr'><strong>de</strong></span> <span class='ocrx_word' id='word_1_673' title='bbox 3360 3164 3609 3231; x_wconf 87' lang='lat' dir='ltr'><strong>supernis</strong></span> <span class='ocrx_word' id='word_1_674' title='bbox 3647 3163 3795 3217; x_wconf 84' lang='lat' dir='ltr'><strong>donis</strong></span> 
     </span>
    </p>
   </div>
   <div class='ocr_carea' id='block_1_90' title="bbox 2218 3253 3793 3323">
    <p class='ocr_par' dir='ltr' id='par_1_90' title="bbox 2218 3253 3793 3323">
     <span class='ocr_line' id='line_1_90' title="bbox 2218 3253 3793 3323; baseline -0.001 -17"><span class='ocrx_word' id='word_1_675' title='bbox 2218 3253 2495 3322; x_wconf 89' lang='lat' dir='ltr'><strong>percipere</strong></span> <span class='ocrx_word' id='word_1_676' title='bbox 2532 3254 2692 3317; x_wconf 87' lang='lat' dir='ltr'><strong>valet,</strong></span> <span class='ocrx_word' id='word_1_677' title='bbox 2740 3254 2840 3308; x_wconf 87' lang='lat' dir='ltr'><strong>nisi</strong></span> <span class='ocrx_word' id='word_1_678' title='bbox 2879 3269 2974 3323; x_wconf 89' lang='lat' dir='ltr'><strong>per</strong></span> <span class='ocrx_word' id='word_1_679' title='bbox 3016 3254 3186 3307; x_wconf 85' lang='lat' dir='ltr'><strong>virum</strong></span> <span class='ocrx_word' id='word_1_680' title='bbox 3237 3269 3416 3317; x_wconf 87' lang='lat' dir='ltr'><strong>suum,</strong></span> <span class='ocrx_word' id='word_1_681' title='bbox 3449 3254 3551 3307; x_wconf 91' lang='lat' dir='ltr'><strong>hoc</strong></span> <span class='ocrx_word' id='word_1_682' title='bbox 3591 3262 3674 3307; x_wconf 86' lang='lat' dir='ltr'><strong>est</strong></span> <span class='ocrx_word' id='word_1_683' title='bbox 3703 3267 3793 3320; x_wconf 82' lang='lat' dir='ltr'><strong>per</strong></span> 
     </span>
    </p>
   </div>
   <div class='ocr_carea' id='block_1_91' title="bbox 2219 3342 3791 3411">
    <p class='ocr_par' dir='ltr' id='par_1_91' title="bbox 2219 3342 3791 3411">
     <span class='ocr_line' id='line_1_91' title="bbox 2219 3342 3791 3411; baseline 0 -16"><span class='ocrx_word' id='word_1_684' title='bbox 2219 3342 2478 3406; x_wconf 91' lang='lat' dir='ltr'><strong>animum,</strong></span> <span class='ocrx_word' id='word_1_685' title='bbox 2510 3342 2598 3411; x_wconf 91' lang='lat' dir='ltr'><strong>qui</strong></span> <span class='ocrx_word' id='word_1_686' title='bbox 2632 3343 2988 3411; x_wconf 87' lang='lat' dir='ltr'><strong>principatum</strong></span> <span class='ocrx_word' id='word_1_687' title='bbox 3029 3343 3188 3397; x_wconf 81' lang='lat' dir='ltr'><strong>totius</strong></span> <span class='ocrx_word' id='word_1_688' title='bbox 3219 3351 3451 3406; x_wconf 28' lang='lat' dir='ltr'><strong>naturae.</strong></span> <span class='ocrx_word' id='word_1_689' title='bbox 3475 3349 3647 3405; x_wconf 89' lang='lat' dir='ltr'><strong>tenet,</strong></span> <span class='ocrx_word' id='word_1_690' title='bbox 3685 3357 3791 3395; x_wconf 89' lang='lat' dir='ltr'><strong>mc-</strong></span> 
     </span>
    </p>
   </div>
   <div class='ocr_carea' id='block_1_92' title="bbox 2220 3433 3795 3503">
    <p class='ocr_par' dir='ltr' id='par_1_92' title="bbox 2220 3433 3795 3503">
     <span class='ocr_line' id='line_1_92' title="bbox 2220 3433 3795 3503; baseline -0.001 -16"><span class='ocrx_word' id='word_1_691' title='bbox 2220 3433 2323 3487; x_wconf 87' lang='lat' dir='ltr'><strong>rito</strong></span> <span class='ocrx_word' id='word_1_692' title='bbox 2346 3433 2566 3503; x_wconf 83' lang='lat' dir='ltr'><strong>jubctur</strong></span> <span class='ocrx_word' id='word_1_693' title='bbox 2611 3434 2632 3464; x_wconf 81' lang='grc'>³</span> <span class='ocrx_word' id='word_1_694' title='bbox 2682 3434 2893 3496; x_wconf 89' lang='lat' dir='ltr'><strong>mulier,</strong></span> <span class='ocrx_word' id='word_1_695' title='bbox 2939 3435 3118 3488; x_wconf 90' lang='lat' dir='ltr'><strong>anima</strong></span> <span class='ocrx_word' id='word_1_696' title='bbox 3167 3433 3449 3498; x_wconf 83' lang='lat' dir='ltr'><strong>videlicet,</strong></span> <span class='ocrx_word' id='word_1_697' title='bbox 3496 3447 3690 3487; x_wconf 87' lang='lat' dir='ltr'><strong>vocare</strong></span> <span class='ocrx_word' id='word_1_698' title='bbox 3715 3434 3795 3486; x_wconf 81' lang='lat' dir='ltr'><strong>vi-</strong></span> 
     </span>
    </p>
   </div>
   <div class='ocr_carea' id='block_1_93' title="bbox 2220 3525 3796 3593">
    <p class='ocr_par' dir='ltr' id='par_1_93' title="bbox 2220 3525 3796 3593">
     <span class='ocr_line' id='line_1_93' title="bbox 2220 3525 3796 3593; baseline -0.003 -15"><span class='ocrx_word' id='word_1_699' title='bbox 2220 3541 2337 3578; x_wconf 89' lang='lat' dir='ltr'><strong>rum</strong></span> <span class='ocrx_word' id='word_1_700' title='bbox 2365 3540 2542 3588; x_wconf 91' lang='lat' dir='ltr'><strong>suum,</strong></span> <span class='ocrx_word' id='word_1_701' title='bbox 2575 3525 2904 3580; x_wconf 88' lang='lat' dir='ltr'><strong>intellectum</strong></span> <span class='ocrx_word' id='word_1_702' title='bbox 2936 3541 3110 3588; x_wconf 89' lang='lat' dir='ltr'><strong>suum,</strong></span> <span class='ocrx_word' id='word_1_703' title='bbox 3143 3540 3264 3580; x_wconf 92' lang='lat' dir='ltr'><strong>cum</strong></span> <span class='ocrx_word' id='word_1_704' title='bbox 3299 3540 3406 3593; x_wconf 90' lang='lat' dir='ltr'><strong>quo</strong></span> <span class='ocrx_word' id='word_1_705' title='bbox 3432 3533 3486 3578; x_wconf 88' lang='lat' dir='ltr'><strong>et</strong></span> <span class='ocrx_word' id='word_1_706' title='bbox 3516 3538 3615 3591; x_wconf 86' lang='lat' dir='ltr'><strong>per</strong></span> <span class='ocrx_word' id='word_1_707' title='bbox 3641 3537 3796 3592; x_wconf 79' lang='lat' dir='ltr'><strong>quem</strong></span> 
     </span>
    </p>
   </div>
   <div class='ocr_carea' id='block_1_94' title="bbox 2219 3613 3797 3685">
    <p class='ocr_par' dir='ltr' id='par_1_94' title="bbox 2219 3613 3797 3685">
     <span class='ocr_line' id='line_1_94' title="bbox 2219 3613 3797 3685; baseline -0.001 -17"><span class='ocrx_word' id='word_1_708' title='bbox 2219 3616 2357 3669; x_wconf 90' lang='lat' dir='ltr'><strong>dona</strong></span> <span class='ocrx_word' id='word_1_709' title='bbox 2408 3616 2704 3685; x_wconf 71' lang='lat' dir='ltr'><strong>Spiritual.‘a</strong></span> <span class='ocrx_word' id='word_1_710' title='bbox 2758 3625 2935 3684; x_wconf 86' lang='lat' dir='ltr'><strong>potest</strong></span> <span class='ocrx_word' id='word_1_711' title='bbox 2987 3617 3192 3678; x_wconf 84' lang='lat' dir='ltr'><strong>bibere,</strong></span> <span class='ocrx_word' id='word_1_712' title='bbox 3247 3617 3450 3684; x_wconf 89' lang='lat' dir='ltr'><strong>absque</strong></span> <span class='ocrx_word' id='word_1_713' title='bbox 3503 3630 3610 3683; x_wconf 90' lang='lat' dir='ltr'><strong>quo</strong></span> <span class='ocrx_word' id='word_1_714' title='bbox 3657 3613 3797 3666; x_wconf 86' lang='lat' dir='ltr'><strong>nullo</strong></span> 
     </span>
    </p>
   </div>
   <div class='ocr_carea' id='block_1_95' title="bbox 2220 3705 3794 3778">
    <p class='ocr_par' dir='ltr' id='par_1_95' title="bbox 2220 3705 3794 3778">
     <span class='ocr_line' id='line_1_95' title="bbox 2220 3705 3794 3778; baseline -0.003 -18"><span class='ocrx_word' id='word_1_715' title='bbox 2220 3707 2376 3760; x_wconf 91' lang='lat' dir='ltr'><strong>modo</strong></span> <span class='ocrx_word' id='word_1_716' title='bbox 2425 3721 2689 3775; x_wconf 87' lang='lat' dir='ltr'><strong>supernae</strong></span> <span class='ocrx_word' id='word_1_717' title='bbox 2736 3707 2944 3777; x_wconf 81' lang='lat' dir='ltr'><strong>gratiae</strong></span> <span class='ocrx_word' id='word_1_718' title='bbox 2993 3705 3213 3778; x_wconf 87' lang='lat' dir='ltr'><strong>[potest]</strong></span> <span class='ocrx_word' id='word_1_719' title='bbox 3258 3705 3278 3736; x_wconf 74' lang='lat'><strong><em>&quot;</em></strong></span> <span class='ocrx_word' id='word_1_720' title='bbox 3320 3720 3440 3760; x_wconf 85' lang='lat' dir='ltr'><strong>esse</strong></span> <span class='ocrx_word' id='word_1_721' title='bbox 3506 3707 3794 3775; x_wconf 86' lang='lat' dir='ltr'><strong>particeps.</strong></span> 
     </span>
    </p>
   </div>
   <div class='ocr_carea' id='block_1_96' title="bbox 2219 3796 3798 3866">
    <p class='ocr_par' dir='ltr' id='par_1_96' title="bbox 2219 3796 3798 3866">
     <span class='ocr_line' id='line_1_96' title="bbox 2219 3796 3798 3866; baseline -0.003 -13"><span class='ocrx_word' id='word_1_722' title='bbox 2219 3799 2340 3853; x_wconf 87' lang='lat' dir='ltr'><strong>Ideo</strong></span> <span class='ocrx_word' id='word_1_723' title='bbox 2367 3799 2464 3862; x_wconf 90' lang='lat' dir='ltr'><strong>ait,</strong></span> <span class='ocrx_word' id='word_1_724' title='bbox 2493 3815 2618 3852; x_wconf 84' lang='lat' dir='ltr'><strong>voca</strong></span> <span class='ocrx_word' id='word_1_725' title='bbox 2658 3798 2824 3852; x_wconf 77' lang='lat' dir='ltr'><strong>virum</strong></span> <span class='ocrx_word' id='word_1_726' title='bbox 2870 3808 3015 3852; x_wconf 78' lang='lat' dir='ltr'><strong>tuam</strong></span> <span class='ocrx_word' id='word_1_727' title='bbox 3059 3809 3106 3852; x_wconf 87' lang='lat' dir='ltr'><strong>et</strong></span> <span class='ocrx_word' id='word_1_728' title='bbox 3139 3799 3252 3852; x_wconf 82' lang='lat' dir='ltr'><strong>ueni</strong></span> <span class='ocrx_word' id='word_1_729' title='bbox 3275 3799 3412 3861; x_wconf 82' lang='lat' dir='ltr'><strong>huc;</strong></span> <span class='ocrx_word' id='word_1_730' title='bbox 3453 3799 3658 3866; x_wconf 80' lang='lat' dir='ltr'><strong>absque</strong></span> <span class='ocrx_word' id='word_1_731' title='bbox 3683 3796 3798 3849; x_wconf 83' lang='lat' dir='ltr'><strong>viro</strong></span> 
     </span>
    </p>
   </div>
   <div class='ocr_carea' id='block_1_97' title="bbox 2220 3887 3796 3956">
    <p class='ocr_par' dir='ltr' id='par_1_97' title="bbox 2220 3887 3796 3956">
     <span class='ocr_line' id='line_1_97' title="bbox 2220 3887 3796 3956; baseline -0.002 -15"><span class='ocrx_word' id='word_1_732' title='bbox 2220 3896 2310 3942; x_wconf 91' lang='lat' dir='ltr'><strong>tuo</strong></span> <span class='ocrx_word' id='word_1_733' title='bbox 2347 3887 2568 3942; x_wconf 85' lang='lat' dir='ltr'><strong>minimc</strong></span> <span class='ocrx_word' id='word_1_734' title='bbox 2593 3903 2910 3956; x_wconf 81' lang='lat' dir='ltr'><strong>praesumas</strong></span> <span class='ocrx_word' id='word_1_735' title='bbox 2939 3888 3006 3942; x_wconf 86' lang='lat' dir='ltr'><strong>ad</strong></span> <span class='ocrx_word' id='word_1_736' title='bbox 3037 3903 3120 3942; x_wconf 89' lang='lat' dir='ltr'><strong>me</strong></span> <span class='ocrx_word' id='word_1_737' title='bbox 3155 3890 3356 3942; x_wconf 90' lang='lat' dir='ltr'><strong>venire.</strong></span> <span class='ocrx_word' id='word_1_738' title='bbox 3395 3887 3635 3941; x_wconf 78' lang='lat' dir='ltr'><strong>Abseute</strong></span> <span class='ocrx_word' id='word_1_739' title='bbox 3663 3901 3796 3953; x_wconf 81' lang='lat' dir='ltr'><strong>quo-</strong></span> 
     </span>
    </p>
   </div>
   <div class='ocr_carea' id='block_1_98' title="bbox 2221 3977 3799 4047">
    <p class='ocr_par' dir='ltr' id='par_1_98' title="bbox 2221 3977 3799 4047">
     <span class='ocr_line' id='line_1_98' title="bbox 2221 3977 3799 4047; baseline -0.001 -15"><span class='ocrx_word' id='word_1_740' title='bbox 2221 3993 2326 4047; x_wconf 88' lang='lat' dir='ltr'><strong>que</strong></span> <span class='ocrx_word' id='word_1_741' title='bbox 2374 3977 2668 4041; x_wconf 87' lang='lat' dir='ltr'><strong>intellectu,</strong></span> <span class='ocrx_word' id='word_1_742' title='bbox 2715 3982 2875 4033; x_wconf 74' lang='lat' dir='ltr'><strong>nenia</strong></span> <span class='ocrx_word' id='word_1_743' title='bbox 2923 3979 3073 4032; x_wconf 91' lang='lat' dir='ltr'><strong>novit</strong></span> <span class='ocrx_word' id='word_1_744' title='bbox 3106 3978 3444 4032; x_wconf 87' lang='lat' dir='ltr'><strong>altitudinem</strong></span> <span class='ocrx_word' id='word_1_745' title='bbox 3501 3977 3799 4047; x_wconf 81' lang='lat' dir='ltr'><strong>tlteologiae</strong></span> 
     </span>
    </p>
   </div>
   <div class='ocr_carea' id='block_1_99' title="bbox 2222 4067 3532 4138">
    <p class='ocr_par' dir='ltr' id='par_1_99' title="bbox 2222 4067 3532 4138">
     <span class='ocr_line' id='line_1_99' title="bbox 2222 4067 3532 4138; baseline -0.002 -16"><span class='ocrx_word' id='word_1_746' title='bbox 2222 4069 2532 4130; x_wconf 87' lang='lat' dir='ltr'><strong>ascendere,</strong></span> <span class='ocrx_word' id='word_1_747' title='bbox 2563 4083 2663 4122; x_wconf 90' lang='lat' dir='ltr'><strong>nec</strong></span> <span class='ocrx_word' id='word_1_748' title='bbox 2693 4069 2830 4122; x_wconf 85' lang='lat' dir='ltr'><strong>dona</strong></span> <span class='ocrx_word' id='word_1_749' title='bbox 2859 4068 3157 4138; x_wconf 84' lang='lat' dir='ltr'><strong>spiritualia</strong></span> <span class='ocrx_word' id='word_1_750' title='bbox 3189 4067 3532 4137; x_wconf 71' lang='lat' dir='ltr'><strong>participare.</strong></span> 
     </span>
    </p>
   </div>
   <div class='ocr_carea' id='block_1_100' title="bbox 2291 4155 3800 4229">
    <p class='ocr_par' dir='ltr' id='par_1_100' title="bbox 2291 4155 3800 4229">
     <span class='ocr_line' id='line_1_100' title="bbox 2291 4155 3800 4229; baseline -0.001 -20"><span class='ocrx_word' id='word_1_751' title='bbox 2291 4155 2575 4226; x_wconf 81' lang='lat' dir='ltr'><strong>Respondit</strong></span> <span class='ocrx_word' id='word_1_752' title='bbox 2612 4156 2806 4229; x_wconf 69' lang='lat' dir='ltr'><strong>mulier~</strong></span> <span class='ocrx_word' id='word_1_753' title='bbox 2825 4168 2871 4208; x_wconf 85' lang='lat' dir='ltr'><strong>et</strong></span> <span class='ocrx_word' id='word_1_754' title='bbox 2898 4157 3030 4209; x_wconf 74' lang='lat' dir='ltr'><strong>dixit</strong></span> <span class='ocrx_word' id='word_1_755' title='bbox 3053 4159 3098 4210; x_wconf 88' lang='lat' dir='ltr'><strong>ei</strong></span> <span class='ocrx_word' id='word_1_756' title='bbox 3119 4169 3138 4207; x_wconf 86' lang='lat'><strong>.&#39;</strong></span> <span class='ocrx_word' id='word_1_757' title='bbox 3170 4155 3287 4210; x_wconf 73' lang='lat' dir='ltr'><strong>Non</strong></span> <span class='ocrx_word' id='word_1_758' title='bbox 3307 4157 3470 4210; x_wconf 81' lang='lat' dir='ltr'><strong>habeo</strong></span> <span class='ocrx_word' id='word_1_759' title='bbox 3493 4157 3678 4210; x_wconf 70' lang='lat' dir='ltr'><strong>virum.</strong></span> <span class='ocrx_word' id='word_1_760' title='bbox 3704 4155 3800 4208; x_wconf 81' lang='lat' dir='ltr'><strong>Di-</strong></span> 
     </span>
    </p>
   </div>
   <div class='ocr_carea' id='block_1_101' title="bbox 2222 4246 3803 4316">
    <p class='ocr_par' dir='ltr' id='par_1_101' title="bbox 2222 4246 3803 4316">
     <span class='ocr_line' id='line_1_101' title="bbox 2222 4246 3803 4316; baseline 0.001 -17"><span class='ocrx_word' id='word_1_761' title='bbox 2222 4247 2288 4299; x_wconf 91' lang='lat' dir='ltr'><strong>cit</strong></span> <span class='ocrx_word' id='word_1_762' title='bbox 2310 4248 2356 4300; x_wconf 87' lang='lat' dir='ltr'><strong>ei</strong></span> <span class='ocrx_word' id='word_1_763' title='bbox 2379 4246 2537 4300; x_wconf 86' lang='lat' dir='ltr'><strong>Jesus</strong></span> <span class='ocrx_word' id='word_1_764' title='bbox 2561 4261 2577 4298; x_wconf 91' lang='lat'><strong><em>:</em></strong></span> <span class='ocrx_word' id='word_1_765' title='bbox 2600 4246 2739 4299; x_wconf 82' lang='lat' dir='ltr'><strong>Bene</strong></span> <span class='ocrx_word' id='word_1_766' title='bbox 2760 4246 2958 4308; x_wconf 71' lang='lat' dir='ltr'><strong>dixisti,</strong></span> <span class='ocrx_word' id='word_1_767' title='bbox 2983 4249 3103 4316; x_wconf 86' lang='lat' dir='ltr'><strong>quia</strong></span> <span class='ocrx_word' id='word_1_768' title='bbox 3123 4249 3287 4300; x_wconf 79' lang='lat' dir='ltr'><strong>eiram</strong></span> <span class='ocrx_word' id='word_1_769' title='bbox 3318 4264 3419 4300; x_wconf 84' lang='lat' dir='ltr'><strong>non</strong></span> <span class='ocrx_word' id='word_1_770' title='bbox 3449 4248 3626 4300; x_wconf 80' lang='lat' dir='ltr'><strong>habes.</strong></span> <span class='ocrx_word' id='word_1_771' title='bbox 3660 4247 3803 4300; x_wconf 79' lang='lat' dir='ltr'><strong>Bene</strong></span> 
     </span>
    </p>
   </div>
   <div class='ocr_carea' id='block_1_102' title="bbox 2220 4337 3800 4406">
    <p class='ocr_par' dir='ltr' id='par_1_102' title="bbox 2220 4337 3800 4406">
     <span class='ocr_line' id='line_1_102' title="bbox 2220 4337 3800 4406; baseline -0.002 -16"><span class='ocrx_word' id='word_1_772' title='bbox 2220 4337 2433 4401; x_wconf 81' lang='lat' dir='ltr'><strong>dixisti,</strong></span> <span class='ocrx_word' id='word_1_773' title='bbox 2455 4338 2558 4402; x_wconf 88' lang='lat' dir='ltr'><strong>ait;</strong></span> <span class='ocrx_word' id='word_1_774' title='bbox 2603 4337 2778 4400; x_wconf 91' lang='lat' dir='ltr'><strong>laudo,</strong></span> <span class='ocrx_word' id='word_1_775' title='bbox 2806 4337 2948 4406; x_wconf 92' lang='lat' dir='ltr'><strong>quod</strong></span> <span class='ocrx_word' id='word_1_776' title='bbox 2986 4337 3184 4399; x_wconf 85' lang='lat' dir='ltr'><strong>dixisti,</strong></span> <span class='ocrx_word' id='word_1_777' title='bbox 3213 4352 3352 4406; x_wconf 86' lang='lat' dir='ltr'><strong>quae</strong></span> <span class='ocrx_word' id='word_1_778' title='bbox 3383 4337 3403 4367; x_wconf 86' lang='grc'><strong><em>⁸</em></strong></span> <span class='ocrx_word' id='word_1_779' title='bbox 3431 4352 3558 4391; x_wconf 86' lang='lat' dir='ltr'><strong>vere</strong></span> <span class='ocrx_word' id='word_1_780' title='bbox 3597 4337 3800 4391; x_wconf 87' lang='lat' dir='ltr'><strong>dixisti.</strong></span> 
     </span>
    </p>
   </div>
   <div class='ocr_carea' id='block_1_103' title="bbox 2224 4427 3801 4496">
    <p class='ocr_par' dir='ltr' id='par_1_103' title="bbox 2224 4427 3801 4496">
     <span class='ocr_line' id='line_1_103' title="bbox 2224 4427 3801 4496; baseline -0.001 -16"><span class='ocrx_word' id='word_1_781' title='bbox 2224 4428 2355 4482; x_wconf 78' lang='lat' dir='ltr'><strong>Novi</strong></span> <span class='ocrx_word' id='word_1_782' title='bbox 2386 4430 2526 4482; x_wconf 87' lang='lat' dir='ltr'><strong>enim</strong></span> <span class='ocrx_word' id='word_1_783' title='bbox 2571 4438 2620 4483; x_wconf 84' lang='lat' dir='ltr'><strong>to</strong></span> <span class='ocrx_word' id='word_1_784' title='bbox 2651 4444 2755 4482; x_wconf 93' lang='lat' dir='ltr'><strong>non</strong></span> <span class='ocrx_word' id='word_1_785' title='bbox 2794 4428 2993 4482; x_wconf 90' lang='lat' dir='ltr'><strong>habere</strong></span> <span class='ocrx_word' id='word_1_786' title='bbox 3036 4427 3235 4492; x_wconf 90' lang='lat' dir='ltr'><strong>virmn,</strong></span> <span class='ocrx_word' id='word_1_787' title='bbox 3282 4443 3457 4496; x_wconf 87' lang='lat' dir='ltr'><strong>neque</strong></span> <span class='ocrx_word' id='word_1_788' title='bbox 3504 4428 3624 4482; x_wconf 88' lang='lat' dir='ltr'><strong>ideo</strong></span> <span class='ocrx_word' id='word_1_789' title='bbox 3656 4427 3801 4489; x_wconf 82' lang='lat' dir='ltr'><strong>novi,</strong></span> 
     </span>
    </p>
   </div>
   <div class='ocr_carea' id='block_1_104' title="bbox 2223 4517 3802 4587">
    <p class='ocr_par' dir='ltr' id='par_1_104' title="bbox 2223 4517 3802 4587">
     <span class='ocr_line' id='line_1_104' title="bbox 2223 4517 3802 4587; baseline -0.002 -17"><span class='ocrx_word' id='word_1_790' title='bbox 2223 4520 2347 4587; x_wconf 87' lang='lat' dir='ltr'><strong>quia</strong></span> <span class='ocrx_word' id='word_1_791' title='bbox 2393 4527 2446 4571; x_wconf 87' lang='lat' dir='ltr'><strong>ttt</strong></span> <span class='ocrx_word' id='word_1_792' title='bbox 2486 4517 2687 4580; x_wconf 86' lang='lat' dir='ltr'><strong>dixisti,</strong></span> <span class='ocrx_word' id='word_1_793' title='bbox 2726 4526 2775 4570; x_wconf 89' lang='lat' dir='ltr'><strong>te</strong></span> <span class='ocrx_word' id='word_1_794' title='bbox 2816 4517 3184 4580; x_wconf 74' lang='lat' dir='ltr'><strong>non—habere,</strong></span> <span class='ocrx_word' id='word_1_795' title='bbox 3225 4518 3318 4572; x_wconf 89' lang='lat' dir='ltr'><strong>sed</strong></span> <span class='ocrx_word' id='word_1_796' title='bbox 3349 4532 3444 4585; x_wconf 88' lang='lat' dir='ltr'><strong>per</strong></span> <span class='ocrx_word' id='word_1_797' title='bbox 3475 4531 3562 4570; x_wconf 88' lang='lat' dir='ltr'><strong>me</strong></span> <span class='ocrx_word' id='word_1_798' title='bbox 3604 4517 3802 4585; x_wconf 86' lang='lat' dir='ltr'><strong>ipsum,</strong></span> 
     </span>
    </p>
   </div>
   <div class='ocr_carea' id='block_1_105' title="bbox 2222 4610 2914 4666">
    <p class='ocr_par' dir='ltr' id='par_1_105' title="bbox 2222 4610 2914 4666">
     <span class='ocr_line' id='line_1_105' title="bbox 2222 4610 2914 4666; baseline 0 -2"><span class='ocrx_word' id='word_1_799' title='bbox 2222 4612 2306 4666; x_wconf 87' lang='lat' dir='ltr'><strong>cui</strong></span> <span class='ocrx_word' id='word_1_800' title='bbox 2339 4620 2495 4664; x_wconf 89' lang='lat' dir='ltr'><strong>vacat</strong></span> <span class='ocrx_word' id='word_1_801' title='bbox 2523 4610 2701 4664; x_wconf 90' lang='lat' dir='ltr'><strong>omnia</strong></span> <span class='ocrx_word' id='word_1_802' title='bbox 2737 4626 2914 4664; x_wconf 85' lang='lat' dir='ltr'><strong>nosse.</strong></span> 
     </span>
    </p>
   </div>
   <div class='ocr_carea' id='block_1_106' title="bbox 2215 4691 3801 4770">
    <p class='ocr_par' dir='ltr' id='par_1_106' title="bbox 2215 4691 3801 4770">
     <span class='ocr_line' id='line_1_106' title="bbox 2215 4691 3801 4770; baseline -0.003 -15"><span class='ocrx_word' id='word_1_803' title='bbox 2215 4691 2217 4694; x_wconf 1' lang='lat' dir='ltr'><strong>ﬁ</strong></span> <span class='ocrx_word' id='word_1_804' title='bbox 2291 4702 2529 4770; x_wconf 85' lang='lat' dir='ltr'><strong>Quinque</strong></span> <span class='ocrx_word' id='word_1_805' title='bbox 2557 4701 2691 4754; x_wconf 87' lang='lat' dir='ltr'><strong>enim</strong></span> <span class='ocrx_word' id='word_1_806' title='bbox 2730 4702 2864 4754; x_wconf 85' lang='lat' dir='ltr'><strong>viros</strong></span> <span class='ocrx_word' id='word_1_807' title='bbox 2899 4701 3147 4762; x_wconf 80' lang='lat' dir='ltr'><strong>habuisti,</strong></span> <span class='ocrx_word' id='word_1_808' title='bbox 3180 4710 3227 4753; x_wconf 87' lang='lat' dir='ltr'><strong>et</strong></span> <span class='ocrx_word' id='word_1_809' title='bbox 3260 4717 3397 4754; x_wconf 87' lang='lat' dir='ltr'><strong>nunc</strong></span> <span class='ocrx_word' id='word_1_810' title='bbox 3433 4717 3588 4769; x_wconf 84' lang='lat' dir='ltr'><strong>quem</strong></span> <span class='ocrx_word' id='word_1_811' title='bbox 3618 4699 3801 4762; x_wconf 77' lang='lat' dir='ltr'><strong>habes,</strong></span> 
     </span>
    </p>
   </div>
   <div class='ocr_carea' id='block_1_107' title="bbox 2224 4791 3802 4861">
    <p class='ocr_par' dir='ltr' id='par_1_107' title="bbox 2224 4791 3802 4861">
     <span class='ocr_line' id='line_1_107' title="bbox 2224 4791 3802 4861; baseline -0.004 -13"><span class='ocrx_word' id='word_1_812' title='bbox 2224 4812 2324 4849; x_wconf 88' lang='lat' dir='ltr'><strong>non</strong></span> <span class='ocrx_word' id='word_1_813' title='bbox 2353 4804 2427 4848; x_wconf 86' lang='lat' dir='ltr'><strong>est</strong></span> <span class='ocrx_word' id='word_1_814' title='bbox 2458 4805 2578 4846; x_wconf 86' lang='lat' dir='ltr'><strong>tuus</strong></span> <span class='ocrx_word' id='word_1_815' title='bbox 2606 4793 2716 4856; x_wconf 75' lang='lat' dir='ltr'><strong>vir;</strong></span> <span class='ocrx_word' id='word_1_816' title='bbox 2745 4792 2841 4844; x_wconf 84' lang='lat' dir='ltr'><strong>hoc</strong></span> <span class='ocrx_word' id='word_1_817' title='bbox 2879 4809 2995 4845; x_wconf 80' lang='lat' dir='ltr'><strong>vere</strong></span> <span class='ocrx_word' id='word_1_818' title='bbox 3025 4793 3228 4845; x_wconf 74' lang='lat' dir='ltr'><strong>dixisti.</strong></span> <span class='ocrx_word' id='word_1_819' title='bbox 3259 4791 3330 4845; x_wconf 89' lang='lat' dir='ltr'><strong>De</strong></span> <span class='ocrx_word' id='word_1_820' title='bbox 3381 4792 3622 4861; x_wconf 85' lang='lat' dir='ltr'><strong>quinque</strong></span> <span class='ocrx_word' id='word_1_821' title='bbox 3669 4791 3802 4842; x_wconf 78' lang='lat' dir='ltr'><strong>viris</strong></span> 
     </span>
    </p>
   </div>
   <div class='ocr_carea' id='block_1_108' title="bbox 2225 4883 3803 4956">
    <p class='ocr_par' dir='ltr' id='par_1_108' title="bbox 2225 4883 3803 4956">
     <span class='ocr_line' id='line_1_108' title="bbox 2225 4883 3803 4956; baseline -0.001 -18"><span class='ocrx_word' id='word_1_822' title='bbox 2225 4887 2478 4956; x_wconf 88' lang='lat' dir='ltr'><strong>mysticae</strong></span> <span class='ocrx_word' id='word_1_823' title='bbox 2505 4883 2764 4946; x_wconf 91' lang='lat' dir='ltr'><strong>mulieris,</strong></span> <span class='ocrx_word' id='word_1_824' title='bbox 2795 4883 2844 4938; x_wconf 90' lang='lat' dir='ltr'><strong>id</strong></span> <span class='ocrx_word' id='word_1_825' title='bbox 2868 4892 2949 4939; x_wconf 91' lang='lat' dir='ltr'><strong>est</strong></span> <span class='ocrx_word' id='word_1_826' title='bbox 2979 4884 3254 4938; x_wconf 88' lang='lat' dir='ltr'><strong>rationalis</strong></span> <span class='ocrx_word' id='word_1_827' title='bbox 3280 4884 3492 4938; x_wconf 84' lang='lat' dir='ltr'><strong>animae</strong></span> <span class='ocrx_word' id='word_1_828' title='bbox 3516 4884 3803 4938; x_wconf 86' lang='lat' dir='ltr'><strong>carnaliter</strong></span> 
     </span>
    </p>
   </div>
   <div class='ocr_carea' id='block_1_109' title="bbox 2227 4973 3802 5039">
    <p class='ocr_par' dir='ltr' id='par_1_109' title="bbox 2227 4973 3802 5039">
     <span class='ocr_line' id='line_1_109' title="bbox 2227 4973 3802 5039; baseline 0 -13"><span class='ocrx_word' id='word_1_829' title='bbox 2227 4974 2495 5030; x_wconf 87' lang='lat' dir='ltr'><strong>viventis.</strong></span> <span class='ocrx_word' id='word_1_830' title='bbox 2541 4988 2733 5026; x_wconf 87' lang='lat' dir='ltr'><strong>sensus</strong></span> <span class='ocrx_word' id='word_1_831' title='bbox 2786 4983 3066 5026; x_wconf 90' lang='lat' dir='ltr'><strong>auctorum</strong></span> <span class='ocrx_word' id='word_1_832' title='bbox 3115 4973 3412 5026; x_wconf 88' lang='lat' dir='ltr'><strong>variantur.</strong></span> <span class='ocrx_word' id='word_1_833' title='bbox 3463 4973 3695 5039; x_wconf 86' lang='lat' dir='ltr'><strong>Quidam</strong></span> <span class='ocrx_word' id='word_1_834' title='bbox 3737 4973 3802 5026; x_wconf 88' lang='lat' dir='ltr'><strong>de</strong></span> 
     </span>
    </p>
   </div>
   <div class='ocr_carea' id='block_1_110' title="bbox 2225 5059 3797 5131">
    <p class='ocr_par' dir='ltr' id='par_1_110' title="bbox 2225 5059 3797 5131">
     <span class='ocr_line' id='line_1_110' title="bbox 2225 5059 3797 5131; baseline 0 -17"><span class='ocrx_word' id='word_1_835' title='bbox 2225 5062 2460 5131; x_wconf 86' lang='lat' dir='ltr'><strong>quinque</strong></span> <span class='ocrx_word' id='word_1_836' title='bbox 2508 5061 2658 5115; x_wconf 90' lang='lat' dir='ltr'><strong>libris</strong></span> <span class='ocrx_word' id='word_1_837' title='bbox 2704 5059 2969 5115; x_wconf 86' lang='lat' dir='ltr'><strong>Mosaicae</strong></span> <span class='ocrx_word' id='word_1_838' title='bbox 3025 5061 3156 5130; x_wconf 86' lang='lat' dir='ltr'><strong>legis</strong></span> <span class='ocrx_word' id='word_1_839' title='bbox 3206 5062 3507 5131; x_wconf 88' lang='lat' dir='ltr'><strong>accipiunt;</strong></span> <span class='ocrx_word' id='word_1_840' title='bbox 3567 5077 3797 5130; x_wconf 91' lang='lat' dir='ltr'><strong>quorum</strong></span> 
     </span>
    </p>
   </div>
   <div class='ocr_carea' id='block_1_111' title="bbox 2225 5150 3800 5221">
    <p class='ocr_par' dir='ltr' id='par_1_111' title="bbox 2225 5150 3800 5221">
     <span class='ocr_line' id='line_1_111' title="bbox 2225 5150 3800 5221; baseline -0.001 -17"><span class='ocrx_word' id='word_1_841' title='bbox 2225 5167 2412 5206; x_wconf 89' lang='lat' dir='ltr'><strong>sensus</strong></span> <span class='ocrx_word' id='word_1_842' title='bbox 2461 5161 2743 5221; x_wconf 88' lang='lat' dir='ltr'><strong>propterea</strong></span> <span class='ocrx_word' id='word_1_843' title='bbox 2794 5166 2900 5205; x_wconf 90' lang='lat' dir='ltr'><strong>non</strong></span> <span class='ocrx_word' id='word_1_844' title='bbox 2954 5151 3234 5219; x_wconf 87' lang='lat' dir='ltr'><strong>probatur,</strong></span> <span class='ocrx_word' id='word_1_845' title='bbox 3285 5153 3538 5220; x_wconf 89' lang='lat' dir='ltr'><strong>quoniam</strong></span> <span class='ocrx_word' id='word_1_846' title='bbox 3584 5150 3800 5206; x_wconf 79' lang='lat' dir='ltr'><strong>Judaeis</strong></span> 
     </span>
    </p>
   </div>
   <div class='ocr_carea' id='block_1_112' title="bbox 2221 5226 3802 5306">
    <p class='ocr_par' dir='ltr' id='par_1_112' title="bbox 2221 5226 3802 5306">
     <span class='ocr_line' id='line_1_112' title="bbox 2221 5226 3802 5306; baseline -0.004 -8"><span class='ocrx_word' id='word_1_847' title='bbox 2221 5242 2554 5298; x_wconf 90' lang='lat' dir='ltr'><strong>solummodo</strong></span> <span class='ocrx_word' id='word_1_848' title='bbox 2581 5242 2705 5297; x_wconf 85' lang='lat' dir='ltr'><strong>data</strong></span> <span class='ocrx_word' id='word_1_849' title='bbox 2736 5250 2818 5296; x_wconf 87' lang='lat' dir='ltr'><strong>est</strong></span> <span class='ocrx_word' id='word_1_850' title='bbox 2845 5242 2929 5295; x_wconf 85' lang='lat' dir='ltr'><strong>lex</strong></span> <span class='ocrx_word' id='word_1_851' title='bbox 2960 5241 3212 5306; x_wconf 86' lang='lat' dir='ltr'><strong>Mosaica,</strong></span> <span class='ocrx_word' id='word_1_852' title='bbox 3242 5242 3376 5295; x_wconf 90' lang='lat' dir='ltr'><strong>haec</strong></span> <span class='ocrx_word' id='word_1_853' title='bbox 3404 5226 3581 5295; x_wconf 83' lang='lat' dir='ltr'><strong>autem</strong></span> <span class='ocrx_word' id='word_1_854' title='bbox 3610 5241 3802 5295; x_wconf 87' lang='lat' dir='ltr'><strong>mulier</strong></span> 
     </span>
    </p>
   </div>
   <div class='ocr_carea' id='block_1_113' title="bbox 2220 5331 3795 5408">
    <p class='ocr_par' dir='ltr' id='par_1_113' title="bbox 2220 5331 3795 5408">
     <span class='ocr_line' id='line_1_113' title="bbox 2220 5331 3795 5408; baseline -0.007 -17"><span class='ocrx_word' id='word_1_855' title='bbox 2220 5336 2542 5408; x_wconf 82' lang='lat' dir='ltr'><strong>generaliter</strong></span> <span class='ocrx_word' id='word_1_856' title='bbox 2600 5349 2815 5388; x_wconf 91' lang='lat' dir='ltr'><strong>omnem</strong></span> <span class='ocrx_word' id='word_1_857' title='bbox 2871 5335 3161 5386; x_wconf 90' lang='lat' dir='ltr'><strong>humanam</strong></span> <span class='ocrx_word' id='word_1_858' title='bbox 3222 5334 3457 5386; x_wconf 90' lang='lat' dir='ltr'><strong>animam</strong></span> <span class='ocrx_word' id='word_1_859' title='bbox 3508 5331 3795 5400; x_wconf 81' lang='lat' dir='ltr'><strong>signiﬁcat.</strong></span> 
     </span>
    </p>
   </div>
   <div class='ocr_carea' id='block_1_114' title="bbox 2221 5421 3799 5496">
    <p class='ocr_par' dir='ltr' id='par_1_114' title="bbox 2221 5421 3799 5496">
     <span class='ocr_line' id='line_1_114' title="bbox 2221 5421 3799 5496; baseline -0.003 -16"><span class='ocrx_word' id='word_1_860' title='bbox 2221 5426 2551 5496; x_wconf 80' lang='lat' dir='ltr'><strong>Augustinus</strong></span> <span class='ocrx_word' id='word_1_861' title='bbox 2593 5425 2828 5494; x_wconf 88' lang='lat' dir='ltr'><strong>quinque</strong></span> <span class='ocrx_word' id='word_1_862' title='bbox 2873 5439 3061 5478; x_wconf 87' lang='lat' dir='ltr'><strong>sensus</strong></span> <span class='ocrx_word' id='word_1_863' title='bbox 3109 5423 3350 5493; x_wconf 89' lang='lat' dir='ltr'><strong>corporis</strong></span> <span class='ocrx_word' id='word_1_864' title='bbox 3387 5421 3626 5492; x_wconf 84' lang='lat' dir='ltr'><strong>quinque</strong></span> <span class='ocrx_word' id='word_1_865' title='bbox 3656 5422 3799 5476; x_wconf 82' lang='lat' dir='ltr'><strong>viros</strong></span> 
     </span>
    </p>
   </div>
   <div class='ocr_carea' id='block_1_115' title="bbox 1858 5556 2540 5613">
    <p class='ocr_par' dir='ltr' id='par_1_115' title="bbox 1858 5556 2540 5613">
     <span class='ocr_line' id='line_1_115' title="bbox 1858 5556 2540 5613; baseline -0.001 -2"><span class='ocrx_word' id='word_1_866' title='bbox 1858 5560 2100 5613; x_wconf 63' lang='grc' dir='ltr'><strong>κ’ΛΙῖΙΑΙΓ</strong></span> <span class='ocrx_word' id='word_1_867' title='bbox 2144 5556 2540 5613; x_wconf 78' lang='lat' dir='ltr'><strong>LECTIONES.</strong></span> 
     </span>
    </p>
   </div>
   <div class='ocr_carea' id='block_1_116' title="bbox 609 5652 1878 5723">
    <p class='ocr_par' dir='ltr' id='par_1_116' title="bbox 609 5652 1878 5723">
     <span class='ocr_line' id='line_1_116' title="bbox 609 5652 1878 5723; baseline 0.002 -18"><span class='ocrx_word' id='word_1_868' title='bbox 609 5653 621 5681; x_wconf 84' lang='grc'>¹</span> <span class='ocrx_word' id='word_1_869' title='bbox 661 5652 788 5705; x_wconf 80' lang='lat' dir='ltr'><strong>Cod.</strong></span> <span class='ocrx_word' id='word_1_870' title='bbox 821 5654 1226 5709; x_wconf 74' lang='lat' dir='ltr'><strong>delectationem.</strong></span> <span class='ocrx_word' id='word_1_871' title='bbox 1307 5658 1323 5684; x_wconf 85' lang='lat'><strong>&#39;-&#39;</strong></span> <span class='ocrx_word' id='word_1_872' title='bbox 1355 5655 1483 5709; x_wconf 80' lang='lat' dir='ltr'><strong>Cod.</strong></span> <span class='ocrx_word' id='word_1_873' title='bbox 1517 5653 1878 5723; x_wconf 69' lang='lat' dir='ltr'><strong>praetendant.</strong></span> 
     </span>
    </p>
   </div>
   <div class='ocr_carea' id='block_1_117' title="bbox 532 5724 858 5792">
    <p class='ocr_par' dir='ltr' id='par_1_117' title="bbox 532 5724 858 5792">
     <span class='ocr_line' id='line_1_117' title="bbox 532 5724 858 5792; baseline -0.003 -16"><span class='ocrx_word' id='word_1_874' title='bbox 532 5724 668 5776; x_wconf 83' lang='lat' dir='ltr'><strong>forte</strong></span> <span class='ocrx_word' id='word_1_875' title='bbox 695 5725 816 5792; x_wconf 73' lang='lat' dir='ltr'><strong>quia</strong></span> <span class='ocrx_word' id='word_1_876' title='bbox 836 5727 858 5775; x_wconf 75' lang='lat'><strong>1’</strong></span> 
     </span>
    </p>
   </div>
   <div class='ocr_carea' id='block_1_118' title="bbox 1959 5655 2380 5708">
    <p class='ocr_par' dir='ltr' id='par_1_118' title="bbox 1959 5655 2380 5708">
     <span class='ocr_line' id='line_1_118' title="bbox 1959 5655 2380 5708; baseline -0.005 0"><span class='ocrx_word' id='word_1_877' title='bbox 1959 5655 1978 5684; x_wconf 84' lang='grc'><strong>³</strong></span> <span class='ocrx_word' id='word_1_878' title='bbox 2000 5655 2126 5708; x_wconf 88' lang='lat' dir='ltr'><strong>Cod.</strong></span> <span class='ocrx_word' id='word_1_879' title='bbox 2161 5655 2380 5707; x_wconf 85' lang='lat' dir='ltr'><strong>iurctur.</strong></span> 
     </span>
    </p>
   </div>
   <div class='ocr_carea' id='block_1_119' title="bbox 2460 5648 3788 5721">
    <p class='ocr_par' dir='ltr' id='par_1_119' title="bbox 2460 5648 3788 5721">
     <span class='ocr_line' id='line_1_119' title="bbox 2460 5648 3788 5721; baseline -0.008 -16"><span class='ocrx_word' id='word_1_880' title='bbox 2460 5651 2478 5680; x_wconf 67' lang='grc'><strong><em>⁸</em></strong></span> <span class='ocrx_word' id='word_1_881' title='bbox 2510 5661 2670 5721; x_wconf 82' lang='lat' dir='ltr'><strong>potest</strong></span> <span class='ocrx_word' id='word_1_882' title='bbox 2703 5668 2805 5704; x_wconf 75' lang='lat' dir='ltr'><strong>oni.</strong></span> <span class='ocrx_word' id='word_1_883' title='bbox 2837 5651 2979 5718; x_wconf 72' lang='lat' dir='ltr'><strong>cod,</strong></span> <span class='ocrx_word' id='word_1_884' title='bbox 3026 5652 3144 5704; x_wconf 66' lang='lat' dir='ltr'><strong>aeld.</strong></span> <span class='ocrx_word' id='word_1_885' title='bbox 3171 5667 3233 5706; x_wconf 76' lang='lat' dir='ltr'><strong>ex</strong></span> <span class='ocrx_word' id='word_1_886' title='bbox 3261 5651 3402 5719; x_wconf 80' lang='lat' dir='ltr'><strong>conj.</strong></span> <span class='ocrx_word' id='word_1_887' title='bbox 3482 5651 3499 5679; x_wconf 76' lang='grc'><strong>⁵</strong></span> <span class='ocrx_word' id='word_1_888' title='bbox 3531 5648 3619 5702; x_wconf 87' lang='lat' dir='ltr'><strong>Sic</strong></span> <span class='ocrx_word' id='word_1_889' title='bbox 3651 5648 3788 5704; x_wconf 59' lang='grc' dir='ltr'><strong>ωλι..</strong></span> 
     </span>
    </p>
   </div>
  </div>
