4028 6274
212 412 323 473 337

1224 389 1576 463 Genuam.
1617 398 1683 456 1N
1721 394 1972 454 EVANG.
2014 370 2161 453 ssc.
2195 394 2385 453 JOAN.

3365 383 3479 442 33S

214 522 507 593 intelligit,
560 519 662 575 sub
714 521 912 589 quibus
967 532 1399 588 unamquamque
1457 516 1693 571 animam
1734 513 1751 543 ¹
1782 551 1799 577 ,
1827 517 1872 574 Α
1904 511 2179 582 preposuit
2204 510 2593 581 quaestionem,
2623 523 2687 562 ac
2707 504 2751 561 si
2776 505 3007 563 diceret:
3028 504 3293 571 Quoniam
3317 500 3471 555 vinco

213 615 535 685 priusquam
565 610 633 665 ad
668 609 962 679 perfectam
1008 618 1237 663 aetatem
1279 607 1524 670 venerit,
1566 620 1670 675 qua
1711 618 1799 658 raa

217 705 371 757 tione
399 700 479 755 uti
507 700 697 768 possit,
727 715 832 753 non
861 700 1078 754 dubium
1111 707 1196 755 est
1224 699 1425 754 vivere.
1467 696 1628 750 Visus
1655 694 1797 757 enim

1903 615 1955 659 te
1983 613 2038 657 et
2067 602 2431 658 indubitanter
2479 615 2743 670 cognosco
2789 599 3106 667 prophetam
3148 610 3291 659 esse,
3322 592 3472 649 solve

1903 694 2033 748 mihi
2086 693 2490 764 quaestionem,
2538 692 2604 746 de
2651 704 2757 759 qua
2799 685 2986 742 Judaei
3037 693 3091 739 et
3144 679 3471 738 Samaritani

217 792 277 846 in
321 790 620 845 infantibus
654 791 829 858 viget,
872 788 1121 842 similiter
1156 788 1392 856 auditus,
1426 784 1672 843 olfactus,
1706 799 1802 853 gu—
1900 786 2263 849 contendunt,
2306 783 2372 837 de
2414 782 2532 836 loco
2569 778 2821 833 videlicet
2859 773 3116 829 adorandi
3148 773 3334 832 Deum,
3373 784 3473 840 pro

215 894 362 944 stus,
394 890 592 934 tactus.
642 876 792 935 Ultra
820 877 920 934 hos
947 877 1181 934 carnalis
1219 879 1394 932 adhuc
1431 877 1608 930 anima
1638 884 1802 944 atque

1902 889 2005 943 qua
2047 873 2146 941 ipsi
2175 871 2363 927 Judaei
2394 870 2547 925 nobis
2581 884 2687 923 non
2718 872 3034 927 contuntur,
3060 862 3164 916 hoc
3192 868 3298 925 est,
3324 874 3357 915 a
3385 874 3474 911 no-

220 971 487 1028 inl'antilis
514 970 643 1025 nihil
677 979 855 1040 potest
882 970 1226 1039 participare.
1259 968 1392 1022 Dum
1425 975 1604 1020 autem
1630 979 1801 1019 vene-
1900 961 1986 1016 bis
2013 961 2363 1016 dissentiunt.

218 1062 301 1116 rit
325 1062 394 1114 ad
421 1069 653 1114 aetatem
684 1059 944 1124 adultam,
974 1058 1128 1127 quasi
1157 1057 1367 1113 cuidam
1395 1064 1548 1111 sexto
1573 1056 1689 1109 viro
1714 1068 1805 1109 co-

218 1151 465 1221 pulatur,
496 1149 549 1205 id
577 1159 660 1204 est
688 1149 904 1203 rationi.
936 1148 1109 1218 Saepe
1139 1158 1330 1203 tamen-
1361 1146 1597 1203 carnalis
1625 1146 1805 1200 anima

221 1252 398 1309 atque
448 1239 728 1306 insipiens,
774 1224 1019 1309 neglecto
1062 1236 1371 1292 rationabili
1422 1245 1590 1301 metu,
1638 1235 1805 1290 veluti

221 1330 465 1386 naturali
493 1331 608 1384 viro
633 1329 804 1384 errori
835 1328 1099 1391 subditur,
1128 1342 1158 1383 a
1190 1342 1297 1397 quo
1322 1337 1376 1383 et
1402 1341 1497 1396 per
1522 1340 1680 1394 quem
1709 1324 1807 1378 l'al-

223 1420 378 1483 litur,
411 1421 473 1473 et'
494 1433 580 1482 ea,
605 1432 745 1487 quae
768 1427 956 1474 contra
983 1427 1229 1473 naturam
1259 1418 1340 1472 sui
1370 1426 1519 1481 sunt,
1547 1415 1808 1469 derelicto

223 1509 467 1565 naturali
513 1510 702 1564 ordine
747 1509 965 1579 appetit.
1026 1509 1257 1577 Ideoque
1301 1508 1367 1563 de
1417 1522 1483 1564 eo
1514 1506 1731 1570 dicitur,
1758 1513 1806 1559 et

225 1619 370 1656 nunc
403 1619 554 1671 quem
590 1601 746 1654 habes
780 1617 881 1654 non
910 1610 985 1654 est
1015 1609 1135 1654 tuus
1161 1601 1279 1664 vir;
1319 1612 1466 1654 tuum
1500 1599 1674 1652 virum
1715 1597 1807 1652 de-

224 1694 448 1748 seruisti
477 1702 534 1747 et
556 1692 776 1746 obedire
803 1692 850 1745 ei
890 1692 1133 1756 noluisti,
1178 1692 1482 1746 adulterum
1511 1700 1695 1744 secuta
1723 1704 1802 1752 es,

225 1799 296 1838 ac
322 1798 422 1851 per
444 1783 546 1837 huc
574 1780 814 1835 adultera
844 1780 1006 1835 facta.
1036 1781 1142 1836 Sed
1168 1782 1212 1835 si
1240 1781 1320 1835 vis
1344 1781 1528 1835 bibere
1557 1781 1621 1834 de
1647 1795 1802 1848 aqua,

1980 1050 2162 1106 Patres
2193 1051 2355 1104 nostri
2396 1049 2453 1102 in
2478 1055 2651 1100 monte
2686 1046 2783 1099 hoc
2812 1041 3124 1095 adorabunt.
3175 1037 3231 1092 ld
3257 1044 3360 1102 est,
3386 1035 3474 1091 Ja-

1903 1144 2025 1207 cob,
2054 1151 2111 1197 et
2138 1141 2229 1196 lilii
2257 1138 2398 1209 ejus,
2436 1147 2491 1194 et
2519 1152 2708 1192 omnes
2735 1130 3084 1195 Samaritani,
3114 1128 3204 1198 qui
3234 1127 3334 1183 sub
3359 1126 3479 1196 lege

1905 1232 2139 1287 Mosaica
2183 1231 2470 1301 degebant,
2496 1235 2551 1281 et
2595 1240 2711 1289 vos,
2739 1221 2947 1281 Judaei.
2991 1219 3194 1283 dicitis,
3240 1216 3365 1287 quia
3420 1216 3476 1268 in

1905 1320 2291 1391 Hierosolymis
2330 1326 2414 1373 est
2439 1316 2608 1379 locus,
2637 1313 2725 1367 ubi
2754 1318 2968 1382 Oportet
2996 1310 3240 1363 adorare.
3294 1307 3348 1360 ln
3376 1306 3479 1360 hoc

1906 1413 2088 1479 itaque
2108 1408 2472 1470 dissentimus,
2497 1405 2553 1459 in
2576 1405 2679 1458 hoc
2705 1401 3033 1457 unanimiter
3053 1413 3158 1452 non
3186 1397 3475 1451 eoutimur.

1905 1506 1962 1561 lu
1996 1514 2176 1559 monte
2202 1504 2305 1557 hoc
2333 1500 2611 1556 Samariae
2637 1497 2926 1551 adoramus
2955 1493 3142 1555 Deum,
3172 1491 3259 1544 ubi
3287 1488 3476 1551 Jacob,

1905 1613 2004 1652 vos
2034 1597 2084 1650 in
2121 1593 2317 1664 templo
2354 1587 2842 1646 Hierosolimitano.
2894 1582 3160 1650 Quoniam
3191 1582 3374 1650 itaque
3402 1578 3481 1632 vi-

1910 1690 2009 1744 deo
2040 1697 2091 1742 te
2121 1687 2460 1756 prophetam,
2494 1696 2654 1736 nosse
2701 1679 2881 1733 omnia
2916 1684 2968 1730 te
3013 1690 3117 1728 non
3152 1673 3366 1736 dubito;
3418 1685 3481 1725 ac

1908 1796 2006 1850 per
2033 1781 2137 1833 hoc
2181 1777 2263 1832 l'ac
2298 1792 2385 1831 me
2421 1783 2626 1830 certam
2665 1771 2731 1825 de
2764 1770 2866 1823 hac
2907 1766 3284 1827 contentione,
3322 1762 3373 1817 id
3400 1770 3483 1817 est

225 1887 397 1942 quam
427 1872 568 1933 dabo
604 1872 720 1937 tibi,
758 1873 914 1936 vade,
941 1887 1072 1927 voca
1106 1873 1283 1927 virum
1314 1882 1483 1935 tuum,
1515 1872 1601 1926 cui
1633 1872 1808 1941 subje-
1838 1852 1880 1910 Β
1908 1882 2087 1929 vestra
2117 1880 2171 1924 et
2192 1878 2398 1932 nostra,
2430 1865 2519 1919 ubi
2548 1863 2774 1917 adorare
2798 1860 2962 1914 Deum
2986 1857 3261 1930 debemus,
3298 1854 3351 1907 in
3380 1852 3483 1906 hoc

225 1975 316 2021 cla
351 1967 517 2022 debes
547 1966 661 2021 ﬁeri
686 1976 744 2021 et
770 1967 1036 2036 spirituali
1064 1965 1316 2037 conjugio
1344 1965 1582 2037 adjungi.
1616 1967 1812 2020 Desere

227 2057 565 2123 adulterum,
607 2073 676 2112 ne
702 2060 780 2114 sis
823 2059 1101 2124 adultera;
1151 2059 1340 2113 desere
1388 2072 1650 2117 errorem,
1705 2070 1812 2125 quo

225 2147 457 2202 seducta
490 2162 577 2211 es;
627 2147 801 2201 virum
854 2158 1004 2201 tuum
1053 2147 1354 2215 reliquisti,
1412 2154 1467 2200 et
1514 2144 1811 2198 naturalem

226 2235 504 2291 castitatis
532 2245 653 2289 tuae
677 2236 1127 2305 pulchritudinem
1152 2235 1380 2288 violasti.
1406 2233 1679 2288 Hactenus
1700 2233 1811 2286 Au-

227 2327 509 2397 gustinus.
539 2326 805 2381 Maximus
833 2327 1071 2396 quinque
1100 2327 1245 2380 viros
1273 2326 1511 2394 quinque
1542 2324 1688 2394 leges
1719 2325 1815 2377 hu-

226 2432 433 2472 manae
481 2417 695 2471 animae
748 2419 902 2471 datas
949 2416 1257 2487 signiﬁcare
1301 2414 1518 2470 asserit.
1574 2412 1812 2480 Quarum

229 2506 415 2576 prima
455 2506 509 2560 in
541 2507 792 2576 paradiso
834 2515 962 2561 ante
992 2514 1270 2576 peccatum
1309 2507 1432 2559 data
1476 2513 1558 2559 est
1585 2504 1811 2570 homini,

230 2596 301 2650 de
332 2594 519 2650 illicito
555 2607 609 2649 ct
639 2596 913 2665 prohibito
943 2595 1103 2666 ligno.
1133 2594 1379 2650 Secunda
1403 2603 1521 2664 post
1541 2593 1815 2665 praevari-

232 2684 509 2740 cationem
540 2693 595 2740 et
626 2685 995 2756 espulsiouent
1034 2684 1152 2754 ejus
1189 2686 1256 2740 de
1278 2686 1548 2756 paradiso,
1585 2685 1653 2739 de
1679 2683 1815 2738 mul-

234 2772 577 2843 tiplicatione
619 2775 887 2829 humanae
937 2775 1268 2844 propaginis.
1319 2774 1500 2829 Tertia
1535 2773 1649 2829 Noe
1685 2783 1814 2829 ante

233 2861 522 2926 diluvium,
547 2864 614 2917 de
634 2878 760 2918 arca
787 2863 1121 2920 fabricanda.
1153 2864 1354 2932 Quarta
1382 2874 1503 2934 post
1530 2863 1811 2925 diluvium,

236 2953 311 3009 de
336 2953 690 3009 divisionibus
737 2955 998 3026 gentium.
1043 2955 1240 3023 Quinta
1270 2956 1566 3019 Abraham,
1604 2956 1668 3010 de
1711 2956 1817 3010 cir-

235 3044 575 3099 cumcisione
602 3055 656 3099 et
688 3045 1053 3101 immolatione
1073 3046 1174 3100 lilii
1213 3047 1315 3101 sui.
1352 3045 1448 3100 His
1476 3046 1713 3115 quinque
1740 3045 1818 3100 le—

237 3134 433 3205 gibus,
482 3130 635 3204 quasi
695 3134 1013 3204 quibusdam
1064 3136 1301 3206 quinque
1354 3135 1522 3200 viris,
1579 3136 1812 3189 humana

239 3228 426 3281 anima
447 3227 514 3281 ab
549 3228 702 3281 initio
723 3228 904 3281 mundi
922 3244 1090 3297 usque
1110 3228 1178 3283 ad
1199 3227 1368 3297 legem
1390 3226 1554 3298 Moysi
1577 3224 1818 3295 subjecta

239 3327 386 3371 erat.
414 3315 522 3371 Lex
556 3326 733 3371 autem
762 3317 993 3384 litterae,
1025 3333 1163 3389 quae
1186 3319 1311 3372 data
1342 3326 1426 3373 est
1450 3332 1545 3387 per
1576 3317 1816 3388 Moysen,

241 3420 354 3461 non
383 3405 452 3459 ad
489 3405 816 3461 liberandam
857 3407 1093 3462 animam
1128 3408 1211 3462 vel
1249 3406 1652 3475 justiﬁeandam
1691 3407 1816 3461 data

239 3505 351 3561 est,
378 3496 473 3551 sed
497 3495 564 3550 ad
599 3498 1046 3566 redarguendam,
1080 3506 1136 3553 et
1160 3499 1479 3569 gravitatem
1508 3513 1817 3552 sacramen-

243 3596 428 3640 torum
476 3587 907 3655 opprimzudam,
942 3602 1080 3656 quae
1109 3588 1159 3643 ei
1190 3587 1389 3641 nullatn
1436 3588 1663 3642 salutem
1694 3602 1821 3641 cou-

246 3678 512 3743 tulcrant,
545 3678 649 3732 nisi
677 3679 741 3732 ad
772 3679 1000 3747 gratiam
1029 3677 1160 3732 Novi
1193 3678 1521 3733 Testameuti
1567 3676 1821 3747 confuge-

245 3781 353 3825 ret.
383 3770 494 3825 Lex
518 3771 661 3824 enim
692 3772 813 3824 data
843 3780 947 3835 est,
974 3781 1032 3825 ut
1053 3770 1225 3841 gratia
1255 3776 1624 3838 quaereretur,
1649 3768 1822 3838 gratia

244 3869 431 3914 autem
452 3861 604 3926 data,-
634 3870 694 3914 ut
738 3861 818 3915 lex
853 3861 1184 3931 impleretur.
1217 3859 1480 3926 Quoniam
1531 3858 1694 3928 igitur
1734 3856 1819 3914 lex

244 3949 464 4004 litterae
488 3950 563 4004 nil
592 3950 857 4004 humanae
888 3959 1115 4005 naturae
1155 3949 1446 4004 contulerit
1478 3949 1546 4003 ad
1570 3947 1820 4013 salutem,

242 4038 522 4093 neminem
565 4039 712 4093 enim
758 4039 842 4094 lex
876 4039 940 4093 ad
971 4038 1266 4108 perfectum
1296 4039 1468 4103 duxit,
1499 4038 1593 4094 sed
1626 4039 1695 4093 ad
1736 4054 1823 4093 eu-

242 4129 453 4185 mulum
484 4131 800 4185 delictorum
832 4131 1016 4195 valuit,
1044 4132 1182 4186 sicut
1215 4131 1289 4185 ait
1314 4130 1640 4200 Apostolus:
1674 4130 1823 4185 «Vir-

242 4228 339 4274 tus
362 4220 566 4288 peccati
590 4220 673 4274 lex
709 4243 752 4286 ι,
783 4221 921 4275 idem
951 4240 963 4274 :
999 4239 1018 4272 ι
1054 4221 1164 4276 Lex
1189 4233 1366 4275 autem
1394 4221 1737 4286 subiutravit,
1769 4229 1827 4274 ut

242 4310 547 4365 abundaret
570 4321 850 4379 peccatum
889 4331 932 4375 ι,
984 4312 1207 4382 pulchre
1253 4311 1331 4364 ait
1359 4310 1616 4365 Dominus
1645 4310 1826 4364 Sama-

240 4401 459 4455 ritauac
516 4401 584 4454 Et
612 4418 749 4456 nunc
772 4419 921 4472 quem
943 4404 1100 4456 habes
1126 4419 1230 4456 non
1254 4413 1325 4455 est
1352 4412 1472 4456 tuus
1497 4402 1594 4465 rir;
1619 4401 1827 4456 dimitte

240 4491 504 4554 litteram,
539 4507 644 4546 non
677 4501 758 4548 est
794 4502 917 4546 tuus
942 4493 1049 4558 vir;
1090 4493 1222 4547 vade
1250 4492 1317 4545 ad
1350 4492 1520 4545 virum
1553 4501 1720 4553 tuum,
1752 4491 1819 4544 ad

240 4579 497 4647 spiritum
528 4580 776 4645 litterae;
804 4597 938 4636 voca
974 4581 1142 4651 legem
1172 4581 1396 4651 gratiae,
1427 4595 1564 4648 quae
1586 4589 1671 4635 est
1698 4588 1819 4634 tuus
1851 4563 1896 4620 ί)

242 4670 418 4733 vir,-a
444 4684 553 4737 quo
602 4670 934 4740 spiritualem
966 4671 1224 4724 virttttum
1272 4669 1475 4738 prolem
1523 4669 1815 4738 concipies,

239 4774 371 4814 cum
399 4773 508 4826 quo
536 4758 674 4812 dona
716 4760 890 4814 sancti
923 4759 1156 4829 Spiritus
1198 4761 1292 4814 tibi
1344 4761 1500 4821 dabo,
1530 4761 1728 4828 quibus
1766 4777 1818 4814 tn

240 4861 334 4901 me
371 4847 595 4902 credere
642 4848 868 4903 valebis.
924 4848 1225 4918 ltepudiato
1272 4849 1435 4919 igitur
1477 4859 1631 4904 sexto
1680 4850 1818 4914 viro,

241 4936 453 4991 carnali
484 4936 727 4991 videlicet
756 4937 891 5007 lege,
917 4937 1140 5008 juhetur
1163 4938 1500 4994 rationabilis
1521 4940 1700 4993 anima
1731 4955 1821 4993 vo-

240 5039 375 5079 care
401 5025 573 5078 virum
599 5041 780 5091 suum,
812 5027 915 5080 hoc
939 5035 1024 5081 est
1053 5026 1258 5081 Novum
1291 5027 1715 5092 Testamentum,
1749 5027 1821 5082 lc-

241 5132 367 5187 gem
398 5114 629 5186 gratiae,
658 5117 758 5171 sub
780 5133 886 5187 qua
927 5118 1038 5172 sola
1078 5118 1274 5174 salvari
1307 5130 1537 5187 poterat.

316 5206 462 5261 Dicit
481 5208 530 5262 ei
552 5206 741 5261 mulier
760 5227 778 5264 :
801 5208 1041 5273 Domine,
1070 5210 1235 5274 uideo,
1257 5211 1378 5281 quia
1402 5211 1649 5279 propheta
1671 5227 1723 5263 es
1743 5221 1818 5263 tu.

244 5296 319 5352 Ut
345 5297 596 5367 cognovit
626 5296 817 5352 mulier
850 5314 916 5352 ex
960 5299 1065 5363 his,
1096 5315 1235 5367 quae
1260 5299 1308 5353 ei
1342 5300 1598 5354 Dominus
1624 5300 1691 5353 de
1721 5317 1822 5354 nu—

245 5403 402 5440 mero
451 5386 691 5439 virorum
743 5402 986 5451 suorum,
1034 5389 1207 5458 deque
1253 5403 1350 5442 suo
1392 5387 1660 5444 adulterio
1700 5404 1823 5442 cum

249 5478 371 5532 viro
417 5476 615 5541 alieno,
665 5480 805 5546 quod
865 5480 978 5548 ipse
1023 5481 1283 5549 propheta
1328 5480 1522 5546 fuerit,
1571 5482 1824 5534 continua

1909 1963 2047 2023 loco,
2078 1976 2145 2014 an
2172 1954 2564 2013 Hierosolimis.

1978 2051 2116 2105 Dicit
2143 2050 2191 2103 ei
2230 2047 2386 2101 Jesus
2412 2063 2429 2098 :
2456 2043 2670 2106 Mulier,
2694 2038 2842 2095 crede
2868 2036 3018 2101 mihi,
3046 2033 3168 2105 quia
3197 2031 3329 2087 venit
3354 2029 3483 2083 hora

1909 2141 2118 2214 quando
2141 2154 2300 2208 neque
2323 2138 2377 2189 in
2399 2143 2571 2188 monte
2590 2132 2704 2191 hoc.
2727 2144 2887 2199 neque
2904 2129 2958 2181 in
2993 2122 3356 2179 Hierosolimis
3384 2117 3480 2172 ad-

1912 2209 2122 2288 orabitis
2147 2226 2381 2281 Patrem.
2423 2221 2526 2277 Vos
2559 2221 2814 2283 adoratis,
2842 2216 2978 2289 quod
3003 2214 3234 2276 nescitis,
3271 2228 3362 2264 nos
3382 2209 3485 2263 ad-

1912 2338 2147 2385 oramus,
2168 2319 2306 2389 quod
2327 2317 2543 2370 scimus.
2570 2312 2665 2367 His
2684 2309 2866 2365 verbis
2912 2305 3151 2362 mulieris
3169 2301 3486 2372 jactantiam

1914 2410 2284 2468 Samaritanae
2331 2406 2680 2473 omniumque
2705 2399 3172 2457 Samaritanorum
3197 2392 3482 2464 opprimit.

1913 2499 2236 2559 Samaritani
2261 2497 2459 2566 quippe
2483 2495 2762 2565 putabant,
2793 2506 2853 2548 se
2880 2506 2987 2546 non
3019 2487 3245 2545 minoris
3275 2485 3490 2555 religio.

1912 2596 1999 2651 nis
2048 2593 2232 2657 fuisse,
2261 2606 2421 2659 quam
2450 2588 2660 2644 Judaei.
2691 2586 2769 2642 Ex
2795 2598 3025 2656 persona
3074 2581 3239 2654 igitur
3261 2577 3490 2635 Judaeu-

1914 2701 2033 2740 rum
2079 2682 2336 2753 loquitur,
2382 2695 2489 2734 non
2527 2678 2814 2748 impiorum
2846 2690 2904 2730 se
2956 2688 3060 2728 non
3090 2670 3488 2740 recipientium,

1915 2777 2007 2832 sed
2062 2772 2500 2844 patriarcharum
2546 2777 2602 2824 et
2630 2766 3035 2837 prophetarum,
3072 2770 3365 2824 eteorum,
3398 2760 3490 2830 qui

1917 2867 1969 2921 in
1994 2879 2052 2920 se
2081 2862 2429 2918 crediderunt
2478 2857 2636 2928 paulo
2680 2864 2805 2911 ante
2859 2854 2913 2908 in
2939 2851 3161 2907 Judaea.
3198 2848 3491 2920 Propterea

1916 2958 2028 3013 ait:
2055 2956 2164 3011 Vos
2190 2952 2428 3009 adoratis
2457 2949 2671 3003 Patrem
2711 2960 2870 3016 quem
2902 2942 3143 3006 nescitis,
3187 2955 3287 2996 nos
3312 2947 3491 2992 autem

1916 3049 2204 3104 adoramus
2252 3045 2482 3099 eundem
2531 3040 2752 3094 Patrem
2801 3051 2966 3106 quem
3023 3033 3249 3088 scimus.
3322 3028 3493 3085 Nemo

1919 3140 2062 3194 enim
2107 3142 2282 3206 potest
2328 3133 2553 3186 adorare
2579 3129 2817 3190 Patrem,
2863 3125 2966 3180 nisi
2997 3123 3147 3194 prius
3192 3118 3496 3176 adoraverit

1922 3231 2139 3287 Filium.
2183 3227 2285 3294 Qui
2321 3224 2493 3281 credit
2534 3222 2587 3276 in
2615 3219 2831 3283 Filium,
2863 3217 2976 3286 ipse
3005 3215 3153 3269 novit
3182 3211 3399 3275 Filium,
3429 3223 3495 3264 ac

1921 3336 2018 3392 per
2046 3320 2149 3374 hoc
2179 3316 2328 3370 novit
2353 3322 2406 3368 et
2430 3312 2665 3366 Patrem.
2695 3307 2785 3362 Ait
2813 3306 2959 3361 enim
2985 3321 2999 3357 :
3053 3321 3072 3353 ι
3107 3301 3370 3392 Philippe,
3401 3299 3494 3368 qui

1921 3390 2009 3467 me
2035 3410 2205 3473 videt,
2223 3414 2277 3462 et
2304 3405 2523 3459 Patrem
2554 3415 2732 3455 meum
2766 3397 2911 3451 videt
2945 3414 2990 3447 ι.
3027 3391 3107 3446 Tu
3145 3390 3327 3461 igitur,
3379 3402 3495 3440 tua,

1921 3501 2041 3565 lier,
2071 3513 2193 3553 eum
2228 3505 2315 3551 tua
2348 3502 2459 3547 tota
2487 3486 2695 3563 [gente]
2730 3483 2906 3541 nescis
2935 3481 3151 3535 Patrem
3192 3492 3350 3549 quem
3403 3474 3497 3528 ad-

1921 3606 2067 3654 oras,
2092 3588 2239 3657 'quia
2269 3585 2441 3640 adhuc
2469 3597 2574 3635 non
2610 3573 2885 3633 credidisti
2910 3573 2965 3627 in
2995 3570 3188 3625 Filium
3235 3568 3373 3637 ejus,
3401 3579 3499 3636 per
3524 3592 3531 3596 -

1922 3693 2084 3748 quem
2132 3676 2199 3730 ad
2244 3673 2423 3728 Patris
2473 3668 2721 3726 notitiam
2766 3662 3099 3736 pervenitur.
3147 3658 3216 3714 Et
3261 3659 3365 3711 huc
3415 3665 3498 3711 est

1922 3746 2065 3837 quod
2094 3763 2339 3833 sequitur
2364 3781 2379 3813 :
2408 3759 2547 3826 Quia
2586 3756 2729 3811 salus
2765 3770 2828 3808 ex
2848 3751 3091 3808 Judaeis.
3128 3748 3206 3802 Ac
3241 3746 3285 3802 si
3314 3752 3500 3829 aperte

1925 3859 2132 3929 diceret
2158 3875 2171 3909 :
2197 3855 2319 3910 Ideo
2347 3853 2551 3909 scimus
2582 3850 2726 3920 quod
2754 3847 3067 3907 adoramus,
3104 3838 3402 3909 adiungens

1924 3926 2269 4004 credentibus
2309 3942 2568 4006 Judaeis,
2614 3940 2739 4009 quia
2788 3936 2933 3992 salus
2976 3949 3040 3987 ea:
3084 3930 3326 3993 Judaeis,
3374 3924 3499 3996 quia

1924 4037 2192 4099 Christus,
2226 4035 2317 4104 qui
2345 4043 2427 4088 est
2455 4030 2619 4087 totius
2644 4026 2828 4097 mundi
2859 4025 3023 4086 salus,
3057 4036 3124 4076 ex
3152 4017 3371 4074 Judaeis
3394 4023 3499 4078 est,

1926 4147 2034 4186 non
2080 4129 2252 4183 solum
2304 4125 2513 4195 origine
2547 4120 2745 4182 carnis,
2778 4132 2963 4171 verum
3009 4112 3171 4167 etiam
3208 4106 3501 4179 propagine

1920 4218 2086 4289 lidei;
2123 4233 2192 4273 ex
2221 4217 2302 4272 eis
2347 4214 2491 4270 enim
2536 4221 2654 4267 orta
2682 4218 2767 4265 est
2815 4206 2947 4261 lides
2991 4210 3045 4257 et
3092 4200 3362 4272 primitiva
3390 4196 3498 4251 Ec-

1926 4310 2110 4364 clesia.

2000 4401 2104 4458 Sed
2129 4399 2415 4459 venitltora
2452 4406 2499 4451 et
2531 4409 2666 4450 nunc
2706 4401 2800 4445 est.
2834 4387 3034 4443 Horam
3075 4384 3206 4441 dicit
3239 4394 3497 4453 praesen-

1930 4492 2058 4546 tiam
2086 4506 2254 4556 suam.
2285 4488 2338 4541 iu
2381 4499 2565 4541 carne.
2612 4482 2714 4544 Tu,
2763 4479 2955 4548 inquit,
3008 4475 3218 4537 mulier,
3269 4466 3334 4524 de
3378 4469 3498 4522 loco

1922 4579 2180 4635 adorandi
2239 4594 2324 4633 me
2360 4574 2626 4639 consulis;
2677 4572 2793 4626 ideo
2829 4570 2923 4624 tibi
2966 4568 3118 4631 dico,
3165 4564 3310 4619 venit
3339 4563 3495 4625 hora,

1923 4686 2181 4743 praesens
2214 4656 2354 4734 sum,
2382 4676 2436 4723 et
2480 4682 2620 4719 nunc
2665 4680 2782 4718 sum
2830 4662 2882 4714 in
2928 4674 3111 4714 carne.
3142 4655 3366 4722 Quando
3393 4653 3498 4706 veri

1923 4763 2229 4816 adoratores
2257 4760 2547 4813 adorabunt
2579 4754 2792 4808 Patrem
2838 4752 2891 4805 in
2940 4750 3126 4820 spiritu
3169 4757 3215 4802 et
3261 4745 3494 4800 veritate.

1924 4853 2244 4922 Priusquam
2283 4849 2547 4910 venirem,
2596 4859 2754 4899 nemo
2800 4842 2973 4911 potuit
3017 4840 3245 4894 adorare
3278 4835 3497 4890 Patrem

1926 4942 1977 4995 in
2005 4940 2194 5010 spiritu
2223 4948 2278 4992 et
2310 4937 2563 4998 veritate,
2585 4939 2802 5002 praeter
2830 4929 3162 4999 patriarchas
3185 4934 3241 4982 et
3265 4923 3499 5009 prophe-

1927 5004 2260 5099 tas,-quibus
2284 5024 2585 5096 praesentia
2616 5036 2733 5076 mea
2760 5021 2811 5075 in
2842 5034 3006 5075 carne
3034 5017 3266 5073 revelata
3294 5022 3378 5068 est
3402 5004 3500 5082 per

1927 5121 2209 5192 Spiritum,
2240 5127 2525 5187 antequam
2547 5116 2783 5171 venirem
2816 5114 2868 5168 in
2910 5111 3187 5167 mundum.
3212 5108 3326 5162 Non
3348 5121 3494 5176 ergo.

1927 5228 1961 5267 o
1998 5212 2211 5277 mulier,
2239 5210 2291 5264 in
2328 5215 2508 5263 monte
2537 5207 2658 5270 hoc,
2695 5220 2871 5274 neque
2897 5203 2952 5258 in
2990 5197 3357 5256 Hierosolimis
3383 5195 3499 5249 veri

1929 5302 2244 5357 adoratores
2272 5299 2572 5354 adorabunt
2603 5310 2687 5349 me
2706 5304 2761 5350 et
2779 5293 2996 5348 Patrem
3020 5303 3218 5351 meum,
3246 5285 3337 5342 sed
3356 5285 3497 5338 inte-

1933 5394 2045 5448 rius
2072 5394 2124 5447 in
2168 5392 2357 5447 intimo
2399 5389 2601 5459 templo
2656 5388 2835 5442 cordis
2878 5385 2958 5441 sui
3007 5377 3500 5450 intelligentiaeque

1935 5496 2081 5535 suae.
2104 5480 2427 5551 Purgahitur
2454 5478 2603 5548 prius
2642 5492 2738 5547 per
2782 5475 2962 5539 (idem,
2996 5467 3381 5527 illuminabitur
3405 5478 3501 5535 per

1531 5633 1783 5689 VAIHAE
1820 5633 2197 5691 LECTIONES

328 5747 343 5776 '
379 5745 509 5800 Cod.
532 5762 865 5816 unaquaeque
890 5753 1089 5803 anima.
