4028 6274
552 302 661 361 359

1922 301 2205 359 JOANNIS
2240 301 2432 356 SCOTI

3680 306 3776 361 3&0

552 415 857 478 scientiam,
892 411 1199 484 perﬁcietur
1241 430 1338 483 per
1378 412 1794 470 deilicationem.
1828 411 1887 467 in
1936 422 2119 467 monte
2148 416 2195 473 Α
2223 411 2435 466 divinae
2458 411 2788 470 substantiae
2811 414 2864 470 in
2886 430 3069 480 carne,
3101 416 3316 489 reliquit
3334 418 3587 489 hydriam
3613 435 3776 487 suam,

558 503 858 574 theologiae
896 503 950 557 in
994 504 1185 573 spiritu
1229 505 1551 570 adorabunt,
1581 504 1671 574 qui
1708 504 1907 574 Spiritu
1934 514 2123 560 sancto
2166 534 2174 545 ι

552 595 839 650 illuminati
862 602 1041 648 erunt.
1070 592 1279 647 Etenim
1312 593 1475 648 Pater
1502 595 1632 648 tales
1656 595 1857 664 quaerit
1894 594 2118 648 adoran.

549 695 624 740 tes
649 702 723 751 se,
751 686 841 756 qui
872 701 996 740 cum
1043 686 1095 740 in
1127 686 1317 755 spiritu
1347 701 1444 740 suo
1490 695 1545 740 et
1590 686 1641 739 in
1672 686 1901 739 veritate
1932 686 2107 755 cogni.

550 776 711 831 tionis
736 792 865 831 suae
889 776 1137 832 adorant.
1164 777 1318 845 Quod
1346 778 1613 846 praedixit
1672 778 1879 832 ratione
1905 775 2117 831 conclu-

553 863 651 929 sit,
674 864 859 920 dicens
884 884 899 919 :

619 953 850 1022 Spiritus
877 955 1035 1022 Deus,
1061 964 1110 1010 et
1147 965 1428 1010 adorantes
1448 973 1504 1010 se
1542 974 1596 1010 in
1621 967 1807 1028 spiritu
1834 966 1881 1010 et
1908 956 2118 1010 veritate

546 1052 749 1113 oportet
796 1044 1039 1098 adorare.
1079 1044 1158 1100 Ac
1202 1046 1248 1099 si
1291 1046 1493 1100 diceret
1523 1062 1537 1101 :
1569 1046 1623 1100 Si
1652 1048 1792 1102 Deus
1829 1061 2116 1117 corporeus

550 1143 644 1188 aut
671 1148 867 1205 corpus
891 1144 1054 1202 esset,
1084 1137 1330 1193 fortassis
1356 1148 1641 1208 quaereret
1669 1138 1783 1192 loca
1817 1138 2114 1208 corporalia

546 1226 614 1279 ad
664 1239 726 1280 se
772 1224 1126 1281 adorandum.
1196 1226 1312 1281 Jam
1368 1229 1490 1297 quia
1543 1228 1763 1298 spiritus
1810 1228 1827 1261 ⁸
1872 1236 1985 1293 est,
2021 1242 2116 1282 cos

545 1316 777 1386 quaerit,
805 1316 896 1386 qui
930 1316 981 1370 in
1011 1318 1199 1385 spiritu
1225 1333 1323 1372 suo
1342 1319 1470 1371 etin
1504 1318 1774 1373 intellectu
1805 1333 1903 1387 per
1933 1333 2114 1372 veram

543 1406 904 1477 cognitionem
929 1422 989 1462 se
1010 1407 1251 1462 adorent.

613 1494 755 1550 Dicit
773 1497 822 1550 ei
842 1496 1070 1551 mulier:
1100 1497 1246 1559 Scio,
1269 1514 1394 1566 quia
1432 1496 1652 1551 Messias
1677 1500 1830 1562 venit,
1863 1501 1953 1569 qui
1985 1501 2115 1554 dici-

542 1594 631 1639 tur
648 1581 908 1640 Christus.
955 1585 1216 1652 Quoniam
1256 1587 1527 1656 praedixit
1569 1587 1825 1643 Dominus
1860 1608 1871 1643 :
1912 1609 1930 1642 ι
1970 1591 2117 1645 venit

542 1674 676 1729 hora
707 1683 771 1729 et
785 1689 927 1729 nunc
946 1683 1031 1729 est
1064 1695 1084 1728 ι
1113 1716 1129 1741 ,
1169 1676 1393 1745 putabat
1423 1675 1615 1730 mulier
1658 1676 1724 1732 dc
1765 1676 1977 1743 Messia,
2013 1679 2114 1732 hoc

2221 502 2439 571 reliquit
2486 517 2641 557 usum
2687 519 2842 561 suum
2893 508 3189 574 carnalem,
3238 510 3460 581 reliquit
3507 524 3777 584 aquamet

2213 591 2454 645 Studium
2481 593 2711 650 carnalis
2737 595 3017 652 scientiae.
3060 634 3075 650 .
3116 635 3131 651 .
3174 637 3189 651 .
3231 635 3249 653 .
3292 637 3308 652 .
3351 637 3367 653 .
3411 639 3425 654 .
3473 638 3490 654 .
3533 638 3552 655 .
3593 637 3613 655 .
3651 638 3669 655 .
3706 639 3721 655 .
3759 643 3771 654 .

2224 716 3772 748 σοοοἺνσοοοοιοοισοοοοοοοσοοοοοο

2589 841 3220 905 FRAGMENTUM
3278 843 3411 907 Ill.

2778 981 2904 1039 CAP.
2936 982 3026 1050 Vl,
3054 984 3209 1039 5-H.

2219 1171 3782 1197 eooeoo-osunouno-9.0.0.0....

2217 1224 2427 1279 turbam
2458 1227 2525 1280 ad
2550 1241 2608 1281 se
2634 1228 2935 1282 venientem
2964 1228 3146 1284 videre
3173 1244 3279 1284 non
3300 1231 3502 1299 posset,
3531 1231 3578 1286 si
3602 1231 3785 1289 omlos

2215 1333 2344 1372 suos
2373 1332 2477 1372 non
2526 1318 2748 1385 levaret,
2798 1320 2890 1389 qui
2916 1360 2932 1385 ,
2978 1321 3289 1391 priusquam
3331 1324 3486 1377 tleret
3532 1324 3785 1388 mundus,

2213 1406 2395 1459 omnia
2430 1407 2658 1470 viderat,
2711 1422 2886 1476 neque
2927 1424 3162 1478 unquam
3193 1410 3553 1479 corporalium
3600 1411 3783 1466 oculo-

2216 1508 2333 1545 rum
2389 1492 2759 1551 instrumentis
2810 1496 2879 1551 ad
2927 1496 3216 1551 videndum
3261 1498 3555 1569 indigebat.
3603 1499 3787 1555 Elevat

2214 1595 2345 1651 ergo
2370 1582 2556 1637 oculos
2583 1594 2730 1647 suos,
2755 1584 2988 1639 edocens
3031 1585 3210 1639 cordis
3252 1587 3420 1641 nostri
3466 1585 3657 1642 oculos
3683 1586 3786 1642 ele-

2216 1684 2364 1734 vare,
2413 1678 2691 1740 totumque
2720 1674 2975 1727 mundum
3017 1674 3252 1742 undique
3282 1675 3349 1728 ad
3397 1675 3556 1729 tidem
3586 1675 3785 1731 Christi

541 1774 629 1820 est
677 1767 744 1822 de
792 1774 1023 1823 venturo
1072 1766 1311 1831 Christo,
1339 1778 1497 1836 quem
1556 1769 1731 1822 adhuc
1771 1778 2113 1837 praesentem
2147 1760 2190 1818 Β
2218 1775 2560 1816 concurrere.
2591 1761 2795 1818 Levare
2817 1766 2978 1818 etiam
3001 1765 3187 1820 oculos
3208 1767 3378 1821 nostri
3401 1766 3585 1821 cordis
3612 1783 3787 1822 exem-

540 1870 648 1909 non
672 1864 1018 1925 cognoverat,
1047 1857 1198 1927 quasi
1218 1857 1283 1911 de
1308 1856 1413 1910 alio
1440 1856 1662 1910 dixisse.
1688 1855 1944 1911 Audierat
1968 1858 2111 1911 enim

536 1957 605 1998 ex
631 1946 907 2015 prophetis
930 1946 1202 2002 Christum
1226 1956 1529 2002 venturum.
1559 1947 1681 2002 Ideo
1701 1948 1777 2002 ait
1802 1966 1813 2001 :
1842 1948 1963 2003 Scio
1988 1950 2111 2019 quia

539 2031 760 2090 Messias
809 2036 963 2090 venit.
1022 2035 1172 2091 Venit
1215 2038 1368 2102 dixit,
1411 2052 1516 2091 non
1553 2057 1571 2088 ι
1607 2040 1785 2093 veniet
1821 2059 1868 2104 ι,
1903 2048 1963 2093 ut
2014 2054 2111 2094 sua

537 2126 706 2181 verba
737 2127 918 2182 verbis
946 2130 1244 2201 prophetae
1259 2138 1614 2200 compararet,
1645 2146 1765 2184 cum
1793 2145 1898 2199 quo
1931 2130 2113 2199 loque-

535 2215 726 2282 batur;
755 2224 847 2272 aut
867 2218 1263 2287 quodammodo
1287 2218 1585 2273 illuminata
1610 2235 1637 2273 a
1673 2220 1863 2288 spiritu
1885 2221 2108 2274 venien-

535 2311 645 2359 tem
691 2304 965 2362 Christum
1010 2308 1444 2377 praesentialiter
1504 2307 1795 2372 iutellexit,
1842 2315 1933 2361 aut
1982 2308 2109 2376 quia

532 2406 664 2449 usus
692 2393 942 2463 loquendi
969 2405 1071 2461 est,
1104 2407 1162 2451 ut
1185 2398 1250 2451 de
1275 2412 1359 2461 eo,
1388 2398 1478 2467 qui
1505 2408 1589 2452 est
1624 2398 1674 2452 in
1708 2398 1921 2462 itinere,
1954 2400 2106 2463 venit,

532 2498 658 2539 cum
685 2486 860 2541 adhuc
889 2501 992 2540 non
1024 2487 1251 2549 venerit,
1282 2487 1513 2541 dicatur.
1546 2487 1769 2543 Messias
1794 2488 2106 2543 hehraicum

530 2589 728 2631 nomen
752 2585 859 2642 est,
890 2576 1031 2645 quod
1059 2591 1253 2647 graece
1293 2577 1683 2646 interpretatur
1708 2577 1977 2643 Christus,
2005 2579 2107 2633 hm

529 2675 617 2721 est
636 2677 852 2721 unctus.
876 2665 1007 2722 Cum
1032 2668 1223 2721 venerit
1248 2667 1354 2732 ille,
1382 2668 1711 2722 aduuntiabit
1734 2670 1880 2723 nobis
1904 2670 2101 2724 omnia.

531 2756 725 2812 Adhuc
743 2773 850 2813 non
881 2758 1146 2813 intellexit
1175 2757 1414 2828 perfecte
1442 2767 1780 2826 praesentem
1805 2759 2099 2821 Christum,

528 2846 758 2903 credidit
784 2857 985 2915 tamen,
1016 2866 1045 2902 a
1068 2847 1346 2920 prophetis
1371 2848 1604 2913 erudita,
1628 2849 1914 2903 adventum
1942 2848 2101 2903 Chri—

527 2937 597 2992 sti
644 2945 701 2994 et
738 2938 1039 2993 doctrinam
1080 2939 1198 3009 ejus
1249 2938 1507 2993 futuram.
1561 2939 1902 2993 Adnuntiabit
1955 2940 2102 2994 nobis

527 3028 723 3094 omnia,
756 3038 949 3085 cuncta
990 3029 1260 3094 videlicet,
1311 3044 1452 3100 quae
1483 3030 1548 3083 ad
1597 3029 1797 3084 cultum
1847 3045 2001 3084 suum
2046 3037 2103 3084 et

523 3113 704 3173 Patris
733 3117 815 3173 sui
846 3119 1138 3189 pertinent.

594 3206 734 3261 Dicit
773 3210 822 3262 ei
861 3207 1017 3263 Jesus
1050 3225 1068 3262 :
1100 3209 1211 3280 Ego
1238 3227 1376 3276 sum,
1416 3211 1503 3280 qui
1549 3208 1733 3279 loquar
1760 3207 1871 3261 tibi.
1918 3206 2100 3261 Primo

523 3297 785 3353 Dominus
819 3299 1149 3354 intellectum
1189 3300 1432 3355 mulieris
1478 3300 1708 3368 aperuit,
1740 3308 1800 3352 ut
1832 3299 2098 3362 crederet,

524 3388 724 3443 deinde
747 3403 808 3442 se
838 3389 1012 3457 ipsum
1055 3390 1102 3443 ei
1143 3390 1523 3444 manifestavit.
1572 3389 1659 3442 Illa
1686 3389 1952 3458 siquidem
1983 3402 2100 3442 cre-

521 3474 661 3530 didit
689 3477 1000 3546 prophetas,
1036 3478 1127 3547 qni
1171 3479 1240 3533 de
1273 3480 1506 3532 adventu
1553 3477 1754 3532 Christi
1812 3479 2097 3548 praedixe-

522 3572 682 3629 runt;
713 3565 939 3636 ideoque
969 3568 1163 3621 meruit
1189 3568 1333 3637 loqui
1353 3582 1474 3622 cum
1504 3568 1637 3637 ipso,
1662 3584 1821 3638 quem
1852 3568 2093 3622 futurum

521 3654 846 3717 crediderat,
872 3656 1124 3723 quamvis
1151 3656 1327 3710 adhuc
1354 3667 1695 3725 praesentem
1740 3672 1846 3709 non
1896 3672 2088 3726 cogno-

519 3753 691 3800 verat.
742 3744 906 3817 Cujus
949 3747 1070 3802 ﬁdei
1113 3748 1309 3802 merito
1342 3749 1488 3803 venit
1523 3749 1588 3802 ad
1618 3749 1974 3818 cognitionem
2011 3749 2089 3802 lo-

518 3834 736 3903 quentis
760 3834 825 3891 de
854 3850 912 3890 se
943 3838 1058 3907 ipso
1086 3838 1287 3892 Christi
1316 3846 1371 3891 et
1393 3838 1621 3892 dicentis
1650 3855 1662 3891 :
1693 3836 1802 3906 Ego
1831 3854 1946 3891 sum
1978 3839 2092 3907 ipse

517 3923 801 3991 Christus;
835 3942 993 3996 quem
1040 3929 1323 3999 cognoscis
1372 3928 1634 3995 futurum,
1671 3929 1782 4000 jam
1827 3945 2090 4001 cognosce

516 4029 885 4094 praesentem.

585 4108 654 4166 Et
679 4114 925 4167 continuo
954 4123 1193 4167 venerunt
1216 4113 1460 4183 discipuli
1485 4115 1619 4184 ejus,
1651 4124 1698 4167 et
1737 4116 2086 4184 mirabantur,

511 4203 638 4272 quia
682 4220 799 4258 eum
854 4205 1070 4259 muliere
1124 4205 1450 4275 loquebatur.
1500 4207 1679 4274 Quare
1726 4207 2084 4275 mirabantur,

511 4308 635 4349 cum
664 4295 982 4365 saepissime
1011 4296 1261 4350 Christus
1306 4295 1517 4351 locutus
1558 4306 1640 4353 est
1681 4313 1804 4353 cum
1850 4300 2119 4353 mulieri-.

511 4385 647 4441 bus?
694 4383 810 4439 Non
841 4400 970 4456 ergo
1025 4386 1359 4441 mirabantur
1408 4389 1689 4445 Dominum
1729 4406 1884 4446 suum
1937 4392 2083 4461 loqui

510 4489 634 4530 cum
664 4475 910 4541 muliere,
935 4477 1029 4531 sed
1059 4479 1161 4532 hoc
1184 4478 1356 4531 solum
1397 4479 1754 4549 mirabantur,
1802 4484 1930 4552 quia
1961 4498 2083 4538 cum

512 4564 872 4632 Samaritana,
901 4566 954 4621 id
992 4576 1077 4621 est
1127 4568 1423 4640 alienigena
1474 4571 1729 4638 muliere,
1774 4573 2090 4643 ignorantes

510 4656 825 4727 mysterium
881 4657 1155 4713 Ecclesiae
1211 4659 1277 4714 de
1326 4660 1577 4730 gentibus
1630 4662 1860 4718 futurae.
1914 4662 2084 4718 Nemo

508 4755 683 4803 tamen
709 4746 910 4800 dicebat
937 4761 955 4798 :
987 4744 1128 4811 Quid
1163 4751 1373 4820 quaeris
1407 4760 1498 4803 aut
1540 4752 1665 4821 quid
1705 4752 1931 4822 loqueris
1965 4769 2083 4806 cum

507 4838 610 4892 ea?
634 4835 748 4890 Non
782 4838 926 4891 enim
951 4840 1068 4893 ausi
1095 4851 1222 4896 sunt
1250 4842 1494 4913 discipuli
1531 4844 1869 4915 interrogare
1898 4845 2081 4899 Domi-

506 4941 636 4983 num
662 4942 839 4992 suum,
881 4929 1150 4991 timentes.
1200 4946 1267 4985 ne
1309 4930 1377 4985 ab
1426 4946 1491 4986 eo
1535 4933 2077 5001 reprehenderentur,

506 5017 555 5075 si
608 5019 824 5073 incaute
873 5035 996 5075 eum
1063 5022 1491 5093 interrogarent,
1547 5025 1781 5079 nondum
1836 5026 2079 5081 valentes

504 5105 719 5164 futurae
743 5108 1013 5165 Ecclesiae
1036 5111 1349 5183 mysterium
1371 5126 1713 5181 cognoscere.

576 5195 803 5268 Reliquit
855 5216 977 5270 ergo
1033 5202 1273 5271 hydriam
1335 5218 1486 5255 suam
1538 5203 1745 5257 mulier.
1790 5202 2079 5272 Postquam

504 5289 742 5346 Ecclesia
774 5304 869 5349 sci
911 5293 1143 5347 humana
1193 5303 1386 5347 natura
1426 5294 1677 5365 cognovit
1716 5296 2075 5364 praesentiam

2213 1849 2301 1919 plo
2325 1850 2525 1905 Christi
2556 1852 2931 1921 admonemur,
2962 1865 3041 1920 ut,
3075 1857 3119 1911 si
3152 1855 3309 1923 forte,
3344 1872 3411 1912 eo
3436 1873 3537 1912 nos
3563 1860 3786 1916 docente

2210 1951 2267 1994 ct
2310 1942 2536 1997 interius
2600 1943 2967 2012 illuminante,
3034 1946 3370 2002 altitudinem
3441 1948 3677 2003 actionis
3734 1957 3785 2004 et

2210 2034 2490 2097 scientiae,
2518 2049 2727 2090 necnon
2755 2046 2809 2091 et
2847 2037 3144 2107 theologiae
3177 2039 3470 2095 ascendere
3503 2040 3784 2108 permitta-

2213 2136 2352 2185 mur,
2382 2123 2538 2176 turba
2577 2127 2917 2192 sequentium
2946 2127 3244 2181 carnalium
3273 2128 3663 2198 cogitationum
3690 2143 3785 2183 nos

2211 2228 2315 2267 non
2358 2214 2658 2283 perturbet,
2682 2224 2737 2269 et
2764 2231 2792 2267 a
2825 2216 3297 2287 contemplationis
3338 2218 3626 2272 altitudine
3650 2217 3782 2286 deji—

2209 2302 2337 2366 ciat,
2374 2304 2467 2358 sed
2514 2319 2609 2357 eas
2656 2306 3024 2374 spiritualibus
3063 2308 3220 2372 escis,
3256 2316 3517 2378 quantum
3559 2315 3783 2378 possunt

2209 2407 2428 2461 capere,
2461 2392 2841 2449 satisfaciendo
2870 2411 3093 2466 pascere
3137 2413 3513 2467 procuremus.
3546 2397 3685 2452 Dicit
3713 2399 3780 2453 ad

2210 2474 2531 2552 Philippum.
2554 2483 2853 2556 Philippus,
2869 2488 2959 2555 qui
2979 2488 3366 2556 interpretatur
3383 2505 3439 2542 os
3454 2488 3710 2557 lampadis
3728 2500 3781 2555 ι,

2209 2571 2432 2644 ﬁguram
2464 2575 2606 2645 gerit
2630 2576 3054 2644 praedicautium
3084 2577 3267 2654 tidem,
3289 2577 3483 2648 quibus
3513 2578 3566 2631 in
3598 2577 3782 2632 altitu;

2206 2662 2334 2717 diue
2379 2665 2851 2735 contemplationis
2896 2682 3020 2721 cum
3069 2665 3285 2722 Christo
3330 2667 3673 2733 constitutis,
3711 2668 3783 2723 de

2207 2752 2507 2807 carnalium
2553 2755 2942 2824 cogitationum
2993 2758 3147 2810 turba
3203 2758 3473 2826 pasceuda
3523 2756 3784 2812 Dominus

2206 2842 2446 2911 quotidie
2472 2842 2710 2913 loquitur
2735 2862 2747 2897 :
2778 2842 2928 2899 Unde
2949 2860 3175 2898 ememus
3200 2861 3360 2914 panes
3385 2855 3441 2898 ut
3465 2845 3782 2899 manducent

2204 2931 2297 2983 hi?
2342 2930 2454 2984 Hoc
2496 2943 2671 2986 autem
2701 2933 2901 2987 dicebat
2933 2942 3138 2987 tentans
3181 2950 3318 2998 eum,
3345 2933 3447 2988 hoc
3484 2944 3568 2989 est
3619 2934 3782 2987 ﬁdem

2206 3020 2375 3090 ipsius
2403 3022 2469 3076 de
2508 3022 2689 3076 futuro
2728 3022 2993 3079 miraculo
3030 3023 3332 3079 consulens.
3360 3023 3502 3078 Deus
3544 3032 3787 3077 tentator

2130 3105 2174 3166 C
2208 3110 2470 3164 malorum
2501 3121 2601 3167 est.
2622 3112 2820 3168 Tentat
2848 3123 3029 3168 autem
3060 3113 3264 3169 electos
3292 3114 3548 3183 probandi
3578 3113 3784 3184 gratia,

2201 3215 2308 3256 nou
2336 3202 2736 3271 supplautandi.
2756 3204 3094 3258 Tentationis
3117 3202 3381 3273 siquidem
3410 3204 3545 3258 duae
3565 3203 3788 3272 species

2200 3300 2347 3356 sunt,
2396 3309 2626 3362 quarum
2679 3309 2783 3348 una
2824 3292 3096 3361 justorum
3142 3294 3335 3364 probat
3373 3293 3567 3359 tidem,
3605 3293 3785 3348 altera

2200 3387 2488 3456 impiorum
2519 3389 2773 3459 reprobat
2805 3390 3111 3458 perﬁdiam.

2270 3474 2391 3545 Ipse
2420 3478 2556 3529 enim
2587 3477 2803 3542 sciebat,
2833 3478 2962 3548 quid
3004 3477 3242 3547 futurum
3269 3486 3379 3530 erat
3414 3476 3606 3545 facere.
3637 3474 3785 3532 Pro-

2196 3564 2379 3631 bandi,
2407 3566 2600 3635 inquit,
2624 3567 2797 3636 gratia
2825 3575 2996 3621 tentat
3019 3567 3277 3620 Dominus
3306 3565 3634 3636 Philippum,
3660 3580 3785 3622 non

2194 3658 2459 3721 discendi,
2509 3658 2637 3726 quid
2684 3657 2991 3713 faciendum
3034 3658 3195 3711 foret.
3242 3656 3360 3726 Ipse
3397 3657 3538 3710 enim
3592 3658 3784 3721 novit,

2192 3752 2508 3818 priusquam
2552 3751 2707 3804 lierct
2756 3751 3007 3815 mundus,
3054 3750 3235 3804 omnia
3286 3749 3581 3813 miracula,
3631 3766 3786 3820 quae

2192 3840 2436 3895 facturus
2461 3851 2604 3894 esset
2635 3841 2688 3894 in
2726 3840 2947 3895 mundo.
2979 3840 3131 3907 Quod
3162 3840 3306 3895 enim
3337 3840 3447 3905 ait,
3476 3840 3583 3909 ipse
3631 3841 3784 3894 enim

2189 3930 2403 3994 sciebat,
2428 3945 2532 3985 non
2577 3938 2703 3985 ante
2751 3930 2970 4001 aliquod
3021 3941 3255 4000 tempus,
3301 3929 3397 3985 sed
3434 3940 3558 3985 ante
3585 3931 3783 3984 omnia

2191 4028 2434 4091 tempora
2494 4031 2856 4091 cognoverat,
2912 4020 3041 4091 quid
3093 4019 3334 4073 futurum
3396 4018 3445 4073 ei
3509 4026 3630 4072 erat
3684 4017 3784 4072 fa-

2188 4130 2334 4170 cere.

2262 4204 2544 4276 Responatt
2592 4206 2639 4258 ei
2692 4202 2963 4272 Philippus
2996 4215 3015 4252 :
3049 4200 3408 4256 Ducentorum
3428 4200 3785 4254 denariorum

2187 4281 2346 4365 panes
2377 4310 2481 4347 non
2525 4294 2784 4364 sufﬁciunt
2836 4291 2939 4355 his,
2998 4300 3055 4345 ut
3103 4291 3456 4360 unusquisque
3500 4287 3785 4341 modicum

2189 4386 2315 4456 quid
2344 4386 2589 4453 accipiat.
2620 4383 2812 4438 Adhuc
2844 4381 3126 4452 Philippus
3172 4381 3311 4435 lacte
3339 4380 3618 4435 doctrinae
3658 4394 3782 4432 nu-

2193 4477 2370 4539 tritus,
2400 4472 2629 4529 solidum
2671 4489 2833 4529 verae
2861 4472 2984 4528 lldci
3027 4480 3190 4541 atque
3216 4470 3536 4542 cognitionis
3579 4468 3784 4523 cibum

2188 4580 2381 4636 capere
2406 4579 2511 4619 non
2542 4564 2750 4628 valens,
2785 4564 2940 4633 juxta
2971 4577 3102 4618 suae
3133 4562 3247 4630 jam
3280 4562 3496 4616 virtutis
3537 4557 3785 4614 laculla-

2188 4664 2296 4710 tem
2345 4654 2641 4724 respondit,
2669 4652 3004 4723 impossibile
3030 4652 3367 4715 existimans,
3403 4656 3601 4702 tantam
3626 4646 3783 4700 mul-

2183 4744 2463 4800 titudinem
2518 4744 2707 4814 paucis
2753 4743 2982 4813 panibus
3029 4741 3178 4796 relici
3227 4754 3404 4810 posse.
3468 4737 3780 4793 Erudiendi

2184 4834 2366 4903 itaque
2390 4832 2562 4903 gratia
2592 4832 2729 4887 ludit
2770 4832 3029 4886 Dominus
3065 4844 3187 4883 cum
3236 4828 3499 4897 Philippo,
3546 4834 3779 4882 tentans

2184 4927 2301 4996 ejus
2329 4925 2448 4987 lidci
2499 4924 2934 4994 simplicitatem,
2971 4930 3029 4975 ut
3054 4936 3151 4990 per
3179 4921 3279 4974 hoc
3324 4919 3552 4973 disceret
3602 4917 3778 4971 altius

2185 5018 2516 5079 ascendere,
2576 5016 2883 5084 nullamque
2935 5012 3301 5069 diﬂicultatem
3352 5012 3462 5065 Deo
3510 5009 3777 5063 crederet

2188 5109 2384 5163 inesse.
2413 5106 2558 5163 Ordo
2603 5107 2785 5176 itaque
2831 5104 3333 5176 evangelisantium,
3370 5102 3484 5171 qui,
3521 5108 3582 5154 nt
3631 5100 3776 5154 dixi-

2184 5216 2321 5262 mus,
2361 5216 2460 5269 per
2501 5200 2801 5270 Philippum
2862 5200 3038 5270 typice
3081 5198 3409 5263 insinuatur,
3443 5194 3676 5250 tentanti
3711 5210 3778 5249 se

2189 5291 2438 5357 Domino,
2462 5292 2562 5348 hoc
2589 5300 2696 5357 est,
2721 5291 2881 5349 tidem
2913 5291 3121 5348 illorum
3145 5289 3419 5363 probanti,
3442 5303 3507 5343 ac
3531 5302 3637 5358 per
3660 5288 3776 5345 hoc

1791 5411 2045 5469 VAlilAE
2084 5410 2482 5469 LECTIONES.

2019 5553 2197 5608 ΝΟΤΑ
2208 5553 2267 5607 E.

572 5651 599 5685 ι
640 5640 773 5698 Mira
796 5657 927 5697 sane
951 5642 1356 5712 interpretatio;
1392 5642 1637 5699 derivare
1671 5644 1814 5699 enim
1846 5643 2057 5698 videtur
2077 5657 2261 5699 vocem
2294 5640 2568 5712 Philippus
2592 5658 2620 5697 a
2648 5652 2727 5710 νε,
2762 5659 2840 5709 os,
2869 5652 2921 5696 et
2946 5643 3170 5713 λαμπάς.

574 5481 592 5511 ¹
623 5480 805 5548 Corr.,
831 5481 951 5537 cod.
978 5482 1066 5551 qui
1090 5500 1122 5535 a
1148 5483 1355 5551 spiritu.
