4028 6274
213 354 326 406 3M

1299 348 1644 407 COMMENT.
1686 348 1750 403 IN
1785 348 2034 405 EVANG.
2077 349 2220 407 SEC.
2254 350 2445 417 ῚΟΑνΝ.

3356 344 3463 402 ω

214 467 391 521 etiam
420 462 685 527 laudanti,
714 463 991 534 respondit
1019 480 1033 517 :
1062 463 1425 519 Ducentorum
1456 464 1797 518 denariorum
1827 467 1872 524 Α
1902 463 2138 519 sibilium
2161 478 2342 519 rerum
2370 462 2852 534 signiﬁcationibus
2902 461 3192 526 nutriatur,
3236 458 3463 528 pulchre

214 569 397 626 panes
422 569 529 609 non
557 552 848 609 suﬁciunt.
874 552 1227 608 Centenarius
1246 566 1503 607 numerus
1527 552 1801 623 perfectus

213 655 344 712 est;
389 645 570 700 decies
589 646 735 700 enim
768 644 953 700 decem
985 659 1109 698 eum
1140 643 1464 709 conﬁciunt;
1498 643 1587 712 qui
1613 656 1800 697 nume-

213 736 392 793 russi
436 736 601 791 fuerit
632 735 958 806 duplicatus,
998 735 1201 789 faciunt
1247 734 1542 798 ducentos;
1573 733 1801 803 pulchre

213 829 613 901 perfectionem
656 828 834 883 bonae
859 826 1086 883 actionis
1107 835 1164 881 et
1186 824 1522 880 rationabilis
1541 825 1800 879 scientiae

217 926 413 988 typum
439 931 658 987 gerens,
689 931 828 987 quae
855 915 1164 985 pascendis,
1202 916 1303 970 hoc
1329 923 1413 970 est
1439 915 1719 970 audiendis
1744 914 1797 969 in

217 1007 331 1062 ﬁde
358 1023 467 1062 non
496 1006 790 1072 suliiciunt,
819 1007 921 1062 nisi
948 1008 1029 1061 eis
1056 1006 1285 1061 altitudo
1310 1006 1605 1076 theologiae
1634 1005 1800 1059 adda-

215 1106 333 1152 tur.
362 1095 522 1153 Actio
561 1097 760 1167 quippe
787 1097 1045 1150 virtutum
1074 1095 1311 1149 ﬁdelium
1342 1095 1556 1168 animas.
1596 1093 1798 1149 solum-

212 1187 386 1243 modo
417 1195 637 1258 purgat,
664 1187 890 1243 scientia
919 1202 1047 1241 vero
1091 1201 1274 1241 rerum
1319 1193 1625 1240 creatarum
1674 1180 1796 1238 illu-

213 1280 427 1341 minat;
461 1282 556 1334 sed
588 1280 676 1333 illa
703 1281 955 1350 purgatio
994 1288 1157 1348 atque
1202 1279 1522 1334 illuminatio
1566 1279 1648 1334 eis
1691 1294 1796 1333 non

211 1368 435 1435 sunicit,
461 1373 562 1427 nisi
595 1373 811 1428 habitus
831 1373 1107 1443 perfectae
1132 1372 1604 1442 contemplationis
1626 1371 1795 1426 adda-

211 1470 328 1528 tur,
355 1465 448 1532 qui
478 1464 624 1518 solus
647 1462 856 1519 animas
885 1464 952 1517 ad
972 1472 1404 1518 consummatam
1431 1462 1795 1532 spiritualium

209 1550 577 1606 refectionum
607 1537 994 1621 plenitudinem
1024 1553 1287 1622 perducit.

284 1641 432 1696 Dicit
468 1643 518 1695 ei
565 1658 701 1696 unus
750 1641 1126 1712 discipulorum
1168 1642 1281 1711 ejus
1325 1641 1583 1705 Andreas,
1632 1641 1798 1710 frater

209 1728 450 1797 Simonis
474 1729 654 1784 Petri:
677 1731 766 1785 Est
790 1731 1043 1802 puerulus
1071 1749 1207 1786 unus
1228 1733 1332 1796 hic,
1348 1732 1436 1802 qui
1464 1732 1613 1805 habet
1641 1733 1794 1801 quiu-

1899 557 2158 612 Domiuus
2186 557 2432 627 sequenti
2463 571 2524 611 se
2552 554 2741 609 turbae
2775 554 3010 609 ﬁdelium
3056 567 3226 621 panes
3270 550 3461 605 distri-

1897 650 2014 702 buit
2041 648 2357 712 hordaceos,
2383 655 2441 702 ut
2490 646 2641 716 prius
2687 645 2811 699 inde
2860 645 3085 698 satiatos
3108 643 3125 674 '
3146 682 3162 708 ,
3185 641 3233 696 si
3278 640 3462 703 ﬁdem,

1898 753 2061 808 quam
2090 746 2434 807 acceperant,
2468 738 2821 800 servaverint,
2843 736 2911 790 ad
2937 732 3239 803 spiritualia
3285 740 3340 787 et
3387 731 3466 785 al-

1899 828 2035 883 tiora
2063 828 2401 883 rationabilis
2422 838 2706 883 creaturae
2737 826 2992 880 alimenta
3026 824 3304 894 perducat,
3336 823 3463 892 qui-

1897 919 2013 983 bus,
2029 920 2338 989 priusquam
2353 931 2641 987 corporeos
2658 913 3193 992 sensus,‘omuiaque,
3209 927 3353 982 quae
3368 926 3468 982 per

1896 1024 1990 1064 eos
2017 1009 2312 1079 accipiunt,
2368 1008 2773 1069 transcendant,
2815 1002 3013 1058 nutriri
3063 1017 3170 1057 non
3216 1008 3460 1072 possunt.

1897 1098 2051 1165 Quod
2094 1113 2223 1169 ergo
2242 1092 2351 1162 ‘ait,
2371 1098 2462 1152 sed
2483 1098 2580 1151 hoc
2612 1097 2737 1167 quid
2755 1105 2828 1149 est
2859 1095 2915 1149 in
2936 1093 3149 1147 tantus?
3205 1091 3313 1146 tale
3358 1099 3462 1157 est,

1898 1205 1962 1245 ac
1989 1192 2033 1246 si
2072 1191 2274 1246 diceret
2306 1208 2319 1244 :
2354 1189 2512 1260 Legis
2538 1188 2712 1242 littera
2738 1203 2836 1242 seu
2880 1183 3125 1255 corporei
3174 1197 3366 1239 sensus
3411 1191 3468 1236 et

1897 1283 2218 1352 corporalia,
2244 1281 2372 1350 quid
2400 1281 2559 1335 sunt?
2599 1279 2727 1349 quid
2753 1286 2976 1349 prosunt
2998 1278 3065 1332 ad
3088 1285 3294 1332 tantam
3329 1272 3467 1328 mul-

1899 1370 2180 1427 titudinem
2228 1370 2485 1435 ﬁdelium,
2516 1370 2609 1439 qui
2638 1369 2689 1423 in
2723 1377 2775 1423 te
2801 1366 3058 1422 credituri
3091 1373 3234 1428 sunt,
3264 1372 3322 1419 et
3353 1362 3467 1431 spi—

1895 1461 2111 1516 ritualia
2161 1460 2417 1515 alimenta
2469 1458 2726 1529 petituri,
2771 1471 2910 1527 quae
2963 1468 3176 1510 omnem
3225 1453 3462 1515 litteram

1895 1564 2217 1620 omnemque
2237 1564 2553 1619 corporeum
2579 1562 2794 1603 sensum
2828 1543 3114 1614 superant?
3139 1560 3156 1593 ι
3185 1540 3295 1596 Nec
3317 1540 3462 1595 enim

1895 1643 2083 1699 oculus
2105 1642 2259 1707 vidit,
2284 1656 2385 1696 nec
2416 1641 2564 1696 auris
2598 1639 2821 1702 audivit,
2859 1650 2957 1690 nec
2997 1635 3052 1689 in
3095 1650 3194 1689 cor
3233 1632 3466 1688 hominis

1896 1733 2159 1798 ascendit,
2189 1746 2328 1801 quae
2355 1729 2697 1800 praeparavit
2725 1727 2869 1782 Deus
2894 1725 3237 1796 diligentibus
3275 1737 3335 1778 se
3379 1741 3424 1776 ι.
3474 1746 3479 1751 ~

205 1838 314 1892 que
331 1838 496 1891 panes
522 1822 857 1888 hordeaceus,
893 1833 942 1877 et
988 1823 1122 1877 duos
1172 1822 1471 1892 pisciculos,
1522 1824 1612 1877 sed
1663 1822 1790 1876 haec
1822 1815 1866 1875 Β
1963 1822 2100 1876 Dicit
2126 1831 2296 1875 autem
2320 1820 2477 1874 Iesus
2499 1836 2519 1873 :
2544 1818 2723 1871 Facite
2744 1816 2977 1871 homines
2999 1813 3311 1867 recumbere.
3336 1810 3465 1864 Erat

206 1909 341 1981 quid
371 1920 495 1965 sunt
515 1912 569 1965 in
589 1913 802 1967 tantus?
835 1912 1037 1966 Eadem
1065 1910 1435 1984 simplicitate,
1459 1928 1563 1984 qua
1594 1919 1649 1967 et
1670 1911 1794 1965 Phi-

205 1996 418 2068 lippus,
449 1994 726 2069 respondit
751 2000 1000 2056 Andreas
1028 2001 1197 2055 frater
1243 2001 1480 2057 Simonis
1524 2001 1690 2055 Petri.
1732 2000 1791 2054 in

205 2100 277 2144 ea
311 2095 496 2142 tamen
536 2088 885 2157 simplicitate
918 2090 1196 2160 multiplex
1228 2091 1537 2144 continetur
1563 2088 1790 2144 theoria.

202 2176 482 2234 Puerulus
514 2178 639 2245 iste,
669 2180 758 2248 qui
801 2177 956 2248 iuxta
992 2180 1151 2235 ﬁdem
1186 2194 1364 2235 rerum
1395 2189 1669 2251 gestarum
1703 2185 1794 2233 aut

202 2283 356 2323 unus
384 2282 453 2322 ex
482 2268 763 2338 discipulis
787 2269 1130 2340 intelligitur,
1155 2280 1246 2324 aut
1273 2270 1531 2340 puerulus
1574 2269 1790 2338 quidam

203 2364 277 2412 ex
310 2358 493 2425 turbs,
514 2374 654 2428 quae
683 2372 778 2414 eos
799 2361 1149 2430 sequebatur,
1174 2360 1402 2430 mystice
1427 2360 1790 2431 legislaturem

203 2448 505 2520 signiﬁcat,
536 2448 717 2504 Mosen
758 2450 1137 2518 videlicet,qui
1160 2450 1321 2504 veluti
1344 2450 1562 2518 quidam
1587 2463 1788 2519 pueru-

203 2537 295 2593 lus
323 2552 434 2591 non
458 2537 750 2608 incongrue
777 2538 997 2601 dicitur,
1028 2539 1154 2609 quia
1195 2540 1308 2608 ipsa
1360 2538 1476 2603 lex,
1509 2553 1648 2607 quae
1695 2552 1793 2609 per

202 2639 337 2680 eum
365 2626 488 2679 data
514 2634 620 2690 est,
653 2628 924 2682 neminem
948 2629 1015 2681 ad
1038 2627 1331 2698 perfectam
1364 2627 1610 2695 iustitiae
1639 2635 1792 2682 aeta-

204 2724 320 2771 tem
346 2716 620 2786 perdusit.
650 2717 801 2773 Unus
828 2718 1086 2788 puerulus
1117 2720 1314 2774 dicitur
1343 2719 1639 2790 legislator,
1662 2718 1789 2788 quia

203 2806 478 2861 unitatem
524 2806 804 2863 Ecclesiae
855 2806 1095 2862 futuram
1154 2805 1554 2878 praeﬁgurabat
1609 2805 1787 2871 factis,

204 2895 482 2965 dictisque
501 2896 878 2966 prophetabat.
914 2896 1015 2950 Hic
1042 2898 1200 2963 dixit,
1229 2898 1333 2953 hoc
1374 2906 1455 2953 est
1505 2897 1557 2952 in
1607 2895 1790 2952 Veteri

204 2983 587 3049 Testamento,
620 2986 762 3055 quod
810 2985 921 3055 iam
969 2984 1118 3040 Novo
1161 2986 1494 3041 clarescente
1535 2986 1790 3041 vilescere

203 3077 411 3146 coepit,
441 3077 617 3132 adhuc
641 3086 820 3131 tamen
847 3077 1071 3132 omnino
1098 3093 1202 3132 non
1240 3078 1483 3132 recessit.
1512 3076 1617 3142 Qui
1637 3076 1792 3130 habet

1897 1923 2068 1966 autent
2097 1911 2305 1979 foenum
2333 1906 2554 1962 multum
2582 1908 2639 1960 in
2666 1906 2800 1959 loco.
2820 1904 3060 1959 Foenum
3086 1900 3308 1954 multum
3333 1899 3468 1969 legis

1895 2001 2130 2057 litteram
2158 1999 2601 2072 signiﬁcat,quae
2628 1993 2905 2063 multiplex
2935 1999 3056 2047 erat
3082 1992 3138 2045 in
3170 1987 3465 2060 symbolis,

1896 2092 2113 2147 foenum
2163 2100 2378 2161 quoque
2419 2087 2647 2142 multum
2703 2081 3000 2139 carnalium
3052 2078 3463 2150 cogitationum,

1896 2196 2036 2252 quae
2062 2195 2159 2250 per
2199 2190 2490 2249 corporeus
2530 2188 2722 2230 sensus
2770 2171 2985 2226 animae
3028 2168 3365 2238 ingeruntur,
3396 2163 3467 2218 ab

1897 2288 2068 2344 caque
2117 2272 2310 2326 iterum
2361 2266 2621 2323 citissime
2676 2265 2964 2326 labuntur,
3012 2273 3120 2314 non
3175 2258 3471 2325 incongrue

1896 2364 2185 2435 signiﬁcat.
2216 2360 2448 2415 Pulchre
2468 2370 2682 2429 quoque
2712 2352 2958 2422 discipuli
2982 2349 3239 2421 iubentur
3290 2346 3472 2435 facere

1896 2433 2141 2509 homines
2179 2450 2510 2511 recumbere,
2534 2446 2787 2517 quoniam
2813 2439 3055 2514 magistri
3080 2437 3344 2501 veritatis,
3362 2433 3469 2490 nisi

1895 2549 2046 2618 prius
2070 2545 2231 2599 veluti
2256 2544 2308 2597 in
2334 2539 2533 2596 inﬁmis
2558 2537 2711 2603 locis,
2734 2537 2788 2590 in
2809 2531 3151 2602 simplicitate
3178 2528 3474 2618 litteraeiet

1895 2617 2121 2693 visibilis
2152 2642 2433 2690 creaturae
2477 2646 2605 2694 eos,
2656 2642 2794 2698 quos
2841 2623 3202 2683 nutriveram,
3253 2617 3472 2672 erudire

1896 2724 2178 2793 incipiant,
2207 2722 2259 2774 in
2287 2717 2621 2773 altitudinem
2645 2706 3112 2780 contemplationis
3131 2704 3343 2774 erigere
3362 2715 3473 2757 non

1899 2814 2096 2868 valent.
2128 2810 2342 2865 Primus
2378 2808 2573 2877 quippe
2597 2803 2794 2876 gradus
2817 2809 2932 2865 est,
2962 2797 3029 2853 ad
3073 2793 3468 2852 ascendendam

1896 2903 2229 2959 altitudinem
2255 2900 2535 2961 virtutum,
2563 2904 2786 2950 sanctae
2820 2891 3132 2959 Scripturae
3152 2886 3357 2949 littera,
3378 2895 3469 2938 re-

1899 3006 2126 3062 rumque
2150 2988 2440 3044 visibilium
2469 2986 2699 3054 species,
2721 2980 2950 3050 utprius
2980 2978 3115 3033 lecta
3145 2976 3349 3038 littera,
3370 2986 3467 3027 seu

1897 3093 2144 3141 creatura
2171 3083 2431 3150 inspecta,
2456 3078 2508 3131 in
2528 3074 2773 3146 spiritum
2796 3071 3027 3133 litterae,
3049 3075 3104 3121 et
3124 3067 3179 3120 in
3200 3064 3468 3150 rationem

205 3167 440 3237 quinque
465 3181 627 3234 panes
659 3166 1013 3231 hordeaceus;
1059 3167 1298 3236 quinque
1342 3181 1510 3236 panes
1537 3165 1789 3220 hordeaci

1895 3180 2200 3232 creaturae,
2229 3148 2410 3223 rectae
2439 3164 2667 3219 rationis
2699 3159 2973 3231 gressibus
3003 3155 3319 3211 ascendant.
3357 3148 3465 3206 Re-

204 3264 336 3310 sunt
364 3255 606 3324 quinque
630 3254 899 3310 Mosaicae
925 3255 1062 3326 legis
1090 3255 1235 3321 libri,
1256 3255 1347 3324 qui
1373 3253 1658 3310 hordeacei
1683 3267 1790 3307 non

203 3347 486 3404 immerito
518 3349 789 3413 dicuntur,
821 3349 946 3418 quia
977 3348 1224 3404 carnales
1260 3347 1508 3402 homines
1548 3345 1656 3401 illis
1694 3360 1792 3416 pa-

203 3439 524 3494 scehantur.
554 3438 824 3494 Hordeum
855 3441 1055 3510 quippe
1071 3439 1441 3509 iumentorum
1464 3447 1550 3494 est
1572 3437 1792 3508 proprie

205 3525 548 3593 alimentum,
581 3544 686 3583 non
722 3530 1020 3584 hominum.
1051 3529 1300 3585 Carnalis
1339 3530 1571 3600 populus
1614 3529 1792 3585 adhuc

203 3617 312 3671 sub
349 3616 535 3671 littera
565 3618 787 3689 degens,
819 3626 874 3673 et
896 3627 1218 3673 vetustatem
1246 3619 1407 3688 primi
1442 3619 1698 3685 hominis,
1724 3619 1792 3674 de

204 3720 318 3776 quo
354 3706 617 3776 scriptum
635 3715 748 3763 est:
785 3726 806 3759 ι
826 3707 1156 3767 Homo.cum
1181 3710 1233 3762 in
1262 3709 1468 3764 honore
1494 3718 1656 3774 esset,
1682 3724 1789 3763 non

204 3799 494 3865 intellexit,
520 3808 864 3869 comparatus
893 3809 975 3854 est
999 3798 1260 3869 iumentis
1302 3799 1699 3870 insipientibus,
1734 3808 1791 3855 et

203 3891 405 3946 similis
431 3888 611 3946 factus
648 3886 878 3946 est'illis
913 3910 960 3955 ι,
997 3905 1099 3945 non
1148 3889 1428 3957 deserens,
1459 3892 1513 3946 in
1562 3906 1789 3947 numero

197 3979 572 4051 iumentorum
621 3981 905 4035 brutorum
952 3980 1391 4050 computabatur,
1438 3996 1504 4034 ac
1553 3995 1651 4051 per
1683 3981 1789 4036 hoc

201 4069 320 4125 sola
348 4069 552 4135 littera,
568 4069 722 4140 quasi
743 4070 974 4139 quodam
1000 4070 1300 4124 hordeaceo
1319 4083 1457 4140 pane
1475 4070 1645 4123 mixto
1665 4083 1785 4123 cum
1821 4132 1834 4147 .

202 4159 388 4231 palea,
419 4175 526 4215 non
554 4156 735 4215 autem
774 4160 1043 4230 spirituali
1085 4160 1316 4215 medulla
1362 4160 1532 4230 ipsius
1576 4160 1788 4215 litterae

202 4253 550 4309 vescebatur.
578 4252 777 4307 Grauis
809 4252 1076 4321 siquidem
1118 4250 1433 4306 hordeaceis
1461 4251 1535 4305 ita
1563 4258 1785 4304 natura-

203 4342 332 4398 liter
358 4343 534 4397 intimi
564 4343 841 4413 palearum
872 4342 1094 4397 folliculi
1139 4342 1456 4406 adhaerent,
1489 4351 1549 4395 ut
1593 4341 1683 4395 vix
1717 4341 1787 4396 ab

202 4446 398 4489 eorum
428 4431 660 4487 medulla
705 4430 976 4502 segregari
1030 4437 1253 4500 queant,
1304 4429 1553 4500 legalium
1603 4445 1787 4486 sacra-

1893 3263 2181 3319 eubuertmt
2227 3273 2349 3327 ergo
2391 3255 2488 3309 uiri
2534 3266 2749 3307 numero
2794 3248 2944 3319 quasi
2993 3246 3220 3317 quinque
3273 3240 3465 3296 millia.

1892 3352 2094 3408 Eadem
2143 3349 2356 3404 ratione
2404 3342 2666 3405 theoriae,
2720 3339 2857 3395 sicut
2897 3350 2996 3407 per
3030 3335 3268 3405 quinque
3296 3344 3466 3401 panes

1891 3441 2131 3512 quinque
2156 3437 2278 3491 libri
2320 3434 2508 3497 Musis,
2535 3438 2796 3502 quantum
2841 3427 2908 3482 ad
2959 3425 3197 3480 litteram
3244 3420 3463 3487 attinet,

1891 3546 1987 3587 seu
2026 3527 2264 3598 quinque
2291 3524 2534 3594 corporis
2575 3535 2764 3576 sensus
2810 3515 3199 3588 signiﬁcantur,
3245 3513 3320 3567 ita
3366 3524 3467 3581 per

1891 3621 2132 3691 quinque
2156 3616 2323 3672 millia
2344 3613 2630 3668 multitudo
2648 3624 2853 3671 eorum,
2872 3608 2962 3677 qui
2989 3606 3093 3662 sub
3115 3605 3232 3676 lege
3252 3604 3465 3658 litterae

1889 3713 2161 3773 vixerunt,
2186 3722 2281 3762 seu
2310 3719 2517 3768 eorum,
2546 3704 2636 3772 qui
2666 3700 2972 3755 carnalibus
2996 3696 3246 3752 sensibus
3277 3695 3455 3749 adhuc

1890 3800 2291 3871 subiiciuntur,
2353 3803 2501 3851 recta
2566 3793 2775 3848 ratione
2825 3790 3085 3845 innuitur.
3136 3784 3465 3841 Millenarius

1890 3892 2089 3962 quippe
2138 3902 2395 3943 numerus
2443 3884 2713 3955 perfectus
2764 3896 2830 3936 ac
2880 3880 3101 3935 cubicus
3136 3886 3241 3933 est.
3275 3876 3464 3931 Decies

1889 3984 2090 4054 quippe
2137 3981 2323 4036 decem
2368 3977 2551 4032 decies
2589 3971 2875 4029 millenarii
2934 3969 3143 4025 numeri
3195 3981 3460 4023 summam

1889 4069 2201 4127 conﬁciunt.
2255 4066 2405 4132 Qui,
2463 4066 2590 4118 dum
2655 4076 2752 4131 per
2811 4059 3118 4128 quintarium
3172 4068 3463 4114 numerum

1890 4159 2296 4229 multiplicatur,
2321 4154 2610 4210 carnaliter
2634 4149 2931 4205 viventium
2956 4146 3342 4218 plenitudinem
3372 4144 3464 4198 iuq

1889 4255 2091 4308 sinuat.
2117 4248 2217 4316 Qui
2249 4262 2398 4310 mox,
2428 4252 2488 4299 ut
2514 4250 2700 4299 sancta
2725 4240 2950 4296 historia
2976 4247 3031 4292 et
3055 4235 3249 4290 visibili
3279 4247 3464 4288 rerum

1889 4340 2173 4412 superﬁcie
2196 4336 2393 4393 eruditi
2429 4334 2661 4396 fuerant,
2713 4331 2780 4386 ad
2824 4327 3162 4384 altitudinem
3200 4324 3457 4394 spiritua-

1889 4436 2019 4491 lium
2052 4446 2232 4489 rerum
2266 4427 2545 4490 transituri
2580 4432 2723 4481 sunt.

202 4530 519 4578 mentorum
548 4536 758 4593 necnon
789 4530 844 4577 et
865 4531 1278 4593 praeceptorum
1301 4521 1669 4578 difﬁcultatem
1694 4522 1780 4576 in-
1810 4512 1858 4571 D
1953 4525 2158 4587 Accepit
2187 4530 2360 4576 autem
2373 4534 2531 4590 panes
2549 4516 2725 4581 Iesus,
2753 4521 2801 4568 et
2842 4511 3037 4583 gratias
3066 4525 3246 4580 agens,
3276 4507 3456 4562 distri-

201 4613 539 4684 telligcntiae
582 4614 967 4685 signiﬁcantes.
1011 4614 1304 4681 Quinarius
1345 4630 1558 4684 quoque
1592 4630 1782 4669 nume-

204 4721 303 4762 rus
332 4705 764 4761 hordeaceorum
794 4721 995 4777 panum
1019 4707 1257 4776 quinque
1282 4720 1570 4776 corporeus
1593 4720 1785 4787 sensus

200 4796 489 4853 insinuare
514 4812 619 4851 non
648 4797 943 4869 incongrue
984 4798 1319 4868 intelligitur.
1361 4798 1575 4866 Quanto
1620 4798 1787 4867 siqui-

202 4886 328 4943 dem
357 4887 483 4953 quis
502 4885 739 4941 ﬁdelium
767 4887 820 4940 in
852 4887 957 4949 his,
989 4896 1253 4957 quae'per
1280 4887 1782 4957 quinquepertitum

201 4974 452 5043 corporis
481 4989 698 5029 sensum
728 4975 1088 5045 accipiuntur,
1110 4975 1428 5040 delectatur,
1456 4984 1608 5029 tanto
1642 4975 1783 5029 inter

200 5066 366 5122 bruta
440 5067 696 5121 animalia
756 5067 961 5123 hordeo
1025 5068 1297 5123 vescentia
1359 5066 1778 5137 computabitur.

203 5153 344 5209 Dum
376 5168 508 5210 vero
534 5169 649 5220 eos,
683 5171 874 5211 sensus
898 5157 1040 5220 dico,
1069 5157 1298 5212 actionis
1320 5165 1376 5212 et
1401 5156 1661 5212 scientiae
1698 5157 1780 5209 in-

201 5234 488 5300 cremento
514 5246 768 5300 deserens
807 5246 1069 5314 spirituali
1098 5262 1220 5302 esca
1253 5248 1505 5312 vescitur,
1537 5260 1643 5301 non
1667 5246 1781 5315 iam

200 5333 350 5388 inter
381 5333 561 5397 bruta,
587 5333 680 5389 sed
720 5334 861 5389 inter
886 5334 1171 5392 rationalia
1199 5336 1451 5390 animalia
1478 5343 1778 5403 reputatur.

201 5428 473 5495 Quoniam
506 5428 689 5499 itaque
727 5445 886 5484 nemo
924 5430 990 5483 ad
1036 5429 1372 5484 altitudinem
1415 5429 1676 5483 virtutum
1724 5435 1780 5481 et

201 5517 722 5587 contemplationum
754 5521 949 5575 sinitur
976 5521 1287 5588 ascendere,
1318 5520 1420 5575 nisi
1468 5518 1616 5590 prius
1658 5532 1782 5571 scu-

1886 4617 1995 4670 buit
2022 4609 2431 4668 recumbentibus
2450 4646 2464 4672 ,
2490 4605 2729 4660 similiter
2753 4612 2802 4657 et
2824 4617 2890 4655 ea:
2932 4599 3156 4671 piscibus
3203 4605 3455 4665 quantum

1882 4706 2138 4760 volebant.
2166 4700 2385 4769 Accepit
2408 4696 2665 4752 Dominus
2688 4694 3014 4764 panes,quia
3036 4692 3150 4760 ipse
3168 4691 3339 4760 legem
3360 4703 3455 4758 pes

1885 4797 2069 4852 Mosen
2100 4793 2277 4853 dedit,
2304 4793 2377 4846 ita
2410 4797 2470 4844 ut
2505 4788 2591 4843 lex
2640 4786 2784 4840 illius
2830 4783 3043 4854 proprie
3090 4782 3320 4851 dicatur,
3361 4779 3455 4848 qui

1883 4886 2052 4948 dedit,
2086 4898 2192 4938 non
2225 4882 2398 4945 illius,
2429 4893 2524 4948 per
2551 4889 2710 4946 quem
2756 4873 2917 4929 veluti
2973 4873 3278 4927 ministrum
3330 4870 3455 4925 data

1884 4986 1985 5034 est.
2021 4976 2086 5030 Et
2121 4976 2319 5045 gratias
2359 4986 2535 5040 agens,
2576 4966 2837 5023 distribuit
2879 4963 3325 5026 recumbentibus;
3368 4959 3456 5015 cui

1883 5066 2101 5139 gratias,
2126 5064 2229 5118 nisi
2257 5059 2532 5129 Patri,qui
2561 5058 2641 5111 sic
2667 5055 2856 5110 dilexit
2883 5054 3156 5115 mundum,
3175 5059 3234 5104 ut
3261 5048 3454 5139 Filium

1885 5137 2039 5215 suum
2066 5157 2242 5220 daret,
2271 5167 2368 5225 per
2386 5165 2547 5222 quem
2579 5154 2825 5217 pasceret
2854 5144 3112 5198 mundum
3154 5137 3459 5193 visibilibus

1884 5245 2238 5302 sacramentis
2268 5251 2322 5298 et
2347 5238 2690 5296 sensibilibus
2721 5233 3006 5296 creaturis,
3034 5238 3095 5285 ut
3114 5243 3211 5298 per
3234 5228 3365 5281 haec
3384 5224 3455 5279 ad

1885 5351 1945 5394 se
1982 5333 2412 5405 cognoscendum
2448 5328 2768 5399 perduceret
2819 5331 2980 5391 atque
3022 5316 3291 5374 nutriret?
3336 5314 3457 5370 Duo

1887 5427 2066 5497 pisces
2087 5425 2194 5480 duo
2223 5427 2568 5483 testamenta,
2594 5422 2856 5485 quantum
2885 5410 2952 5464 ad
2987 5405 3259 5497 sensibilia
3300 5417 3451 5486 sym-

1888 5495 2006 5570 bola
2061 5514 2349 5583 pertinent,
2388 5508 2683 5565 insinuant.
2732 5502 2913 5557 Pisces
2953 5496 3152 5567 quippe
3195 5495 3249 5548 in
3310 5506 3453 5562 aqua

1482 5632 1731 5689 VARIAE
1769 5628 2166 5686 LECTIONES.

274 5719 296 5741 ·
331 5701 465 5758 Cod.
496 5703 694 5762 satiati,
