4028 6280
569 308 676 365 563

1949 307 2234 370 ιοΑΝΝιδ
2272 307 2464 367 SCOTI

3711 312 3811 373 δυ

569 427 700 475 sunt
720 418 991 475 sensibilia
1016 419 1278 492 symbola,
1297 420 1351 476 in
1367 422 1569 478 carnali
1594 423 1770 479 adhuc
1791 423 2007 493 populo,
2023 438 2144 494 per-
2170 425 2218 483 Δ
2247 422 2347 477 bus
2371 420 2668 491 spiritualia
2694 421 2994 495 fragmenta
3028 420 3327 480 divinorum
3355 424 3726 481 intellectnnm
3757 437 3809 482 et

570 508 716 563 fecte
746 516 925 563 tamen
967 508 1152 566 vivere
1201 512 1495 567 ineboanti.
1544 512 1693 579 Quae
1717 514 1982 585 symbola,
2012 515 2139 569 dum

568 598 730 653 altius
753 600 1151 668 quodammodo
1178 600 1406 673 intelligi
1438 604 1789 673 incipiuntur,
1823 614 1968 660 recte
2002 606 2145 661 desi-

567 687 901 752 derantibus,
941 697 1202 757 quantum
1239 690 1445 755 volunt,
1485 691 1901 746 distribuuntur.
1948 691 2142 746 Distri-

567 777 735 832 huere
765 777 963 848 quippe
986 767 1093 844 est,
1118 779 1350 834 visibilia
1382 781 1621 851 symbola
1669 783 1741 838 ab
1783 782 2143 837 invisibilibus

568 881 757 922 eorum
785 869 1148 926 intellectibus
1180 871 1508 937 discernere,
1538 881 1594 928 et
1620 872 1775 941 juxta
1804 873 2143 942 uniuscujus-

568 970 674 1025 que
693 958 1051 1027 capacitatem
1078 960 1371 1030 dispertiri.
1401 962 1631 1030 Quidam
1658 963 1865 1027 volunt,
1890 978 1986 1033 per
2007 966 2142 1021 duos

568 1046 748 1115 pisces
773 1048 907 1103 duas
930 1063 1191 1118 personas
1225 1051 1279 1105 in
1309 1051 1445 1123 lege,
1472 1054 1616 1124 regis
1661 1053 1913 1109 videlicet
1958 1064 2013 1109 et
2054 1071 2141 1110 sa-

569 1137 836 1202 cerdotis,
865 1139 1106 1209 quidam,
1138 1142 1428 1212 prophetas
1461 1152 1517 1199 et
1546 1144 1784 1213 psalmos
1824 1145 2139 1216 significari.

641 1226 708 1282 Ut
736 1239 909 1284 autem
937 1220 1163 1286 saturati
1186 1244 1328 1298 sunt,
1351 1235 1475 1288 dicit
1504 1236 1773 1307 discipulis
1796 1238 1906 1292 suis
1933 1254 1951 1292 :
1981 1236 2144 1292 Colli-

566 1320 694 1386 gite,
715 1334 848 1387 quae
890 1332 1281 1390 superaverunt,
1314 1324 1627 1393 fragmenta,
1666 1342 1729 1380 ne
1773 1325 1898 1389 quid
1942 1337 2136 1397 pereat.

571 1408 810 1479 Simplex
838 1410 1075 1466 ﬁdelium
1100 1414 1253 1468 turba
1278 1415 1392 1469 sola
1414 1415 1617 1481 littera,
1638 1417 1836 1473 visibili
1869 1428 2137 1485 creatura,

570 1514 781 1555 necnon
807 1510 861 1555 et
886 1501 1187 1558 visibilibus
1234 1505 1490 1574 symbolis
1530 1515 1769 1561 saturata
1810 1516 1973 1578 atque
2007 1510 2139 1563 cen-

578 1596 759 1652 tenta;
799 1589 1012 1644 litterae
1031 1600 1088 1645 et
1107 1601 1391 1649 creaturae
1419 1608 1474 1649 et
1499 1595 1861 1666 symbolorum
1891 1598 2141 1667 spiritua-

567 1677 646 1733 les
698 1679 998 1736 intellectus
1051 1684 1214 1738 veluti
1264 1686 1475 1741 residua
1523 1690 1786 1758 quaedam
1816 1689 2133 1762 fragmenta,

2249 511 2574 581 colliguntur
2597 522 2652 568 et
2680 512 2975 578 salvantur,
2990 527 3059 569 ne
3079 514 3206 582 quid
3230 529 3416 569 eorum
3440 524 3651 584 pereat.
3672 514 3808 570 Idem

2243 615 2502 656 numerus
2529 601 2784 656 dividitur
2811 602 2866 656 in
2893 610 3098 672 septem
3125 610 3179 656 et
3207 602 3580 673 quinque,qui
3608 602 3810 658 numeri

2243 690 2485 745 musicae
2510 691 2779 746 humanae
2805 691 2952 746 vocis
2985 692 3371 758 attribuuntur,
3404 690 3813 760 mirabilequ

2243 781 2587 836 concordiam
2618 782 2858 836 omnium
2886 796 3067 836 rerum
3098 782 3164 836 ad
3202 797 3366 836 unum
3403 780 3565 835 ﬁnem
3595 780 3813 836 redeun-

2246 872 2377 927 tium
2406 872 2625 928 indicat.
2650 871 2942 940 Quinarius
2971 871 3235 941 siquidem
3263 871 3316 926 in
3358 886 3416 926 se
3462 871 3583 940 ipso
3628 870 3813 924 multi-

2242 963 2471 1033 plicatus
2498 963 2688 1031 viginti
2720 963 2959 1033 quinque
2996 977 3281 1018 numerum
3322 961 3580 1031 complet.
3628 958 3814 1030 Sepw

2242 1055 2430 1110 uarius
2452 1069 2580 1111 vero
2613 1054 2668 1109 in
2697 1055 2802 1110 duo
2828 1052 3070 1108 membra
3099 1052 3619 1120 dividitur,quorum
3645 1048 3814 1117 majus

2242 1146 2624 1215 quaternarius
2657 1153 2760 1210 est,
2791 1144 2968 1199 minus
3003 1142 3292 1199 ternarius.
3326 1140 3384 1195 Si
3419 1141 3601 1209 itaque
3641 1148 3815 1207 septe-

2243 1234 2455 1289 narium
2483 1249 2765 1290 numerum
2795 1248 2893 1305 per
2920 1231 3147 1309 inferius
3176 1230 3475 1285 membrum
3512 1228 3597 1283 sui
3637 1227 3815 1282 multi-

2242 1325 2553 1395 plicaveris,
2600 1325 2790 1396 viginti
2838 1339 3003 1379 unum
3057 1321 3281 1378 efﬁcies.
3332 1320 3428 1376 Cui
3486 1336 3729 1375 numero
3775 1321 3815 1375 si

2242 1414 2417 1484 majus
2473 1413 2774 1468 membrum
2822 1411 3130 1473 addideris,
3172 1410 3277 1463 erit
3323 1408 3577 1464 similiter
3630 1407 3814 1477 viginti

2240 1504 2509 1573 quinque;
2566 1518 2630 1557 ac
2678 1518 2774 1572 per
2813 1503 2917 1557 hoc
2960 1501 3026 1555 ad
3066 1516 3230 1555 unum
3267 1498 3817 1568 finemquinariuset

2241 1592 2579 1661 septenarius
2607 1590 2943 1661 multiplicati
2973 1591 3243 1645 dicuntur.
3277 1587 3606 1659 Spirituales
3657 1587 3817 1657 igitur

2243 1683 2461 1753 cophini
2494 1690 2641 1748 sunt,
2673 1683 2765 1753 qui
2823 1684 3022 1738 virtute
3065 1682 3294 1738 actionis
3339 1692 3397 1736 et
3443 1681 3713 1753 scientiae
3754 1680 3813 1735 ad

566 1785 706 1837 quae
733 1772 907 1828 adhuc
928 1776 1174 1831 carnales
1208 1792 1313 1831 non
1341 1789 1563 1847 possunt
1589 1795 1863 1837 assumere
1895 1759 2136 1854 magistri

2242 1788 2406 1828 unum
2437 1774 2599 1829 ﬁnem
2634 1784 2886 1829 aeternae
2904 1772 3380 1842 contemplationis
3398 1772 3750 1842 perveniunt.

565 1857 839 1915 Ecclesiae
867 1863 1118 1934 colligere
1135 1866 1412 1936 jubentur,
1442 1883 1511 1923 ne
1530 1871 1657 1939 quid
1682 1886 1747 1926 ex
1774 1872 1902 1941 ipsis
1931 1874 2137 1929 intelle-

564 1951 740 2008 ctibus
768 1968 873 2009 non
898 1955 1221 2013 intellectum
1245 1971 1446 2029 pereat,
1466 1965 1558 2019 sed
1589 1980 1653 2019 ex
1676 1967 1756 2021 eis
1777 1968 2135 2035 spiritualium

563 2040 867 2098 animarum
898 2047 1222 2105 rationabile
1248 2052 1571 2107 desiderium
1604 2056 1658 2108 in
1681 2057 1877 2111 divinis
1898 2070 2137 2115 contem-

568 2128 894 2199 plationibus
918 2137 1163 2192 satietur.
1195 2140 1517 2211 Fragmenta
1554 2144 1735 2214 itaque
1755 2155 1882 2201 sunt
1910 2148 2136 2205 hordea-

564 2233 785 2275 ceorum
815 2237 1033 2290 panum,
1060 2227 1284 2283 subtiles
1321 2244 1385 2286 ae
1413 2231 1656 2289 diﬁiciles
1685 2235 1992 2293 intellectus
2010 2252 2137 2293 san-

567 2318 688 2399 etae
720 2311 1033 2381 Scripturae
1060 2326 1114 2371 et
1142 2319 1478 2377 sensibilium
1506 2335 2137 2399 sacramentorum,quas

517 2392 524 2403 '
568 2397 820 2455 doctores
846 2400 1119 2460 Ecclesiae
1147 2406 1198 2461 in
1220 2424 1384 2464 unum
1416 2411 1775 2483 coll’gunt,ne
1800 2417 1929 2486 quid
2057 2421 2137 2475 eis

567 2498 769 2557 pereat,
802 2493 905 2548 hoc
929 2503 1030 2559 est,
1058 2512 1126 2551 ne
1161 2499 1362 2570 aliquid
1412 2517 1477 2558 ex
1532 2505 1611 2560 eis
1653 2517 1948 2572 remaneat,
1994 2510 2138 2578 quod

568 2581 858 2648 capacibus
885 2585 1292 2657 intelligibilimn
1315 2598 1568 2648 sensuum
1603 2611 1708 2651 non
1757 2598 2133 2653 distribuatur.

639 2667 959 2741 Colligebant
984 2692 1124 2745 ergo,
1154 2689 1203 2732 et
1229 2680 1565 2750 impleverunt
1594 2686 1866 2740 duodecim
1890 2689 2137 2758 cophinos

568 2756 974 2827 fragmentorum
995 2780 1060 2819 ea:
1085 2768 1309 2839 quinque
1328 2772 1549 2839 panibus
1579 2774 1902 2842 Itordeaceis,
1926 2756 2017 2847 qui
2052 2795 2138 2832 su-

567 2857 869 2913 peraverant
890 2852 1343 2912 manducamibus.
1374 2858 1744 2918 Duodenarius
1781 2866 2134 2935 cophinorum

568 2946 827 2990 numerus
855 2941 1211 3008 capacitatem
1239 2946 1542 3015 sapientum
1586 2951 2001 3021 spiritualesque
2049 2953 2134 3007 in-

568 3021 814 3080 tellectus
860 3027 1220 3099 colligentium
1279 3036 1452 3105 typicc
1498 3038 1711 3109 figurat.
1764 3042 2135 3099 Duodenarius

569 3110 766 3201 quippe
786 3130 1043 3171 numerus
1067 3104 1495 3188 perfectissimus
1520 3104 1621 3193 est,
1649 3130 1939 3201 multisque
1964 3132 2135 3188 modis
2163 3104 2206 3163 Ο

569 3200 961 3268 consideratus,
1007 3204 1062 3260 in
1113 3210 1328 3266 actione
1368 3215 1648 3283 virtutum,
1701 3228 1755 3274 et
1807 3200 1863 3275 in
1912 3222 2134 3276 scientia

572 3304 774 3356 rerum,
804 3303 859 3347 et
879 3295 932 3348 in
960 3296 1250 3370 theologia,
1268 3318 1408 3371 quae
1428 3307 1572 3362 circa
1596 3309 1776 3365 divina
1802 3311 2138 3369 solummodo

572 3391 843 3451 versatur,
871 3390 1141 3455 praeditos
1168 3392 1471 3451 divinorum
1516 3398 1790 3457 hominum
1835 3403 2138 3461 intellectus

574 3472 860 3543 significat.
884 3476 1125 3535 Primum
1145 3485 1361 3552 quidem
1388 3489 1700 3545 duodenarii
1726 3476 1982 3562 perfectio
2010 3511 2138 3551 con-

572 3564 845 3621 sideratur
869 3582 953 3632 eo,
980 3572 1120 3639 quod
1149 3576 1347 3630 senarii
1371 3581 1579 3635 numeri
1617 3581 1807 3652 duplus
1832 3593 1933 3639 est.
1964 3584 2136 3642 Sena-

572 3654 686 3709 rius
715 3664 893 3712 autem
930 3676 1182 3718 numerus
1202 3665 1584 3735 perfectionem
1617 3672 1879 3729 bonorum
1914 3691 2136 3744 operum

572 3745 626 3799 in
655 3746 757 3802 hac
790 3749 899 3803 vita
934 3751 1200 3820 insinuat;
1258 3772 1396 3825 quae
1445 3761 1489 3815 si
1535 3761 1803 3832 duplicata
1848 3764 2033 3833 fuerit,
2081 3769 2134 3824 in

572 3849 846 3899 aeternam
876 3850 1402 3919 contemplationem,
1430 3870 1569 3924 quae
1610 3858 1774 3913 totius
1812 3859 1983 3917 bonae
2011 3877 2138 3931 Ope-

572 3935 799 3991 rationis
827 3936 1034 3995 fructus
1083 3949 1195 4005 est,
1246 3944 1412 4001 veluti
1458 3947 1512 4001 in
1563 3949 1875 4006 duodenarii
1927 3955 2135 4009 numeri

570 4026 926 4093 quantitatem
956 4034 1276 4089 concrescit.
1304 4034 1434 4089 Item
1487 4039 1848 4097 duodenarius
1892 4042 2034 4098 intra
2077 4059 2137 4100 se

573 4115 737 4171 totius
761 4120 998 4177 musicae
1016 4123 1327 4180 harmonias
1354 4128 1615 4183 continet.
1646 4129 1819 4186 Habet
1843 4133 1985 4187 enim
2017 4134 2136 4189 dia-

569 4215 813 4264 tessaron
866 4224 892 4252 ι
952 4214 1003 4268 in
1054 4218 1403 4284 quaternario
1450 4235 1571 4274 cum
1623 4223 1859 4277 ternario
1906 4225 2132 4292 collato;

569 4298 735 4354 habet
756 4302 1007 4371 diapente
1035 4305 1086 4359 in
1116 4310 1351 4364 ternario
1381 4317 1438 4364 et
1463 4311 1708 4377 binario;
1761 4314 1923 4370 habet
1954 4317 2137 4386 diapa-

570 4400 667 4441 son
698 4389 839 4444 inter
884 4394 1116 4462 seipsum
1164 4406 1218 4450 et
1263 4400 1556 4455 senarium.
1605 4401 1749 4458 Intra
1796 4407 2133 4461 octonarium
2168 4440 2214 4500 ι)

570 4495 784 4551 quoque
814 4498 1097 4540 numerum
1129 4488 1333 4560 integra
1353 4492 1609 4561 diapason
1632 4504 1734 4550 est.
1758 4496 1929 4552 Habet
1951 4507 2132 4553 tonum

571 4571 715 4626 inter
741 4574 1090 4630 novenarium
1117 4586 1170 4632 et
1191 4582 1550 4636 octonarium.
1578 4584 1678 4651 Qui
1714 4601 1906 4641 omnes
1926 4587 2136 4643 numeri

572 4659 713 4714 intra
747 4664 1007 4718 terminos
1033 4663 1344 4723 duodenarii
1376 4671 1739 4727 continentur.
1780 4672 1858 4728 Ac
1899 4689 1996 4744 per
2036 4675 2137 4731 hoc

570 4750 811 4805 omnium
834 4768 1013 4819 rerum
1033 4755 1322 4813 visibilium
1363 4769 1420 4815 et
1462 4761 1807 4817 invisibilium
1855 4763 2137 4819 harmonia

570 4857 816 4899 connexa
849 4847 937 4901 tali
969 4863 1193 4904 numero
1221 4849 1502 4922 ﬁguratur.
1524 4852 1674 4920 Quae
1702 4851 1980 4908 harmonia
2010 4853 2140 4909 solis

570 4931 784 4988 divinas
808 4948 898 4989 res
942 4936 1377 5009 intelligentibus,
1409 4949 1665 5011 quantum
1705 4941 1866 4996 datur
1906 4942 2135 4997 homini-

572 5021 694 5086 bus,
719 5032 843 5078 nota
869 5035 924 5078 et
946 5028 1448 5096 comprehensibilis
1468 5040 1567 5085 est.
1608 5032 1979 5087 Duodenarius
2003 5048 2136 5102 quo-

570 5124 677 5178 que
705 5127 959 5170 numerus
982 5115 1034 5169 in
1063 5116 1246 5171 decem
1278 5119 1533 5173 dividitur
1551 5130 1606 5174 et
1627 5120 1752 5173 duo.
1778 5120 2067 5191 Propterea
2083 5131 2137 5177 et

570 5198 742 5271 legem
765 5202 1031 5273 significat
1053 5204 1286 5271 litterae,
1322 5221 1462 5275 quae
1503 5207 1722 5264 denaria
1756 5218 1860 5271 est,
1888 5218 1944 5262 et
1990 5210 2134 5263 cari-

572 5292 700 5347 tatis
722 5307 1089 5365 praeceptum,
1118 5298 1262 5366 quod
1288 5298 1341 5351 in
1388 5310 1449 5351 se
1491 5297 1814 5369 geminatur,
1841 5306 1897 5353 et
1946 5298 1999 5352 in
2030 5314 2137 5369 quo

574 5379 660 5436 lex
672 5383 926 5455 pendunt
953 5393 1009 5439 et
1037 5386 1347 5454 prophetae.
1381 5385 1611 5455 Ideoque
1655 5386 1745 5456 qui
1774 5386 1944 5455 legem
1973 5402 2130 5457 prac-

572 5483 731 5545 cepto
754 5475 1000 5532 caritatis
1045 5477 1373 5548 adimplent,
1400 5478 1499 5547 ipsi
1527 5486 1652 5533 sunt
1673 5478 1913 5549 cophini,
1946 5478 1998 5533 in
2023 5479 2140 5550 qui-

649 5670 673 5699 ι
715 5657 956 5723 Respicit
975 5659 1307 5717 Graecorum
1335 5661 1663 5716 harmonias.

2308 1863 2558 1919 Homines
2592 1881 2711 1935 ergo
2766 1864 3006 1931 uidentes,
3045 1866 3182 1935 quod
3232 1865 3351 1934 [erit
3387 1865 3599 1934 signum
3626 1862 3809 1926 Iesus,

2235 1955 2472 2008 dicebant
2509 1938 2691 2021 :Ouia
2719 1956 2826 2025 ipse
2879 1965 2953 2008 est
2995 1971 3107 2009 vere
3151 1954 3419 2024 propheta,
3449 1955 3542 2025 qui
3587 1955 3725 2009 venit
3758 1957 3807 2008 in

2234 2045 2507 2098 mundum.
2538 2045 2736 2101 lterum
2770 2044 3083 2115 imperfecta
3108 2046 3262 2100 turba
3287 2045 3640 2116 redarguitur
3658 2046 3813 2111 ineo,

2235 2134 2375 2203 quod
2405 2142 2621 2203 propter
2656 2134 2866 2205 signum
2893 2134 3123 2200 visibile,
3157 2150 3260 2189 non
3308 2144 3531 2204 propter
3558 2134 3815 2189 virtutem

2236 2224 2619 2295 intelligibilem
2646 2226 2785 2295 signi
2811 2226 3061 2280 dicebant
3090 2245 3102 2278 :
3140 2226 3263 2297 quia
3301 2227 3409 2294 ipse
3460 2235 3535 2280 est
3563 2242 3683 2280 rere
3701 2241 3816 2295 pro-

2233 2314 2409 2384 plteta,
2432 2315 2521 2384 qui
2552 2316 2688 2368 venit
2725 2314 2779 2368 in
2800 2315 3072 2368 mundum.
3102 2315 3158 2369 In
3188 2315 3295 2370 hoc
3320 2312 3585 2369 miraculo
3629 2313 3815 2382 quina-

2235 2407 2349 2461 riae
2376 2406 2696 2476 quantitatis
2714 2406 3134 2461 hordeaceorum
3164 2421 3363 2475 panum
3392 2420 3497 2460 non
3520 2396 3640 2459 sine
3657 2417 3813 2459 causa

2234 2498 2535 2567 quaeritur,
2564 2498 2689 2565 quid
2712 2496 2845 2562 vult,
2871 2498 3013 2567 quod
3039 2496 3334 2568 fragmenta
3353 2496 3596 2566 quinque
3611 2510 3810 2565 panum

2235 2588 2587 2651 solummodo,
2610 2604 2713 2643 non
2744 2596 2921 2642 autem
2945 2588 3171 2643 duorum
3203 2587 3435 2657 piscium
3466 2586 3813 2656 colligantur,

2235 2694 2301 2734 ex
2331 2680 2527 2748 quibus
2554 2680 2835 2735 duodecim
2870 2678 3083 2748 cophini
3101 2679 3409 2749 implentur,
3430 2693 3555 2734 cum
3573 2693 3643 2731 ex
3661 2678 3815 2746 quin-

2236 2784 2340 2838 que
2369 2768 2597 2838 panibus
2622 2778 2677 2825 et
2701 2770 2909 2825 duobus
2933 2770 3171 2839 piscibus
3199 2770 3437 2839 quinque
3456 2768 3627 2822 millia
3647 2768 3817 2822 homi-

2235 2877 2361 2914 num
2386 2869 2626 2916 saturata
2666 2860 2832 2916 l‘uisse
2871 2860 3218 2931 Evangelium
3244 2868 3451 2915 narret.
3491 2858 3664 2930 Cujus
3705 2873 3818 2929 my—

2234 2953 2637 3007 steriiobscura
2670 2952 3039 3007 mibi‘videtur
3060 2951 3424 3021 profunditas,
3450 2959 3509 3006 ut
3548 2953 3639 3005 vix
3672 2952 3817 3004 inve-

2236 3044 2420 3114 stigari
2446 3051 2626 3113 queat.
2654 3043 2983 3113 Augustinus
3014 3043 3210 3111 quippe
3248 3042 3302 3095 iu
3342 3041 3684 3109 expositione
3719 3054 3814 3094 sua

2238 3134 2292 3187 in
2335 3132 2595 3188 Joannem
2628 3132 2702 3187 nil
2753 3132 2874 3187 inde
2917 3140 3130 3195 tractat,
3176 3131 3270 3186 sed
3319 3130 3539 3184 omnino
3578 3136 3818 3199 praeter-

2239 3222 2404 3277 misit.
2441 3221 2777 3290 Quamquam
2808 3220 2991 3275 multis
3019 3218 3261 3274 sullicere
3287 3218 3549 3281 videatur,
3582 3218 3725 3286 quod
3762 3216 3815 3270 in

2240 3311 2423 3368 Marco
2444 3313 2641 3382 legitur
2670 3329 2685 3366 :
2715 3332 2734 3365 ι
2792 3312 3028 3367 tulerunt
3078 3312 3498 3381 fragmentorum
3530 3307 3814 3363 duodecim

2238 3402 2494 3471 cophinos
2514 3400 2720 3471 plenos,
2741 3410 2796 3456 et
2820 3417 2851 3455 a
2895 3401 3133 3470 piscibus
3165 3419 3211 3462 ι,
3244 3406 3304 3453 ut
3329 3397 3762 3467 subintelligatnr
3799 3411 3815 3450 :

2237 3500 2294 3547 et
2319 3508 2349 3546 a
2371 3492 2604 3561 piscibus
2625 3491 2861 3547 tulerunt
2892 3491 3320 3562 fragmenta,aut
3341 3488 3466 3551 alia,
3482 3495 3578 3542 aut
3599 3488 3812 3541 eadem.

2238 3583 2344 3639 Sed
2376 3584 2422 3638 si
2449 3583 2603 3648 alia,‘
2631 3599 2736 3638 non
2773 3599 2871 3648 xu,
2901 3583 2995 3637 sed
3048 3597 3203 3635 xxlm
3229 3580 3447 3650 cophini
3496 3578 3738 3642 fuerunt,
3764 3581 3811 3634 si

2236 3675 2444 3739 eadem,
2476 3672 2763 3728 suffecerat
2835 3674 3015 3728 dicere
3046 3687 3061 3726 :
3091 3671 3325 3727 tulerunt
3380 3669 3811 3740 fragmentomm

2236 3768 2516 3823 duodecim
2577 3767 2855 3837 cephinos.
2894 3766 3117 3822 Videtur
3149 3778 3254 3820 non
3291 3778 3487 3817 vacare
3517 3762 3802 3832 mysterio.

2235 3858 2376 3928 quod
2404 3856 2568 3912 veluti
2597 3864 2718 3928 post
2748 3855 3046 3925 fragmenta
3075 3855 3229 3925 panis
3248 3853 3478 3909 collecta
3499 3852 3578 3905 ait
3606 3870 3621 3904 :
3650 3870 3669 3902 ι
3697 3861 3754 3904 et
3782 3866 3815 3905 a

2234 3951 2468 4021 piscibus
2499 3967 2547 4014 ι,
2577 3948 2839 4012 absolute,
2865 3947 2939 4002 nil
2969 3947 3190 4001 addens.
3216 3945 3517 4001 Matthaeus
3542 3942 3812 4012 siquidem

2234 4051 2290 4096 et
2312 4040 2486 4096 Lucas
2516 4040 2811 4095 indiscrete
2831 4037 3130 4108 fragmenta
3144 4044 3591 4099 commemorant,
3618 4033 3671 4087 in
3694 4047 3815 4086 am-

2235 4130 2399 4199 biguo
2420 4127 2740 4198 linquentes,
2769 4136 2951 4182 utrum
2973 4125 3310 4182 solummodo
3322 4140 3544 4193 panum,
3570 4132 3629 4177 ut
3654 4120 3816 4176 Joan.

2236 4233 2350 4282 nes,
2395 4233 2464 4273 an
2510 4233 2708 4287 panum
2741 4216 2901 4272 simul
2943 4224 2999 4270 et
3029 4215 3274 4286 piscium.
3316 4212 3812 4279 Conemuritaque,

2234 4317 2493 4378 quantum
2522 4308 2613 4363 lux
2639 4308 2898 4363 mentium
2926 4307 3154 4370 dederit,
3188 4305 3481 4375 inquirere,
3521 4319 3628 4358 non
3684 4302 3815 4357 alio-

2236 4416 2357 4455 rum
2430 4415 2623 4455 sensus
2693 4397 3132 4469 praejndicando.
3184 4395 3555 4450 Praediximus
3596 4393 3813 4463 quippe,

2237 4491 2474 4560 quinque
2500 4504 2693 4545 sensus
2719 4488 2960 4559 corporis
2985 4502 3079 4542 seu
3097 4482 3525 4555 quinquelibros
3547 4481 3817 4536 Mosaicos

2238 4581 2490 4652 quinario
2519 4595 2718 4650 panum
2747 4593 2974 4634 numero
2995 4576 3282 4641 insinuari,
3309 4574 3518 4631 duobus
3546 4587 3676 4627 vero
3700 4571 3813 4639 pis-

2238 4672 2392 4727 cibus
2446 4671 2728 4739 utriusque
2786 4668 3114 4725 Tcslamenti
3169 4665 3429 4736 symbola.
3482 4663 3585 4718 Ubi
3643 4661 3816 4731 primo

2236 4762 2622 4832 quaerendum,
2664 4760 2792 4829 quid
2841 4760 2980 4813 inter
3032 4756 3282 4829 mysteria
3315 4755 3480 4809 distat
3534 4751 3815 4819 utriusque

2237 4851 2392 4923 legis,
2416 4852 2629 4906 litterae
2652 4849 2901 4905 videlicet
2929 4857 2984 4904 et
3000 4847 3228 4918 gratiae,
3250 4856 3305 4899 et
3330 4842 3593 4915 symbola.
3619 4840 3813 4910 Myste-

2239 4942 2318 4996 ria
2360 4941 2543 5010 itaque
2588 4938 2800 5009 proprie
2847 4945 2993 5000 sunt,
3042 4949 3182 5006 quae
3224 4934 3379 5004 juxta
3405 4929 3718 5001 allegoriam
3762 4936 3817 4981 et

2239 5030 2366 5087 facti
2394 5038 2451 5084 et
2472 5028 2599 5085 dicti
2626 5028 2933 5090 traduntur,
2962 5026 3067 5079 hoc
3110 5031 3214 5089 est,
3261 5018 3668 5075 et'secundum
3726 5029 3817 5069 res

2238 5128 2418 5189 gestas
2441 5117 2583 5172 facta
2606 5123 2731 5171 sunt
2755 5123 2810 5168 et
2831 5114 2994 5177 dicta,
3023 5112 3149 5181 quia
3179 5116 3488 5164 narrantur.
3514 5105 3812 5173 Verbigra-

2243 5210 2315 5265 tia
2347 5208 2639 5264 Mosaicum
2677 5203 3083 5261 tabernaculum
3139 5209 3197 5256 et
3232 5200 3527 5254 secundum
3577 5210 3691 5250 rem
3726 5206 3816 5265 ge-

2240 5308 2379 5355 stam
2419 5306 2537 5354 erat
2566 5303 2956 5359 constructum,
2984 5301 3039 5348 et
3080 5299 3228 5346 textu
3256 5299 3477 5345 sanctae
3500 5285 3815 5354 Scripturac

2242 5388 2442 5446 dictum
2470 5397 2632 5456 atque
2669 5393 2968 5440 narratum.
3004 5381 3263 5438 Similiter
3294 5384 3632 5434 sacramenta
3668 5373 3810 5444 lega-

2244 5478 2373 5534 lium
2395 5478 2694 5536 bostiarum
2724 5485 2781 5531 et
2806 5474 3099 5532 secundum
3129 5471 3414 5529 historiam
3468 5466 3612 5523 facta
3668 5472 3812 5526 sunt,

2090 5590 2340 5648 NOTAE.
