4028 6280
132 324 143 327 ’
196 366 310 425 διε

1261 351 1610 414 COMMENT.
1650 350 1718 407 ΙΝ
1756 347 2009 406 EVANG.
2050 344 2196 402 SEC.
2234 340 2422 400 JOAN.

3342 332 3449 391 M6

197 491 262 536 et
281 480 428 536 dicta
460 484 587 533 sunt
636 472 931 531 secundum
984 466 1370 524 narrationem.
1419 461 1773 521 Circumcisio
1799 469 1845 526 Α
1876 457 2100 513 multum
2126 454 2324 517 fuerat,
2354 449 2637 506 Dominqu
2668 446 2880 536 turbam
2908 444 3139 516 pavisse.
3192 442 3298 536 tibi
3339 443 3448 508 ait,

197 571 456 626 similiter
479 578 534 623 et
560 567 701 622 facta
726 575 810 620 est
848 565 902 618 in
930 575 1116 625 carne,
1145 568 1201 614 et
1239 563 1456 611 narrata
1493 562 1578 609 est
1602 554 1656 606 in
1685 552 1773 606 lit-

198 671 343 715 tera.
372 661 429 713 lu
457 657 606 713 Nevo
635 669 850 726 quoque
875 652 1221 708 Testamento
1270 644 1525 718 mysteria
1574 643 1776 713 baptis-

200 750 391 815 matis,
424 746 688 802 Dominici
710 758 926 814 quoque
954 740 1198 811 corporis
1219 752 1283 792 ac
1306 734 1602 805 sanguinis,
1649 746 1775 787 nee-

199 856 316 894 non
340 847 397 894 et
424 837 599 893 sancti
630 835 943 890 chrismatis
963 830 1117 899 juxta
1152 842 1239 883 res
1279 834 1461 897 gestas
1484 821 1779 879 conﬁciun-

202 940 317 995 tur,
347 940 403 985 et
423 927 621 982 litteris
648 924 935 979 traduntur
962 929 1019 975 et
1050 920 1322 974 dicuntur.
1348 916 1416 969 Et
1445 916 1578 968 haec
1604 912 1775 965 forma

201 1024 669 1075 sacramentorum
697 1011 949 1083 allegoria
976 1009 1102 1064 facti
1134 1016 1189 1063 et
1217 1006 1345 1061 dicti
1372 1018 1404 1058 a
1432 1003 1635 1059 sanctis
1667 1000 1775 1054 Pa-

204 1108 382 1163 tribus
426 1102 816 1160 rationabiliter
866 1100 1149 1154 vocitatur.
1200 1095 1381 1149 Altera
1434 1091 1609 1147 forma
1669 1098 1774 1155 est,

200 1214 347 1269 quae
389 1198 604 1267 proprie
640 1191 865 1264 symboli
914 1202 1109 1243 nomen
1154 1186 1381 1255 accepit,
1435 1192 1493 1237 et
1517 1180 1772 1249 allegoria

201 1285 358 1350 dicti,
392 1299 498 1339 non
525 1291 702 1337 autem
728 1280 853 1334 facti
888 1275 1204 1347 appellatur,
1251 1272 1507 1344 quoniam
1535 1272 1588 1326 in
1618 1269 1776 1324 dictis

202 1373 545 1431 solummodo
570 1368 864 1440 spiritualis
895 1366 1190 1428 doctrinae,
1222 1378 1328 1417 non
1382 1371 1560 1416 autem
1592 1360 1649 1414 in
1694 1357 1777 1412 fa-

201 1464 308 1517 ctis
335 1460 683 1516 seusibilibus
702 1455 1068 1511 constituitur.
1100 1451 1371 1523 Mysteria‘
1395 1451 1574 1520 itaque
1625 1458 1775 1512 sunt,

200 1560 346 1619 quae
380 1550 435 1605 in
459 1556 692 1616 utroque
720 1544 1064 1600 Testamento
1089 1549 1144 1595 et
1166 1541 1460 1595 secundum
1495 1536 1774 1592 historiam

200 1639 350 1694 facta
377 1644 524 1702 sunt,
549 1645 606 1691 et
628 1635 919 1690 secundum
950 1632 1184 1686 litteram
1225 1637 1443 1683 narrata
1468 1644 1483 1692 ;
1533 1626 1776 1697 syinbola

201 1742 361 1792 vero,
403 1740 540 1795 quae
589 1723 924 1779 solummodo
970 1735 1077 1775 non
1130 1718 1292 1783 facta,
1319 1718 1413 1772 sed
1448 1716 1601 1787 quasi
1630 1715 1774 1770 facta

1878 567 1898 599 ‹
1928 559 2174 601 reversus
2202 544 2257 597 in
2285 548 2522 597 montem
2547 538 2663 607 ipse
2685 535 2830 591 solus
2853 553 2873 586 ι
2898 551 2914 600 ;
2949 542 3008 588 ιιι
3028 532 3326 590 secundum
3362 546 3452 587 res

1873 644 2052 706 gestas
2079 632 2437 702 accipiamus,
2488 627 2659 683 solum
2688 625 2972 679 Dominum
3019 638 3143 681 cum
3172 619 3452 690 discipulis

1872 727 1986 781 suis
2020 725 2170 796 prius
2194 719 2504 777 ascendisse
2535 719 2590 772 in
2623 726 2883 779 montem,
2920 728 2986 768 ac
3029 712 3222 768 deinde
3250 711 3453 766 iterum

1872 814 1941 867 ad
1988 812 2240 866 inferiora
2286 808 2645 873 descendisse,
2685 803 3056 873 miraculoque
3099 811 3324 872 peracto
3361 815 3461 863 so-A

1872 906 1983 960 lum
2031 907 2226 960 iterum
2272 905 2327 958 in
2366 911 2606 958 montem
2653 899 2897 970 rediisse.
2944 897 3080 952 lluic
3122 894 3451 951 multitudini

1874 993 2035 1049 ﬁdem
2079 992 2281 1047 Christi
2307 990 2566 1046 esurienti
2612 997 2955 1058 apponuntur
3003 984 3242 1053 quinque
3283 997 3453 1052 panes

1873 1091 1927 1137 et
1955 1084 2060 1138 duo
2085 1083 2279 1152 pisces,
2310 1081 2415 1136 hoc
2439 1090 2524 1135 est
2549 1086 2907 1141 sacramenta,
2948 1089 3085 1143 quae
3128 1082 3185 1129 et
3219 1071 3366 1126 facta
3392 1080 3449 1127 et

1874 1171 2074 1240 scripta
2101 1179 2324 1233 sunt,'et
2371 1167 2652 1238 symbola,
2701 1181 2841 1235 quae
2884 1163 3224 1219 solummodo
3272 1161 3446 1226 dicta,

1874 1274 1981 1315 non
2004 1248 2182 1314 autem
2216 1257 2379 1312 facta.
2405 1254 2687 1323 Accipiens
2719 1252 2966 1308 Christus
3008 1264 3174 1320 panes
3215 1247 3445 1318 quinque

1873 1355 1930 1401 et
1952 1348 2087 1402 duos
2122 1347 2320 1416 pisces,
2349 1352 2403 1398 et
2424 1343 2626 1412 gratias
2654 1355 2840 1411 agens,
2868 1339 3017 1394 Patri
3047 1336 3331 1402 videlicet,
3358 1335 3448 1406 qui

1874 1435 2043 1491 voluit
2072 1434 2256 1490 ﬁdeles
2283 1447 2409 1489 suos
2434 1420 2693 1502 symbolis
2715 1443 2781 1484 ac
2806 1426 3159 1484 sacramentis
3188 1440 3411 1496 pascere
3432 1463 3451 1491 ,

1877 1525 2041 1579 tradit
2068 1522 2345 1593 discipulis
2377 1522 2508 1585 suis,
2539 1519 2812 1589 magistris
2827 1518 2941 1572 suis
2958 1556 2974 1581 ,
3019 1515 3282 1571 ministris
3298 1513 3452 1579 suis;

1875 1614 1977 1685 ipsi
2004 1628 2133 1669 vero
2168 1616 2354 1667 turbae
2400 1609 2665 1665 dividunt.
2700 1607 2876 1662 Panes
2910 1605 3195 1661 hordeacei
3226 1620 3258 1657 a
3283 1602 3447 1658 disci-

1877 1703 2017 1772 pulis
2046 1702 2390 1772 franguntur,
2420 1702 2545 1756 dum
2570 1701 2637 1754 ab
2664 1699 2743 1754 eis
2769 1698 3048 1777 utriusque
3086 1696 3223 1765 legis
3251 1703 3454 1765 myste-

201 1817 321 1873 sola
343 1784 592 1872 doctrina
620 1812 890 1867 dicuntur.
928 1808 1090 1865 Verbi
1112 1807 1308 1877 gratia,
1354 1807 1406 1860 in
1442 1784 1614 1862 veteri
1661 1806 1778 1876 lege
1805 1803 1854 1864 B
1882 1795 1961 1849 ria
1999 1794 2052 1848 in
2082 1802 2374 1864 res,geslas
2415 1801 2471 1845 et
2499 1791 2552 1845 in
2582 1804 2766 1844 earum
2795 1787 3105 1858 spirituales
3149 1784 3457 1840 intellectus

200 1905 471 1974 scriptum
499 1911 582 1957 est
606 1915 623 1954 :
655 1918 674 1951 ι
710 1899 828 1954 Non
856 1911 1055 1968 coques
1074 1896 1303 1951 haedum
1330 1895 1387 1949 in
1425 1894 1566 1951 lacte
1593 1895 1781 1961 matris

202 2008 341 2049 suae
363 2010 410 2045 ι.
440 1990 574 2046 Illud
598 1988 860 2059 siquidem
885 2000 1156 2056 nunquam
1179 1985 1473 2041 secundum
1498 1983 1782 2039 historiam

199 2084 405 2154 legitur
428 2081 616 2145 fuisse,
642 2087 779 2133 teste
795 2076 1092 2148 Augustino
1117 2093 1133 2142 ;
1158 2077 1361 2130 dictum
1392 2083 1477 2130 est
1521 2083 1699 2129 tamen
1723 2081 1783 2131 et

203 2175 498 2242 scriptum,
525 2185 589 2225 ac
613 2168 779 2224 veluti
807 2168 1007 2222 factum
1046 2167 1295 2231 traditur,
1321 2180 1445 2220 cum
1476 2166 1678 2219 veritas
1697 2163 1779 2219 di-

203 2267 369 2318 vittae
397 2262 655 2317 historiae
677 2260 878 2314 factum
905 2257 1069 2313 fuisse
1100 2271 1205 2311 non
1235 2256 1506 2310 invenitur
1530 2270 1776 2310 narrare.

199 2355 342 2409 Item
370 2355 424 2407 in
447 2351 674 2408 Psalmis
703 2367 719 2404 :
764 2369 784 2402 ι
822 2349 1031 2403 Montes
1060 2347 1436 2402 exultaverunt
1473 2355 1532 2399 ut
1562 2346 1780 2411 arietes,

202 2454 261 2500 et
301 2442 470 2498 colles
522 2441 660 2495 sicut
715 2439 837 2510 agni
874 2439 1055 2492 ovium
1089 2454 1134 2490 ι.
1167 2436 1223 2490 In
1254 2437 1337 2491 his
1385 2437 1529 2490 enim
1556 2436 1769 2491 divinae

204 2536 532 2605 Scripturae
557 2532 692 2589 locis
714 2540 769 2586 et
797 2532 851 2584 in
880 2528 1063 2585 multis
1089 2527 1351 2583 similibus
1381 2527 1631 2598 allegoria
1667 2528 1782 2583 sola

203 2631 367 2694 dicti,
391 2641 501 2681 non
527 2635 708 2680 autem
741 2622 869 2677 facti
898 2629 954 2676 et
981 2620 1131 2685 dicti,
1164 2619 1497 2689 intelligitur.
1527 2617 1586 2674 In
1630 2616 1782 2674 Novo

204 2719 560 2774 Testamento
583 2714 750 2769 multa
777 2718 1087 2774 narrantur,
1115 2725 1254 2780 quae
1278 2710 1573 2764 secundum
1619 2708 1781 2762 ﬁdem

204 2809 472 2864 historiae
526 2820 631 2861 non
687 2810 810 2859 sunt
836 2804 999 2866 facta,
1050 2801 1143 2855 sed
1181 2799 1517 2855 solummodo
1541 2799 1682 2853 dicta
1718 2813 1783 2852 ac

205 2895 379 2951 veluti
406 2894 547 2949 facta
571 2909 586 2957 ;
616 2905 755 2961 quae
784 2888 1027 2959 exempla
1058 2888 1294 2941 maxime
1318 2887 1371 2939 in
1400 2885 1655 2957 allegoria
1688 2900 1782 2954 pa-

206 2985 523 3040 rabolarum
549 2981 948 3037 Dominicarmn
995 2979 1357 3049 reperiuntur,
1398 2977 1546 3031 verbi
1584 2977 1779 3046 gratia,

1883 1883 2213 1938 dividuntur.
2272 1880 2513 1950 Simplici
2558 1879 2781 1934 historia
2834 1884 3126 1947 pascuntur
3170 1873 3454 1940 carnales;

1881 1972 2091 2029 divinos
2135 1971 2304 2043 ipsius
2336 1969 2590 2024 historiae
2637 1967 2939 2023 intellectus
2986 1965 3142 2035 quasi
3190 1965 3457 2033 quaedam

1880 2060 2178 2130 fragmenta
2228 2060 2488 2130 colligunt
2534 2057 2864 2128 spirituales.
2913 2056 3275 2125 Fragmenta,
3313 2067 3454 2121 quae

1880 2153 2168 2208 comedunt
2205 2149 2452 2206 carnales
2492 2158 2548 2203 et
2582 2157 2897 2202 saturantur
2924 2185 2939 2213 ,
2974 2162 3061 2202 res
3100 2155 3322 2214 gestae;
3349 2144 3459 2197 l‘ra-

1879 2256 2097 2315 gmeuta
2122 2282 2139 2307 ,
2191 2256 2330 2311 quae
2371 2240 2660 2295 comedunt
2703 2240 3047 2308 spirituales,
3086 2238 3253 2292 divini
3298 2236 3460 2290 intel-

1881 2338 2050 2392 lectus
2081 2350 2262 2389 rerum
2309 2342 2581 2403 gestarum
2618 2339 2760 2386 sunt.
2806 2330 2966 2386 Verbi
2996 2331 3167 2399 gratia
3190 2368 3205 2393 ,
3250 2328 3459 2397 legatur

1880 2426 2014 2481 liber
2040 2424 2332 2489 Geueseos,
2361 2436 2427 2476 eo
2452 2422 2579 2486 loci,
2619 2420 2707 2473 ubi
2741 2420 2999 2474 transitus
3030 2418 3265 2473 carnalis
3294 2416 3458 2472 Israel

1880 2533 1975 2587 per
2026 2530 2178 2569 mare
2225 2513 2448 2568 rubrum
2507 2519 2782 2565 narratur.
2837 2508 3076 2579 Simplex
3120 2508 3462 2563 Christianus

1880 2610 2095 2673 adhuc,
2132 2607 2295 2662 veluti
2336 2607 2392 2660 in
2438 2604 2596 2660 foeno
2643 2617 2822 2658 rerum
2872 2602 3246 2673 temporalium
3299 2612 3462 2672 atque

1879 2700 2176 2756 carnalium
2192 2698 2530 2761 recumbens,
2547 2695 2657 2751 sola
2676 2695 2912 2764 pascitur
2932 2694 3176 2750 historia.
3189 2692 3460 2763 Quidquid

1882 2791 2029 2845 enim
2068 2790 2140 2844 ibi
2207 2790 2407 2843 factum
2434 2797 2552 2850 est,
2597 2788 2835 2856 quinque
2883 2786 3129 2840 sensibus
3186 2786 3463 2855 corporeis

1880 2887 2064 2937 notum
2094 2878 2214 2932 fuit.
2238 2875 2374 2930 Nam
2401 2885 2457 2930 et
2484 2876 2581 2929 visi
2604 2883 2731 2929 sunt
2757 2872 3027 2928 Israelitae
3055 2873 3214 2927 siccis
3234 2875 3462 2943 pedibus

1882 2983 2030 3024 mare
2056 2969 2335 3031 transisse,
2385 2965 2700 3036 Aegyptiaci
2732 2964 3079 3019 vero'necati
3128 2963 3314 3019 fuisse.
3350 2964 3461 3020 lloc

207 3073 471 3145 parabola
496 3073 565 3129 de
588 3072 756 3127 divite
779 3079 834 3125 et
869 3070 1073 3124 Lazaro
1100 3083 1334 3139 paupere
1360 3067 1415 3121 in
1444 3067 1563 3122 sinu
1612 3068 1783 3121 Abra—
1820 3139 1851 3145 _
1882 3073 2096 3129 quoque
2121 3072 2153 3111 a
2195 3095 2204 3107 .
2230 3055 2436 3110 ultimis
2464 3052 2711 3125 gentibus
2734 3054 2977 3108 auditum
3001 3063 3102 3117 est,
3131 3056 3274 3107 unda
3301 3054 3464 3106 mari-

207 3139 363 3230 ham,
379 3160 1172 3234 dequeinterpcsito'chasmate
1189 3197 1206 3223 ,
1246 3159 1313 3213 de
1337 3155 1574 3221 flamma,
1598 3156 1664 3210 de
1690 3155 1787 3210 lin-

1887 3166 1955 3204 na
1980 3156 2192 3219 gustata
2221 3156 2344 3211 est,
2375 3146 2572 3201 Olfacta
2599 3154 2655 3199 et
2704 3151 2867 3199 tacta.
2918 3142 3069 3209 Quae
3114 3150 3308 3197 cuncta
3338 3142 3466 3197 sim-

206 3274 340 3330 gua,
385 3257 453 3313 de
475 3257 661 3327 digito,
688 3267 825 3324 quae
853 3252 1034 3308 omnia
1086 3249 1231 3305 nulla
1264 3248 1556 3304 auctoritas
1592 3262 1786 3303 secun-

209 3350 343 3405 dum
392 3362 484 3402 res
527 3353 708 3417 gestas
748 3343 915 3398 fuisse
970 3341 1152 3406 tradit,
1179 3340 1274 3396 sed
1308 3340 1534 3412 ﬁgurate
1564 3340 1785 3395 omnino

206 3440 357 3503 dicta
382 3444 527 3491 sunt.
578 3435 729 3502 Quae
779 3432 949 3488 forma
1003 3432 1056 3486 in
1095 3432 1348 3487 omnibus
1376 3431 1491 3487 fere
1516 3430 1788 3501 parabolis

207 3526 589 3596 cognoscitur,
656 3524 976 3595 proprieque
1059 3521 1354 3592 symbolica
1436 3522 1783 3587 nominatur;

209 3615 465 3687 quamvis
487 3629 615 3669 usus
643 3614 856 3669 divinae
894 3611 1205 3681 Scripturae
1252 3611 1342 3677 sit,
1401 3611 1645 3682 symbola
1692 3625 1789 3681 pro

213 3706 514 3779 mysteriis,
539 3715 595 3761 et
618 3703 874 3775 mysteria
901 3717 998 3772 pro
1029 3701 1287 3773 symbolis
1332 3701 1612 3756 vicinitate
1659 3716 1791 3770 qna-

214 3799 345 3853 dam
373 3805 534 3866 atque
558 3794 905 3851 similitudine
919 3807 1137 3864 ponere.
1165 3792 1437 3848 Ponamus
1462 3806 1590 3863 ergo
1622 3807 1794 3861 quan-

215 3891 345 3944 dam
373 3887 795 3953 similitudinem,
827 3900 933 3956 qua
958 3886 1226 3955 possimus
1252 3885 1499 3950 suadere,
1530 3885 1671 3955 quod
1697 3899 1793 3940 vo-

213 3978 400 4034 lumus
450 3991 715 4033 asserere.
757 3975 1063 4031 Carnalium
1095 3975 1329 4031 lidelium
1380 3975 1608 4044 populus
1638 3985 1693 4030 et
1738 3975 1794 4029 in

215 4070 391 4124 veteri
421 4068 534 4140 lege
561 4068 854 4138 praecessit
881 4074 935 4122 et
964 4067 1016 4120 in
1051 4081 1208 4121 nova.
1236 4065 1354 4121 Jam
1381 4074 1480 4129 est,
1513 4067 1605 4136 qui
1662 4064 1797 4119 nihil

215 4171 376 4217 extra
403 4158 638 4215 litteram
677 4173 973 4229 sensusque
1012 4173 1302 4228 corporeus
1352 4158 1627 4214 existimat
1656 4173 1795 4225 esse,

215 4249 477 4327 quoniam
506 4250 665 4306 altius
690 4249 828 4304 ultra
857 4249 1090 4304 litteram
1115 4249 1446 4318 Scripturae,
1470 4257 1528 4304 et
1552 4264 1636 4315 ea,
1662 4264 1799 4319 quae

214 4354 320 4411 per
347 4353 539 4394 sensus
585 4338 943 4408 accipiuntur,
992 4337 1144 4411 [non]
1196 4340 1211 4370 ¹
1259 4346 1436 4409 potest
1485 4340 1796 4395 ascendere.

1886 3239 2006 3309 plex
2036 3237 2213 3292 adhuc
2255 3235 2428 3290 ﬁdelis
2456 3234 2668 3288 animus
2711 3247 2893 3288 secum
2921 3240 3119 3287 tractat
3158 3241 3214 3286 et
3241 3232 3464 3303 cogitat,

1887 3329 2149 3399 indeque,
2186 3326 2351 3381 veluti
2396 3324 2717 3394 quibusdam
2766 3323 3082 3393 fragmentis
3115 3322 3329 3377 divinae
3352 3322 3467 3377 his-

1889 3420 2081 3482 toriae,
2113 3418 2364 3473 satiatur.
2395 3416 2726 3472 intellectum
2755 3431 2884 3471 vero
2916 3415 3083 3484 ipsius
3109 3415 3321 3470 litterae
3359 3430 3466 3469 non

1888 3518 2065 3580 potest
2100 3522 2315 3578 capere,
2347 3508 2576 3576 ideoque
2621 3506 2690 3560 ab
2718 3506 2803 3560 bis
2828 3545 2843 3569 ,
2893 3504 2985 3575 qui
3035 3503 3336 3575 spiritualia
3384 3519 3469 3559 sa-

1890 3600 2063 3672 piunt,
2092 3598 2381 3669 colligitur,
2419 3612 2486 3650 ne
2522 3606 2752 3666 pereat,
2804 3594 2900 3649 sed
2945 3593 3246 3648 valentibus
3275 3592 3470 3647 intelli-

1890 3707 2017 3763 gere
2069 3691 2338 3761 proﬁciat.
2394 3687 2535 3742 Ecce
2588 3686 2827 3755 quinque
2878 3699 3045 3754 panes
3096 3684 3466 3739 hordeaceos:

1893 3780 2146 3851 mysteria
2175 3776 2422 3831 videlicet
2461 3790 2645 3829 rerum
2690 3783 3001 3851 gestarum,
3056 3774 3110 3828 in
3143 3773 3373 3827 litteram
3416 3783 3475 3828 et

1893 3848 2137 3939 spiritum
2184 3866 2357 3920 divisa
2382 3907 2397 3932 ,
2441 3872 2514 3930 et,
2545 3873 2806 3934 quantum
2848 3848 3029 3918 littera
3070 3874 3173 3928 est,
3221 3862 3465 3918 sensibus

1894 3959 2167 4029 corporeis
2193 3956 2456 4026 quinariis
2483 3955 2858 4010 couveniunt'
2895 3992 2910 4007 .
2989 3992 3004 4008 .
3084 3991 3099 4006 .
3175 3991 3190 4006 .
3266 3990 3282 4007 .
3358 3989 3375 4006 .
3450 3989 3469 4006 .

1972 4157 1991 4191 ι
2009 4137 2283 4193 Abraham
2303 4135 2556 4205 i,inquit,
2585 4152 2604 4185 ι
2629 4134 2763 4188 duos
2779 4133 2916 4189 ﬁlios
2943 4133 3151 4197 habuit,
3170 4148 3333 4187 unum
3361 4135 3476 4203 qui~

1897 4234 2017 4289 dem
2053 4232 2119 4285 de
2153 4230 2372 4296 ancilla,
2407 4230 2636 4283 alterum
2664 4229 2731 4283 de
2759 4226 2928 4283 libera
2961 4246 3007 4279 ι.
3052 4225 3190 4280 Ecce
3220 4225 3474 4280 historiae
3550 4236 3557 4247 ‘

1897 4323 2072 4394 prima
2120 4320 2422 4389 fragmenta
2485 4317 2818 4388 simplicibus
2872 4314 3206 4370 suﬁicicntia.
3274 4314 3476 4370 Conse-

217 4404 488 4486 _Similiter
507 4429 562 4483 in
588 4404 758 4484 veteri
790 4429 905 4500 lege
928 4404 1156 4501 perfecti
1176 4437 1232 4484 et
1252 4404 1526 4500 sapientes
1549 4431 1604 4486 in
1632 4432 1787 4486 actio

1886 4419 2129 4494 .quenter
2184 4407 2458 4478 subiungit
2499 4405 2803 4476 fragmenta
2856 4404 3196 4475 spiritualia,
3248 4405 3472 4461 dicens:

216 4534 291 4573 ne
310 4528 369 4574 et
395 4518 620 4574 scientia
646 4477 1002 4588 spiritualiurm
1045 4477 1435 4586 intellectuitm,
1467 4536 1531 4576 ac
1556 4521 1611 4576 in
1650 4520 1787 4579 Novo

1886 4477 1934 4554 ’ξ
1976 4500 2122 4557 llaec
2147 4477 2328 4555 autem
2372 4477 2500 4555 sunt
2526 4513 2633 4552 uno
2658 4496 3003 4552 Testamenta
3044 4515 3090 4551 ι.
3127 4493 3480 4564 Apponantur

218 4608 573 4664 Testamento
599 4608 762 4664 fuisse
790 4618 1102 4676 narrantur,
1147 4610 1264 4679 qui,
1310 4611 1476 4666 veluti
1529 4613 1795 4683 discipuli,

217 4716 345 4756 cum
365 4700 585 4756 Christo
598 4701 651 4754 in
669 4701 1002 4756 altitudinem
1032 4701 1519 4771 contemplationis,
1544 4711 1797 4773 tauquam

218 4793 276 4846 in
298 4792 568 4863 quendam
596 4802 831 4848 moutetn
876 4784 1195 4859 ascendunt,
1226 4793 1431 4848 relictis
1467 4796 1795 4863 carnalibus,

218 4884 321 4936 sub
348 4882 528 4937 littera
552 4893 607 4937 et
630 4896 789 4937 sensu
813 4882 868 4936 in
901 4881 1059 4937 foeno
1089 4898 1270 4937 rerum
1308 4884 1683 4952 temporalium
1713 4899 1800 4939 re-

219 4973 617 5029 cumbentibus.
648 4992 667 5024 ι
696 4971 884 5028 Omnis
911 4974 1108 5043 quippe
1131 4988 1260 5028 caro
1287 4973 1522 5038 foenum,
1543 4983 1601 5028 et
1625 4975 1802 5029 omnis

220 5065 395 5135 gloria
429 5064 546 5135 ejus
574 5063 670 5118 llus
700 5062 846 5119 foeni
871 5082 915 5115 ι.
947 5064 1130 5133 Itaque
1183 5064 1481 5132 cogitemus
1528 5064 1582 5118 in
1622 5065 1804 5119 animo

220 5158 393 5212 veluti
442 5157 836 5213 multitudinem
879 5157 1144 5226 quandam
1189 5155 1514 5223 simplicium
1546 5156 1804 5220 ﬁdelium,

223 5245 278 5301 in
328 5246 590 5302 lateribus
638 5248 981 5311 montis,-sen
1009 5245 1062 5300 in
1092 5245 1335 5315 planitie,
1368 5247 1469 5300 hoc
1519 5255 1623 5311 est,
1666 5245 1805 5299 infra

223 5338 566 5393 altitudinem
639 5339 944 5393 divinorum
1024 5335 1390 5393 iutellectuum
1456 5338 1802 5393 residentem.

226 5425 363 5481 Nam
392 5443 459 5482 ex
485 5437 633 5483 textu
662 5427 934 5499 Evangelii
964 5429 1120 5483 datur
1152 5426 1402 5496 intelligi,
1428 5441 1532 5481 non
1578 5426 1631 5480 in
1661 5440 1808 5480 sum-

227 5518 420 5574 unitate
449 5520 668 5585 montis,
698 5522 792 5575 sed
821 5517 874 5573 in
911 5519 1141 5589 quadam
1170 5517 1424 5588 planitie,
1470 5515 1556 5571 ubi
1586 5516 1804 5571 foenum
1845 5506 1863 5517 ’

1905 4594 2082 4664 pisces
2110 4593 2216 4648 duo
2235 4590 2414 4646 eidem
2442 4587 2794 4652 multitudini,
2836 4588 2939 4641 hoc
2972 4594 3054 4640 est
3076 4587 3191 4640 sola
3230 4588 3482 4655 spiritua—

1905 4685 1972 4738 lis
1998 4683 2240 4739 doctrina
2288 4680 2573 4750 allegorice
2600 4678 2729 4732 dicti
2755 4717 2772 4743 ,
2824 4694 2929 4733 non
2976 4686 3155 4733 autem
3185 4679 3479 4734 secundum

1906 4772 2184 4827 historiam
2209 4768 2358 4824 facti.
2390 4772 2537 4834 Quae
2568 4766 2734 4821 veluti
2779 4767 2989 4820 biuario
3044 4781 3270 4821 numero
3307 4768 3481 4822 conti-

1906 4868 2086 4924 netur,
2109 4858 2362 4928 quoniam
2385 4857 2594 4911 duobus
2618 4855 2955 4910 solummodo
2975 4856 3223 4909 sensibus
3256 4857 3483 4926 percipi-

1910 4962 2017 5018 tur,
2054 4950 2174 5005 visu
2215 4948 2461 5005 videlicet
2495 4953 2553 5002 et
2608 4947 2832 5013 auditu,
2888 4949 3083 5004 ceteris
3126 4959 3304 5002 autem
3362 4964 3485 5003 seuv

1909 5044 2059 5097 sibus
2088 5039 2290 5110 percipi
2319 5053 2426 5093 non
2458 5046 2652 5108 potest.
2702 5036 2922 5108 Legitur
2960 5037 3104 5091 enim
3151 5037 3321 5092 oculis
3343 5077 3360 5102 ,
3390 5053 3486 5091 au-

1914 5135 2064 5189 ribus
2107 5133 2359 5196 auditur,
2409 5129 2609 5186 olfactu
2659 5144 2788 5184 vero
2838 5144 2932 5184 seu
2987 5138 3144 5198 gustu
3193 5143 3287 5183 seu
3342 5135 3487 5182 tactu

1911 5235 2116 5279 remota
2129 5230 2232 5277 est.
2260 5220 2420 5276 Verbi
2445 5220 2638 5289 gratia,
2662 5219 2936 5274 uteisdem
2961 5228 3176 5272 utamur
3203 5218 3483 5287 exemplis,

1908 5314 2115 5385 legatur
2140 5311 2282 5382 quod
2312 5311 2574 5380 scriptum
2609 5318 2691 5364 est
2717 5309 2772 5363 in
2801 5309 2986 5363 Exodo
3018 5326 3031 5362 :
3070 5326 3088 5359 ‹
3143 5307 3259 5363 Non
3289 5322 3489 5376 coques

1912 5406 2143 5460 haedum
2172 5403 2225 5457 in
2278 5402 2419 5458 lacte
2449 5402 2640 5458 matris
2676 5416 2807 5458 suae
2844 5420 2889 5452 ›.
2922 5400 3034 5454 lloc
3083 5400 3381 5471 symbolum
3431 5411 3488 5456 et

1873 5529 1878 5537 -
1911 5517 2008 5573 per
2035 5501 2219 5555 oculos
2241 5500 2456 5572 legitur,
2481 5509 2535 5556 et
2561 5514 2657 5571 per
2692 5513 2853 5554 aures
2881 5497 3128 5563 auditur;
3158 5494 3329 5567 frangi
3361 5511 3488 5551 vero

1503 5613 1756 5670 VARIAE
1794 5609 2197 5668 LECTIONES.

302 5707 320 5736 ¹
347 5722 451 5761 non
471 5720 580 5761 om.
604 5707 722 5762 cod.
800 5708 819 5739 ¹
852 5705 968 5763 Una
990 5705 1128 5761 linea
1162 5706 1328 5760 deest.
