3988 5416
552 360 655 417 547

1954 352 2235 415 JOANNIS
2269 350 2467 414 SCOTI

3694 353 3803 415 318

551 488 659 531 non
687 480 901 545 potest,
953 471 1078 545 quia
1100 471 1256 543 juxta
1303 471 1483 529 rerum
1527 478 1800 544 gestarum
1829 472 1987 528 iidem
2016 488 2121 528 non
2152 477 2199 535 Α
2226 471 2607 543 Fragmentum
2632 468 2910 541 spirituale
2942 478 3026 527 est
3053 470 3138 526 his
3157 511 3173 537 ,
3208 470 3301 540 qui
3344 466 3687 527 altitudim
3718 472 3805 526 di-

551 565 815 635 accipitur
841 605 857 631 ,
902 565 997 619 sed
1047 562 1385 619 solummodo
1429 562 1711 634 allegorice
1773 563 1973 619 dictum
2017 572 2120 619 est.

548 654 616 709 Et
639 653 893 725 quoniam
934 668 1041 709 non
1069 652 1331 708 dividitur
1352 693 1367 718 ,
1409 660 1578 707 totum
1610 653 1905 707 memoriae
1927 667 2121 707 carna-

547 748 681 802 lium
740 745 977 800 lidelium
1032 746 1465 810 commendatur,
1525 751 1586 799 ut
1632 743 1863 800 credant
1905 760 2121 800 sensum

547 836 880 908 spiritualem
918 837 1003 889 his
1028 835 1212 890 verbis
1258 835 1456 899 inesse,
1504 835 1748 903 quamvis
1796 850 1902 889 non
1932 834 2125 890 intelli-

547 936 695 999 gant.
747 926 943 981 Totum
997 929 1066 979 ab
1118 925 1223 990 his,
1270 925 1364 994 qui
1424 923 1774 994 spiritualiter
1826 924 2123 994 spiritualia
2168 938 2175 947 ‘

546 1026 896 1088 cognoscunt,
930 1015 1218 1087 colligitur.
1256 1015 1314 1070 in
1344 1016 1601 1087 symbolis
1648 1017 1828 1085 itaque
1852 1055 1867 1081 ,
1913 1015 2015 1070 hoc
2041 1023 2127 1070 est

548 1110 603 1163 in
635 1108 958 1163 dictionibus
982 1108 1278 1177 spiritualis
1308 1108 1586 1163 doctrinae
1612 1148 1626 1171 ,
1656 1121 1793 1177 quas
1839 1107 1953 1162 sola
1988 1107 2141 1175 alle-_

549 1199 697 1270 goria
729 1198 879 1264 facti,
908 1213 1015 1253 non
1044 1207 1218 1253 autem
1246 1199 1397 1263 dicti,
1429 1199 1610 1263 tradit,
1651 1197 1793 1253 nulla
1825 1196 2122 1266 fragmenta

549 1288 907 1357 colliguntur,
965 1286 1216 1355 quoniam
1262 1286 1317 1340 in
1366 1286 1646 1341 historiam
1693 1294 1748 1340 et
1793 1285 2124 1340 intellectum

548 1393 656 1431 non
682 1376 960 1431 dividitur.
990 1374 1147 1432 Solus
1176 1375 1318 1430 enim
1349 1375 1650 1430 intellectus
1672 1375 1726 1428 in
1746 1388 1810 1428 eo
1835 1374 2122 1443 cogitatur,

549 1466 755 1521 nullum
788 1472 968 1520 autem
1002 1464 1223 1520 factum.
1248 1465 1379 1519 item
1411 1465 1464 1519 in
1495 1463 1643 1519 Novo
1671 1464 2036 1529 Testamento,
2067 1471 2126 1518 ut

549 1563 605 1611 et
656 1556 780 1611 inde
821 1554 1126 1627 exemplum
1181 1555 1530 1625 accipiamus,
1577 1569 1773 1624 corpus
1807 1561 1861 1608 et
1908 1553 2127 1624 sanguis

549 1646 763 1700 Domini
816 1646 988 1700 nostri
1048 1654 1102 1701 et
1154 1645 1482 1701 sensibiliter
1505 1649 1797 1699 secundum
1827 1659 1913 1699 res
1945 1653 2126 1715 gestas

549 1734 835 1791 conﬁcitur
879 1737 1235 1807 mysterium,
1268 1744 1323 1791 et
1369 1736 1659 1790 secundum
1705 1735 1998 1806 spiritualis
2042 1735 2123 1789 in-

2225 564 2474 618 vinorum
2543 562 2712 633 ipsius
2769 561 3012 632 mysterii
3057 560 3425 618 intellectuum
3472 560 3662 618 valent
3714 577 3803 617 eo-

2226 666 2485 724 gnoscere
2507 693 2522 717 ,
2583 653 2811 722 ideoque
2867 651 2939 706 ab
2984 651 3066 708 eis
3112 651 3387 721 colligitur
3406 693 3424 717 ,
3479 666 3552 707 ne
3594 662 3800 724 pereat.

2225 743 2359 800 Nam
2385 744 2703 816 mysterium
2732 759 2798 799 es
2830 744 3013 799 littera
3038 750 3094 798 et
3116 744 3305 815 spiritu
3337 742 3655 801 coniectum
3680 760 3801 813 pars

2225 839 2321 893 tim
2361 838 2522 907 perit,
2571 837 2767 907 partim
2796 836 3144 892 aeternaliter
3191 845 3391 891 manet.
3460 834 3613 890 Perit
3665 835 3801 903 quod

2225 928 2475 992 videtur,
2533 927 2659 996 quia
2705 925 2959 981 sensibile
3001 935 3087 980 est
3134 935 3188 980 et
3240 923 3579 999 temporale;
3628 933 3803 978 manet

2225 1018 2368 1087 quod
2397 1033 2500 1072 non
2545 1017 2761 1072 videtur
2786 1054 2801 1081 ,
2845 1015 2972 1085 quia
2998 1015 3279 1085 spirituale
3311 1023 3395 1070 est
3424 1022 3481 1069 et
3507 1013 3798 1068 aeternale.

2227 1109 2463 1179 Symboli
2486 1107 2789 1177 exemplum
2818 1107 2944 1160 ﬁat:
2975 1125 2997 1159 ι
3031 1106 3090 1161 in
3115 1107 3382 1175 principio
3401 1115 3522 1161 erat
3543 1105 3800 1170 Verbum.

2225 1207 2281 1253 et
2310 1196 2544 1253 Verbum
2570 1206 2689 1252 erat
2712 1197 2852 1266 apud
2879 1195 3045 1251 Deum
3074 1205 3129 1250 et
3161 1198 3307 1250 Deus
3328 1204 3449 1251 erat
3484 1195 3722 1251 Verbum
3756 1212 3801 1248 ι.

2227 1290 2341 1345 Hoc
2369 1290 2704 1344 solummodo
2742 1288 2965 1351 dictum,
2997 1287 3051 1341 in
3082 1287 3183 1342 hoc
3228 1285 3376 1341 nulla
3412 1301 3503 1341 res
3532 1295 3688 1354 gesta
3712 1299 3803 1338 eo-

2227 1381 2534 1453 gnoscitur,
2571 1380 2797 1448 ideoque
2844 1389 2899 1434 et
2935 1388 3102 1433 totum
3142 1375 3462 1447 simpliciter
3503 1392 3538 1431 a
3577 1376 3805 1432 carnalis

2226 1472 2328 1525 bus
2353 1469 2669 1538 accipiatur,
2704 1478 2760 1524 et
2791 1478 2960 1525 totum
2987 1468 3331 1523 uniformiter
3350 1484 3381 1522 a
3410 1466 3801 1538 spiritualibns.

2227 1560 2337 1615 Nec
2373 1561 2445 1615 ibi
2478 1561 2583 1615 ulla
2623 1560 2923 1632 fragmenta
2970 1567 3196 1631 possunt
3244 1560 3409 1624 ﬁeri,-
3440 1561 3704 1629 quoniam
3734 1559 3803 1614 nil

2228 1651 2300 1706 ibi
2330 1661 2449 1716 est,
2477 1652 2621 1721 quod
2670 1652 2964 1706 secundum
3002 1651 3283 1706 historiam
3320 1649 3685 1720 intelligatur,
3715 1648 3804 1704 sed

2228 1751 2399 1797 totum
2425 1743 2495 1797 ad
2525 1742 2846 1812 theoldgiam
2868 1782 2884 1806 ,
2940 1755 3078 1810 quae
3128 1753 3344 1794 omnem
3378 1752 3607 1793 sensum
3634 1745 3692 1792 et
3729 1738 3804 1791 in-

548 1824 797 1879 tellectus
823 1826 1181 1897 investigatur
1226 1826 1505 1881 cerebrum
1559 1826 1657 1898 (?).'
1697 1824 1849 1893 Quod
1919 1825 2123 1880 extrin-
2155 1820 2200 1880 Β
2229 1830 2496 1886 tellectum
2545 1839 2805 1901 superat,
2838 1828 3092 1885 refertur.
3144 1827 3330 1883 Oculis
3370 1826 3578 1897 legitur
3626 1825 3803 1896 legen-

547 1930 707 1971 secus
730 1916 963 1970 sentitur
990 1923 1045 1969 et
1091 1916 1384 1986 percipitur
1429 1916 1735 1971 carnalibus
1774 1914 2081 1971 hominibus
2107 1954 2122 1979 ,

548 2006 994 2076 quinquepertito
1019 2020 1278 2075 corporeo
1306 2007 1486 2061 sensui
1515 2006 1762 2070 subditis,
1795 2005 2125 2060 hordeaceus

545 2099 706 2169 panis
733 2108 838 2162 est,
869 2100 993 2167 quia
1041 2097 1373 2154 altitudinem
1407 2098 1702 2168 spiritualis
1741 2098 2126 2166 intelligentiae

548 2204 653 2243 non
687 2189 867 2243 valent
901 2189 1227 2255 ascendere;
1257 2205 1322 2245 ac
1363 2190 1531 2243 veluti
1562 2189 1828 2258 quoddam
1860 2188 2128 2257 fragmen-

549 2286 663 2332 tum
690 2288 794 2343 est,
839 2279 1035 2349 quibus
1078 2280 1310 2335 carnalis
1334 2279 1546 2335 illorum
1575 2280 1829 2351 cogitatio
1876 2279 2123 2334 satiatur.

2227 1921 2382 1987 tium,
2412 1921 2632 1976 auribus
2656 1922 2888 1976 sentitur
2913 1920 3242 1975 audientium
3269 1960 3284 1983 ,
3315 1933 3381 1974 ac
3404 1933 3508 1988 per
3538 1917 3647 1972 hoc
3669 1956 3687 1982 ,
3722 1931 3806 1971 ve-

2226 2010 2322 2064 luti
2345 2012 2562 2081 quidam
2603 2010 2711 2065 duo
2737 2010 2931 2081 pisces,
2971 2024 3076 2064 una
3100 2024 3166 2064 ea
3185 2010 3403 2077 lemque
3441 2005 3804 2077 evangelistee

2231 2103 2497 2175 theologia
2528 2104 2791 2172 accipitur
2818 2102 3027 2158 duobus
3071 2101 3322 2158 sensibus
3357 2101 3716 2156 conveniens.
3784 2137 3800 2152 .

2235 2233 2249 2249 0
2330 2232 2345 2248 0
2424 2232 2439 2248 0
2516 2236 2529 2248 0
2612 2233 2625 2247 α
2704 2232 2718 2247 0
2797 2231 2812 2247 0
2891 2231 2905 2247 0
2985 2233 3000 2249 0
3075 2229 3094 2248 ο
3183 2232 3198 2246 0
3288 2233 3303 2247 ο
3395 2232 3410 2246 0
3491 2232 3507 2246 0
3608 2230 3625 2245 0
3699 2227 3719 2246 ο
3785 2227 3802 2244 ο

2804 2280 2986 2337 Cetera
3023 2282 3231 2337 desunt.

549 2436 3802 2477 mw

1504 2594 1610 2706 ,π
1616 2594 1999 2708 οΔιπ
2005 2597 2134 2706 N
2139 2593 2303 2708 IS
2374 2595 2890 2710 SGOTI

1131 2835 1372 3027 De
1476 2832 3307 3103 praehsﬁtinationr

1976 3141 2392 3254 LIBER

558 3359 658 3424 Ad
694 3360 871 3441 ﬁdem
904 3358 1140 3424 codicis
1164 3377 1278 3422 ms.
1310 3360 1378 3422 S.
1413 3357 1707 3422 Germani
1743 3358 1897 3450 1211!;
1928 3356 2274 3450 .(o.lim.63!i)
2326 3359 2659 3450 membrum.
2696 3381 2814 3427 sec.
2854 3382 2921 3441 χ,
2976 3364 3060 3439 δ’,
3124 3364 3532 3432 bibit'othccae
3592 3367 3808 3449 Regia:

1781 3436 2159 3498 Parisimst's
2187 3439 2570 3517 recognitus.

1743 3596 1988 3660 Ilauguiui
2011 3596 2163 3647 editio
2187 3595 2496 3661 princeps....
2518 3633 2537 3651 .
2568 3599 2636 3653 Ii.

1500 3843 1997 3924 MONITUM
2074 3848 2206 3923 AD
2271 3845 2846 3927 LECTOREM.

624 4135 860 4193 Joannes
894 4132 1088 4189 Scotus
1116 4127 1556 4200 periculosiorem
1592 4129 1679 4193 vix
1717 4137 1931 4200 poterat
1973 4131 2307 4200 provinciam
2352 4132 2646 4202 suscipere,
2689 4146 2849 4200 quam
2875 4132 3159 4189 dialecticis
3207 4126 3682 4207 philosophicisque
3704 4134 3805 4191 suis

555 4233 873 4305 argumentis
902 4227 1266 4300 quaestionem
1298 4226 1652 4296 theologicam
1681 4226 1907 4281 arduam
1937 4227 2485 4298 obscurissiniamque
2528 4249 2545 4280 ι
2584 4230 2650 4285 de
2676 4229 3171 4287 Praedestinatione
3208 4249 3227 4281 ι
3250 4228 3601 4300 expediendi.
3622 4232 3683 4286 In
3708 4244 3807 4299 quo

554 4345 722 4400 quam
759 4340 948 4398 parum
977 4331 1158 4395 posset
1182 4320 1465 4389 proﬁcere,
1497 4320 1625 4389 quid
1646 4320 1865 4388 mirum,
1905 4321 2049 4389 quod
2076 4323 2512 4379 adversariorum
2540 4325 2723 4380 omnia
2760 4324 2875 4380 fere
2904 4325 3009 4382 tela
3032 4326 3087 4380 in
3127 4340 3187 4382 se
3212 4325 3506 4383 convertit.
3548 4326 3593 4381 E
3625 4327 3806 4396 quibus

559 4424 886 4481 Prudentius
906 4418 1265 4480 Tricassinus,
1278 4424 1333 4470 et
1356 4415 1633 4470 Ecclesiae
1644 4415 2017 4486 Lugdunensis
2038 4419 2255 4508 nomine
2274 4419 2466 4475 Florus
2486 4420 2747 4477 diaconus
2769 4418 2917 4476 Scoti
2944 4420 3162 4485 librum,
3184 4420 3274 4475 ubi
3303 4420 3542 4491 primum
3565 4423 3621 4478 in
3643 4424 3805 4480 lucem

546 4521 780 4593 prodiit,
811 4512 1282 4571 vehementissime
1309 4512 1711 4582 impugnarunt,
1747 4526 1814 4567 ac
1842 4527 2053 4567 summa
2081 4528 2202 4567 cum
2228 4515 2529 4571 eruditione
2557 4515 2881 4571 refutarunt.
2923 4515 3160 4581 Quorum
3204 4514 3431 4586 scripta,
3455 4530 3602 4586 quae
3625 4519 3680 4572 in
3713 4518 3808 4573 hac

559 4612 864 4683 Patrologia
897 4618 1028 4664 tom.
1057 4607 1196 4663 CXV
1232 4614 1289 4662 et
1314 4605 1481 4661 CXIX
1514 4607 1653 4677 typis
1676 4622 1876 4662 excusa
1904 4615 2052 4674 sunt,
2081 4609 2250 4665 lector
2278 4612 2453 4667 adeat.

631 4706 828 4762 SCOIIIS
856 4706 909 4759 in
937 4718 1002 4758 eo
1030 4701 1366 4771 potissimum
1414 4710 1682 4768 versatur,
1718 4711 1777 4757 ut
1805 4705 2087 4771 ostendat,
2137 4720 2239 4761 nec
2288 4706 2504 4777 duplam
2552 4705 3096 4776 praedestinationem
3141 4719 3243 4760 nec
3289 4705 3567 4775 geminam
3620 4704 3805 4760 alieni

563 4803 696 4861 satis
724 4815 1038 4871 congruere,
1067 4798 1160 4853 scd
1188 4812 1350 4851 unam
1378 4804 1587 4851 tantum
1617 4798 2050 4868 simplicissimae
2081 4799 2295 4856 divinae
2326 4800 2549 4855 unitatis
2575 4814 2697 4856 esse
2720 4799 3286 4869 praedestiuationem.
3321 4800 3568 4870 Eamque
3586 4799 3806 4872 probare

561 4898 755 4953 nititur
790 4896 957 4950 variis
995 4896 1350 4967 argumentis,
1382 4911 1414 4950 e
1441 4897 1672 4962 ratione,
1700 4912 1854 4953 sacra
1882 4897 2182 4970 Scriptura,
2215 4899 2533 4969 Augustino,
2564 4898 2778 4954 aliunde
2806 4898 3006 4967 petitis.
3036 4897 3148 4954 Nec
3178 4906 3357 4953 tamen
3388 4899 3655 4965 rationes,
3680 4911 3805 4968 quas

561 4981 738 5059 affert,
766 5008 831 5049 ac
857 4992 1133 5048 doctrinae
1151 5007 1275 5047 cum
1296 4992 1522 5048 veritate
1548 4993 1621 5047 ita
1645 4995 1780 5049 satis
1803 4996 2149 5061 conveniunt,
2170 4995 2300 5066 quin
2316 5010 2482 5050 sanae
2497 4993 2691 5049 rationi
2718 5000 2881 5063 atque
2903 4993 3181 5049 doctrinae
3205 4993 3481 5048 Ecclesiae
3499 4993 3806 5064 saepissime

560 5098 747 5162 3139""
761 5095 1073 5160 Γθβυειιειη.
1093 5090 1256 5146 Docet
1275 5091 1439 5150 enim,
1461 5110 1479 5142 ‹
1496 5091 1907 5146 praemunita-—
1935 5100 1981 5114 --
1998 5108 2019 5112 ρ

2250 5091 2264 5100 ·
2367 5091 2375 5094 έ
2750 5089 2801 5104 ··
3185 5088 3735 5144 «η--ηιιω-ίιιειιίωω
3753 5087 3804 5142 in

561 5185 674 5240 Deo
711 5182 932 5238 relative
957 5182 1068 5232 tim"
1100 5200 1103 5201 ν
