4028 6280
255 301 374 357 349
996 296 1197 354 LIBER
1239 297 1326 353 DE
1363 293 2069 354 PRAEDESTINATIONE.
2111 327 2180 336 —
2220 296 2312 351 AD
2361 296 2746 355 LECTOREM.
3406 309 3512 365 350

249 413 759 483 praedestinatum;
800 410 946 464 ineo
992 409 1180 479 procul
1224 408 1387 464 dubio
1436 407 1680 462 habitare
1734 421 1858 462 cum
1901 406 2087 462 beatos
2117 413 2226 460 tum
2274 407 2544 474 miseros;
2598 408 2773 479 ignem
2805 417 3079 468 aeternum
3122 413 3284 470 istum
3334 416 3510 486 ipsum

249 516 512 576 quartum
549 504 728 556 mundi
757 503 1082 558 elementum
1112 517 1250 566 esse,
1287 503 1374 555 ubi
1413 516 1636 570 corpora
1679 511 1986 556 sanctorum
2017 501 2070 553 in
2117 499 2428 555 aetheream
2475 512 2749 561 mutentur
2795 508 3105 575 qualitatem
3134 551 3150 576 ,
3200 511 3506 582 iniquorum

245 616 388 655 vero
424 613 649 667 corpora
682 599 732 652 in
756 615 968 652 aeream
1007 597 1325 667 qualitatem
1371 597 1479 650 siut
1508 597 1830 662 transitura;
1869 598 1922 651 in
1957 613 2114 666 eoque
2145 606 2458 650 naturarum
2483 599 2622 652 intra
2650 616 2705 653 se
2750 602 2987 657 mirabile
3033 605 3208 674 perﬁci
3230 608 3504 676 gaudium,

249 694 522 748 malarum
596 707 724 746 vero
768 692 1102 746 voluntatum
1159 689 1424 745 iueﬂabilc
1474 698 1827 756 tormentum;
1880 699 1935 744 et
1980 691 2053 745 ita
2102 691 2388 762 impiorum
2435 694 2704 758 omnium,
2738 697 3048 766 angelorum
3097 699 3502 773 hominumque,

243 804 479 858 corpora
509 786 767 856 supplicia
800 785 938 854 ignis
985 783 1185 838 aeterni
1216 798 1556 853 perpessura,
1599 793 1657 837 ut
1688 785 1992 853 integritate
2019 800 2204 840 eorum
2236 786 2535 840 substantia
2584 788 2730 843 nullo
2782 793 2940 846 modo
2984 793 3226 862 peritura
3250 833 3265 859 ,
3313 810 3504 852 eorum

248 885 656 956 pulchritudine
685 884 830 938 nullo
847 884 1003 936 modo
1019 881 1292 942 defutura,
1321 897 1506 934 eorum
1540 881 1767 935 naturali
1801 881 2165 936 incolumitate
2192 875 2564 951 permansura,
2593 885 2840 941 omnibus
2866 887 3056 942 deinde
3082 898 3304 945 naturae
3347 891 3503 947 bonis

242 986 314 1037 ad
345 982 713 1038 universitatis
753 988 1131 1034 ornamentum
1182 977 1409 1030 mirabili
1456 978 1645 1031 ordine
1693 977 2003 1042 rcl'ulsuris,
2063 987 2286 1048 excepta
2343 979 2694 1046 beatitudine,
2750 998 2853 1052 qua
2902 983 3202 1052 priventur,
3255 994 3503 1041 aeternas

240 1078 524 1146 patiantur
551 1088 854 1130 aerumnas.
909 1074 1074 1126 Deum
1115 1086 1219 1125 non
1259 1086 1378 1124 esse
1407 1081 1703 1136 auctorem,
1737 1071 1992 1127 [actorem
2045 1073 2453 1142 suppliciorum.
2481 1074 2689 1130 Poenas
2720 1077 2860 1130 mala
2889 1092 3029 1142 esse,
3058 1077 3284 1147 ideoque
3310 1094 3340 1132 a
3366 1079 3504 1145 Deo,

240 1187 270 1220 a
303 1185 416 1239 quo
446 1185 552 1224 non
578 1171 650 1223 sit
675 1170 896 1233 malmn,
927 1184 1033 1222 non
1061 1181 1197 1222 esse.
1231 1167 1395 1221 Deum
1425 1183 1529 1220 non
1557 1166 1765 1235 punire,
1790 1167 1932 1236 quod
1965 1166 2107 1232 fecit,
2141 1183 2239 1221 nec
2273 1168 2340 1222 ab
2365 1169 2466 1238 eis,
2488 1185 2624 1238 quae
2649 1170 2795 1236 fecit,
2831 1172 3095 1226 naturalia
3125 1173 3261 1226 bona
3291 1173 3499 1230 tollere.

241 1265 413 1319 Demu
445 1266 498 1318 in
529 1281 592 1320 ea
622 1274 835 1330 natura,
869 1279 1029 1333 quam
1060 1261 1286 1326 crearit,
1315 1276 1528 1331 semper
1555 1261 1818 1315 habitare.
1847 1261 2027 1328 Ignem
2059 1271 2335 1314 aeternum
2366 1263 2431 1316 ad
2458 1263 2719 1316 urendum
2742 1265 3009 1319 diabolum
3037 1277 3090 1322 et
3118 1268 3334 1339 angelos
3361 1270 3499 1340 ejus,

236 1375 339 1416 nec
371 1361 440 1414 ad
484 1361 728 1415 homines
771 1359 1093 1415 cruciandos
1133 1357 1328 1410 factum
1356 1370 1494 1410 esse.
1525 1354 1767 1418 Diabolo,
1799 1364 2076 1423 postquam
2109 1355 2325 1408 aethere
2356 1356 2601 1409 detrusus
2651 1357 2743 1420 sit,
2781 1355 2868 1411 ubi
2911 1358 2963 1412 in
2997 1362 3248 1417 aethereo
3273 1377 3504 1433 corpore

233 1473 345 1512 non
375 1467 591 1526 poterat
636 1472 836 1526 poenas
865 1456 1090 1518 sentire,
1128 1453 1370 1507 additum
1396 1467 1517 1507 esse
1543 1467 1738 1520 corpus
1767 1451 1996 1516 aerium,
2025 1452 2076 1504 in
2111 1467 2216 1521 quo
2245 1451 2420 1521 ignem
2451 1453 2676 1506 sentiret
2712 1471 2757 1504 ι.

304 1576 454 1629 Haec
487 1575 677 1643 hisque
703 1573 900 1628 similia
930 1587 1093 1642 quum
1119 1571 1168 1625 J.
1200 1571 1392 1625 Scolus
1430 1585 1496 1623 ex
1536 1569 1766 1624 decretis
1793 1585 1922 1624 suae
1945 1569 2314 1639 phil050phiae
2342 1579 2528 1624 contra
2567 1579 2783 1625 sanctae
2808 1571 3079 1627 Ecclesiae
3105 1583 3158 1629 et
3187 1585 3496 1633 sanctarum

226 1669 642 1739 Scripturarum
674 1668 972 1722 doctrinam
1003 1658 1188 1736 aperte
1226 1663 1556 1735 protulisset,
1583 1665 1710 1732 quid
1737 1664 1957 1727 mirum,
1988 1665 2130 1732 quod
2181 1665 2268 1729 iis,
2314 1665 2403 1733 qui
2437 1665 2609 1734 ipsum
2654 1667 2719 1719 ad
2753 1667 2895 1721 hunc
2924 1668 3117 1722 librum
3158 1670 3498 1728 condendam

222 1766 581 1836 impulerant,
613 1773 830 1819 noceret
860 1764 1030 1832 magis
1059 1777 1219 1830 quam
1257 1762 1574 1830 prodesset?
1599 1760 1707 1816 Nec
1731 1762 1864 1816 satis
1889 1762 2205 1830 intelligitur
2232 1763 2361 1832 quid
2390 1763 2482 1830 sit,
2507 1765 2650 1832 quod
2682 1765 3002 1821 llincmarus
3029 1768 3490 1840 archiepisc0pus,

220 1862 372 1916 inter
398 1859 651 1930 aequales
692 1858 846 1913 facile
890 1857 1372 1928 prudentissimus,
1431 1855 1692 1909 Joannem
1737 1856 1954 1910 Scotum
1985 1856 2244 1920 cvocarit,
2291 1856 2380 1925 qui
2425 1866 2604 1926 partes
2650 1873 2776 1912 suas
2814 1859 2900 1912 tali
2932 1862 3133 1932 scripto
3163 1863 3493 1922 defenderet.

219 1956 557 2010 Prudentius
583 1970 710 2009 vero
738 1954 803 2007 iis
839 1951 1057 2006 Scotum
1089 1951 1254 2004 armis
1285 1951 1512 2004 adorsus
1537 1958 1640 2014 est,
1665 1951 1860 2019 quibus
1887 1951 1932 2004 is
1956 1951 2208 2005 resistere
2237 1952 2324 2005 vix
2355 1959 2587 2020 poterat,
2626 1953 3033 2010 auctoritatibus
3061 1968 3372 2014 sanctorum
3395 1961 3496 2017 Pa-

221 2060 397 2105 trum.
433 2051 672 2117 Quorum
701 2050 849 2103 locos
879 2048 1188 2100 innumeros
1215 2047 1482 2116 congessit
1507 2085 1521 2110 ,
1574 2044 1900 2114 Scotumque
1937 2046 2168 2100 aulicum
2195 2047 2542 2101 acerbissime
2571 2049 2904 2116 perstrinxit.
2959 2050 3068 2106 Nec
3095 2054 3395 2122 omisimus,
3427 2072 3491 2112 ex

220 2143 508 2198 Prudentii
543 2164 560 2195 ι
600 2141 1058 2212 ltccapitulationc
1092 2159 1138 2206 θ,
1165 2155 1324 2210 quam
1355 2141 1420 2192 ad
1447 2140 1646 2193 calcem
1674 2141 1853 2208 operis
1882 2139 1964 2193 sui
1993 2140 2208 2203 adiecit,
2238 2140 2511 2204 nonnulla,
2557 2141 2750 2210 quibus
2778 2142 3000 2214 singulis
3043 2144 3190 2200 Scoti
3219 2149 3496 2206 erroribus

218 2239 589 2301 mederemur,
627 2252 724 2292 suo
755 2235 871 2290 loco
897 2235 1038 2289 notis
1064 2235 1280 2289 addere.
1323 2234 1392 2290 Ut
1417 2249 1544 2288 vero
1570 2249 1761 2288 noscas
1804 2251 1978 2298 arma,
2006 2250 2145 2304 quae
2171 2243 2353 2290 uoster
2381 2235 2480 2289 hoc
2522 2238 2722 2305 scripto
2766 2237 2819 2292 in
2863 2254 2920 2294 se
2949 2243 3232 2307 convertit,
3264 2245 3492 2298 nonnul-

216 2329 304 2384 los
333 2330 594 2385 librorum
621 2331 898 2386 Prudentii
933 2338 988 2385 et
1014 2330 1159 2383 Flori
1197 2330 1434 2400 integros
1459 2329 1625 2395 locos,
1657 2345 1756 2384 nec
1781 2344 1887 2383 non
1910 2329 2138 2383 duarum
2166 2332 2492 2400 synodorum
2516 2329 2718 2401 judicia
2747 2332 3055 2390 adscribere
3084 2335 3246 2391 lubet.

291 2427 620 2482 Prudentius
651 2428 792 2482 enim
825 2427 877 2480 in
909 2425 1232 2496 praefatione
1277 2425 1396 2478 libri
1443 2425 1566 2488 sui,
1599 2440 1741 2493 quae
1782 2423 2052 2478 Weniloui
2097 2426 2506 2494 archiepiscopo
2550 2425 2845 2492 Senonensi
2881 2428 3229 2498 inscribitur,
3275 2434 3354 2488 sic
3397 2449 3488 2489 or-

216 2529 421 2583 ditur:

294 2652 580 2713 Ascensus,
608 2658 760 2718 prout
787 2647 930 2700 decet
953 2655 1106 2716 atque
1135 2654 1353 2714 Oportet,
1379 2644 1486 2698 zelo
1529 2644 1818 2698 catholicae
1842 2644 1966 2712 fidei
1996 2652 2043 2697 et
2071 2659 2218 2698 verae
2264 2645 2502 2698 caritatis
2547 2646 2765 2714 aﬂ'ectu,
2787 2655 2936 2716 pater
2960 2647 3274 2716 beatissime,
3300 2653 3490 2708 misisti

216 2748 352 2800 mihi
384 2745 648 2816 quandam
689 2743 1021 2806 schedulam,
1052 2743 1227 2795 decem
1255 2750 1304 2795 et
1331 2757 1507 2794 novem
1547 2739 1777 2810 capitula
1806 2739 2154 2793 continentem
2202 2755 2266 2792 ea:
2290 2738 2422 2792 libro
2452 2739 2729 2809 cujusdam
2767 2740 2910 2795 Scoti
2931 2742 3140 2808 selecta,
3189 2762 3222 2799 a
3266 2758 3442 2801 nostra
3465 2789 3486 2814 ,

215 2854 276 2897 ut
311 2843 412 2904 ais,
440 2859 492 2895 se
525 2839 908 2910 quodammodo
935 2838 1193 2892 intellectu
1235 2839 1562 2899 divertentia,
1595 2852 1784 2906 rogans
1815 2845 1861 2889 et
1905 2851 2120 2888 monens
2144 2875 2160 2897 ,
2217 2843 2272 2888 ut
2311 2851 2647 2904 quaecunque
2691 2837 2745 2889 in
2783 2837 2856 2890 eis
2902 2854 2935 2890 a
2969 2854 3087 2890 vero
3135 2839 3483 2894 exorbitantia

216 2937 609 3006 comperissem,
639 2935 916 3004 unicuique
945 2935 1007 2986 de
1037 2933 1182 2986 libris
1224 2931 1530 3002 evangelicis
1552 2940 1598 2984 et
1625 2929 1995 2984 catholicorum
2019 2929 2291 2981 doctorum
2317 2928 2715 2981 auctoritatibus
2741 2929 2968 2982 devianti
2987 2930 3224 2998 capitulo
3252 2947 3484 3002 congrua

213 3034 572 3102 depromerem
613 3029 816 3083 abunde
852 3045 1117 3098 responsa.
1160 3026 1359 3092 Quibus
1403 3027 1633 3080 decursis
1679 3025 1997 3095 solliciteque
2027 3023 2325 3093 perspectis,
2348 3025 2512 3091 reperi
2537 3024 2591 3077 in
2620 3025 2693 3078 eis
2741 3023 3056 3094 Pelagianae
3096 3041 3287 3078 venena
3321 3027 3481 3094 per/i-

215 3129 362 3190 diae,
394 3137 440 3179 et
471 3125 742 3195 aliquoties
775 3123 1013 3194 Origenis
1044 3124 1346 3185 amentiam,
1377 3122 1896 3191 Collyrianorumque
1922 3120 2303 3174 haereticorum
2330 3119 2709 3188 furiositatem,
2758 3138 2981 3191 quarunt
3020 3123 3208 3175 nterito
3246 3140 3278 3174 a
3302 3124 3483 3179 catho-

217 3223 355 3277 licae
389 3222 511 3290 ﬁdei
553 3220 834 3274 cultoribus
865 3236 926 3272 ac
964 3217 1463 3288 praepugnatoribus
1499 3214 1837 3267 validissimis
1887 3213 2144 3282 confutati
2173 3229 2492 3283 censuraque
2503 3214 2832 3283 justissimae
2861 3219 3148 3272 severitatis
3169 3219 3333 3275 multo
3359 3230 3482 3277 ante

218 3327 402 3370 nostra
447 3325 676 3384 tempora
721 3315 956 3367 damnati
988 3323 1128 3367 sunt.
1159 3312 1436 3375 Intremui,
1469 3311 1654 3379 fateor,
1679 3318 1727 3362 et
1756 3311 1956 3378 expavi,
1990 3319 2062 3363 tot
2096 3308 2222 3362 olim
2246 3325 2468 3373 errores,
2498 3327 2616 3362 cum
2650 3311 2760 3364 suis
2813 3313 3112 3367 auctoribus
3123 3314 3240 3384 jam
3260 3317 3479 3385 sapitos,

218 3413 414 3467 nostris
441 3411 608 3465 denuo
636 3410 945 3479 temporibus
971 3407 1231 3478 pullulare
1249 3445 1263 3469 ,
1304 3415 1351 3458 et
1375 3405 1670 3470 deﬁcientes
1699 3404 1962 3474 quondam
1991 3404 2163 3472 fumos
2211 3420 2340 3457 nova
2387 3419 2595 3457 rursum
2625 3404 2927 3460 accensione
2953 3423 3218 3477 erumpere
3240 3449 3256 3473 ,
3297 3413 3480 3481 suique

219 3507 483 3559 noxietate
504 3503 785 3556 multorum
811 3501 985 3555 oculos
1029 3500 1274 3569 caligare.
1309 3499 1532 3563 Quibus,
1559 3508 1616 3550 ut
1647 3499 1912 3567 jusseras,
1948 3497 2242 3565 refellendis
2290 3515 2407 3551 cum
2437 3500 2669 3553 animum
2708 3516 2950 3568 pararem
2980 3503 3256 3572 appellere,
3281 3505 3476 3560 laboris

218 3598 533 3667 difﬁcultate
558 3599 859 3668 perterritus
905 3595 1253 3648 deliberabam
1291 3596 1494 3663 penitus
1529 3593 1893 3646 omittendum.
1933 3590 2122 3645 Verum
2172 3594 2426 3647 mouentis
2467 3594 2775 3648 auctoritate
2801 3611 3053 3665 perpensa
3099 3599 3228 3654 duxi
3273 3604 3473 3670 satius,

219 3711 342 3747 cum
387 3693 560 3757 fructu
603 3693 941 3760 obedientiae,
1002 3691 1097 3747 etsi
1134 3692 1305 3744 minus
1354 3691 1505 3759 pleno
1531 3731 1545 3750 ,
1586 3689 1917 3758 aliquatenus
1960 3687 2270 3757 labi,'quam
2311 3697 2559 3756 paternae
2599 3691 2912 3744 reverentiae
2949 3693 3228 3749 timiditate
3266 3698 3478 3767 stupida

219 3793 501 3846 contraire.
539 3789 812 3843 Animatus
838 3791 1010 3859 itaque
1051 3788 1248 3841 meritis
1295 3786 1525 3855 rogantis
1557 3785 1951 3854 arationumque
1993 3784 2371 3838 instantisstma
2400 3785 2628 3853 puritate
2669 3783 2937 3838 scribentis
2971 3787 3138 3841 visum
3173 3797 3246 3842 est
3285 3789 3478 3844 librum

217 3887 464 3950 eundem,
493 3887 539 3940 si
567 3903 669 3956 qua
695 3885 826 3953 forte
854 3883 1072 3937 inveniri
1095 3891 1284 3951 posset,
1312 3880 1544 3948 diligenti
1575 3881 1874 3932 curiositate
1914 3880 2230 3948 perquirere,
2257 3878 2408 3941 cuius
2443 3877 2574 3932 serie
2619 3877 2912 3933 salebrosas
2937 3888 3201 3936 tantorum
3239 3899 3475 3938 errorum

217 3982 470 4034 tortiones
513 3979 732 4033 valerem
754 3977 963 4047 facilius
989 3978 1202 4030 intueri.
1254 3975 1368 4040 Quo
1417 3975 1584 4045 gratia
1630 3974 1742 4038 Dei,
1769 3976 1881 4028 sine
1905 3992 2008 4045 qua
2046 3973 2176 4027 nihil
2218 3990 2332 4027 sum
2365 3983 2413 4026 et
2447 3973 2579 4026 nihil
2611 3989 2842 4042 possum,
2875 3983 2932 4028 ut
2969 3985 3265 4044 optaveram
3289 4017 3304 4042 ,
3333 3993 3476 4032 asse-

219 4082 341 4125 cuta
368 4073 700 4141 deprehendi,
728 4082 980 4142 quantum
1005 4072 1251 4125 divinitus
1289 4071 1574 4140 inspiratus
1599 4071 1768 4138 potui,
1804 4067 2027 4138 Pelagii,
2050 4066 2312 4130 Caelestii,
2339 4083 2618 4135 eorumque
2649 4067 2883 4137 sequacis
2923 4084 2986 4121 ac
3005 4068 3293 4137 defensoris
3327 4087 3476 4125 acer-

221 4167 363 4227 rimi,
389 4165 612 4230 Juliani,
629 4183 720 4235 per
733 4167 907 4218 omnia
923 4174 1248 4228 sectatorem,
1279 4163 1538 4218 Joannem
1580 4164 1809 4218 videlicet
1836 4163 2072 4227 Scotum,
2103 4172 2250 4215 tanta
2277 4162 2597 4230 impudentia
2626 4162 2945 4216 orthodoxae
2967 4163 3092 4231 ﬁdei
3125 4163 3473 4236 Patribusque

223 4259 495 4313 catholicis
519 4259 881 4325 oblatrantem,
901 4277 961 4314 ac
982 4261 1027 4314 si
1051 4277 1184 4312 unus
1206 4260 1420 4328 spiritus
1435 4259 1709 4313 lulianum
1731 4260 2088 4328 Joannemque
2109 4257 2362 4321 docuerit,
2381 4273 2514 4310 unus
2536 4257 2772 4327 idemque
2793 4257 3005 4326 spiritus
3026 4259 3078 4312 in
3091 4261 3164 4314 eis
3178 4259 3356 4330 fuerit,
3380 4278 3472 4317 nec

222 4347 408 4417 dispar
427 4349 642 4416 spiritus
666 4365 758 4418 per
793 4365 971 4402 eorum
993 4347 1200 4417 linguas
1229 4356 1301 4400 tot
1325 4357 1598 4416 tantasque
1623 4347 2058 4416 blasphemiarum
2088 4362 2308 4400 nauseas
2338 4347 2640 4400 euomuerit.
2671 4344 2814 4400 Nam
2844 4355 2891 4400 et
2915 4350 3201 4416 gratuitam
3227 4349 3324 4405 Dei
3347 4367 3473 4419 gra-

222 4443 350 4495 tiam
370 4442 611 4511 pariliter
639 4443 943 4513 impugnant
962 4483 976 4507 ,
1006 4452 1055 4496 et
1084 4442 1182 4496 Dei
1205 4442 1471 4511 justitiam
1491 4443 1732 4496 similiter
1755 4444 2031 4512 denegant,
2063 4453 2111 4496 et
2140 4441 2395 4512 originale
2417 4453 2703 4512 peccatum,
2729 4442 2869 4512 quod
2900 4452 3162 4498 nascentes
3191 4444 3468 4513 trahimus,

221 4555 426 4610 quoque
446 4555 551 4592 non
567 4541 666 4592 nisi
686 4541 893 4596 caelesti
911 4542 1082 4612 gratia
1097 4557 1187 4610 per
1204 4543 1505 4610 mysterium
1521 4542 1846 4610 baptismatis
1862 4541 2130 4605 solvimur,
2146 4539 2444 4594 indissimili
2464 4539 2772 4609 garrulitate
2791 4540 3114 4605 dissuadent,
3153 4540 3471 4612 argutiisque

217 4634 505 4689 dialecticis
525 4636 792 4690 simillima
808 4640 1034 4692 vanitate
1047 4638 1326 4706 desipiunt.
1347 4637 1710 4692 Rectissimum
1727 4639 1882 4691 etiam
1903 4647 2202 4692 sanctarum
2217 4636 2608 4703 Scripturarum
2629 4635 2940 4690 intellectum
2953 4635 3275 4706 Petrumque
3289 4633 3470 4689 catho-

218 4728 441 4783 licorum
462 4745 670 4783 sensum
685 4731 1018 4785 sanissimum
1041 4740 1146 4784 tam
1177 4732 1431 4785 concinna
1461 4732 1792 4785 varicositate
1817 4740 2130 4801 pervertunt,
2156 4747 2218 4784 ac
2241 4732 2286 4784 si
2314 4747 2579 4800 nunquam
2600 4731 2847 4784 adversus
2875 4745 3052 4783 eorum
3072 4746 3272 4784 errores
3317 4729 3470 4797 quid-

216 4824 359 4891 piam
379 4825 534 4893 fuerit
555 4825 844 4880 actitatum.
866 4825 1066 4891 Quibus
1091 4843 1208 4880 cum
1231 4844 1261 4880 a
1286 4826 1538 4880 Patribus
1556 4829 1928 4897 praecipueque
1955 4827 2246 4880 beatissimo
2267 4826 2556 4895 Augustino
2594 4825 3056 4894 competentissime
3085 4822 3472 4876 abundantissi-

215 4935 400 4988 meque
447 4935 749 4988 responsum
787 4919 980 4988 fuerit,
1024 4936 1349 4991 nequaquam
1375 4936 1454 4973 me
1484 4921 1920 4989 praesumptionis
1946 4938 1976 4974 a
1999 4922 2099 4990 piis
2124 4920 2398 4974 lectoribus
2419 4920 2616 4973 credidi
2637 4919 3001 4984 iudicandum,
3029 4918 3076 4973 si
3115 4917 3218 4972 tuis
3260 4918 3471 4973 monitis

216 5013 447 5068 dictante
473 5017 664 5084 pietate
689 5015 905 5070 libenter
935 5017 1236 5086 obsequens,
1269 5017 1487 5084 oﬂ'eram
1513 5032 1606 5085 pro
1649 5016 1738 5070 vili
1757 5017 1991 5085 portione
2017 5017 2068 5069 in
2097 5016 2319 5069 donaria
2340 5013 2664 5069 tabernaculi
2693 5014 2906 5069 Domini
2948 5013 3069 5079 mei,
3090 5029 3226 5084 quae
3251 5013 3468 5082 possim,

217 5106 818 5178 relinquenspotioribus
843 5126 903 5162 ac
924 5110 1263 5172 doctioribus,
1285 5126 1516 5178 quaeque
1544 5108 1729 5162 melius
1761 5109 2010 5163 valuerint
2026 5121 2071 5162 et
2089 5109 2338 5163 voluerint
2363 5109 2649 5178 o/ferenda.
2677 5109 2788 5162 Nec
2811 5124 2984 5178 posse,
3013 5117 3069 5162 ut
3089 5108 3163 5161 ait
3189 5104 3249 5162 S.
3279 5105 3470 5159 Hiero-

216 5218 426 5272 nymus,
450 5203 666 5258 alterius
691 5221 810 5273 opes
832 5205 1049 5258 alterius
1078 5215 1381 5274 paupertate
1405 5205 1631 5273 foedari.
1660 5203 1854 5258 bidens
1877 5207 2039 5275 igitur
2058 5207 2110 5258 in
2133 5205 2245 5274 ejus
2268 5206 2460 5275 gratia,
2484 5221 2586 5274 qua
2611 5203 2992 5274 praevenimur,
3009 5211 3065 5255 ut
3085 5200 3210 5254 bene
3232 5198 3466 5264 velimus,

217 5298 603 5368 subsequimur,
623 5316 685 5353 ne
699 5300 898 5369 frustra
917 5299 1149 5366 velimus,
1176 5299 1419 5355 revolutis
1441 5300 1660 5354 Patrum
1685 5302 1924 5372 consonis
1943 5318 2033 5370 per
2045 5303 2218 5355 omnia
2237 5301 2460 5371 paginis,
2481 5301 2605 5370 quid
2620 5300 2835 5370 quisque
2846 5313 3024 5353 eorum
3043 5293 3266 5349 antidoti
3287 5301 3468 5348 contra

216 5396 400 5449 eadem
422 5413 614 5451 venena
638 5398 933 5467 confecerit,
951 5398 1220 5468 decerpere
1246 5398 1469 5466 ﬁdeliter
1489 5397 1686 5458 curavi,
1715 5398 1946 5466 prae/imo
1971 5397 2222 5467 cujusque
2241 5397 2466 5450 doctoris
2489 5395 2713 5461 nomine,
2742 5394 2972 5463 libroque
2991 5389 3188 5460 pariter
3209 5387 3465 5442 intimate.

231 5486 397 5542 Verba
425 5507 626 5559 quoque
650 5491 879 5560 ejusdem
901 5493 1142 5556 Joannis,
1177 5502 1233 5546 ut
1272 5493 1334 5545 ab
1366 5510 1425 5546 eo
1453 5493 1652 5561 digesta
1689 5503 1832 5556 sunt,
1872 5491 2106 5562 pluribus
2144 5491 2272 5545 locis
2300 5491 2528 5554 inserui,
2556 5490 2850 5560 praeposito
2881 5489 3036 5541 etiam
3078 5483 3280 5538 nomine
3305 5481 3468 5552 ipsius

217 5599 337 5636 eum
359 5585 694 5652 praecedente
720 5586 849 5640 illud
875 5598 1027 5652 nota,
1069 5605 1202 5658 quae
1219 5604 1399 5658 graece
1424 5588 1618 5641 dicitur
1647 5589 1795 5650 θῆτα,
1820 5603 1977 5658 quam
2001 5587 2265 5642 sententiis
2295 5583 2602 5653 capitalibus
2646 5581 3065 5636 damnandorum
3110 5576 3272 5648 aliqui
3312 5590 3467 5644 prae-

221 5681 447 5734 scribere
493 5680 743 5735 solebant.
795 5684 854 5739 Si
894 5684 1070 5739 multis
1114 5686 1252 5740 enim
1297 5701 1397 5739 non
1436 5684 1590 5738 verba
1619 5682 1732 5752 ejus
1781 5685 2095 5747 interposui,
2135 5697 2267 5750 quae
2306 5679 2618 5748 loquacitate
2665 5678 2827 5733 nimia
2865 5674 3148 5746 legentibus
3194 5670 3467 5741 fastidium
