4028 6280
558 310 654 365 351
1726 360 1727 363 η
1945 297 2227 355 JOANNIS
2263 296 2460 357 SCOTI
3080 296 3087 301 ’
3688 304 3801 360 352

559 422 819 490 ingerunt,
848 416 937 471 sed
982 412 1217 470 sensibus
1248 424 1428 465 eorum
1462 424 1560 479 pro
1604 423 1717 463 meo
1767 418 1919 478 captu
1955 424 2098 461 meae
2122 406 2424 477 pusillitatis
2450 408 2702 462 veraciter
2729 409 2945 464 obviavi.
2992 429 3009 459 ι

628 513 829 569 Deinde
871 511 1045 581 capite
1093 508 1269 580 prjmo
1313 505 1366 558 in
1401 500 1665 559 Joannem
1695 501 1914 558 Scotum
1948 503 2217 557 invehitur
2239 502 2325 556 his
2357 502 2569 558 verbis:

579 590 589 601 ’
627 608 987 677 Blasphemias
1029 615 1168 673 tuas,
1198 603 1455 672 Joannes,
1497 612 1650 670 atque
1697 598 2064 668 impudentius,
2096 596 2280 666 quibus
2308 595 2361 648 in
2393 594 2488 649 Dei
2512 595 2794 664 gratuitam
2820 596 3044 666 gratiam
3068 596 3436 672 justitiamque
3462 603 3799 672 inﬂexibilem

557 715 754 765 procax
783 695 1052 759 inveharis,
1084 704 1479 765 percurso-tuae
1530 685 1874 760 perversitatis
1932 684 2084 747 libro,
2123 698 2272 752 quem
2314 682 2407 736 sub
2454 683 2658 735 nomine
2702 682 2975 752 cujusdam
3019 681 3309 739 Cotescalci
3349 687 3594 742 adversus
3628 707 3801 744 omnes

562 792 838 848 :atholicos
861 788 1114 860 eﬂ'udisti,
1143 804 1202 842 eo
1227 786 1492 841 molestius
1517 782 1712 852 accepi,
1743 795 1846 851 quo
1889 788 1937 832 te
1971 777 2287 847 familiarius
2328 776 2689 844 amplectebar,
2719 776 3032 842 peculiarius
3074 778 3369 848 diligebam,
3410 787 3597 853 quippe
3631 787 3721 854 qui
3752 787 3802 838 in

561 897 759 941 tantum
785 885 1027 940 vesaniae
1050 883 1365 953 proruperis,
1388 890 1444 935 ut
1467 877 1824 949 gravissimam
1850 882 2151 952 sanctarum
2181 868 2571 938 Scripturarum
2598 871 2955 923 auctoritatem
2980 871 3081 925 tuis
3102 875 3273 941 pravis
3296 877 3804 947 interpretationibus

562 981 1180 1051 ictorqueres,sensaque
1222 972 1597 1028 catholicorum
1649 969 1870 1022 Patrum
1914 968 2167 1036 perversis
2213 964 2513 1019 invertenda
2568 965 2803 1019 sensibus
2848 966 3119 1032 edoceres,
3171 971 3419 1024 nimirum
3467 974 3802 1041 qnadrivium

562 1073 819 1144 quoddam
862 1069 1007 1124 nobis
1047 1067 1366 1139 intelligendi
1400 1056 1697 1133 Scripturas
1740 1062 2018 1131 agingens,
2045 1058 2183 1128 quod
2227 1054 2413 1111 Patres
2459 1057 2643 1123 nostri,
2692 1056 2921 1112 videlicet
2967 1076 3145 1113 omnes
3184 1062 3427 1116 catholici
3475 1073 3803 1128 tractatares,

561 1170 732 1225 divina
762 1170 1089 1238 humanaque
1120 1163 1373 1234 sapientia
1403 1158 1806 1230 praefulgentes,
1849 1173 1967 1210 cum
2007 1153 2172 1208 multa
2201 1154 2547 1207 eruditissime
2591 1153 3095 1224 luculentissimeque
3141 1157 3353 1211 caelitus
3400 1160 3603 1224 imbuti,
3654 1176 3807 1229 expo-

560 1265 753 1335 nendo,
780 1273 933 1333 atque
959 1259 1283 1330 intelligendi
1310 1255 1515 1327 regulas
1536 1255 1815 1323 modosque
1845 1251 2162 1305 locutionum
2187 1249 2497 1317 multiplices
2538 1251 2812 1319 aperiendo
2843 1250 3163 1319 reliquerint,
3199 1253 3253 1305 in
3291 1253 3476 1323 quibus
3504 1254 3706 1307 nullam
3734 1258 3808 1309 tui

559 1358 815 1429 quadrivii
856 1356 1167 1410 mentionem
1193 1353 1375 1422 fecisse
1416 1350 1722 1420 probantur,
1760 1348 1965 1417 penitus
1999 1354 2434 1413 contempserunt,
2464 1353 2803 1414 proponentes
2848 1345 2992 1400 nobis
3019 1345 3248 1399 videlicet
3280 1357 3326 1401 et
3357 1348 3519 1402 multo
3547 1350 3807 1414 meliores,

558 1454 864 1517 sanctiores,
886 1451 1251 1518 doctioresque
1274 1448 1403 1510 vias,
1444 1460 1666 1515 quarum
1692 1441 2032 1512 opitulatione
2060 1439 2268 1493 subnixi
2296 1447 2343 1491 et
2370 1436 2701 1504 stropharum
2723 1448 2934 1490 tuarum
2973 1437 3312 1505 faeculentias
3351 1441 3560 1506 evitare,
3590 1451 3642 1497 et
3667 1444 3809 1511 puri-

558 1557 715 1601 tatem
744 1544 1155 1613 simplicissimae
1180 1541 1304 1611 ﬁdei
1330 1538 1635 1593 clarissimis
1660 1554 1722 1591 ac
1742 1536 2062 1590 suavissimis
2097 1532 2326 1604 fontibus
2357 1532 2570 1586 haurire
2596 1541 2643 1585 et
2670 1532 2947 1603 propinare
2984 1533 3039 1587 in
3067 1535 3271 1589 nomine
3298 1543 3346 1588 et
3369 1533 3638 1603 adjutorio
3662 1539 3810 1590 auxi-

558 1638 799 1704 liatricis,
824 1639 928 1691 into
957 1635 1325 1707 praeventricis
1356 1632 1557 1703 gratiae
1576 1630 1677 1707 pei
1697 1630 1975 1701 possimus.

635 1729 749 1784 Nec
778 1698 972 1784 leniter:
1007 1742 1130 1781 eum
1162 1698 1609 1792 eodemvcapitul’o
1634 1698 1793 1791 paulo
1830 1729 1952 1789 post
1984 1718 2061 1774 sic
2092 1718 2334 1789 increpat
2365 1735 2379 1771 :

631 1823 881 1889 Quamvis
906 1838 1010 1876 non
1040 1822 1358 1890 ignoremus,
1383 1826 1651 1888 praecepto
1679 1816 1889 1870 Domini
1926 1832 2051 1869 vasa
2090 1830 2251 1867 aurea
2290 1823 2442 1883 atque
2467 1822 2730 1883 argentea,
2773 1815 3088 1885 vestiumque
3130 1832 3193 1870 ac
3239 1831 3560 1886 gemmarum
3614 1821 3813 1875 variam

556 1917 993 1989 pulchritudinem
1035 1915 1099 1968 ab
1120 1913 1382 1984 Aegyptiis
1423 1920 1681 1977 mutuata,
1723 1910 1836 1979 ejus
1860 1907 2198 1963 tabernaculo
2241 1907 2403 1976 fuisse
2444 1906 2641 1971 oblata,
2689 1916 2738 1960 et
2775 1922 2886 1962 esse
2926 1908 3158 1963 devotius
3196 1911 3500 1978 oﬂ‘erenda;
3532 1929 3718 1967 verum
3742 1915 3813 1979 id,

555 2015 961 2083 quotiescunque
989 2019 1168 2064 contra
1199 2025 1283 2062 eos
1309 2006 1394 2078 agi
1419 2023 1621 2060 summa
1662 2004 1936 2059 necessitas
1978 2003 2159 2072 coegit,
2204 2003 2291 2072 qui
2321 1999 2512 2054 talibus
2546 2000 2719 2069 inﬂati
2755 1999 3117 2070 gloriabantur
3153 2003 3208 2056 in
3248 2009 3561 2063 vanitatibus
3601 2011 3739 2076 suis,
3770 2023 3816 2066 et

556 2107 939 2178 simplicitatem
961 2115 1167 2159 nostrae
1193 2104 1317 2173 ﬁdei
1338 2102 1611 2156 stultitiam
1650 2099 1989 2168 deputabunt,
2016 2098 2225 2167 exsequi
2265 2113 2359 2167 pro
2385 2105 2612 2166 tempore
2640 2112 2745 2150 non
2781 2107 2856 2150 est
2882 2096 3179 2161 inhibitum,
3216 2098 3306 2152 sed
3332 2103 3559 2170 ﬁdeliter
3576 2108 3797 2174 prudeur

558 2212 736 2271 terque
764 2219 797 2254 a
826 2200 1075 2252 Patribus
1100 2207 1425 2268 usurpatum.
1455 2196 1531 2248 Tu
1563 2206 1735 2248 autem
1762 2211 1793 2247 a
1816 2194 2075 2247 contrario
2102 2192 2167 2246 de
2201 2192 2306 2261 ﬁde
2347 2193 2596 2245 adversus
2639 2191 2835 2259 ﬁdeles,
2879 2192 3036 2246 nullis
3072 2193 3471 2263 sophismatibus
3513 2199 3811 2265 innitentes,

558 2297 909 2368 impudentius
938 2294 1185 2357 scribens,
1214 2309 1374 2362 quare
1411 2290 1479 2342 ad
1508 2289 1788 2359 sophistica
1816 2297 1861 2341 te
1889 2286 2228 2340 deliramenta
2254 2286 2504 2341 verteris?
2531 2284 2598 2338 In
2632 2295 2868 2355 promptu
2896 2296 2969 2339 est
2994 2288 3237 2340 nimirum
3260 2289 3554 2356 jactantiae
3575 2295 3815 2357 studens,

558 2403 606 2445 et
635 2407 737 2445 non
750 2391 867 2460 jam
889 2389 1246 2460 philosOphns,
1278 2386 1366 2440 sed
1397 2383 1746 2455 philocompos
1779 2381 1942 2435 videri
1972 2390 2232 2451 appetens,
2268 2397 2329 2434 ea
2359 2379 2765 2449 nobisingerere
2803 2377 3058 2450 delegisti,
3086 2396 3219 2451 quae
3249 2399 3282 2435 a
3303 2385 3448 2438 nullo
3481 2397 3722 2442 nostrum
3746 2391 3816 2445 vel

558 2482 802 2555 intelligi,
829 2485 903 2537 vel
931 2482 1265 2552 deprehendi,
1288 2479 1365 2534 vel
1394 2488 1527 2533 certe
1547 2477 1809 2545 confutari
1832 2491 1980 2545 posse
2010 2474 2334 2537 credideras;
2358 2482 2405 2528 et
2439 2473 2568 2526 dum
2599 2472 2775 2526 studes
2807 2472 3011 2539 placere
3037 2474 3347 2543 hominibus,
3374 2482 3563 2551 quibus
3590 2485 3645 2539 id
3668 2488 3815 2539 οονάι

559 2595 671 2633 esse
704 2593 938 2641 noveras,
965 2578 1011 2630 si
1039 2586 1211 2629 tamen
1234 2583 1354 2629 sunt
1382 2571 1565 2643 aliqui,
1590 2571 1728 2641 quod
1762 2578 1960 2624 avertat
1989 2568 2176 2623 veritas
2204 2569 2532 2638 sempiterna,
2571 2582 2893 2637 nequaquam
2930 2567 3008 2622 vel
3048 2570 3249 2635 cavisti,
3284 2574 3360 2628 vel
3397 2577 3700 2646 formida“;
3742 2581 3817 2635 iui

560 2672 854 2741 displicere,
891 2675 956 2724 de
983 2658 1094 2741 quo'
1123 2684 1277 2738 super
1316 2667 1508 2721 talibus
1550 2666 1796 2736 propheta
1846 2664 2150 2718 intentando
2184 2663 2456 2733 praedicit.
2499 2662 2758 2730 Quoniam
2806 2661 2948 2718 Deus
2983 2663 3264 2734 dissipavit
3290 2681 3418 2726 ossa
3468 2686 3683 2739 eorum,
3731 2677 3814 2745 qui

558 2768 870 2825 hominibus
912 2767 1156 2837 placent;
1188 2762 1394 2819 confusi
1414 2769 1560 2825 sunt,
1589 2759 1842 2831 quoniam
1867 2757 2013 2813 Deus
2042 2759 2244 2827 sprevit
2269 2772 2384 2813 eos.
2433 2757 2545 2811 Nec
2584 2758 2812 2811 metuisti
2856 2773 2976 2811 cum
3006 2759 3186 2812 Achan
3232 2776 3449 2819 auream
3489 2767 3735 2837 regulam
3756 2785 3817 2822 es:

562 2862 963 2917 Hiericonthino
994 2862 1323 2916 anathemate
1344 2869 1522 2913 contra
1549 2855 1825 2911 inhibitum
1846 2855 2032 2909 castris
2054 2854 2342 2909 Dominicis
2374 2853 2589 2922 inferre,
2611 2852 2933 2923 jamjamque
2959 2868 3075 2906 cum
3119 2854 3230 2923 ipso
3263 2867 3573 2913 sententiam
3613 2862 3818 2917 civim

559 2956 1048 3019 animadversionis,
1080 2956 1180 3009 nisi
1218 2954 1373 3008 citius
1415 2951 1680 3005 humiliter
1710 2948 2055 3019 resipiscendo
2094 2949 2429 3018 poenitueris,
2464 2951 2646 3003 merito
2667 2948 2955 3007 subiturus.
2989 2945 3302 3025 Quicunque
3328 2954 3463 3008 enim
3491 2956 3816 3025 propheticus

558 3052 635 3105 vel
658 3052 970 3122 apostolicus
999 3052 1143 3105 nobis
1171 3049 1371 3103 litteras
1399 3046 1672 3117 diligenter
1705 3045 1923 3099 scrutati
1965 3052 2109 3109 sunt,
2139 3044 2383 3098 vivaciter
2417 3042 2799 3111 intellexerunt,
2842 3046 3067 3115 ﬁdeliter
3094 3048 3405 3111 enodarunt,
3429 3047 3676 3103 abstrusa
3704 3066 3819 3120 αρεο

557 3147 769 3213 rientes,
800 3146 959 3216 plana
997 3152 1325 3206 exornantes,
1354 3140 1699 3195 nodosissima
1736 3138 2085 3204 enucleantes,
2113 3137 2391 3208 allegorica
2434 3139 2747 3210 detegentes,
2776 3142 2873 3196 hoc
2910 3144 3234 3212 potissimum
3275 3152 3597 3213 sategerunt,
3638 3156 3697 3199 ut
3730 3146 3815 3200 illo

556 3241 803 3312 loquendi
831 3250 1014 3312 genere
1039 3254 1195 3310 quam
1223 3238 1457 3291 maxime
1483 3245 1767 3300 uterentur,
1789 3250 1891 3306 quo
1921 3236 2078 3306 etiam
2109 3252 2142 3288 a
2172 3234 2572 3303 simplicioribus
2597 3238 2789 3308 absque
2831 3241 2974 3309 gravi
3011 3240 3345 3310 difﬁcultate,
3384 3255 3519 3309 quae
3552 3239 3633 3294 vel
3665 3242 3818 3295 audi-

558 3346 692 3402 rent,
724 3337 799 3391 vel
828 3336 1074 3407 legerent,
1095 3343 1421 3401 caperentur.
1455 3330 1608 3396 Quod
1649 3345 1768 3383 cum
1806 3328 1871 3382 ab
1914 3328 2150 3383 omnibus
2189 3328 2398 3398 provide
2438 3329 2594 3398 fuerit
2631 3331 2981 3398 observatum,
3021 3333 3294 3404 praecipue
3341 3333 3628 3390 beatissimi
3664 3346 3816 3408 atque

557 3430 846 3484 doctissimi
865 3428 1030 3499 patris
1051 3426 1351 3497 Augustini,
1379 3424 1701 3479 venerandae
1742 3423 2022 3477 memoriae
2064 3423 2308 3492 episcopi,
2351 3425 2614 3493 opusculis
2661 3424 2939 3496 specialius
2977 3426 3241 3493 elucescit,
3278 3443 3414 3498 quae
3460 3428 3527 3481 de
3575 3429 3814 3486 doctrina

559 3524 861 3579 Christiana
886 3523 1197 3594 composuit,
1220 3521 1273 3575 in
1299 3518 1486 3591 quibus
1512 3518 1588 3572 vel
1618 3518 1843 3572 maxime
1861 3528 2069 3571 tuorum
2098 3518 2288 3588 tibique
2322 3518 2574 3572 similium
2599 3519 2845 3590 ﬁgmenta
2871 3531 3226 3591 portentorum
3248 3522 3475 3575 cavenda
3499 3533 3545 3577 et
3562 3523 3814 3594 fugienda

557 3618 921 3674 eruditissima
962 3616 1254 3671 humilitate
1278 3613 1670 3682 humillimaque
1688 3612 1978 3666 eruditione
1998 3620 2045 3665 et
2065 3613 2238 3665 sanxit
2260 3622 2308 3666 et
2328 3612 2523 3666 docuit.
2549 3611 2766 3667 Necnon
2796 3615 2850 3668 in
2875 3615 3001 3680 illis,
3035 3633 3162 3685 quos
3186 3617 3548 3686 quaestionum
3577 3619 3655 3673 vel
3679 3620 3817 3673 locu-

558 3716 761 3768 tionum
787 3710 1066 3781 Eptateuci
1090 3708 1314 3764 mirabili
1349 3706 1694 3762 elucidatione
1728 3716 1970 3760 exaratos
1996 3706 2201 3761 nomine
2228 3705 2387 3761 voluit
2414 3708 2731 3777 praenotari.
2760 3708 3103 3764 Beatissimus
3122 3727 3321 3781 quoque
3349 3712 3725 3785 Hieronymus,
3745 3728 3814 3770 tot

558 3806 861 3877 linguarum
883 3814 1038 3874 atque
1058 3802 1307 3857 librorum
1334 3801 1517 3856 litteris
1536 3799 2013 3871 incomparabiliter
2027 3800 2355 3867 eruditus,in
2374 3802 2632 3867 omnibus,
2653 3813 2760 3857 tam
2782 3804 3111 3874 propheticis,
3133 3822 3289 3876 quant
3318 3811 3615 3878 apostolicis
3636 3813 3814 3881 expia.

561 3900 885 3965 nationibus,
912 3899 967 3952 id
994 3899 1092 3953 sibi
1112 3912 1434 3965 summopere
1459 3895 1619 3951 studii
1645 3896 1806 3966 fuisse
1834 3895 2063 3953 crebrius
2088 3896 2386 3966 replicando
2415 3897 2664 3964 inculcat,
2694 3899 2851 3954 malle
2883 3917 2976 3969 per
3009 3917 3063 3955 se
3092 3912 3391 3958 sanctarum
3420 3904 3815 3978 Scripturarum

558 3997 700 4050 dicta
720 3995 961 4067 intelligi,
986 4010 1147 4066 quam
1172 3995 1434 4048 rhetorum
1460 3992 1819 4048 controversiis
1843 3983 2110 4047 inservire.
2142 3991 2437 4049 Instructus
2458 3994 2693 4050 videlicet
2719 3998 2973 4052 tremendi
3003 3999 3203 4068 judicis
3227 4002 3453 4066 verbere;
3479 4020 3584 4073 quo
3609 4017 3816 4073 propter

560 4090 776 4145 nimiam
815 4089 1081 4145 Ciceronis
1101 4089 1367 4144 lectionem
1390 4087 1648 4143 adductus
1666 4088 1957 4159 acriterque
1978 4103 2163 4142 caesus
2184 4089 2393 4143 tandem
2419 4089 2867 4147 circumstantium
2889 4094 3124 4162 precibus
3154 4094 3422 4160 liberatus,
3449 4096 3727 4165 juraverat
3762 4115 3814 4152 se

558 4182 822 4240 Ciceronis
851 4184 1009 4240 libros
1036 4199 1302 4255 nunquam
1334 4184 1398 4237 de
1434 4193 1599 4238 cetera
1623 4183 2027 4248 meditaturum,
2071 4198 2335 4254 nunquam
2377 4183 2651 4252 lecturum,
2691 4187 2819 4257 quin
2852 4189 3068 4258 epistola
3107 4190 3177 4244 ad
3220 4187 3439 4247 Galatas
3465 4199 3812 4260 contemptum

557 4278 720 4349 hujus
748 4279 1116 4350 disputationis
1138 4280 1214 4332 ita
1240 4277 1574 4348 deprompsit,
1600 4277 1778 4332 dicens
1805 4288 1914 4334 ert.

627 4374 815 4444 Capite
843 4375 1001 4429 tertio
1043 4375 1180 4428 haec
1223 4381 1455 4437 exstant,
1489 4374 1685 4443 quibus
1734 4373 2022 4445 colligitur,
2058 4373 2320 4430 Joannem
2365 4374 2586 4432 Scotum
2632 4378 3034 4438 ecclesiasticae
3079 4380 3356 4453 dignitatis
3395 4382 3656 4453 gradibus
3706 4396 3810 4437 non

559 4463 728 4520 fuisse
754 4464 1064 4535 insignitum
1098 4480 1111 4517 :
1152 4462 1282 4528 Quis
1315 4472 1364 4516 te
1398 4464 1699 4531 barbarum,
1755 4476 1804 4518 et
1845 4464 2019 4519 nullus
2046 4465 2423 4521 ecclesiasticae
2464 4469 2733 4540 dignitatis
2762 4473 3010 4542 gradibus
3033 4475 3369 4545 insignitum,
3398 4490 3492 4528 nec
3526 4491 3759 4546 unquam
3780 4493 3813 4530 a

559 4558 827 4614 catholicis
849 4558 1253 4628 insigniendum,
1267 4557 1513 4612 adversus
1530 4557 1798 4613 Romanae
1812 4560 1955 4614 urbis
1974 4569 2024 4614 et
2044 4560 2357 4629 apostolicae
2373 4564 2511 4618 sedis
2524 4565 2807 4621 antistitem
2820 4563 3196 4638 Gregorium...
3222 4571 3405 4626 audiat
3421 4571 3768 4628 oblatrantem
3791 4575 3812 4626 .'

628 4655 818 4725 Capite
847 4654 1055 4709 decimo
1077 4662 1271 4725 quarto
1294 4654 1618 4710 Prudentius
1641 4671 1764 4710 cum
1791 4657 2139 4712 acerbissima
2168 4657 2342 4714 ironia
2369 4678 2382 4713 :

631 4745 703 4801 Te
733 4745 925 4809 solum,
950 4745 1141 4813 inquit,
1171 4745 1400 4798 omnium
1433 4745 1790 4798 acutissimum
1817 4742 2022 4801 Galliae
2056 4752 2345 4804 transmisit
2370 4749 2643 4817 Hibernia,
2672 4761 2748 4819 ut,
2777 4770 2913 4824 quae
2945 4755 3121 4811 nullus
3145 4756 3339 4828 absque
3359 4767 3410 4814 te
3432 4759 3569 4816 scire
3584 4772 3809 4832 poterat,

559 4836 662 4897 'uis
693 4841 1070 4896 eruditionibus
1098 4840 1367 4895 obtineret.
1404 4838 1507 4895 Sed
1534 4841 1688 4901 absit,
1735 4850 1791 4894 ut
1825 4840 2020 4896 Celtica
2047 4843 2150 4915 eloq

2218 4847 2340 4900 entia
2364 4857 2439 4901 tot
2464 4850 2722 4919 tantisque
2741 4850 3018 4919 ﬂuviorum
3040 4853 3480 4910 exundationilms
3508 4866 3631 4911 tuas
3659 4858 3809 4910 nubi-

559 4938 778 4993 lationes
809 4938 1083 5001 admittat,
1116 4937 1349 5006 quamvis
1392 4934 1722 4990 Christianae
1762 4937 2072 4993 humilitatis
2109 4941 2390 4997 eminentia
2431 4945 2681 4998 alterutro
2732 4948 2966 5001 caritatis
3006 4948 3169 5018 ofﬁcio
3219 4949 3443 5005 vicissim
3484 4928 3809 5022 suppeditari

557 5033 770 5085 minime
795 5032 1084 5101 prohibeat,
1111 5026 1269 5084 immo
1300 5031 1639 5099 undecunque
1676 5033 2003 5087 commodum
2050 5033 2257 5087 duxerit
2276 5074 2291 5100 ,
2321 5035 2651 5104 alternatim,
2697 5056 2830 5110 quae
2860 5050 3000 5095 recta
3027 5052 3150 5096 sunt
3171 5082 3189 5102 ,
3220 5043 3453 5099 exhiberi
3480 5057 3803 5115 percenseat.

630 5123 871 5191 Denique
900 5120 1176 5174 Prudentii
1204 5118 1341 5175 liber
1368 5119 1550 5172 linitur
1576 5119 1661 5174 his
1690 5120 1904 5175 verbis:

631 5216 776 5272 Ilaec
832 5226 905 5271 est
961 5224 1139 5269 nostra
1182 5214 1312 5283 ﬁdes
1340 5253 1356 5279 ,
1405 5215 1531 5283 quia
1591 5215 1720 5268 haec
1778 5224 1853 5269 est
1913 5232 2031 5269 vera
2056 5256 2070 5280 ,
2132 5216 2454 5284 praphetica,
2509 5215 2825 5285 apostolica,
2867 5217 3155 5272 orthodoxa
3185 5228 3339 5290 atque
3373 5222 3631 5276 catholica
3655 5224 3806 5292 ﬁdes.

563 5312 808 5367 Poteram
866 5312 1074 5383 quidem
1104 5322 1152 5363 et
1220 5310 1328 5379 ipse
1394 5310 1488 5363 tibi
1542 5309 1711 5363 dicere
1758 5311 2035 5363 anathema
2060 5350 2074 5374 ,
2125 5311 2225 5365 nisi
2273 5322 2621 5381 exspectarem
2665 5322 2713 5365 et
2775 5311 2984 5366 mallem
3034 5325 3081 5368 et
3134 5324 3363 5384 optarem
3407 5318 3481 5369 tui
3532 5319 3811 5371 correctio-

556 5424 712 5469 nem.
758 5422 916 5478 quam
969 5406 1329 5476 perditionem.
1380 5403 1613 5458 Proinde
1674 5404 1902 5458 nondum
1948 5407 2004 5458 in
2063 5416 2113 5460 te
2180 5408 2500 5462 severitatem
2567 5408 2913 5462 anathematis
2968 5407 3220 5476 jaculor,
3285 5413 3535 5479 quoniam
3589 5413 3808 5473 hortor,

558 5520 742 5559 moneo
768 5542 784 5566 ,
837 5510 887 5554 et
935 5502 1054 5554 totis
1107 5501 1279 5555 cordis
1322 5500 1594 5570 aﬁ'ectibus
1639 5516 1763 5569 rogo
1787 5539 1804 5567 ,
1863 5509 1920 5553 ut
1980 5513 2211 5571 respectu
2263 5518 2517 5572 supernae
2559 5504 2762 5574 gratiae
2809 5504 3080 5572 resipiscas
3105 5544 3120 5568 ,
3177 5512 3223 5557 et
3268 5521 3299 5556 a
3344 5518 3451 5559 tam
3497 5505 3678 5559 laetati
3727 5522 3809 5558 ve-

560 5608 705 5651 terno
754 5598 965 5652 tandem
1009 5597 1248 5667 evigiles,
1295 5606 1344 5650 et
1388 5596 1525 5667 quod
1555 5595 1852 5651 Christiana
1881 5599 2084 5667 puritas
2106 5600 2317 5664 sentiat,
2354 5600 2597 5670 exquiras
2648 5599 2939 5663 benevolus,
2993 5600 3203 5653 humilis
3240 5598 3618 5669 apprehendas,
3669 5597 3811 5648 mitis

562 5691 876 5759 acquiescas,
911 5702 1213 5747 mansuetus
1235 5694 1462 5756 secteris,
1491 5692 1703 5746 devotus
1725 5700 1920 5759 teneas,
1941 5702 1989 5747 et
2016 5692 2188 5762 ﬁdelis
2208 5693 2264 5748 in
2286 5692 2523 5749 omnibus
2549 5694 2865 5749 exseaitaris.
2924 5692 3172 5750 Relinque
3208 5693 3540 5747 anaarivium
3562 5691 3806 5746 vanitatis
