4028 6280
202 362 324 426 ass
973 363 1175 419 manu
1209 361 1298 417 DE
1331 355 2037 414 PRAEDESTINATIONE.
2080 387 2149 398 -
2184 359 2277 414 AD
2313 357 2710 415 LECTOREM.
3364 365 3470 421 354

204 477 358 552 quod
396 493 614 548 sequens
645 463 878 532 extorris
911 475 1024 530 viae
1061 476 1232 543 factus
1278 489 1330 527 es
1369 470 1617 525 veritatis.
1661 469 1871 534 Quanto
1931 469 2112 523 ntelius
2154 479 2444 540 quantoque
2497 469 2764 524 salubrius
2817 487 3028 540 ageres,
3082 465 3128 526 si
3178 468 3270 528 uni
3320 491 3470 530 verae

205 573 652 642 sempiternaeque
692 571 804 626 viae
841 571 1066 624 innitens
1115 569 1375 639 quadriga
1415 567 1556 620 illius
1595 565 1806 619 humilis
1858 567 2014 629 vehi,
2073 583 2228 635 quam
2277 566 2536 636 quadrivii
2576 567 2650 618 tui
2703 567 2917 634 inﬂatus
2965 569 3121 638 typho
3165 578 3368 638 raptum
3401 571 3469 623 iri

207 671 265 721 in
319 668 524 721 diversa
568 666 836 738 deligeres.
885 665 1157 734 Quadriga
1205 663 1362 733 hujus
1407 663 1518 716 viae
1558 670 1677 716 sunt
1713 669 1960 730 quattuor
2001 659 2314 730 Evangelia,
2364 675 2468 713 uno
2509 659 2745 729 paradisi
2789 660 2930 729 fonte
2983 665 3291 730 manantia,
3352 666 3471 733 qui-

209 763 310 816 bus
360 762 507 816 nobis
549 761 631 816 via
672 761 924 830 panditur
970 760 1241 815 salutaris.
1299 757 1569 826 Quadriga
1607 757 1763 826 hujus
1817 755 1926 809 viae
1955 765 2200 824 quattuor
2242 762 2363 808 sunt
2419 755 2668 819 virtutes,
2719 754 2994 824 prudentia
3021 796 3036 819 ,
3084 761 3421 827 temperantia
3448 799 3464 824 ,

207 857 508 926 fortitudo,
553 857 801 926 justitia,
849 856 1037 926 quibus
1083 855 1250 908 omnis
1300 869 1504 907 morum
1538 852 1768 921 probitas
1816 859 2134 905 venustatur.
2187 850 2454 918 Quadriga
2503 849 2661 918 hujus
2710 850 2819 903 viae
2840 861 2959 904 sunt
2994 863 3240 921 quattuor
3265 855 3469 908 divino-

207 967 329 1004 rum
386 951 710 1022 eloquiorum
747 951 969 1021 species,
1018 950 1302 1015 historica,
1351 948 1553 1012 ethica,
1609 947 1925 1016 allegorica,
1979 945 2294 1015 anagogica,
2345 945 2531 1014 quibus
2581 945 2650 997 ad
2700 961 2903 999 onmem
2948 964 3221 1002 sacrarum
3265 950 3466 1005 littera—

209 1060 331 1096 rum
376 1043 695 1098 intellectum
745 1046 1074 1100 illuminante
1125 1045 1297 1116 gratia
1353 1044 1467 1113 ejus
1526 1042 1844 1096 inducimur.
1900 1041 2047 1106 Quae
2102 1040 2150 1094 si
2200 1039 2465 1094 humiliter
2519 1040 2842 1110 ﬁdeliterque
2895 1043 3080 1096 sectari
3143 1045 3428 1098 studuisses
3456 1087 3470 1111 ,

207 1157 480 1211 nunquam
521 1141 576 1194 in
619 1149 769 1196 tanta
815 1159 1052 1197 errorum
1102 1152 1256 1213 atque
1309 1140 1792 1203 abominationum,
1849 1140 2006 1192 immo
2067 1137 2502 1206 blasphemiarum
2570 1138 2875 1211 praeeipitia
2925 1139 3214 1193 incidisses.
3284 1139 3472 1196 Verum

207 1238 338 1290 dum
423 1237 696 1307 quadrivio
747 1237 983 1291 varicoso
1053 1245 1200 1290 tanta
1263 1233 1552 1305 pertinacia
1602 1233 1872 1288 inhaesisti
1906 1273 1922 1298 ,
1979 1249 2305 1304 nequaquam
2357 1232 2617 1303 eloquium
2685 1232 2804 1286 libri
2855 1232 3208 1288 Ecclesiastici
3260 1238 3475 1292 evadere

207 1331 457 1396 voluisti,
485 1348 588 1401 quo
616 1331 850 1386 dicitur:
882 1330 983 1398 Qui
1015 1330 1307 1400 sophistice
1341 1329 1600 1399 loquitur,
1632 1328 1848 1384 odibilis
1885 1336 2002 1394 est,
2031 1328 2178 1382 omni
2215 1341 2274 1380 re
2301 1326 2724 1382 defraudabitur.
2755 1327 2868 1382 Non
2897 1329 3038 1383 enim
3065 1332 3188 1385 data
3222 1341 3305 1387 est
3335 1334 3408 1388 illi
3441 1351 3473 1389 a

208 1425 442 1482 Domino
470 1427 662 1498 gratia.
691 1425 850 1482 Omni
875 1426 1020 1481 enim
1054 1425 1316 1495 sapientia
1339 1422 1690 1478 defraudatus
1713 1431 1797 1478 est
1820 1424 1917 1492 (a).
1950 1421 2017 1474 Et
2039 1420 2170 1474 illud
2196 1436 2210 1474 :
2233 1420 2290 1474 In
2321 1420 2661 1490 multiloquio
2689 1436 2794 1475 non
2819 1422 3042 1492 eﬁugies
3071 1436 3350 1496 peccatum
3375 1430 3473 1500 (b).

209 1521 415 1585 Quibus
439 1521 485 1576 si
527 1523 760 1593 expediri
792 1523 1078 1586 desideras,
1105 1519 1388 1575 humilitati
1423 1519 1826 1574 sublimissimae
1854 1518 2095 1586 cruciﬁxi
2120 1515 2338 1588 supplex
2381 1525 2735 1586 prosternere,
2768 1526 2823 1569 ut
2851 1533 2968 1570 cum
3015 1521 3259 1589 zlpostolo
3305 1524 3476 1579 dicere

206 1617 388 1671 valeas
409 1631 428 1670 :
458 1617 600 1673 Nihil
630 1619 865 1688 judicavi
902 1635 987 1674 me
1016 1619 1157 1674 scire
1185 1618 1327 1672 inter
1358 1633 1455 1673 vos
1483 1617 1586 1671 nisi
1611 1616 1885 1671 Christum
1913 1613 2094 1670 Iesum
2125 1623 2181 1669 et
2213 1616 2355 1669 hunc
2381 1613 2697 1668 cruciﬁxum
2724 1614 2817 1684 (c).
2850 1615 2915 1666 Et
2951 1618 3107 1670 item:
3137 1617 3265 1673 Mihi
3295 1631 3475 1676 autem

207 1711 360 1766 absit
392 1711 613 1784 gloriari
659 1714 764 1770 nisi
806 1715 863 1769 in
911 1730 1072 1769 cruce
1113 1713 1328 1769 Domini
1373 1713 1547 1768 nostri
1577 1711 1701 1767 Jesu
1733 1711 1970 1776 Christi,
2001 1726 2100 1782 per
2134 1725 2294 1781 quem
2335 1709 2468 1764 mihi
2513 1709 2745 1764 mundus
2783 1711 3076 1766 cruciﬁxus
3115 1723 3199 1768 est
3226 1754 3240 1779 ,
3284 1724 3339 1770 et
3377 1733 3478 1785 ego

207 1807 415 1862 mundo
460 1807 564 1878 (d).
613 1807 714 1864 His
761 1811 818 1864 in
864 1811 1070 1864 nomine
1107 1820 1154 1864 et
1204 1809 1469 1880 adjutorio
1518 1809 1612 1863 Dei
1662 1824 1756 1877 pro
1801 1818 1954 1878 captu
2009 1815 2056 1860 et
2108 1807 2303 1861 viribus
2347 1823 2492 1861 meae
2552 1805 2856 1875 pusillitatis
2895 1808 3059 1877 magis
3102 1808 3279 1864 devote
3319 1827 3478 1880 quam

206 1902 396 1966 docte,
437 1912 558 1958 tuae
587 1921 789 1978 quoque
835 1908 1170 1962 correctionis
1197 1945 1212 1971 ,
1269 1906 1435 1976 frater
1475 1903 1742 1968 Joannes,
1789 1903 1961 1973 gratia
1991 1903 2258 1967 exaratis,
2301 1901 2422 1956 libet
2469 1918 2628 1972 quam
2669 1902 2887 1956 breviter
2926 1919 3183 1974 quamque
3217 1907 3479 1960 succincte

206 2001 540 2067 capitulatim
590 2003 797 2074 singula
822 2005 1099 2071 adnotare,
1143 2020 1246 2074 quo
1291 2001 1505 2074 legentis
1549 2001 1912 2072 audientisque
1954 1999 2171 2054 intentio
2201 1998 2334 2054 lecta
2366 1998 2445 2053 vel
2475 1997 2658 2052 audita
2704 1999 2987 2052 memoriae
3031 2000 3262 2054 tenacius
3310 2003 3478 2056 valeat

205 2097 598 2152 commendare.

285 2193 355 2247 Et
394 2194 532 2250 haec
573 2194 790 2264 quidem
833 2210 864 2250 e
910 2196 1182 2251 Prudentii
1219 2195 1357 2250 libro
1388 2195 1666 2250 hactenus.
1707 2192 1899 2249 Florus
1946 2192 2356 2264 Lugdunensis,
2403 2192 2492 2261 qui
2541 2192 2757 2247 nomine
2783 2190 3057 2246 Ecclesiae
3097 2189 3470 2261 Lugdunensis

206 2285 411 2342 librum
438 2305 593 2344 suum
621 2290 878 2357 condidit,
918 2290 1178 2348 Joannem
1214 2291 1436 2347 Scotum
1463 2289 1756 2346 simillimis
1784 2287 2000 2346 fortiter
2027 2289 2238 2358 impetit
2278 2285 2463 2343 armis.
2487 2285 2536 2342 ls
2562 2286 2706 2342 enim
2733 2287 2812 2342 sic
2833 2285 3044 2340 orditur
3071 2303 3082 2339 :
3126 2282 3382 2340 Venerunt
3410 2285 3483 2338 ad

207 2402 334 2450 nos,
361 2384 414 2437 id
434 2395 506 2438 est
529 2387 597 2439 ad
627 2386 917 2442 Ecclesium
943 2386 1362 2458 Lugdunensem,
1391 2385 1671 2457 cujusdam
1693 2384 1956 2455 vaniloqui
1983 2394 2031 2438 et
2056 2383 2258 2453 garruli
2285 2382 2508 2437 hominis
2533 2383 2748 2451 scripta,
2777 2382 2866 2453 qui
2890 2383 3021 2435 velut
3053 2381 3116 2435 de
3134 2381 3480 2451 praescientia

205 2486 259 2531 et
290 2478 766 2547 praedestinatione
792 2482 970 2538 divina
992 2483 1236 2537 humanis
1256 2521 1274 2548 ,
1297 2491 1385 2548 et,
1416 2489 1474 2536 ut
1508 2481 1618 2553 ipse
1655 2481 1943 2551 gloriatur,
1991 2479 2362 2549 philosophicis
2407 2477 2950 2549 argumentationibus
2986 2477 3292 2548 disputans,
3333 2477 3482 2531 nulla

210 2575 422 2628 ratione
466 2575 702 2642 reddita,
733 2575 878 2630 nulla
915 2575 1308 2646 Scripturarum
1348 2577 1456 2631 sive
1494 2585 1795 2630 sanctorum
1825 2572 2049 2628 Patrum
2094 2575 2402 2628 auctoritate
2448 2574 2706 2644 praelata,
2732 2573 2866 2628 velut
2898 2575 3118 2628 tenenda
3144 2584 3192 2628 et
3219 2573 3482 2644 sequenda

207 2667 330 2722 sola
362 2686 459 2722 sua
481 2672 899 2740 praesumptione
927 2671 1144 2742 deﬁnire
1172 2678 1334 2726 ausus
1357 2678 1454 2736 est,
1485 2687 1618 2740 quae
1645 2688 1677 2724 a
1706 2669 1948 2738 fidelibus
1973 2680 2021 2724 et
2049 2670 2103 2726 in
2127 2670 2367 2724 doctrina
2394 2686 2548 2724 sacra
2582 2671 2881 2724 exercitatis
2911 2670 3222 2736 lectoribus,
3253 2687 3312 2724 eo
3341 2671 3480 2741 quod

207 2763 318 2816 sint
348 2765 626 2819 vanissima
647 2774 693 2820 et
716 2776 894 2819 contra
921 2765 1076 2833 ﬁdem
1105 2782 1167 2820 ac
1188 2767 1456 2820 veritatem
1479 2764 1598 2831 Dei,
1619 2763 1773 2835 plena
1803 2766 2063 2819 mendacii
2093 2776 2138 2820 et
2173 2767 2399 2830 erroris,
2426 2766 2533 2822 Deo
2559 2766 2869 2837 cpitulante,
2901 2764 3150 2839 facillime
3167 2767 3482 2836 judicantur

208 2870 260 2912 et
296 2869 635 2929 respuuntur,
663 2861 820 2915 immo
841 2862 998 2916 etiam
1023 2863 1338 2932 contemptui
1381 2871 1428 2917 et
1471 2862 1601 2916 risui
1635 2861 1908 2917 habentur.
1939 2860 2044 2917 Sed
2067 2864 2192 2934 quia
2215 2882 2248 2917 a
2273 2863 2451 2918 multis
2473 2902 2488 2930 ,
2517 2873 2573 2918 ut
2599 2865 2892 2918 audivimus
2911 2904 2926 2928 ,
2955 2863 3092 2916 idem
3138 2863 3293 2916 homo
3323 2864 3479 2933 quasi
3558 2877 3572 2888 '

209 2955 560 3010 scholasticus
589 2967 636 3011 et
676 2957 910 3013 eruditus
955 2959 1292 3014 admirationi
1319 2960 1562 3025 habetur,
1606 2969 1654 3014 et
1705 2960 1834 3014 talia
1878 2962 2117 3030 garriens
2147 2962 2255 3016 sive
2277 2961 2506 3016 scribens
2547 2961 2678 3015 alios
2713 2962 2781 3015 ad
2811 2961 3209 3015 haesitationem
3237 2959 3476 3026 deducit,

210 3053 377 3117 alios,
405 3054 556 3123 quasi
584 3070 829 3124 magnum
857 3055 1056 3127 aliquid
1087 3057 1262 3123 dicat,
1297 3073 1497 3112 errores
1542 3057 1624 3112 sui
1663 3073 1906 3120 sequaces
1941 3058 2113 3129 efﬁcit,
2157 3075 2333 3112 omnes
2364 3068 2539 3113 tamen
2585 3058 2852 3112 auditores
2896 3068 2944 3112 et
2984 3060 3328 3115 admiratores
3356 3077 3479 3116 suos

211 3149 370 3202 inani
399 3149 705 3204 verbositate
732 3160 780 3204 et
804 3161 1012 3205 ventosa
1043 3152 1355 3222 loquacitate
1379 3152 1818 3222 perniciosissime
1854 3162 2097 3222 occupat,
2132 3163 2186 3207 ut
2212 3171 2316 3207 non
2343 3155 2534 3209 divinis
2578 3154 2897 3224 Scripturis,
2938 3172 3042 3209 non
3080 3159 3481 3213 auctoritatibus

217 3245 465 3299 Paternis
496 3261 551 3299 se
596 3245 863 3300 humiliter
885 3246 1226 3312 submittant,
1275 3248 1364 3302 sed
1412 3249 1524 3318 ejus
1570 3249 1740 3318 potius
1779 3250 2108 3318 phantastieu
2153 3249 2496 3304 deliramenta
2541 3260 2844 3321 sequantur,
2884 3253 3230 3305 necessarium
3271 3255 3480 3310 omnino

212 3340 492 3404 duximus,
515 3349 571 3394 ut
591 3340 761 3394 studio
783 3342 1018 3395 caritatis
1043 3353 1090 3396 et
1117 3342 1286 3396 debito
1310 3344 1473 3398 nostri
1498 3342 1597 3396 loci
1621 3355 1777 3415 atque
1797 3345 1999 3398 ordinis
2021 3346 2134 3414 ejus
2167 3345 2491 3410 insolentiae,
2517 3356 2731 3399 auctore
2757 3345 2997 3409 Domino,
3032 3348 3479 3417 responderemus,

214 3446 298 3500 ut,
329 3437 622 3507 quicunque
642 3437 768 3491 haec
797 3455 914 3491 cum
944 3438 1040 3492 Dei
1067 3439 1250 3494 timore
1276 3451 1321 3492 et
1355 3457 1480 3494 cura
1504 3440 1691 3495 salutis
1716 3459 1844 3496 suae
1867 3442 2095 3510 ﬁdeliter
2113 3441 2279 3513 legere
2311 3442 2586 3507 voluerint,
2617 3454 2899 3513 agnoscant
2932 3446 3198 3508 veraciter,
3228 3454 3482 3515 quantum

216 3548 431 3585 necesse
451 3533 540 3596 sit,
564 3531 620 3585 in
645 3533 726 3587 his
753 3534 978 3588 maxime
1005 3534 1454 3602 periculosissimis
1476 3547 1522 3590 et
1542 3538 1784 3590 extremis
1814 3539 2150 3606 temporibus,
2171 3539 2440 3592 inhaerere
2465 3538 2687 3606 ﬁrmiter
2716 3537 3022 3608 Scripturae
3046 3551 3259 3594 sanctae
3287 3542 3477 3594 immo-

214 3629 316 3682 bili
346 3629 570 3693 veritati,
598 3628 805 3683 obedire
823 3631 1086 3684 humiliter
1103 3642 1400 3685 sanctorum
1424 3633 1832 3688 orthodoxorum
1855 3634 2079 3689 Patrum
2104 3635 2506 3704 fundatissimae
2530 3637 2852 3704 auctoritati,
2879 3637 3124 3691 claudere
3142 3647 3188 3691 et
3219 3636 3484 3692 obstruere

215 3726 464 3780 auditum
487 3725 903 3796 indisciplinatae
929 3735 974 3779 et
998 3726 1306 3780 vanissimae
1334 3728 1654 3794 verbositati,
1675 3740 1720 3782 et
1745 3728 1876 3783 illud
1899 3731 2108 3785 Domini
2138 3733 2333 3786 dictum
2365 3741 2471 3786 tota
2497 3733 2777 3788 intentione
2803 3735 3178 3802 pertimescere,
3210 3733 3350 3800 quod
3360 3733 3480 3803 jam

213 3838 388 3891 paene
433 3822 659 3876 videmus
703 3819 937 3891 impleri,
968 3838 1070 3890 quo
1099 3821 1206 3890 ipse
1233 3823 1350 3876 ait:
1378 3821 1542 3876 Putas
1574 3822 1716 3879 ﬁlius
1755 3824 1990 3880 hominis
2037 3826 2260 3881 veniens
2307 3827 2544 3882 inveniet
2591 3828 2750 3882 ﬁdem
2791 3829 2846 3882 in
2899 3830 3075 3883 terra?
3121 3829 3192 3900 (e)
3236 3840 3282 3884 et
3343 3829 3483 3900 quod

216 3918 528 3989 Apostolus,
557 3919 611 3972 in
639 3935 739 3990 quo
770 3919 907 3973 idem
936 3917 1191 3972 Dominus
1221 3919 1547 3990 loquebatur,
1590 3919 1890 3974 terribiliter
1929 3921 2203 3976 denuntiat
2241 3924 2460 3978 dicens:
2493 3924 2609 3979 Erit
2642 3926 2787 3980 enim
2839 3934 3082 3997 tempus,
3125 3942 3246 3981 cum
3290 3943 3477 3982 sanam

219 4015 528 4069 doctrinam
559 4029 664 4069 non
695 4015 1066 4078 sustinebunt,
1097 4015 1193 4069 sed
1232 4015 1300 4069 ad
1331 4030 1425 4070 sua
1473 4015 1742 4070 desideria
1793 4017 2192 4072 coacervabunt
2237 4019 2340 4072 sibi
2392 4019 2682 4090 magistros
2722 4022 3032 4090 prurientes
3077 4025 3326 4090 auribus,
3367 4034 3422 4080 et
3451 4041 3481 4079 a

220 4109 457 4165 veritate
482 4109 697 4180 quidem
726 4109 964 4164 auditum
1001 4117 1264 4175 avertent,
1310 4110 1378 4164 ad
1424 4109 1633 4165 fabulas
1661 4119 1840 4166 autem
1881 4121 2264 4167 convertentur
2291 4113 2377 4183 (f).
2420 4112 2566 4170 Unde
2612 4126 2662 4170 et
2698 4117 2825 4171 alibi
2850 4119 2945 4172 sub
2982 4131 3204 4187 persona
3230 4120 3406 4174 dilecti
3437 4133 3484 4176 et

217 4205 375 4259 electi
405 4204 642 4274 discipuli
679 4220 882 4259 omnem
909 4204 1131 4272 fidelem,
1165 4216 1210 4260 et
1244 4207 1519 4276 praecipue
1549 4207 1785 4261 ordinem
1814 4210 2131 4278 pastoralem
2155 4209 2511 4266 sollertissime
2537 4214 2800 4279 admonet,
2828 4216 3005 4270 dicens
3040 4232 3058 4270 :
3098 4219 3142 4274 Ο
3174 4219 3480 4286 Timothee,

219 4298 531 4367 depositura
553 4300 781 4366 custodi,
797 4301 1040 4356 devitans
1063 4301 1315 4371 profanas
1345 4317 1535 4358 vocum
1561 4304 1830 4360 novitates
1853 4313 1908 4358 et
1929 4305 2297 4375 oppositiones
2312 4306 2644 4380 ψευδωνὸμου
2668 4313 2927 4383 γνώσεως,
2954 4313 3009 4366 id
3029 4325 3104 4368 est
3119 4314 3240 4383 falsi
3255 4317 3480 4372 nominis

218 4393 516 4458 scientiae,
551 4409 712 4464 quam
737 4396 953 4466 quidam
978 4398 1354 4466 promittentes
1381 4399 1528 4454 circa
1557 4399 1715 4454 [idem
1743 4401 2060 4456 exciderunt
2084 4401 2180 4474 (g).
2211 4401 2502 4475 Propositis
2550 4407 2712 4476 igitur
2753 4411 2946 4472 verbis,
2977 4427 3110 4481 quae
3138 4413 3189 4465 in
3227 4413 3401 4466 decem
3431 4424 3482 4468 et

220 4506 413 4544 novem
441 4490 677 4561 opusculi
703 4490 786 4544 sui
813 4489 1023 4560 digessit
1045 4492 1310 4562 capitulis,
1339 4503 1490 4562 prout
1518 4493 1772 4549 Dominus
1798 4496 1997 4551 donare
2017 4499 2288 4568 dignatur,
2312 4518 2416 4555 non
2452 4513 2630 4557 nostro
2657 4520 2832 4571 sensu,
2875 4507 2966 4560 sed
3002 4518 3302 4564 sanctarum
3335 4509 3484 4565 Scri-

216 4597 502 4656 pturarum
531 4599 575 4640 et
608 4587 1021 4641 beatissimorum
1051 4588 1424 4643 catholicorum
1453 4587 1674 4645 Patrum
1703 4593 1778 4646 ita
1805 4595 2215 4664 respondendum
2245 4599 2598 4669 aggrediatur.

289 4675 716 4733 Acerbissimum
759 4684 990 4755 denique
1038 4685 1230 4742 Joanni
1279 4688 1443 4744 Scoto
1485 4691 1723 4757 accidit,
1773 4702 1831 4746 ut
1877 4694 2015 4750 duae
2043 4698 2232 4768 synodi
2259 4699 2590 4767 Gallicanae,
2616 4701 2898 4758 Valentina
2938 4720 3027 4758 an.
3059 4703 3164 4760 855
3193 4714 3246 4761 et
3281 4704 3483 4777 Lingo-

217 4773 413 4874 nens-is
452 4789 543 4830 an.
574 4775 696 4844 859,
729 4779 896 4852 ipsius
924 4782 1120 4839 librum
1144 4793 1199 4838 et
1229 4786 1482 4856 capitula,
1509 4789 1704 4856 quibus
1729 4801 2074 4845 commentum
2112 4794 2307 4848 diaboli
2326 4797 2499 4866 potius
2540 4814 2696 4868 quam
2728 4810 3086 4869 argumentum
3120 4801 3330 4874 aliquod
3356 4773 3485 4872 ﬁ‘dei

215 4869 587 4938 contineatur,
625 4876 1041 4945 proscriberent.
1069 4878 1150 4934 Ex
1181 4881 1373 4949 quibus
1401 4882 1572 4937 altera
1602 4883 1824 4954 insuper
1852 4886 2017 4940 aniles
2045 4906 2205 4958 paene
2237 4890 2444 4958 fabulas
2487 4891 2858 4966 Scotorumque
2899 4895 3068 4966 pultes
3096 4869 3318 4968 puritati
3356 4869 3485 4970 ﬁdei

218 4979 476 5018 nauseam
519 4966 796 5036 inferentes
826 4972 969 5026 haud
1014 4974 1358 5030 mediocriter
1390 4979 1724 5044 perstrinxit.
1767 4980 1968 5052 Synodi
2005 4984 2148 5038 enim
2192 4985 2506 5044 Valentinae
2544 5005 2665 5044 can.
2700 4991 2733 5044 4
2760 4991 2896 5047 haec
2922 4966 3109 5048 extant
3139 5012 3152 5048 :
3182 5014 3201 5047 ‹
3235 4966 3482 5067 Capitula

174 5097 179 5110 .
216 5071 506 5132 quattuor,
527 5079 669 5133 quae
696 5081 727 5120 a
758 5065 985 5121 concilio
1011 5064 1242 5122 fratrum
1271 5078 1579 5125 nostrorum
1614 5074 1793 5130 minus
1819 5091 2102 5147 prospecte
2127 5091 2376 5154 suscepta
2400 5094 2544 5151 sunt,
2573 5095 2794 5158 propter
2813 5089 3181 5158 inutilitatem,
3211 5093 3294 5147 vel
3313 5064 3480 5150 etiam

219 5158 568 5260 uarietatem.
591 5168 648 5215 et
671 5174 910 5260 errorem
938 5163 1270 5218 contrarium
1291 5167 1539 5231 veritati;
1569 5172 1660 5221 sed
1689 5180 1736 5222 et
1764 5171 1872 5225 alia
1895 5189 1987 5227 xu
2009 5174 2320 5246 syllogismis
2352 5180 2666 5250 ineptissime
2692 5184 2960 5251 conclusa,
2987 5197 3034 5242 et
3069 5189 3185 5243 licet
3219 5191 3476 5260 jactetur,

221 5248 375 5302 nulla
388 5249 649 5304 saeculari
663 5250 956 5306 litteratura
969 5254 1207 5320 nitentia,
1229 5256 1284 5308 in
1306 5257 1492 5326 quibus
1515 5271 1860 5316 commentum
1881 5264 2080 5319 diaboli
2090 5269 2262 5335 potius
2283 5248 2816 5342 quam-argumentum
2833 5248 3045 5346 aliquod
3057 5279 3182 5346 ﬁdei
3197 5248 3482 5350 deprehen;

217 5345 392 5412 ditur,
417 5363 450 5399 a
477 5347 564 5416 pio
591 5348 776 5402 auditu
796 5347 1032 5418 ﬁdelium
1058 5351 1264 5420 penitus
1290 5353 1637 5423 explodimus,
1665 5367 1712 5410 et
1739 5368 1794 5411 ut
1825 5360 1954 5414 talia
1979 5371 2026 5414 et
2050 5363 2242 5418 similia
2266 5378 2563 5434 caveantur,
2585 5386 2677 5439 per
2697 5373 2870 5425 omnia
2904 5345 3211 5428 auctoritate
3251 5345 3481 5444 Spiritus

219 5441 396 5495 sancti
421 5441 813 5510 interdicimus;
836 5462 1088 5501 novarum
1110 5449 1269 5503 etiam
1293 5466 1468 5505 rerum
1505 5452 1904 5524 introductores,
1949 5475 2012 5512 ne
2040 5461 2328 5517 districtius
2371 5464 2650 5533 feriantur,
2675 5469 3004 5538 castigandos
3029 5486 3137 5523 esse
3157 5486 3477 5527 censemus».

299 5585 380 5717 (ag
423 5586 566 5642 Eccl.
595 5589 856 5657 XXXVII,
889 5593 977 5647 25.

299 5657 354 5717 (b
416 5656 670 5714 Proverh.
705 5660 769 5717 Χ.
807 5664 888 5717 I9.

925 5593 977 5647 5.
1985 5608 2054 5676 (e)
2091 5610 2220 5664 Luc.
2257 5612 2436 5677 XVIII,
2460 5615 2513 5668 8.

1985 5680 2049 5717 m
2090 5681 2126 5717 ll
2161 5682 2275 5717 τί...
2332 5683 2392 5717 ιν
2451 5683 2477 5717 ι

658 5700 670 5713 .
705 5680 769 5749 ὲ,
807 5680 888 5717 w.
1985 5680 2049 5749 (f)
2087 5681 2126 5733 ll
2161 5682 2249 5736 Tiu

1985 5680 2049 5749 (Γ)
2087 5681 2126 5733 ΙΙ
2161 5682 2296 5736 Tim.
2330 5683 2416 5746 IV,
2446 5683 2498 5745 4,
2527 5683 2577 5736 5.

301 5586 355 5709 (ἵ
416 5586 566 5711 ἕξοι.
595 5589 856 5657 XXXVII,
889 5593 977 5647 95.
1985 5608 2054 5676 (e)
2091 5610 2220 5698 Lu'c:
2257 5612 2436 5677 xw",
2460 5615 2514 5668 8.

301 5586 380 5850 is;
415 5727 429 5779 ι
807 5664 888 5717 ’θ’
1985 5680 2049 5749 (Γ)
2087 5681 2136 5766 u’
2171 5682 2296 5760 run.
2330 5683 2498 5768 ινκι,
2527 5683 2578 5736 5.

301 5800 321 5836 ι
366 5802 384 5868 )
423 5797 542 5853 Gn].
585 5771 677 5863 Vl”
706 5801 788 5856 Η.
1985 5750 2098 5821 (g)I
2139 5751 2358 5807 Timoth.
2393 5753 2586 5814 “.20.

515 5885 782 5947 Ps'ruou.
831 5890 1084 5954 CXXII.
3059 5904 3130 5966 12
