4028 6280
554 367 660 425 555
1935 349 2215 406 .lOANNIS
2256 350 2454 407 SCOTI
3704 349 3821 406 πε

625 480 822 535 Ibidem
858 491 986 530 vero
1013 490 1132 528 can.
1167 474 1200 527 6
1257 473 1390 527 haec
1420 472 1706 540 leguntur:
1737 485 1755 518 ι
1791 466 2001 535 Ineptas
2032 475 2202 517 autem
2227 463 2685 534 qttaeslitmt‘ttlas,
2709 473 2757 517 et
2786 462 2950 516 aniles
2986 478 3148 532 paene
3188 461 3397 531 fabulas
3429 460 3826 534 Scelerati-squ

556 583 721 656 pultes
752 577 1102 648 pnritati/idei
1127 590 1374 627 nauseam
1406 572 1704 638 inferentes,
1728 584 1860 636 quae
1897 564 2347 635 periculos-issimis
2370 573 2415 615 et
2447 563 2766 632 gravissimis
2808 562 3145 631 temporibus,
3175 563 3243 615 ad
3272 563 3540 616 cumulum
3567 564 3818 617 laborum

561 685 879 735 nostrorum,
903 688 1063 740 usque
1090 672 1159 722 ad
1180 669 1477 722 scissione":
1510 666 1743 718 raritatis
1769 658 2601 714 miserabiliteretlacrimabiliter
2630 668 3012 722 succreverimt,
3032 674 3094 710 ne
3128 667 3318 711 tuentes
3345 657 3663 711 christianae
3687 659 3823 712 inde

559 777 983 837 corrumpantur,
1011 777 1054 817 et
1085 765 1327 818 excidant
1352 780 1381 814 a
1401 760 1733 829 simplicitate
1764 769 1808 810 et
1850 758 2086 809 castitate
2109 755 2253 823 ﬁdei,
2280 770 2414 822 quae
2447 763 2520 805 est
2549 755 2600 806 in
2631 753 2838 806 Christo
2877 752 3030 817 Iesu,
3058 755 3262 822 penitus
3286 754 3600 822 respuimns,
3647 766 3720 818 et,
3763 765 3823 809 ut

560 866 793 935 fraterna
836 863 1027 914 caritas
1051 860 1275 912 carendo
1303 874 1332 909 a
1362 855 1551 909 talibus
1581 854 1819 905 auditum
1851 852 2082 920 castiget,
2111 849 2318 903 Domini
2347 847 2540 901 Christi
2568 863 2743 901 amore
2795 864 3081 901 monemus.
3118 847 3435 902 Recordetur
3463 851 3784 918 fraternitas
3804 891 3823 916 ,

559 962 712 1014 malis
751 958 930 1011 mundi
985 956 1301 1025 gravissimis
1331 970 1384 1006 se
1415 953 1606 1020 urgeri,
1638 967 1799 1004 inesse
1826 949 1986 1001 nimia
2019 949 2314 1016 iniquorum
2343 956 2388 997 et
2419 945 2582 1014 paleis
2609 945 2798 997 levium
2825 945 3089 1000 hominum
3120 959 3175 999 se
3217 945 3494 1000 clarissime
3535 948 3820 1016 suffocari.

563 1058 708 1111 Haec
732 1057 929 1110 vincere
961 1055 1171 1124 ferveat,
1198 1052 1325 1104 haec
1348 1051 1604 1117 corrigere
1627 1047 1843 1111 laboret,
1871 1055 1918 1099 et
1948 1045 2224 1114 super/luis
2249 1054 2448 1095 coetum
2479 1042 2558 1110 pie
2587 1041 2873 1095 dolentimn
2916 1047 2966 1095 et
2993 1044 3304 1112 gestiendum
3345 1057 3447 1096 non
3473 1053 3679 1106 oneret,
3734 1047 3827 1100 sed

560 1154 731 1221 potius
769 1161 907 1204 certa
947 1159 993 1202 et
1022 1166 1138 1202 vera
1166 1148 1290 1216 ﬁde,
1314 1145 1450 1215 quod
1475 1163 1506 1196 a
1536 1144 1726 1196 sanctis
1757 1141 2001 1194 Patribns
2038 1141 2100 1190 de
2126 1139 2205 1191 Itis
2229 1149 2275 1191 et
2301 1137 2558 1189 similibus
2584 1137 2892 1205 sufﬁcienter
2920 1148 3247 1206 prosecutum
3275 1148 3369 1202 est,
3401 1142 3760 1209 amplectatur
3780 1162 3825 1195 ι.

635 1248 881 1316 Synmius
941 1253 1115 1298 autem
1179 1241 1530 1310 Lingonensis
1573 1254 1661 1291 an.
1713 1238 1818 1291 8‘39
1877 1253 1998 1290 can.
2053 1236 2086 1286 4
2143 1233 2227 1287 his
2284 1234 2450 1286 utitur
2503 1232 2735 1286 verbis:
2777 1232 2946 1288 Porro
2994 1236 3220 1304 capitula
3273 1247 3492 1291 numero
3531 1254 3653 1299 xu,
3710 1241 3828 1308 syl-

563 1345 793 1413 logismis
843 1341 1157 1411 ineptissime
1203 1355 1263 1390 ac
1305 1337 1694 1388 mendacissime
1740 1353 1770 1386 a
1822 1332 2047 1403 quodam
2113 1329 2266 1385 Scoto
2319 1328 2606 1394 conclusa,
2660 1330 2750 1382 ub‘t
2808 1343 2909 1384 non
2979 1323 3341 1401 argumentum
3390 1334 3543 1400 fidei,
3590 1335 3680 1387 sed
3738 1353 3832 1402 po-

564 1441 667 1492 tius
709 1449 1052 1491 conn-uentum
1110 1434 1358 1504 perﬁdiae
1408 1441 1580 1502 patet,
1625 1430 1766 1484 nulla
1816 1431 2025 1482 omnino
2081 1426 2438 1496 philosophiae
2498 1437 2629 1490 arte,
2688 1435 2744 1478 itt
2800 1435 3108 1495 arroganter
3154 1443 3186 1479 a
3225 1423 3534 1496 quibusdam
3554 1428 3829 1496 jactatur,

564 1541 937 1591 construction,
959 1529 1047 1582 sed
1071 1527 1213 1581 inani
1241 1527 1454 1596 fallacia
1480 1537 1524 1578 et
1548 1527 1844 1594 deceptione
1866 1523 2246 1592 imperitissinte
2272 1521 2569 1591 confusum,
2588 1539 2619 1575 a
2645 1522 2731 1592 pio
2752 1522 2939 1574 auditu
2977 1521 3212 1589 ﬁdelium
3234 1523 3441 1592 penitus
3468 1524 3830 1593 explodimus,

565 1637 692 1689 (τοίη
723 1634 779 1679 ut.
811 1626 862 1678 iu
893 1627 1095 1695 synodo
1122 1626 1403 1680 'Valentina
1433 1639 1550 1677 can.
1578 1624 1630 1675 4.

637 1723 777 1776 llaec
808 1723 966 1792 igitur
990 1739 1151 1791 quum
1182 1724 1250 1775 ita
1285 1739 1342 1774 se
1378 1720 1636 1784 habeant,
1677 1720 1802 1790 quid
1828 1719 2045 1782 mirum,
2075 1717 2216 1786 quod
2246 1715 2372 1770 illud
2403 1715 2626 1770 Joannis
2667 1714 2810 1771 Scoti
2836 1731 2993 1787 opus,
3025 1717 3069 1770 si
3098 1731 3264 1770 unum
3290 1718 3526 1772 codicem
3549 1715 3836 1771 Parisien-

565 1835 676 1871 scm
710 1820 1005 1888 exceperis,
1035 1835 1099 1872 ex
1134 1820 1417 1880 omnibus,
1442 1828 1696 1886 quantum
1741 1817 1928 1882 scitur,
1977 1814 2318 1870 bibliothecis
2347 1814 2607 1869 librorum
2661 1829 2790 1868 mss.
2843 1814 3082 1868 evanuit.
3143 1813 3451 1885 Scriptores
3491 1828 3619 1869 vero
3661 1814 3836 1881 libri,

565 1916 646 1969 cui
693 1916 880 1970 titulus
913 1935 925 1970 :
963 1915 1099 1970 llist.
1132 1916 1231 1969 litt.
1258 1918 1320 1969 de
1343 1915 1392 1967 la
1422 1913 1644 1978 France,
1677 1914 2030 1978 Bcncdictini,
2082 1923 2210 1966 tom.
2247 1911 2287 1965 V
2318 1925 2439 1981 pag.
2469 1909 2573 1964 420
2600 1910 2665 1964 de
2683 1908 2905 1965 Joannis
2949 1909 3094 1964 Scoti
3119 1909 3255 1964 libro
3270 1909 3528 1979 judicium
3553 1913 3650 1967 hoc
3683 1912 3836 1967 Iuleo

569 2027 689 2070 runt
716 2035 728 2070 :
768 2015 836 2069 Le
868 2017 1247 2070 raisonnement
1279 2026 1350 2069 est
1381 2016 1431 2067 la
1468 2017 1576 2068 voie
1604 2015 1729 2085 qu‘il
1760 2031 1814 2067 se
1851 2029 2088 2084 propose.
2131 2009 2271 2066 Mais
2312 2022 2460 2063 outre
2497 2027 2596 2078 que
2631 2009 2682 2061 la
2728 2011 2905 2063 raison
2937 2027 3000 2062 ne
3030 2009 3167 2078 sufﬁt
3208 2025 3301 2078 pas
3337 2026 3470 2079 pour
3499 2009 3719 2063 decider
3747 2012 3835 2065 des

564 2114 729 2180 point;
763 2112 824 2163 de
852 2112 941 2179 foi,
979 2112 1015 2163 il
1043 2112 1136 2179 fait
1162 2113 1289 2174 voir,
1320 2128 1416 2182 par
1443 2111 1491 2163 la
1522 2113 1653 2164 suile
1677 2111 1739 2162 de
1765 2127 1842 2162 ses
1870 2112 2301 2169 raisonnements,
2327 2106 2453 2175 qit’il
2483 2122 2543 2158 ne
2568 2107 2734 2158 saeait
2763 2107 2926 2159 me‘me
2952 2107 3220 2158 raisonner
3255 2106 3414 2175 fuste.
3461 2103 3510 2158 Il
3549 2107 3665 2160 n’en
3719 2107 3837 2176 {aut

566 2209 705 2276 point
734 2208 960 2259 d‘autres
993 2224 1203 2274 preuvcs
1232 2225 1328 2277 que
1357 2207 1427 2259 les
1454 2208 1746 2259 absurdités
1770 2216 1814 2258 et
1845 2204 1916 2258 les
1943 2203 2356 2256 contradictions
2407 2202 2697 2270 frequentes
2738 2200 2868 2253 dans
2899 2200 3166 2270 [est/uelles
3198 2201 3235 2254 il
3262 2211 3336 2255 est
3386 2201 3566 2256 tombé.
3600 2201 3844 2273 Insuper

568 2320 654 2367 ea,
685 2320 823 2371 (piae
855 2306 918 2358 de
949 2306 1047 2358 hoc.
1076 2303 1124 2357 J.
1153 2301 1298 2357 Scoti
1331 2303 1468 2355 libro
1503 2301 1554 2354 in
1585 2301 2035 2355 commentatione
2066 2314 2231 2370 supra
2263 2298 2400 2369 typis
2430 2309 2628 2351 excusa
2654 2295 3014 2366 disputantur,
3047 2299 3281 2354 evolvas.

573 2485 2600 2520 Μ

2599 2481 3836 2522 W

923 2778 929 2783 _
1483 2590 2296 2758 Joanms’
2368 2645 2887 2772 acor!
3035 2703 3040 2708 ~

938 2875 1783 3010 DEsDIVINA
1881 2802 3454 3011 PRAEBESTINATIONE

1965 3133 2422 3246 LIBER.

1127 3460 1514 3518 PRAEFATIO
1539 3461 1578 3516 ί.
2177 3467 2226 3526 Α
2254 3466 2388 3534 pati,
2419 3467 2504 3520 vix
2556 3466 2841 3536 aliquando
2874 3466 2939 3523 ad
2971 3469 3192 3542 vestigia
3243 3473 3541 3542 sapientiae
3574 3477 3846 3537 intuenda

642 3559 882 3617 Dominis
945 3555 1236 3611 illustribus
1280 3566 1334 3612 et
1383 3556 1575 3613 merito
1635 3555 1972 3612 Christianae
2023 3558 2147 3614 fidei

573 3655 801 3708 tuendae
824 3649 1341 3722 praestantissimis,
1395 3657 1556 3718 atque
1601 3649 1782 3704 divino
1827 3651 2147 3720 episcopalis

571 3747 774 3817 gratiae
807 3745 946 3798 dono
975 3743 1254 3797 desursum
1281 3757 1309 3794 a
1328 3739 1488 3795 Patre
1517 3741 1777 3796 luminum
1825 3747 2141 3809 muneratis,

572 3837 860 3892 Hincmaro
886 3843 939 3888 et
967 3833 1242 3896 Partbulo,
1273 3831 1506 3888 Joannes
1557 3849 1744 3888 servus
1772 3843 1949 3889 vester
1980 3836 2144 3889 devo-

570 3937 658 3983 tus
687 3929 738 3981 in
768 3926 993 3980 Domino
1018 3924 1265 3979 salutem.

644 4019 765 4072 Fari
815 4032 918 4071 non
966 4031 1201 4086 possum,
1230 4021 1460 4084 quantas
1511 4015 1804 4084 qualesque
1852 4018 2147 4086 gratiarum

569 4112 810 4167 actiones
839 4108 992 4162 vobis
1020 4107 1314 4176 rependere
1334 4107 1555 4161 debeam
1581 4106 1635 4159 in
1657 4122 1742 4171 eo,
1773 4109 1913 4175 quod
1940 4117 2149 4162 vestrae

571 4201 876 4257 dilectionis
904 4198 1273 4269 copiosissima
1316 4197 1618 4250 sublimitas
1649 4213 1736 4250 me
1766 4205 2020 4266 tanquam
2053 4199 2150 4252 ali-

572 4294 698 4363 quid
727 4292 993 4346 valentem
1028 4290 1080 4342 in
1127 4286 1463 4342 defendenda
1501 4289 1742 4341 onmium
1791 4298 2034 4343 nostrum
2065 4305 2152 4343 sa-

572 4387 702 4448 lute,
738 4397 877 4453 quae
915 4390 999 4436 est
1023 4379 1287 4449 professio
1335 4378 1600 4433 catholica
1631 4381 1650 4410 ¹
1676 4421 1690 4445 ,
1722 4395 1827 4435 non
1876 4390 1962 4436 est
2005 4383 2154 4436 dedi-

574 4483 736 4543 gnata
782 4477 1188 4540 cooperatorem
1233 4467 1430 4537 eligere
1456 4508 1470 4530 ,
1507 4468 1679 4538 impos
1727 4471 1944 4538 quidem
1996 4471 2154 4543 longe

572 4565 768 4617 virium
802 4571 1098 4616 vestrarum
1123 4573 1371 4613 sermone
1399 4567 1560 4628 atque
1591 4560 1966 4631 intelligentia,
2005 4578 2153 4618 com-

573 4663 671 4724 pos
715 4667 844 4706 vero
881 4651 982 4706 fide
1031 4659 1085 4705 et
1113 4650 1396 4705 devotione
1448 4651 1500 4704 in
1538 4653 1868 4707 asserendae
1909 4655 2156 4710 veritatis

575 4746 786 4801 fiducia.
816 4744 1060 4798 Studium
1084 4743 1279 4813 quippe
1299 4751 1534 4797 vestrum
1564 4745 1761 4812 partim
1789 4761 2000 4800 sursum
2031 4763 2154 4800 ver-

2252 3555 2570 3612 brcvissimo
2609 3560 2865 3628 temporis
2915 3560 3144 3615 sinimur
3177 3562 3493 3620 intervallo.
3532 3565 3734 3627 Modus
3773 3583 3850 3628 ta-

2253 3660 2374 3698 men
2407 3656 2621 3701 nostrae
2649 3649 2982 3717 capacitatis,
3013 3652 3399 3724 qualiscunque
3429 3656 3518 3722 sit,
3565 3660 3628 3713 de
3657 3673 3848 3720 vestra

2253 3737 2672 3805 prudentissima
2722 3741 3114 3811 sanissimaque
3163 3745 3406 3801 doctrina
3464 3752 3845 3811 testimonium

2253 3829 2574 3897 perhibobit.
2613 3829 2678 3884 Ut
2725 3833 2868 3886 enim
2921 3836 3154 3890 maxima
3199 3837 3608 3913 clarissimaque
3653 3852 3850 3908 mundi

2253 3918 2538 3975 luminaria
2589 3923 2861 3978 stellarum
2912 3925 3310 3985 lucubrationes
3355 3949 3461 3988 non
3512 3938 3846 4008 despiciunt,

2255 4013 2346 4065 sed
2395 4014 2460 4065 ad
2507 4015 2851 4084 expellendas
2899 4020 3137 4073 omnium
3191 4025 3529 4081 tenebrarum
3576 4033 3847 4101 caligines

2254 4117 2440 4158 earum
2458 4108 2620 4159 radiis
2643 4109 2708 4160 ad
2726 4110 3105 4177 perfectionem
3119 4114 3198 4167 sui
3215 4116 3517 4184 splendoris
3536 4132 3772 4180 utuntur
3789 4130 3843 4180 ἐ

2256 4195 2336 4248 sic
2380 4211 2494 4259 vos,
2522 4197 2910 4267 religiosissimi
2938 4202 3151 4268 Patres,
3182 4221 3303 4260 cum
3333 4218 3544 4266 vestrae
3579 4216 3847 4274 nobilitas

2255 4284 2594 4353 eloquentiae
2620 4289 2685 4341 ad
2715 4305 2903 4345 omnes
2931 4294 3263 4350 novellarum
3310 4299 3615 4356 baeresium
3654 4320 3853 4364 versa-

2259 4379 2361 4432 tias
2387 4380 2676 4443 cavendas,
2707 4383 3119 4448 convincendas,
3171 4387 3531 4447 destroendas
3579 4395 3840 4464 sufﬁciat,

2257 4477 2475 4523 nostrae
2518 4480 2694 4525 tamen
2744 4473 3169 4532 ratiocinationis
3231 4481 3708 4550 astipulationibus
3753 4505 3849 4547 ve-

2259 4568 2425 4616 stram
2456 4563 2904 4632 perfcctissimam
2932 4569 2998 4622 de
3039 4569 3142 4624 ﬁde
3183 4575 3702 4641 praedestinationis
3748 4585 3821 4640 de

2259 4650 2554 4707 finitionem
2589 4655 2609 4684 ³
2637 4657 2897 4711 roborare
2926 4673 3030 4713 non
3076 4665 3377 4730 sprevistis,
3426 4669 3500 4722 ita
3549 4679 3690 4727 utet
3739 4692 3842 4731 ve-

2261 4752 2405 4798 strae
2443 4745 2659 4813 pietatis
2704 4746 3064 4815 pulcherrima
3119 4753 3288 4808 virtus
3336 4758 3587 4815 omnibus
3631 4774 3844 4833 pateat,

572 4852 665 4892 sus
694 4833 1108 4903 contemplativa
1135 4833 1361 4902 erigitur
1391 4833 1457 4886 ad
1511 4833 1894 4902 speculandum
1945 4837 2147 4892 verita-
2182 4840 2229 4897 Β
2257 4842 2311 4886 ct
2353 4843 2565 4890 nostrae
2616 4837 2954 4895 obedientiae
2997 4839 3017 4871 ⁶
3051 4857 3160 4898 non
3209 4849 3512 4914 spernenda
3559 4852 3846 4912 humilius

575 4937 718 4991 tem,
753 4927 943 4997 partim
988 4926 1007 4956 ³
1049 4941 1175 4979 vero
1225 4927 1476 4980 deorsum
1523 4942 1712 4983 versus
1759 4929 1930 4984 active
1983 4934 2154 5001 repri-

573 5022 739 5075 mitur
759 5021 825 5074 ad
850 5019 1133 5091 regendam
1159 5018 1453 5073 Ecclesiam
1479 5036 1491 5072 :
1517 5035 1615 5075 nos
1642 5037 1769 5076 vero
1787 5038 1818 5075 e
1837 5023 2050 5077 diverso
2069 5025 2150 5078 in-

575 5122 657 5169 ter
685 5114 942 5167 undosum
972 5111 1365 5179 velivolumqnc
1416 5110 1634 5180 pelagus
1676 5112 1886 5182 imperii
1918 5115 2147 5168 senioris

572 5206 766 5269 nostri,
801 5204 999 5258 domini
1048 5203 1299 5256 videlicet
1326 5201 1695 5273 gloriosissimi
1744 5202 1946 5267 Caroli,
1992 5206 2142 5273 quasi

572 5300 835 5368 quaedam
863 5295 1103 5350 navicula
1123 5295 1348 5349 diversis
1377 5295 1624 5349 ﬂuctibus
1662 5296 1870 5366 agitati,
1901 5297 2146 5365 quando-

575 5407 678 5460 que
700 5400 877 5447 tamen
902 5391 953 5442 in
977 5398 1130 5457 portu
1153 5387 1460 5442 serenitatis
1484 5386 1955 5455 ejusstabilitamla
1982 5405 2144 5443 occu-

2263 4924 2545 4981 clarescat.

2331 5018 2388 5071 lu
2420 5019 2520 5074 hoc
2552 5020 2730 5090 itaque
2759 5024 3016 5094 opusculo
3060 5036 3266 5094 nostro,
3297 5033 3437 5101 quod
3469 5037 3537 5090 ad
3594 5041 3849 5096 testimo-

2261 5109 2407 5163 nium
2452 5123 2662 5167 vestrae
2690 5115 3023 5173 ortbodoxae
3051 5120 3403 5190 professionis
3448 5129 3603 5186 vobis
3642 5133 3847 5202 jubeno

2261 5207 2401 5261 tibus
2428 5209 2664 5265 scribere
2693 5215 3020 5282 curavimus,
3053 5232 3191 5286 quae
3223 5235 3351 5276 vera
3394 5238 3514 5280 esse
3537 5242 3848 5300 perspexe-

2260 5299 2400 5391 ritis,
2436 5310 2631 5368 tenete,
2662 5314 2717 5359 et
2742 5305 3023 5366 Ecclesiae
3070 5312 3372 5372 catholicae
3418 5299 3845 5391 tribuite,quae

2258 5386 2414 5458 falsa,
2447 5395 2705 5461 rcspuite,
2751 5405 2805 5452 et
2831 5399 2986 5456 nobis
3005 5441 3018 5466 ,
3043 5403 3134 5472 qui
3163 5402 3410 5462 homines
3435 5423 3642 5478 sumus,
3676 5386 3842 5481 iano-

1835 5541 2087 5597 VARIAE
2124 5542 2531 5602 LECTIONES.

648 5662 664 5692 ¹
690 5659 948 5732 Johannis
971 5657 1128 5732 WSc‘oti
1154 5688 1224 5732 7—
1248 5656 1506 5732 praefatio
1558 5671 1664 5732 om.
1711 5656 1852 5732 c_o_d.,
1881 5658 2152 5732 recentior
2183 5674 2255 5732 m.
2292 5656 2413 5732 Sec.
2462 5659 2597 5716 forte
2630 5659 2723 5715 XV
2758 5677 2918 5731 supra
2964 5667 3140 5720 adscr.
3180 5667 3449 5724 Johannes
3491 5669 3683 5730 Sco‘tus
3727 5692 3834 5732 seu

580 5732 841 5801 Erngena.
917 5731 936 5759 ’
958 5729 1088 5784 (10d.
1120 5725 1534 5801 cltatliolica,__sic_
1555 5725 1667 5801 fere
1697 5729 1910 5801 ubique.

578 5800 955 5869 diﬁinitionem,
984 5801 1062 5854 sic
1087 5800 1302 5869 ubique.

1989 5728 2007 5758 ³
2026 5727 2126 5801 Sic
2142 5729 2293 5801 cod”
2315 5729 2382 5782 Μ.
2402 5748 2464 5799 pa
2474 5747 2586 5784 ram
2607 5727 2866 5801 -parunt.

1380 5799 1400 5829 ⁸
1426 5798 1556 5853 Cod.
1593 5799 1968 5864 oboedientiae,
1995 5800 2071 5853 sic
2103 5799 2318 5867 ubique.

2948 5736 2964 5765 "
2987 5736 3075 5792 Sic
3090 5739 3232 5803 cod.,
3249 5739 3318 5794 Μ.
3339 5744 3556 5796 utimur.
3636 5745 3659 5777 ³
3678 5748 3826 5802 Cod.
