4028 6280
229 394 348 462 I81

1336 396 1536 455 LIBER
1572 393 1661 450 DE
1692 383 2399 449 FBAEMTINATIONE.

3386 397 3492 457 558

192 529 197 532 ’
233 520 379 575 scite
399 558 415 580 ,
466 531 607 588 quae
649 506 809 573 dﬁbia
830 556 847 582 ,
879 513 1113 578 credite,
1146 514 1318 579 donec
1365 520 1458 567 aut
1518 508 1817 579 respuenda
1848 504 1896 568 Α
1925 506 2083 573 Deus,
2115 514 2170 562 et
2195 500 2474 564 humiliter
2500 509 2718 573 colitur,
2760 516 2814 566 et
2839 496 3230 568 rationabiliter
3271 513 3493 570 investi-

232 602 382 671 esse,
419 616 514 669 aut
542 622 668 662 vera
699 621 843 670 esse,
868 613 960 660 aut
980 619 1192 673 semper
1220 602 1487 658 credenda
1512 614 1633 656 esse
1661 613 1815 668 prae«

230 700 407 769 cipiat
434 698 748 751 auctoritas.
799 698 872 752 De
922 695 1276 751 connexionis
1306 702 1488 748 autem
1530 694 1813 747 verborum

231 790 584 846 inhonestate
614 805 719 842 non
752 786 910 843 facile
933 787 1099 842 animi
1124 788 1294 842 vestri
1318 785 1672 842 constantiam
1704 800 1819 840 cre-

230 882 470 938 diderim
516 895 638 935 esse
660 880 1129 944 commovendam,
1162 889 1221 933 ut
1250 880 1397 949 prius
1433 879 1666 933 taedium
1715 893 1815 932 att-

229 971 419 1026 diendi
454 985 615 1025 aures
642 979 854 1025 vestras
894 976 1273 1039 praeoccupet,
1301 983 1463 1038 quam
1507 982 1663 1024 amor
1685 981 1810 1038 per-

233 1061 499 1117 veniendi
522 1061 591 1116 ad
619 1075 705 1125 ea,
736 1072 877 1129 quae
928 1059 1154 1113 suadere
1196 1059 1526 1114 stulavimus.
1570 1058 1721 1125 Quae
1766 1054 1811 1111 si

229 1168 366 1210 vera
396 1161 542 1218 sum,
572 1153 626 1207 in
654 1152 734 1207 eis
753 1152 959 1221 absque
974 1151 1261 1207 verberum
1281 1150 1714 1205 consideratione
1737 1148 1818 1203 dio

231 1243 451 1316 ﬁgenda
463 1252 547 1297 est
567 1243 781 1298 veritas.
807 1258 828 1295 α
851 1243 1119 1298 Bonorum
1135 1236 1399 1311 etquidem
1413 1240 1747 1311 ingeniorum
1768 1258 1813 1304 I,’

232 1342 301 1388 ut
337 1334 418 1388 ait
443 1333 808 1403 Augustinus,
838 1349 859 1385 ο
888 1332 1112 1403 insignis
1161 1338 1249 1387 est
1290 1332 1515 1396 indoles,
1548 1332 1601 1385 in
1637 1330 1817 1385 verbis

228 1437 427 1479 verum
451 1438 654 1489 amare,
693 1437 799 1479 non
829 1420 1020 1479 verba.
1053 1423 1199 1491 Quid
1220 1422 1365 1478 enim
1399 1421 1623 1492 prodest
1650 1418 1818 1475 clavis

240 1531 435 1582 aurea,
482 1518 525 1572 si
579 1517 808 1587 aperire,
842 1516 991 1589 quod
1037 1516 1307 1581 volutans,
1352 1522 1459 1570 non
1499 1522 1696 1583 potest,
1725 1518 1818 1568 aut

232 1608 370 1678 quid
389 1609 541 1663 obest
567 1607 763 1678 lignea,
791 1607 838 1665 si
883 1608 985 1665 hoc
1010 1615 1206 1677 potest,
1242 1606 1455 1676 quando
1485 1605 1620 1660 nihil
1652 1620 1818 1676 quae-

235 1701 414 1756 rimus
428 1699 528 1754 nisi
552 1708 847 1769 patescere,
871 1699 1013 1769 quod
1039 1698 1279 1755 clausum
1316 1706 1398 1753 est
1426 1718 1472 1752 ι.
1498 1697 1815 1752 Munuscula

242 1790 417 1864 igitur
462 1790 632 1847 nostri
663 1790 863 1860 ingenii
896 1774 1127 1865 libenter
1178 1789 1425 1858 accipite,
1461 1787 1580 1860 plus
1626 1802 1813 1843 eormn

1921 607 2114 668 θείων,
2148 600 2358 671 regulas
2405 603 2726 671 exponere?
2771 603 3071 658 Cenlicitur
3118 606 3275 671 inde,
3304 612 3488 663 verani

1920 694 2040 745 esse
2074 691 2466 762 philosophiam
2494 708 2675 747 veram
2709 694 3043 765 religionem,
3076 697 3489 768 conversimque

1919 790 2101 833 lveram
2153 783 2464 852 religionem
2493 792 2614 837 esse
2661 798 2842 837 veram
2875 784 3285 855 philosophiam.
3339 787 3491 855 Quae

1918 868 2045 924 dum
2075 871 2445 936 multifariam,
2477 872 2810 943 diversisque
2843 875 3013 928 mudis
3057 875 3332 931 dividatur
3357 917 3372 943 ,
3404 878 3489 932 bis

1919 960 2074 1015 binas
2105 970 2280 1015 tamen
2323 972 2505 1031 partes
2530 963 2855 1033 principales
2881 965 2943 1017 ad
2971 980 3186 1019 omnem
3225 968 3491 1035 quaestio-

1918 1062 2043 1105 nem
2094 1052 2406 1106 sctvendam
2458 1055 2796 1107 necessarias
2844 1053 3045 1107 habere
3107 1054 3484 1124 dignoscitur,

1918 1150 2055 1211 Quas
2083 1141 2304 1196 Graecis
2347 1143 2548 1213 placuit
2577 1146 2857 1200 nominare
2891 1144 3189 1221 διαιρετικὴ,
3232 1147 3489 1223 optaturi,

1918 1230 2255 1297 ἀποδεικτική,
2276 1236 2567 1301 hederae,
2586 1237 2909 1308 easdemque
2923 1239 3178 1294 latialiter
3203 1255 3489 1310 possumus

1919 1323 2101 1379 dicere
2151 1341 2164 1377 :
2197 1326 2507 1382 divisoriam
2531 1368 2543 1389 ,
2578 1328 2908 1384 delluitivam
2938 1371 2951 1396 ,
2984 1332 3487 1400 demonstrativam,

1919 1417 2287 1472 resolutivam.
2334 1419 2572 1486 Quarum
2605 1421 2749 1476 enim
2797 1424 2966 1491 prima
3015 1436 3176 1478 unum
3226 1426 3277 1480 in
3325 1427 3492 1482 multa

1920 1507 2206 1564 dividendo
2246 1516 2512 1581 segregat,
2548 1510 2779 1566 secunda
2808 1526 2972 1566 umtm
3012 1511 3078 1569 de
3126 1513 3307 1569 multis
3359 1517 3491 1571 dcti-

1919 1597 2116 1654 niendo
2141 1598 2364 1669 colligit,
2398 1600 2554 1655 tertia
2593 1608 2690 1671 per
2715 1602 2998 1657 manifesta
3025 1603 3235 1659 occulta
3266 1607 3458 1661 demon
3476 1635 3489 1644 -

1919 1690 2142 1746 strando
2178 1692 2373 1762 aperit,
2406 1699 2597 1762 quarta
2636 1693 2937 1763 composita
2964 1695 3016 1748 in
3045 1695 3308 1765 simplicia
3334 1712 3491 1768 sepa-

1919 1782 2092 1836 rando
2117 1781 2355 1837 resolvit.

234 1884 530 1938 utilitatem
553 1923 568 1949 ,
598 1882 644 1937 si
672 1897 777 1951 qua
824 1889 944 1947 est,
980 1880 1369 1937 cunsideraturi
1390 1921 1405 1945 ,
1436 1896 1597 1950 quam
1648 1882 1812 1934 Itone-
1841 1878 1890 1941 Β
1987 1875 2049 1930 ll.
2090 1876 2290 1931 Earum
2330 1876 2492 1933 etiam
2521 1874 2764 1946 exempla
2795 1877 2847 1931 in
2880 1890 3135 1949 processu
3178 1877 3337 1949 hujus
3366 1895 3495 1952 ope-

231 1982 434 2030 statem
463 1973 736 2038 dictionis,
766 1986 910 2043 quae
950 1981 1044 2027 aut
1070 1974 1180 2038 vix,
1204 1981 1298 2027 aut
1326 1971 1468 2027 nulla
1513 1980 1614 2034 est,
1648 1987 1817 2041 quae-

204 2066 416 2122 situri.
450 2065 651 2121 Deinde
675 2065 989 2135 suppliciter
1015 2072 1249 2120 vestram
1274 2079 1563 2119 exoramus
1583 2064 1817 2118 clemeno

245 2158 384 2212 tiam
410 2197 423 2219 ,
451 2165 529 2220 ut,
577 2157 1004 2227 quatiesctmque
1043 2156 1060 2188 ι
1110 2157 1421 2227 reperiatis,
1460 2172 1559 2212 nos
1616 2156 1817 2211 dixisse

228 2247 619 2318 aequalitatem
645 2246 860 2300 divinae
887 2247 1279 2316 praescientiae
1308 2256 1473 2316 atque
1514 2246 1814 2315 praedesti-

226 2338 492 2401 nationis,
524 2344 787 2406 quantum
816 2337 883 2391 ad
911 2336 1175 2391 unitatem
1206 2336 1419 2391 divinae
1451 2338 1812 2402 substantiae,

232 2427 291 2482 in
316 2441 422 2497 qua
451 2440 619 2481 unum
652 2435 796 2490 sunt,
832 2441 933 2481 nos
981 2425 1216 2482 sensisse
1242 2427 1446 2481 sciatis.
1499 2426 1633 2481 item
1665 2426 1810 2497 quod

230 2517 497 2582 diximus,
523 2532 612 2582 ea,
650 2526 791 2586 quae
818 2531 923 2572 non
969 2525 1115 2582 sunt,
1146 2530 1247 2572 nec
1293 2532 1324 2570 a
1371 2515 1483 2571 Deo
1514 2518 1660 2579 sciri,
1714 2528 1815 2572 nec

230 2608 499 2678 praesciri
528 2620 704 2678 posse,
737 2622 843 2662 non
878 2621 940 2661 ea
964 2608 1257 2679 pravitate,
1285 2622 1392 2677 qua
1414 2607 1631 2677 quidam
1659 2620 1814 2677 prae-

234 2700 525 2755 seientiam
557 2698 651 2753 Dei
675 2695 892 2753 auferre
921 2707 1201 2761 conantur,
1228 2698 1430 2753 dixisse
1461 2712 1559 2752 nos
1586 2697 1813 2752 arbitrev

231 2790 404 2853 mini;
426 2791 522 2844 sed
544 2805 607 2844 ea
638 2790 864 2854 ratione,
892 2790 995 2859 qua
1021 2789 1278 2844 docemur
1300 2787 1515 2852 nesciri,
1539 2802 1679 2857 quae
1706 2800 1815 2842 non

235 2891 393 2945 sunt,
421 2889 476 2934 et
524 2880 804 2935 scientiam
836 2879 932 2935 Dei
980 2894 1102 2936 esse
1147 2879 1526 2943 substantiam,
1555 2878 1810 2932 substan-

233 2972 370 3025 tiam
397 2976 575 3023 autetn
615 2969 734 3039 ejus
760 2984 864 3024 non
893 2970 947 3024 in
978 2969 1169 3035 nihilo,
1194 2969 1291 3023 sed
1318 2969 1373 3022 in
1401 2968 1581 3037 aliquo
1614 2982 1736 3023 esse
1763 2979 1812 3022 ι.

233 3060 349 3115 Pax
381 3059 583 3115 Christi
613 3061 850 3116 abundet
874 3062 927 3115 in
960 3061 1221 3116 cordibus
1253 3061 1469 3115 vestris.

392 3170 603 3237 Caesare
624 3168 715 3224 sub
736 3174 903 3227 Carolo
923 3171 1213 3224 Francorum
1237 3173 1386 3237 gloria
1412 3172 1595 3237 pollet,

462 3236 653 3286 Littorre
673 3246 769 3287 seu
812 3237 1004 3299 l'elagi,
1029 3235 1259 3298 piscibus,
1284 3235 1430 3299 atque
1453 3235 1555 3284 salo
1579 3249 1594 3285 :

395 3296 545 3409 ἓξὲξ
564 3299 784 3348 diabolici
805 3296 1055 3347 damnatur
1079 3296 1334 3360 dogmatis,
1351 3296 1504 3359 atque

549 3366 703 3409 torum
728 3372 841 3409 cura
864 3360 1090 3409 solendet
1113 3372 1312 3409 amoena
1335 3358 1475 3407 ﬁdes.

549 3366 703 3410 torum
728 3372 841 3409 cura
864 3360 1090 3421 splendet
1113 3358 1475 3409 amoeua'tides.

790 3487 987 3546 CAPIT
998 3490 1185 3547 ULUM
1222 3490 1262 3545 Ι.

265 3602 561 3673 Quadi-iuta
598 3603 897 3673 regularum
943 3605 1101 3657 totius
1143 3602 1501 3673 philosophiae
1533 3613 1791 3674 quattuor

598 3691 801 3737 onmem
823 3674 1178 3744 quaestionem
1202 3675 1331 3731 solvi
1362 3674 1383 3705 ³
1411 3674 1460 3727 δ.

312 3782 355 3838 ι.
394 3782 528 3838 Cum
564 3785 742 3839 omnis
769 3784 893 3853 piae
942 3781 1322 3854 perfectaeque
1368 3782 1645 3839 doctrinae
1696 3796 1816 3837 mo-

241 3875 367 3939 dus,
397 3889 504 3944 quo
526 3878 771 3933 omnium
800 3889 979 3931 rerum
1002 3877 1141 3931 ratio
1160 3885 1219 3931 et
1241 3874 1631 3930 studiosissime
1649 3888 1817 3944 quae-

242 3967 404 4028 ritur.
429 3976 484 4021 et
504 3966 843 4037 apertissime
865 3965 1158 4033 invenitdr,
1183 3966 1326 4025 ineo
1352 3965 1654 4035 disciplina,
1677 3978 1817 4034 quae

241 4072 277 4112 a
304 4057 528 4114 Graecis
569 4059 906 4130 philosophia
938 4059 1076 4115 solet
1115 4059 1320 4125 vocari,
1352 4059 1423 4113 sit
1466 4058 1815 4125 constitutus,

240 4151 314 4206 de
341 4150 458 4220 ejus
487 4152 840 4209 divisionibus
864 4167 959 4209 seu
992 4153 1374 4223 partitionibus
1399 4154 1662 4224 quaedam
1695 4154 1819 4209 bre-

240 4241 389 4297 viter
414 4242 712 4299 edisserere
732 4243 1099 4297 necessarium
1122 4242 1395 4297 duximus.
1433 4260 1452 4292 t
1484 4241 1575 4296 Sic
1595 4243 1738 4296 enim
1768 4258 1815 4310 ι,

242 4333 621 4389 utaitsanctus
648 4334 1004 4405 Augustinus,
1032 4352 1050 4385 ι
1070 4334 1307 4389 creditur
1328 4342 1383 4388 et
1403 4333 1646 4398 docetur,
1675 4332 1820 4403 quod

237 4433 327 4479 eat
372 4424 641 4478 humanae
682 4424 873 4479 salutis
919 4432 1101 4493 caput,
1133 4438 1240 4478 non
1269 4421 1428 4477 aliam
1477 4437 1600 4477 esse
1646 4421 1819 4492 philo-

240 4513 514 4584 sophiam,
542 4512 599 4569 id
621 4523 706 4569 est
723 4515 1022 4585 sapientiae
1044 4514 1306 4580 studium,
1336 4523 1392 4570 et
1416 4515 1577 4569 aliam
1606 4514 1821 4585 religio-

238 4616 390 4668 nem,
420 4618 543 4659 cum
581 4606 656 4669 hi,
689 4619 921 4675 quorum
964 4606 1265 4660 doctrinam
1296 4620 1402 4662 non
1429 4608 1816 4677 approbemus,

237 4704 692 4756 nocueramenta
707 4698 987 4754 nobiscum
1008 4698 1410 4753 communicant
1438 4715 1457 4748 ι
1492 4707 1539 4751 ο.
1569 4698 1707 4765 Quid
1735 4705 1822 4753 est

238 4786 394 4843 aliud
429 4787 509 4841 de
525 4787 861 4859 philosophia
908 4793 1165 4851 tractare,
1192 4785 1295 4840 nisi
1319 4797 1484 4840 verae
1520 4785 1818 4855 religionis,

1917 1964 2027 2033 ris,
2056 1979 2314 2038 quantum
2356 1969 2467 2038 ipsa
2504 1967 2617 2034 lux,
2644 1983 2784 2038 quae
2815 1968 3079 2025 illuminat
3118 1970 3139 2002 ⁸
3188 1972 3284 2026 cur
3323 1987 3492 2041 quae-

1915 2059 2150 2115 rentium
2200 2076 2297 2126 se,
2326 2060 2483 2115 nobis
2535 2061 2738 2115 aditum
2792 2074 3006 2125 rerum,
3047 2078 3182 2132 quas
3233 2076 3495 2119 conamur

1916 2152 2163 2221 ingredi;
2181 2153 2484 2223 aperuerit,
2511 2155 2875 2208 ostendemus.
2921 2144 3016 2209 liis
3048 2154 3189 2208 enim
3236 2165 3492 2226 tanquam

1915 2243 2033 2298 utili
2085 2245 2339 2313 quodam,
2374 2244 2708 2313 honestoque
2753 2244 3020 2299 humanae
3068 2246 3493 2303 ratiocinationis

1916 2335 2202 2405 quadrivio
2245 2337 2313 2389 ad
2339 2337 2507 2405 ipsam
2531 2336 2834 2405 disputandi
2859 2338 3215 2408 disciplinam,
3247 2355 3383 2410 quae
3412 2350 3494 2397 est

1914 2427 2138 2492 veritas,
2168 2425 2344 2481 omnis
2369 2426 2423 2481 in
2452 2438 2515 2481 ea
2544 2427 2787 2483 eruditus
2812 2430 3083 2497 perveniri
3127 2447 3232 2485 non
3263 2431 3491 2487 dubitat.

1915 2516 2082 2586 Cujus
2124 2517 2440 2587 disciplinae
2487 2516 2686 2586 regulis
2744 2521 3048 2575 necessario
3098 2521 3173 2575 uti
3218 2520 3493 2589 iubemur,

1916 2604 2045 2660 dum
2070 2605 2331 2662 adversus
2368 2606 2634 2676 quendam
2667 2611 3101 2679 sapltrophilum,
3137 2614 3354 2667 nomine
3389 2612 3496 2669 Go-

1918 2695 2230 2762 tcscalcum,
2269 2712 2397 2753 suae
2442 2699 2730 2755 haereseos
2759 2710 2813 2754 et
2860 2701 3193 2756 inventorem
3237 2704 3394 2758 simul
3442 2714 3497 2759 et

1918 2797 2269 2851 assertorem,
2294 2787 2639 2859 fautoresque
2672 2789 2811 2859 ejus,
2837 2790 2882 2844 si
2914 2800 3088 2845 tamen
3112 2801 3259 2856 sunt,
3287 2795 3492 2859 nescio,

1918 2885 2081 2947 atque
2123 2879 2329 2932 utinam
2363 2893 2429 2933 ne
2462 2880 2599 2943 sint,
2632 2881 2954 2948 respondere
2981 2880 3351 2951 compellimur
3376 2922 3389 2945 ,
3411 2883 3497 2952 ju-

1915 2967 2171 3024 bentibus
2195 2968 2445 3024 videlicet
2486 2969 2784 3024 catholicae
2834 2968 3107 3023 Ecclesiae
3141 2970 3493 3041 vigilantissi-

1917 3060 2022 3115 mis
2066 3059 2394 3129 pastoribus,
2425 3060 2475 3112 in
2506 3074 2735 3127 quorum
2764 3059 2890 3113 ovili
2934 3060 3038 3114 tale
3067 3076 3331 3114 venenum
3382 3076 3498 3115 ser-

1919 3163 2049 3219 pere
2095 3150 2313 3203 molitur
2337 3189 2351 3213 ,
2383 3158 2651 3203 annuente
2686 3150 3005 3217 praesertim
3041 3150 3496 3208 orthodoxissimo

1843 3230 1887 3293 C
1920 3243 2163 3312 principe
2201 3241 2419 3295 domino
2442 3242 2732 3296 venerabili
2769 3242 2981 3307 Carolo,
3014 3242 3165 3311 cujus
3197 3245 3489 3300 maximum

1921 3331 2158 3386 studium
2181 3341 2282 3395 est,
2312 3332 2398 3401 pie
2430 3340 2682 3400 recteque
2708 3332 2775 3387 de
2797 3331 2904 3386 Deo
2928 3334 3151 3391 sentire.
3178 3349 3341 3403 prava
3374 3336 3496 3389 hae-

1920 3422 2217 3475 reticorum
2260 3421 2508 3488 dogmata
2554 3420 2697 3473 veris
2734 3421 3049 3488 rationibus,
3080 3431 3498 3494 sanctorumque

1918 3508 2141 3565 Patrum
2201 3512 2526 3566 auctoritate
2556 3509 2822 3576 refellere,
2866 3512 2932 3565 ad
2984 3512 3231 3566 ultimum
3282 3516 3497 3583 penitus

1919 3604 2220 3657 eradicare.

1990 3694 2077 3748 lll.
2118 3694 2195 3750 Ne
2246 3695 2408 3764 igitur
2454 3692 2766 3750 defensores
2810 3693 3056 3749 veritatis
3102 3695 3338 3752 inermes
3371 3706 3494 3753 cum
3596 3748 3599 3749 ν

1919 3785 2278 3840 assertoribus
2308 3784 2555 3839 falsitatis
2600 3782 2885 3856 conﬂigere
2927 3784 3231 3852 videamur,
3264 3802 3369 3843 non
3412 3788 3496 3843 irt-
3586 3832 3593 3836 .

1919 3888 2156 3945 congrue
2204 3873 2402 3944 regulis
2448 3873 2833 3943 disputatoriae
2895 3874 3028 3929 artis
3075 3883 3307 3929 utemur.
3354 3875 3493 3933 Cum

1918 3965 2063 4018 enim
2105 3978 2202 4033 per
2227 3972 2399 4018 artem
2440 3964 2766 4019 rhetoricam
2817 3972 2870 4018 et
2901 3978 3024 4019 vera
3068 3967 3397 4022 suadeantur
3440 3972 3498 4023 et

1919 4053 2078 4121 falsa,
2110 4054 2233 4125 quis
2276 4054 2475 4110 audeat
2519 4054 2723 4119 dicere,
2755 4055 3013 4110 adversus
3043 4056 3385 4113 mendacium
3438 4060 3495 4116 in

1919 4145 2294 4202 defensoribus
2319 4148 2434 4203 suis
2473 4148 2732 4205 inermem
2778 4150 2975 4206 debere
3005 4153 3303 4208 consistere
3348 4154 3497 4211 veri-

1920 4245 2108 4303 tatem,
2140 4245 2199 4291 ut
2248 4237 2495 4294 videlicet
2543 4239 2619 4294 illi
2647 4281 2661 4306 ,
2690 4240 2778 4311 qui
2831 4255 2917 4296 res
2956 4241 3120 4298 falsas
3163 4246 3496 4315 persuadere

1921 4338 2204 4396 conantur,
2237 4331 2484 4398 noverint
2515 4331 2816 4387 auditorem
2847 4333 2932 4388 vel
2968 4334 3288 4391 benevolum
3320 4337 3342 4369 ⁸
3362 4379 3375 4402 ,
3410 4340 3493 4394 vel

1922 4419 2210 4486 intentum,
2239 4420 2319 4474 vel
2361 4420 2586 4476 docilem
2623 4423 2898 4492 prooemio
2929 4423 2949 4454 ⁸
2979 4422 3177 4492 facere,
3203 4426 3290 4482 isti
3319 4437 3495 4484 autem

1927 4527 2035 4568 non
2066 4514 2343 4580 noverint;
2383 4513 2457 4567 illi
2492 4513 2628 4570 falsa
2674 4515 2928 4583 breviter,
2974 4527 3161 4586 aperte
3184 4560 3198 4585 ,
3230 4521 3498 4577 verisimi-

1926 4602 2072 4669 liter,
2107 4611 2162 4658 et
2190 4603 2277 4657 isti
2298 4616 2425 4658 vera
2452 4605 2531 4659 sic
2561 4615 2804 4671 narrent,
2833 4617 2892 4659 ut
2924 4606 3109 4661 audire
3153 4606 3385 4675 taedeat,
3420 4612 3502 4667 iti-

1928 4696 2167 4768 telligere
2215 4710 2320 4751 non
2354 4704 2557 4767 pateat,
2584 4698 2805 4752 trederc
2831 4705 3103 4767 postremo
3148 4717 3253 4756 non
3298 4702 3497 4772 libeat;

1926 4784 2003 4841 illi
2027 4786 2311 4843 fallacibus
2333 4790 2667 4858 argumentis
2693 4788 2974 4844 veritatem
3003 4803 3331 4864 oppugnent,
3357 4810 3502 4852 asse-

238 4895 361 4953 qua
401 4892 611 4937 summa
659 4890 717 4937 et
743 4879 1063 4952 principalis
1105 4877 1349 4934 omnium
1397 4890 1589 4933 rerum
1629 4890 1819 4961 causa,
1928 4889 2053 4935 rant
2096 4879 2409 4948 falsitatem,
2441 4881 2530 4936 isti
2573 4896 2672 4936 nec
2707 4894 2833 4935 vera
2882 4880 3188 4951 defendere,
3222 4896 3319 4941 nec
3366 4887 3501 4943 falsa

702 4990 709 4995 “
1534 4986 1789 5046 VARIAE
1828 4990 2230 5049 LECTIONES.

317 5086 338 5119 ⁸
368 5084 500 5143 Cod.
530 5087 991 5157 quotienscunque.
1115 5078 1138 5117 ⁸
1161 5081 1295 5157 Qod.

243 5158 271 5194 ⁸
295 5156 434 5215 Cod.
461 5150 766 5220 mittuntur,
786 5156 867 5211 sic
884 5150 1110 5225 ibique.
1185 5150 1209 5195 ⁸

1394 5080 1633 5169 aerario,
1663 5080 1741 5134 sic
1760 5081 1979 5169 ubique.
2086 5082 2107 5114 ⁸
2135 5080 2233 5165 Titi

1351 5192 1366 5207 .
1415 5150 1728 5206 benivolum.
1804 5150 1825 5182 ‘
1851 5150 1985 5207 Cod.
2014 5154 2269 5225 proymio.

2086 5082 2107 5114 ⁸
2135 5080 2344 5161 Titulus
2388 5083 2442 5138 in
2472 5082 2593 5140 cod.
2622 5082 2805 5150 deest;
2848 5085 3030 5141 addidi
3073 5104 3138 5144 ex
3187 5086 3499 5161 Prudentio.

1765 5260 2015 5328 MAE.

318 5359 348 5389 ι
376 5342 555 5425 ipseJ.
781 5343 984 5425 sentire
994 5341 1327 5423 videtur,ea,
1344 5353 1485 5425 quae
1497 5338 1822 5425 inboclihro

243 5409 434 5475 docuit
449 5416 515 5471 de
531 5413 855 5485 aequalitate
868 5414 1083 5469 divinae
1100 5409 1491 5485 praescietitiae
1514 5422 1568 5466 et
1598 5409 1825 5485 praede;

242 5486 578 5551 stinationis,
596 5482 695 5540 nec
706 5500 812 5542 non
830 5484 896 5539 de
908 5484 1090 5537 ‘divina
1104 5482 1324 5539 inscitia
1337 5485 1547 5547 eorum,
1562 5495 1701 5551 quae
1716 5482 1823 5536 uo'n

244 5567 394 5620 sunt,
408 5572 517 5627 quo
540 5565 840 5626 peccatum,
858 5570 1028 5627 mors,
1042 5568 1271 5627 poenae,
1289 5552 1487 5606 malum
1503 5553 1571 5627 ab
1596 5552 1830 5627 ipson?-

244 5622 599 5691 merantur,a
630 5626 900 5681 communi
932 5622 1093 5680 sensu
1121 5624 1342 5678 omnino
1366 5622 1640 5679 recedere.
1672 5622 1828 5678 ideo-

247 5715 381 5768 que,
414 5713 483 5751 ne
509 5695 901 5768 catholicorum
933 5694 1103 5768 animi
1123 5694 1285 5768 nimis
1305 5692 1671 5768 oli'endantur,
1693 5691 1829 5768 haec

246 5762 591 5838 praemonet.
618 5766 826 5838 Reapse
854 5777 1034 5838 autem
1061 5765 1174 5834 ejus
1190 5764 1488 5838 doctrinam
1504 5764 1557 5838 in
1585 5762 1828 5838 liiscapi-

249 5833 396 5894 libus
407 5854 436 5891 a
451 5837 673 5893 veritate
686 5833 841 5908 longe
856 5833 1127 5903 recedere,
1142 5851 1208 5891 ex
1222 5834 1357 5890 libro
1369 5834 1485 5907 ipso
1498 5833 1651 5889 facile
1663 5841 1829 5902 patet.

2002 5345 2031 5418 Ρ
2058 5344 2141 5401 Ad
2170 5345 2309 5407 haec
2329 5345 2833 5407 Prudentiusiztﬂee
2866 5348 3003 5404 illud
3018 5352 3349 5417 malum
3370 5364 3389 5418 ξ
3412 5370 3504 5411 nec

1932 5414 2068 5494 ulla:
2098 5417 2395 5494 mundanae
2426 5418 2725 5494 sapientum
2754 5421 2947 5494 species
2980 5414 3049 5475 ad
3086 5428 3293 5494 omnem
3338 5414 3505 5494 me

1930 5487 2150 5540 stionem
2177 5484 2730 5563 rotundatum/ﬁcere
2752 5484 2943 5560 tt'bsqtte
2975 5493 3149 5561 gratia
3176 5488 3276 5545 Dei
3296 5484 3502 5563 et'ﬁde,

1926 5573 2063 5625 quae
2087 5574 2178 5626 per
2198 5557 2525 5612 dilectionem
2550 5557 2810 5627 operatur,
2830 5557 2892 5614 at:
2914 5557 3085 5615 veraci
3112 5564 3288 5616 studio
3310 5576 3355 5618 et
3369 5557 3504 5620 ἐπηέ-

1932 5636 2136 5697 ctarttm
2164 5627 2377 5682 scientia
2412 5628 2825 5697 Scripturarttm.

2008 5707 2030 5735 ο
2063 5696 2355 5768 Augustin.
2384 5698 2448 5751 de
2477 5696 2599 5752 vera
2623 5697 2767 5767 relig.
2800 5699 2935 5754 c.'5.
