4028 6280
1576 253 1687 285 ρπβ

496 370 602 429 359

1857 357 2144 417 JOANNIS
2181 356 2378 415 SCOTl

2810 307 2828 313 ,Α
2844 309 2913 346 ,Ἂν
2959 342 2963 346 μ

504 479 717 536 valeant
744 452 1010 541 refutare;
1041 475 1118 530 illi
1141 476 1351 529 animos
1383 472 1713 529 audientium
1743 472 1797 526 in
1825 482 2068 525 errorem
2094 471 2148 529 Α
2172 481 2346 536 neque
2374 467 2441 522 ad
2470 466 2630 523 finem
2670 469 2807 539 ejus,
2841 468 3006 524 vitam
3038 468 3287 525 videlicet
3304 476 3611 536 aeternam,
3635 466 3750 539 pos‘

505 578 814 632 moventes,
862 566 1300 637 impellentesque
1346 564 1575 620 dicendo
1622 569 1901 626 terreant,
1947 574 2077 614 con-

503 663 722 716 tristent
747 698 762 723 ,
791 656 1094 713 exhilarent
1132 657 1183 722 ι,
1225 656 1581 712 exhortentur
1644 654 1932 715 ardenter,
1987 648 2078 705 isti

500 770 602 824 pro
654 750 882 804 veritate
940 748 1070 803 lenti
1133 746 1422 818 frigidique
1462 744 1790 800 dormitent?
1827 742 1958 810 Quis
2003 740 2080 796 ita

502 844 750 914 desipiat,
778 849 839 895 ut
870 842 976 895 hoc
1001 838 1215 910 sapiat?
1260 838 1365 896 Sed
1394 838 1648 908 Quoniam
1688 834 1968 891 verissime
1997 833 2077 887 di-

507 947 653 993 ctum
681 944 797 999 est,
827 942 1028 1004 oportet
1075 930 1265 986 multas
1317 931 1556 985 haereses
1594 944 1737 992 esse,
1780 934 1834 979 ut
1876 923 2081 995 probati

507 1025 772 1096 manifesti
793 1025 926 1093 fiant
954 1024 1090 1077 inter
1108 1039 1198 1077 vos
1224 1036 1271 1084 ιι,
1300 1029 1515 1076 utamur
1539 1019 1703 1075 etiam
1731 1018 1836 1073 isto
1865 1015 2082 1071 divinae

504 1113 879 1188 providentiae
917 1110 1198 1167 beneﬁcio.
1230 1111 1312 1165 Ex
1345 1110 1428 1165 bis
1453 1110 1597 1164 enim
1621 1106 1929 1162 hominibus
1952 1105 2083 1159 hae-

506 1204 659 1262 retici
691 1204 854 1269 ﬁunt,
880 1202 972 1271 qui
1024 1201 1208 1267 etiam,
1240 1203 1284 1255 si
1315 1208 1495 1255 essent
1520 1200 1574 1253 in
1601 1196 1862 1262 Ecclesia,
1892 1193 2082 1259 nihilo?

509 1298 697 1351 minus
732 1301 998 1350 errarent.
1037 1293 1170 1349 Cum
1220 1300 1400 1346 autem
1439 1290 1571 1346 foris
1617 1297 1761 1354 sunt,
1793 1287 2082 1358 plurimum

507 1396 759 1461 prosunt,
785 1403 889 1443 non
917 1400 1103 1442 verum
1133 1383 1397 1449 docendo,
1424 1382 1565 1453 quod
1598 1380 1865 1444 nesciunt,
1892 1377 1985 1434 sed
2015 1375 2084 1430 ad

508 1493 698 1533 verum
726 1475 1093 1546 quaerendum
1124 1473 1389 1538 carnales,
1416 1481 1471 1526 et
1506 1472 1572 1525 ad
1600 1485 1786 1526 verum
1838 1467 2083 1537 aperien-

429 1613 437 1619 .
509 1569 638 1623 dum
681 1562 990 1638 spit‘ituales
1035 1561 1333 1619 catholicos
1383 1561 1688 1617 excitando.
1744 1557 1883 1612 Sunt
1930 1556 2075 1611 enim

511 1658 938 1716 innumerabiles
967 1657 1021 1712 in
1057 1664 1245 1712 sancta
1274 1653 1517 1709 Ecclesia
1562 1652 1672 1707 Deo
1699 1649 1913 1721 probati
1938 1647 2080 1713 viri;

503 1752 614 1807 'sed
642 1750 913 1806 manifesti
943 1748 1045 1805 viri
1073 1764 1178 1803 non
1209 1746 1344 1801 ﬁunt
1370 1746 1512 1800 inter
1550 1759 1666 1809 nos,
1699 1741 1956 1814 quamdiu
1988 1741 2085 1794 im-

511 1841 741 1912 peritiae
755 1847 972 1896 nostrae
998 1836 1232 1893 tenebris
1244 1834 1491 1891 delectati
1515 1833 1751 1890 dormire
1765 1832 2030 1887 malumus
2049 1832 2092 1895 ',
2114 1822 2173 1901 ,Β

514 1946 678 2001 quam
705 1929 879 1985 lucem
906 1927 1153 1983 veritatis
1199 1926 1417 1981 intueri.
1450 1925 1791 1995 Quapropter
1820 1920 1993 1986 multi,
2029 1928 2089 1975 ut

513 2021 656 2076 diem
704 2019 798 2074 Dei
847 2018 1066 2073 videant
1108 2024 1163 2070 et
1209 2016 1498 2086 gaudeant,
1524 2028 1621 2083 per
1669 2012 1972 2067 haereticos
2023 2009 2090 2065 de

517 2125 712 2167 somno
758 2108 1084 2164 excitantur.
1135 2105 1359 2162 Utamur
1387 2119 1517 2175 ergo
1565 2103 1729 2159 etiam
1781 2100 2088 2167 haereticis,

514 2217 623 2258 non
668 2209 728 2255 ut
752 2214 939 2254 eorum
981 2198 1339 2268 approbemus
1376 2210 1608 2260 errores,
1639 2194 1733 2249 sed
1760 2200 1817 2247 ut
1871 2190 2093 2263 catholi-

515 2306 637 2346 cam
667 2288 1005 2359 disciplinam
1026 2287 1285 2341 adversus
1309 2299 1496 2341 eorum
1519 2284 1743 2339 insidias
1765 2291 2092 2347 asserentes,

516 2380 889 2451 vigilantiores
916 2387 972 2434 et
1011 2378 1281 2433 cautiores
1307 2376 1496 2441 simus,
1529 2373 1740 2431 etiamsi
1786 2387 1879 2429 eos
1909 2370 1976 2427 ad
2005 2388 2095 2427 sa-

517 2468 687 2523 lutem
718 2482 975 2523 revocare
1005 2482 1112 2522 non
1143 2465 1432 2537 possimus.

594 2559 685 2614 ιν.
732 2559 996 2627 Quoniam
1039 2558 1206 2630 igitur
1266 2555 1473 2627 antiqui
1521 2555 1692 2611 hostis
1736 2553 1953 2610 miseria
2000 2553 2099 2608 hu-

521 2666 717 2708 manae
744 2649 1059 2707 beatitudini
1093 2663 1305 2720 semper
1327 2648 1551 2714 invidet,
1583 2647 1808 2702 insidias
1837 2646 1858 2678 ³
1884 2654 2101 2702 nostrae

522 2742 683 2798 saluti
710 2755 1034 2813 praeparare
1063 2754 1168 2794 non
1196 2748 1388 2794 cessat.
1432 2738 1793 2818 Salus‘autem
1820 2747 2004 2794 nostra
2032 2752 2101 2793 ex

524 2834 630 2889 ﬁde
675 2834 911 2889 inchoat.
938 2831 1123 2887 Fidem
1154 2831 1318 2900 igitur
1365 2830 1642 2886 destruere
1669 2830 1900 2896 laborat,
1931 2844 2100 2900 quac-

525 2942 653 2982 rens
682 2941 809 2981 vasa
839 2924 939 2981 sibi
969 2923 1369 2989 convenientia,
1401 2923 1594 2993 quibus
1624 2937 1687 2977 ea
1718 2936 1944 2989 venena,
1966 2936 2105 2991 quae

527 3019 646 3089 ejus
676 3025 1050 3089 argumentosa
1081 3017 1282 3071 malitia
1314 3016 1539 3071 interius
1579 3016 1835 3088 exagitat,
1864 3017 1919 3071 in
1947 3031 2107 3071 aures

526 3111 885 3176 credentium,
936 3111 1300 3180 impetumque
1339 3110 1568 3164 astutiae
1596 3124 1727 3164 suae
1755 3123 1949 3164 cavere
1996 3124 2104 3164 non
2142 3114 2157 3180 ς

527 3204 818 3260 valentium
845 3202 1085 3257 exterius
1123 3200 1391 3256 infundat.
1425 3201 1530 3256 Sed
1562 3201 1688 3271 quia
1728 3202 1895 3272 ipsius
1922 3215 2110 3256 omnes

533 3294 979 3360 adinventiones,
1045 3291 1241 3362 quibus
1298 3292 1558 3347 unitatem
1613 3291 1922 3348 Catholicae
1988 3293 2111 3348 ﬁdei

532 3404 704 3458 usque
727 3386 886 3442 modo
921 3393 1148 3441 conatus
1188 3392 1273 3439 est
1298 3384 1565 3450 scindere,
1618 3393 1877 3453 operante
1932 3383 2111 3439 divina

534 3478 709 3550 gratia
728 3492 826 3548 per
853 3490 969 3542 eos,
998 3476 1092 3546 qui
1119 3474 1263 3531 beati
1310 3483 1366 3530 ct
1403 3473 1730 3530 immaculati
1757 3475 1809 3529 in
1860 3474 1947 3528 via
1978 3473 2111 3546 legis

536 3571 751 3625 divinae
798 3566 1227 3633 ambulaverunt,
1278 3575 1334 3621 et
1364 3565 1669 3621 testimonia
1717 3566 1834 3637 ejus
1890 3567 2117 3622 scrutati

538 3670 688 3728 sunt,
715 3659 954 3716 funditus
987 3658 1237 3729 explosae
1268 3656 1437 3731 [sunt]
1467 3658 1489 3690 ⁵
1507 3698 1523 3725 ,
1552 3673 1619 3714 ne
1648 3657 1814 3714 ullum
1841 3658 2116 3728 nequitiae

538 3768 673 3810 suae
726 3759 1107 3825 argumentum
1153 3757 1501 3821 praetereat,
1551 3764 1692 3805 novo
1750 3764 1893 3809 nunc
1934 3750 1955 3781 ⁵
2003 3765 2117 3805 ma-

537 3846 887 3904 chinamento
934 3858 1145 3899 murum
1189 3843 1428 3897 munitae
1459 3840 1579 3897 ﬁdei
1616 3841 1823 3897 solvere
1852 3849 2113 3912 temptat;

545 3951 645 4008 per
711 3934 1015 3991 ministrum
1064 3948 1298 4003 namque
1350 3948 1524 3995 suum,
1573 3932 1779 3989 scilicet
1822 3930 2120 4005 G[otescal-

522 4026 695 4100 .cum]
726 4026 769 4093 ‘,
830 4026 961 4081 duas
992 4023 1507 4096 praedestinationes
1536 4023 1588 4078 in
1618 4023 1726 4079 Deo
1754 4038 1875 4079 esse
1904 4023 2117 4087 asserit,

549 4120 747 4189 quibus
794 4127 850 4173 et
904 4116 1224 4187 aequissima
1267 4112 1507 4182 justitiae
1558 4114 1769 4180 merita,
1828 4123 1884 4169 et
1913 4114 2123 4169 miseri-

543 4209 863 4267 cordissima
892 4207 1098 4280 gratiae
1126 4207 1264 4261 dona
1295 4205 1487 4259 nititur
1523 4203 1754 4260 auferre.
1808 4204 1943 4260 Cum
1973 4206 2118 4259 enim

542 4315 715 4372 genus
738 4300 1033 4354 humanum
1054 4295 1327 4351 dividatur
1365 4295 1419 4347 in
1448 4295 1617 4350 bonos
1666 4293 1978 4363 malosque;
2005 4310 2121 4349 om-

455 4392 463 4400 ’
543 4391 632 4446 nis
652 4402 886 4458 namque
920 4387 1080 4442 homo
1117 4393 1213 4438 aut
1239 4383 1431 4447 bonus,
1477 4392 1569 4437 aut
1603 4384 1774 4438 malus
1803 4396 1906 4450 est;
1957 4384 2122 4438 malo-

547 4498 664 4536 rum
685 4488 887 4544 autem,
909 4485 970 4531 ut
994 4477 1069 4531 ait
1092 4474 1321 4539 Veritas,
1355 4474 1479 4543 linis
1501 4484 1577 4528 est
1604 4473 1917 4545 supplicium
1943 4484 2116 4530 aeter-

547 4588 693 4636 num,
716 4569 970 4624 bonorum
991 4581 1106 4621 vero
1134 4565 1239 4620 vita
1258 4574 1468 4619 aeterna
1488 4564 1517 4605 ι’
1542 4579 1557 4618 :
1588 4565 1678 4635 qui
1711 4573 1839 4620 sunt
1866 4565 1990 4620 mali
2018 4566 2120 4621 nisi

548 4660 723 4731 impii,
755 4668 811 4715 et
856 4656 981 4713 boni
1010 4655 1111 4711 nisi
1132 4655 1304 4725 justi?
1335 4653 1611 4712 Justorum
1630 4656 1895 4722 omnium,
1925 4666 1985 4712 ut
2008 4658 2123 4727 ipse

550 4751 819 4815 adstruit,
864 4745 1189 4803 inevitabilis
1234 4744 1586 4815 eﬁ‘ectivaque
1630 4761 1793 4801 causa
1824 4747 2121 4803 constituta

550 4853 635 4898 est
661 4843 712 4897 in
743 4836 1228 4912 praedestinatione
1257 4852 1360 4891 una
1387 4853 1402 4901 ;
1455 4835 1740 4906 impiorum
1776 4851 1905 4892 vero
1931 4837 2123 4892 simili-

554 4947 638 4992 ter
664 4936 718 4991 in
745 4934 937 4989 altera.
992 4930 1109 4987 Una
1148 4930 1365 5000 quippe,
1396 4937 1451 4982 ut
1480 4928 1577 4994 ait,
1600 4925 1871 4997 iustorum
1895 4939 2001 4996 est,
2045 4930 2124 4985 al-

553 5035 672 5082 tera
706 5024 1032 5096 impiorum;
1072 5021 1126 5076 in
1155 5030 1380 5085 tantum,
1416 5028 1475 5073 nt
1512 5034 1671 5075 nemo
1694 5060 1709 5085 ,
1760 5020 1862 5076 nisi
1893 5022 2131 5077 necessi-

554 5127 665 5176 tate
685 5113 999 5173 immutabili
1029 5114 1210 5179 unius,
1237 5127 1411 5183 neque
1438 5113 1507 5168 ad
1551 5112 1796 5184 justitiae
1850 5113 2125 5177 meritum,

2176 561 2245 613 sit
2274 559 2576 628 pervenire,
2605 575 2764 615 nemo
2782 601 2797 625 ,
2827 560 2933 616 nisi
2978 561 3201 616 alterius
3245 562 3572 617 necessitate
3592 560 3709 618 fati
3730 564 3748 597 '

2177 664 2278 704 nec
2302 649 2355 703 in
2397 650 2645 705 meritum
2692 651 3018 721 impietatis,
3061 668 3162 708 nec
3190 652 3244 706 in
3285 651 3408 722 ejus
3441 653 3755 720 terminum,

2177 750 2457 798 aeternum
2516 742 2732 811 quidem
2760 743 3099 813 supplicium,
3138 743 3495 814 compellatur
3544 744 3755 799 cadere.

2178 832 2327 899 Quae
2376 831 2690 888 stultissima
2746 833 3228 904 crudelissimaque
3300 834 3514 889 insania
3588 836 3762 904 primo

2178 923 2502 978 auctoritate
2550 923 2729 978 divina
2760 924 3045 990 refellitur,
3092 925 3286 982 deinde
3328 940 3493 981 verae
3541 926 3764 983 rationis

2180 1013 2381 1085 regulis
2406 1013 2736 1069 annullatur.
2776 1014 2918 1083 Quid
2955 1016 3138 1071 enim?
3186 1016 3449 1086 numquid
3486 1030 3588 1086 per
3645 1032 3765 1086 pro-

2179 1108 2399 1179 phetam
2427 1109 2664 1165 dicitur:
2701 1107 2982 1166 Universae
3013 1112 3128 1166 viae
3152 1110 3364 1166 Domini

2181 1210 2230 1255 et
2254 1201 2477 1256 veritasc
2496 1200 2520 1254 i
2542 1200 2696 1269 Quod
2722 1201 2961 1271 apertius
2992 1201 3119 1258 alibi
3156 1201 3432 1272 aperitur:
3465 1201 3766 1258 Misericor-

2181 1290 2325 1345 diam
2353 1301 2402 1345 et
2421 1290 2686 1360 judicium
2724 1292 2946 1346 cantabo
2974 1292 3066 1346 tibi
3087 1291 3308 1347 Domine
3327 1290 3380 1346 ἀ.
3409 1291 3623 1360 Quibus
3646 1309 3765 1350 ver-

2182 1379 2268 1436 bis
2294 1381 2623 1437 lucidissime
2640 1389 2716 1445 et
2741 1381 3009 1446 donorum
3036 1382 3133 1438 Dei
3160 1381 3411 1453 largitas,
3442 1391 3502 1438 et
3522 1380 3767 1451 justitiae

2184 1474 2302 1545 ejus
2333 1472 2582 1544 aequitas
2609 1473 3044 1530 commendatur.

2735 1609 3136 1669 CAPITULUM
3168 1610 3231 1667 ll.

2186 1727 2505 1799 Argumento
2533 1724 2855 1799 necessitatis
2879 1723 3143 1799 colligitur
3189 1722 3322 1778 duas
3343 1720 3773 1794 praedestinatio-

2192 1800 2195 1803 ’
2263 1794 2281 1799 ⁷
2705 1810 2794 1850 πει
2816 1794 2935 1864 ﬁeri
2964 1810 3069 1848 non
3095 1809 3264 1865 posse.

2261 1931 2302 1986 l.
2336 1929 2439 1986 Ubi
2479 1936 2607 1986 sunt
2655 1942 2807 2000 ergo,
2860 1925 3244 2001 G[otescalce].
3296 1927 3526 1983 duarum
3554 1928 3771 1998 praede-

2191 2022 2539 2079 stinationum
2581 2029 2794 2075 tuarum
2833 2018 3299 2075 necessitudines?
3339 2018 3579 2075 'l‘uarum
3625 2021 3773 2086 dico,

2191 2128 2299 2169 non
2324 2113 2647 2167 divinarum.
2682 2111 2794 2164 Tua
2822 2111 3026 2166 etenim
3049 2124 3145 2164 eas
3171 2110 3503 2180 perversitas
3532 2110 3707 2176 ﬁnxit,
3725 2121 3779 2167 et

2173 2202 2315 2258 'ideo
2349 2217 2458 2255 non
2507 2209 2653 2267 sunt,
2694 2214 2795 2255 nec
2839 2200 2957 2255 ﬁeri
3004 2207 3252 2270 possunt.
3319 2198 3603 2266 Quomodo
3639 2202 3777 2257 enim

2192 2299 2373 2362 potest
2403 2305 2542 2356 esse,
2570 2288 2716 2360 quod
2764 2296 2993 2344 conatur
3026 2288 3263 2355 auferre,
3317 2288 3462 2360 quod
3494 2290 3627 2346 est?
3681 2289 3778 2346 Ubi

2197 2388 2377 2436 autem
2407 2388 2490 2434 est
2517 2378 2846 2451 necessitas,
2876 2377 2947 2432 ibi
2976 2391 3084 2432 non
3119 2385 3205 2433 est
3232 2377 3500 2434 voluntas.
3530 2378 3698 2449 Atqui
3726 2378 3777 2433 in

2197 2470 2310 2528 Deo
2336 2479 2422 2526 est
2467 2470 2735 2526 voluntas.
2790 2468 2848 2522 in
2904 2484 2970 2525 eo
2996 2468 3160 2540 igitur
3188 2483 3295 2525 non
3332 2478 3417 2525 est
3467 2470 3777 2525 necessitas.

2199 2562 2344 2619 Deus
2362 2562 2581 2634 quidem
2609 2560 2812 2626 omnia,
2843 2574 2983 2631 quae
3027 2558 3181 2626 fecit,
3232 2574 3329 2615 sua
3357 2561 3578 2631 propria
3602 2560 3783 2615 volun-

2203 2662 2337 2721 tate,
2368 2655 2512 2709 nulla
2536 2668 2663 2709 vero
2687 2653 3012 2708 necessitate
3048 2650 3196 2708 fecit.
3230 2651 3370 2720 Quid
3395 2652 3541 2709 enim
3569 2662 3786 2724 cogeret

2202 2745 2393 2810 Deum,
2416 2752 2476 2798 ut
2502 2742 2704 2813 aliquid
2732 2740 2978 2797 faceret?
3022 2740 3224 2811 Quodsi
3251 2741 3430 2812 aliqua
3461 2758 3587 2799 eum
3622 2757 3783 2798 causa

2202 2834 2550 2907 compelleret
2605 2834 2672 2888 ad
2719 2832 3054 2898 faciendum,
3105 2847 3172 2889 ea
3219 2832 3417 2888 merito
3458 2830 3633 2901 major
3671 2847 3785 2888 me-

2200 2926 2418 2995 liorque
2464 2939 2529 2980 eo
2561 2924 2912 2990 crederetur;
2962 2938 3027 2979 ac
3067 2938 3166 2994 per
3209 2924 3315 2980 hoc
3343 2924 3484 2994 ipsa,
3512 2939 3624 2980 non
3648 2923 3785 2994 ipse,

2210 3032 2418 3073 summa
2468 3016 2710 3072 omnium
2739 3031 2902 3072 causa
2952 3015 3200 3085 Deusque
3227 3015 3517 3072 coleretur.
3559 3014 3623 3071 Si
3660 3030 3790 3071 vero

2213 3123 2321 3162 una
2341 3116 2397 3162 et
2424 3106 2738 3177 principalis
2767 3108 2932 3162 totius
2958 3106 3327 3175 universitatis
3352 3120 3517 3163 causa
3540 3106 3795 3162 voluntas

2217 3199 2312 3254 Dei
2339 3206 2393 3254 et
2414 3199 2501 3267 pie
2548 3198 2804 3264 creditur,
2834 3206 2892 3254 et
2942 3207 3091 3253 recte
3116 3197 3454 3267 intelligitur,
3482 3196 3685 3253 frustra
3739 3198 3797 3253 in

2217 3293 2351 3363 ipsa,
2390 3293 2475 3347 vel
2500 3301 2626 3347 ante
2662 3292 2832 3363 ipsam
2874 3292 3171 3348 necessitas
3216 3291 3459 3365 ﬁngitur.
3502 3292 3616 3362 Age
3636 3292 3796 3362 jam!

2216 3386 2275 3441 Si
2303 3401 2482 3450 omne,
2511 3388 2651 3454 quod
2692 3385 2746 3440 in
2769 3386 2878 3441 Deo
2902 3394 3009 3451 est,
3034 3386 3176 3441 Deus
3198 3393 3318 3441 est:
3347 3384 3594 3441 voluntas
3611 3393 3803 3439 autem

2216 3478 2311 3534 Dei
2334 3478 2390 3533 in
2416 3478 2526 3532 Deo
2554 3485 2667 3533 est:
2720 3476 2862 3533 Deus
2889 3484 2975 3533 est
3015 3476 3183 3548 igitur
3212 3475 3308 3533 Dei
3355 3475 3623 3533 voluntas.
3677 3474 3802 3530 Non

2215 3571 2359 3627 enim
2409 3569 2553 3625 aliud
2580 3578 2663 3625 est
2691 3569 2743 3624 ei
2770 3583 2892 3624 esse
2917 3575 2975 3623 et
3008 3568 3146 3624 velle
3166 3606 3182 3633 ,
3217 3569 3312 3624 sed
3336 3568 3480 3639 quod
3526 3575 3611 3623 est
3652 3581 3804 3631 esse,

2217 3661 2321 3718 hoc
2341 3668 2426 3717 est
2444 3669 2501 3715 et
2535 3659 2689 3715 velle.
2718 3657 2953 3715 Proinde
2984 3658 3028 3714 si
3072 3643 3321 3716 voluntas
3366 3658 3462 3713 Dei
3489 3657 3655 3713 libera
3678 3669 3806 3723 est;

2219 3753 2376 3809 aliter
2403 3752 2550 3808 enim
2579 3752 2803 3809 credere
2834 3751 3059 3821 impium
3092 3759 3177 3807 est
3203 3767 3218 3804 :
3251 3750 3416 3805 libera
3448 3764 3573 3805 vero
3610 3748 3810 3803 volun-

2223 3851 2306 3900 tas
2339 3843 2488 3898 omni
2514 3851 2665 3898 caret
2703 3843 3063 3898 necessitate:
3112 3840 3281 3912 igitur
3305 3839 3451 3894 nulla
3502 3839 3812 3894 necesﬁtas

2218 3934 2547 3990 voluntatem
2566 3931 2660 3988 Dei
2687 3932 2940 4003 possidet.
2987 3930 3435 4001 Atqui‘quicquid
3467 3930 3489 3962 ⁸
3527 3929 3593 3984 de
3618 3928 3813 3983 divina

2200 4025 2495 4089 .voluntate
2523 4038 2652 4080 sane
2680 4022 3032 4095 intelligitur,
3084 4022 3151 4076 de
3191 4020 3308 4090 ejus
3330 4035 3543 4091 quoque
3576 4019 3817 4089 praede-

2221 4114 2509 4183 stinatione
2536 4126 2758 4170 necesse
2778 4120 2863 4168 est
2898 4112 3148 4168 similiter
3172 4111 3519 4182 intelligatur.
3565 4108 3817 4178 Expulsa

2221 4213 2304 4259 est
2327 4214 2507 4260 autem
2534 4203 2712 4260 omnis
2733 4202 3028 4259 necessitas
3056 4218 3086 4257 a
3109 4202 3288 4257 divina
3310 4201 3603 4259 voluntate.
3635 4199 3821 4270 igitur

2221 4294 2444 4365 expulsa
2475 4303 2558 4349 est
2588 4294 2656 4348 ab
2685 4294 2803 4364 ejus
2826 4292 3335 4363 praedestinatione.

2294 4387 2353 4441 ll.
2384 4387 2464 4440 An
2497 4385 2635 4441 forte
2679 4385 2836 4451 dicis,
2867 4384 3160 4449 haeretice,
3205 4382 3275 4437 ad
3303 4381 3659 4438 substantiam
3712 4379 3825 4436 Dei

2224 4479 2556 4535 voluntatem
2620 4492 2790 4542 suam,
2852 4492 2961 4532 non
3025 4484 3206 4530 autem
3259 4471 3827 4545 praedestinationcm

2226 4589 2378 4629 suam
2408 4572 2703 4642 pertinere,
2726 4570 2801 4625 ita
2824 4576 2885 4624 ut
2902 4583 3005 4624 non
3032 4567 3180 4623 aliud
3211 4567 3284 4623 sit
3304 4567 3416 4623 Deo
3435 4579 3555 4621 esse
3574 4572 3631 4618 et
3648 4563 3825 4628 velle,

2226 4664 2371 4720 aliud
2399 4679 2527 4719 vero
2551 4677 2672 4718 esse
2696 4670 2753 4718 et
2765 4660 3207 4732 praedestinare?
3236 4659 3342 4715 Sed
3372 4659 3477 4713 hoc
3504 4655 3660 4711 facile
3677 4670 3827 4724 [ms-

2198 4770 2417 4815 .sumus
2458 4752 2706 4809 refellere
2738 4759 3076 4823 argumento,
3126 4751 3274 4825 quod.
3295 4748 3526 4805 sumitur
3554 4762 3585 4802 a
3613 4744 3827 4803 deﬁni-

2202 4900 2205 4907 .
2229 4848 2391 4903 tione.
2423 4864 2442 4897 ‹
2462 4844 2715 4901 Estenim
2728 4844 2909 4900 divina
2929 4841 3353 4917 praedestinatio
3378 4860 3422 4909 ι,
3446 4849 3508 4895 ιιι
3532 4839 3607 4894 ait
3624 4838 3828 4908 Augu-

2178 4988 2181 4991 .
2229 4938 2424 5003 stinus,
2447 4954 2467 4989 ι
2487 4936 2754 5001 omnium,
2770 4950 2913 5004 quae
2924 4934 3067 4990 Deus
3086 4934 3332 4989 facturus
3355 4941 3459 4998 est,
3488 4938 3610 4985 ante
3628 4928 3832 4984 secula

2233 5030 2576 5103 praeparatio
2604 5038 2769 5100 atque
2794 5028 3076 5099 dispositio
3104 5048 3124 5082 ι
3156 5040 3204 5084 ο.
3238 5027 3298 5085 Si
3318 5043 3449 5100 ergo
3477 5035 3603 5083 ante
3630 5024 3831 5080 secula

2233 5120 2367 5177 nihil
2429 5120 2666 5175 creditur
2706 5127 2762 5175 et
2814 5117 3132 5191 intelligitur
3164 5125 3382 5189 praeter
3425 5115 3596 5174 solum
3640 5114 3833 5170 Deum

1824 5224 2081 5284 VARIAE
2117 5230 2524 5291 LECTIONES.

625 5346 651 5422 ξ
670 5342 816 5422 Cod;
832 5338 1107 5422 niterent.
1181 5336 1202 5368 '
1230 5335 1491 5422 Sip'gsodq
1617 5336 1862 5422 maluae.
1918 5337 1939 5371 ³
1958 5338 2223 5422 βξςθοάη
2246 5345 2387 5422 M_._et
2405 5347 2650 5422 insidias.
2724 5344 2748 5378 ⁸
2777 5353 2900 5400 sunt
2925 5358 3034 5400 om.
3063 5346 3183 5401 cod.
3258 5345 3282 5378 ⁸
3311 5345 3401 5401 Sic
3429 5342 3571 5411 cod.,
3603 5342 3829 5401 limosi.

557 5414 583 5448 ⁸
611 5413 745 5471 God.
775 5410 864 5483 ῦς,
894 5410 974 5467 sic
994 5408 1209 5478 ubique.
1284 5408 1304 5441 '
1329 5408 1579 5474 Emend.,
1601 5408 1723 5462 cod.
1757 5407 1882 5477 fari.
1956 5411 1980 5444 ⁸
2009 5409 2100 5469 Sic
2124 5407 2268 5481 cod.,
2295 5416 2366 5471 Μ.
2391 5417 2667 5488 quidquid.

2078 5522 2331 5583 NOTAE.

632 5633 660 5663 ι
688 5615 859 5674 lCor.
892 5615 979 5679 XI,
1012 5614 1067 5672 9.

646 5691 674 5731 δ
715 5689 871 5743 Rom.
902 5685 1104 5751 VLQI.

641 5772 663 5799 °
704 5759 847 5820 Psal.
878 5755 1068 5822 XXIV,
1102 5753 1188 5811 10.

2313 5620 2342 5658 ει
2380 5616 2524 5672 Psal.
2553 5617 2617 5681 C,
2648 5618 2697 5671 l.

2321 5700 2345 5728 ο
2380 5688 2662 5763 Augustin.
2693 5687 2758 5741 de
2780 5686 2918 5742 dono
2950 5701 3203 5758 persever.
3230 5700 3279 5741 c.
3301 5686 3391 5773 l7.
