4028 6280
226 417 335 477 561

1331 419 1528 478 LIBER
1568 421 1655 478 DE
1694 422 2396 479 PRAEDESTINATIONE.

3377 426 3482 484 362

229 534 444 590 fuisse:
490 535 1033 606 praedestinationem
1080 544 1255 592 autem
1292 537 1384 591 Dei
1423 546 1546 591 ante
1592 554 1807 592 omnem
1831 539 1886 601 Α
1910 546 2167 603 mentum,
2200 539 2339 608 quod
2363 539 2429 590 ab
2457 535 2733 592 effectibus
2757 535 2820 592 ad
2845 553 3062 594 causam
3091 541 3340 608 sumitur,
3373 559 3481 599 non

229 631 542 678 creaturam
591 639 709 680 esse
761 625 941 681 nullus
989 642 1152 681 sanus
1207 628 1464 697 ambigit:
1517 628 1804 698 colligitur,

229 715 783 785 praedestinationem
829 718 923 774 Dei
971 719 1141 789 ipsum
1168 720 1334 775 Deum
1365 735 1501 782 esse,
1537 730 1694 790 atque
1743 722 1809 776 ad

230 813 485 860 naturam
513 807 631 876 ejus
658 809 948 877 pertinere.
975 809 1078 864 Sed
1105 826 1172 865 ne
1197 810 1336 866 forte
1359 811 1506 866 dicas
1531 832 1543 865 :
1570 811 1716 878 Quae
1744 812 1809 867 de

230 894 351 950 Deo
385 905 511 950 ante
539 899 796 952 mundum
829 899 1100 964 dicuntur,
1146 917 1251 956 non
1279 901 1462 972 utique
1491 918 1703 974 semper
1731 918 1810 958 se—

231 986 474 1043 cundum
507 991 861 1046 substantiam
893 993 1161 1049 dicuntur.
1193 993 1463 1061 Quaedam
1491 997 1633 1052 enim
1656 1013 1811 1066 prae-

233 1077 494 1134 dicantur
543 1083 999 1149 substantialiter,
1060 1088 1318 1156 quaedam
1383 1104 1510 1144 vero
1568 1089 1807 1144 relative.

235 1164 356 1222 Non
387 1171 531 1224 enim
555 1173 846 1228 secundum
870 1175 1270 1242 substantiam,"
1287 1179 1378 1232 sed
1409 1180 1700 1233 secundum
1729 1195 1814 1234 re-

235 1258 495 1317 lationem
521 1264 718 1319 dicitur
739 1264 916 1330 Pater,
946 1267 1142 1322 dicitur
1169 1269 1357 1331 Filius,
1396 1269 1592 1324 dicitur
1635 1270 1814 1324 Domi-'-

235 1365 364 1406 nus.
415 1352 676 1409 Similiter
730 1357 1152 1425 praedestittatio
1207 1360 1322 1431 ejus
1370 1361 1590 1415 relative
1633 1362 1810 1428 adea,

233 1455 380 1508 quae
408 1445 801 1511 praedestinata
831 1455 973 1510 sunt,
1006 1448 1291 1516 profertur.
1317 1448 1454 1503 Audi
1481 1447 1814 1518 Scripturam

235 1531 305 1585 de
340 1531 555 1588 Christo
611 1535 915 1591 dicentem:
955 1537 1021 1591 In
1057 1555 1159 1609 quo
1201 1550 1320 1593 sunt
1368 1557 1541 1593 omnes
1586 1541 1816 1594 thesauri

231 1626 503 1687 scientiae,
534 1635 581 1678 et
606 1627 888 1694 sapientiae
906 1628 1194 1682 absconditi
1223 1641 1269 1682 ι.
1298 1629 1414 1693 Dic,
1441 1645 1659 1698 quaeso,
1689 1630 1817 1698 quid

232 1715 290 1768 in
319 1716 403 1768 his
431 1716 608 1769 verbis
639 1716 936 1788 intelligere
966 1720 1224 1774 conaris?
1251 1720 1330 1773 Att
1366 1719 1501 1774 forte
1537 1720 1818 1774 scientiam

230 1815 290 1858 et
345 1805 662 1875 sapientiam
693 1806 893 1862 Christi
924 1823 1043 1864 esse
1085 1809 1297 1880 judicas
1351 1809 1668 1874 accidentia,
1711 1823 1815 1863 non

1910 627 2284 697 incongruum,
2313 629 2355 680 si
2382 627 2540 696 paulo
2557 627 2725 682 latius
2752 628 3043 697 aperiatur.

1978 717 2063 771 111.
2092 717 2147 772 Si
2178 733 2305 788 ergo
2334 718 2560 773 virtutes
2587 719 2772 781 animi,
2815 735 2953 790 quae
2997 735 3124 778 vere
3169 723 3302 778 nihil
3336 723 3484 781 aliud

1909 815 2055 871 sunt,
2108 807 2208 864 nisi
2267 806 2488 861 effectus
2541 809 2700 863 unius
2749 809 2915 879 ipsius
2959 826 3202 866 summae
3241 814 3482 870 omnium

1909 911 2122 960 causae,
2150 897 2361 952 divinae
2387 897 2592 953 scilicet
2633 898 2940 964 voluntatis,
2988 900 3061 955 ita
3090 901 3482 974 intelligantur.

1908 995 1968 1040 ut
1987 1003 2109 1042 cum
2133 987 2241 1042 sint
2265 987 2486 1053 multae,
2519 988 2677 1043 simul
2699 998 2877 1044 tamen
2903 991 3330 1060 inseparabiliter
3352 992 3482 1059 sint,

1908 1078 2036 1148 quia
2071 1077 2305 1146 ejusdem
2335 1089 2558 1135 naturae
2583 1088 2706 1134 sunt
2728 1111 2799 1122 —
2819 1097 3045 1151 quarum
3072 1083 3216 1138 enim
3240 1099 3346 1138 una
3372 1083 3488 1140 col-

1911 1170 2095 1241 ligitur
2119 1187 2305 1239 causa,
2349 1172 2632 1227 conﬁcitur
2657 1173 2841 1228 eadem
2873 1189 2992 1230 esse
3036 1183 3268 1242 natura;
3317 1177 3370 1230 in
3421 1191 3489 1234 eo

1912 1278 2143 1331 namque
2167 1263 2208 1326 ',
2259 1264 2312 1317 in
2340 1278 2446 1332 quo
2491 1280 2596 1317 una
2626 1280 2749 1318 vera
2785 1265 2958 1321 virtus
2982 1265 3268 1330 invenitur,
3299 1281 3490 1322 omnes

1911 1351 2138 1407 virtutes
2169 1352 2283 1407 lieri
2318 1353 2708 1409 rationabiliter
2731 1355 3488 1426 probantur—appellationi-

1913 1441 2014 1496 bus
2044 1450 2220 1496 tamen
2255 1443 2419 1499 variis
2467 1445 2780 1515 significari,
2826 1446 2877 1500 in
2907 1460 3121 1513 genera,
3177 1445 3490 1514 formasque

1916 1531 2050 1601 ejus,
2101 1548 2268 1603 usque
2298 1534 2364 1587 ad
2400 1535 2604 1604 species
2641 1536 2944 1592 individuas
2994 1536 3157 1591 dividi
3190 1537 3490 1606 patittntur,

1917 1621 2109 1676 deinde
2149 1623 2199 1676 itt
2241 1638 2493 1679 numeros
2522 1625 2956 1692 multiplicari—
2981 1633 3060 1679 tot
3095 1626 3236 1680 enim
3266 1628 3493 1680 virtutes

1917 1725 2036 1764 esse
2059 1711 2326 1775 dicuntur,
2355 1722 2486 1782 quot
2517 1723 2642 1768 sunt
2677 1715 2730 1768 lti
2749 1716 2793 1780 ¹,
2817 1716 3011 1785 quibus
3033 1717 3333 1770 donantur:
3363 1716 3490 1786 quid

1921 1801 2114 1854 mirum
2144 1803 2207 1856 de
2237 1804 2348 1874 ipsa
2391 1803 2641 1859 ineﬂ‘abili
2673 1821 2830 1861 causa
2875 1809 3140 1872 omnium,
3185 1823 3322 1877 quae
3363 1809 3490 1862 dum

230 1904 415 1950 autem
480 1895 594 1963 ejus
639 1898 931 1952 secundum
981 1914 1132 1954 suam
1194 1899 1530 1953 divinitatem
1563 1880 2223 1963 substan-Bgeneribus,
2273 1895 2480 1960 formis,
2534 1897 2854 1964 individuis,
2901 1901 3244 1968 numerisque
3284 1912 3490 1967 careat,

230 1975 408 2040 fiam?
459 1987 610 2055 Quod
658 1989 1043 2046 absurdissinte
1096 1991 1370 2056 creditur,
1422 2000 1476 2046 et
1529 1990 1818 2045 falsissime

231 2075 494 2130 suadetur
523 2077 572 2131 ι’.
620 2077 876 2134 Summus
921 2081 1066 2134 enim
1117 2081 1205 2134 ille
1247 2081 1565 2146 intellectus,
1621 2081 1674 2134 in
1709 2095 1817 2150 quo

229 2176 361 2219 sunt
390 2168 663 2233 universa,
692 2169 857 2226 immo
882 2171 996 2241 ipse
1024 2181 1106 2226 est
1141 2172 1386 2227 universa
1413 2213 1428 2238 ,
1461 2173 1708 2242 quamvis
1736 2172 1816 2225 di-

231 2257 409 2311 versis
440 2259 920 2328 signiflcationibus
968 2264 1244 2316 nominum
1294 2265 1360 2316 ab
1403 2263 1515 2332 ipsa
1564 2264 1815 2318 rationali

229 2357 449 2415 natura,
479 2365 615 2419 quae
645 2352 710 2404 ad
738 2352 1114 2421 inquirendum
1145 2369 1266 2409 eum
1290 2363 1469 2408 creata
1495 2364 1598 2420 est,
1641 2356 1818 2426 appel-

232 2433 396 2498 letur,
447 2437 558 2506 ipse
587 2447 763 2494 tamen
794 2441 845 2494 in
884 2456 940 2494 se
994 2442 1108 2510 ipso
1140 2459 1276 2497 unus
1322 2453 1481 2512 atque
1527 2444 1667 2497 idem
1712 2453 1813 2509 est,

233 2540 364 2579 cum
396 2527 466 2581 sit
487 2529 728 2582 omnium
769 2539 1084 2585 naturarum
1110 2547 1269 2587 causa
1296 2533 1519 2602 simplex
1555 2542 1607 2587 ct
1639 2533 1815 2587 multi-

231 2619 380 2688 plex.
424 2620 576 2687 Quod
599 2629 680 2677 est
702 2637 832 2692 ergo
862 2623 971 2678 Deo
1019 2638 1162 2688 esse,
1196 2627 1299 2679 hoc
1333 2636 1414 2681 est
1436 2626 1484 2680 ei
1520 2641 1726 2696 sapere.
1761 2634 1817 2680 et

230 2711 380 2782 quod
406 2721 488 2765 est
522 2713 570 2766 ei
597 2727 805 2782 sapere,
853 2715 955 2770 hoc
980 2726 1063 2772 est
1092 2718 1260 2784 scire,
1291 2727 1344 2772 et
1375 2719 1514 2787 quod
1546 2727 1629 2771 cst
1655 2719 1813 2785 scire,

233 2802 342 2855 hoc
373 2809 456 2856 est
484 2802 774 2857 destinare.
828 2804 960 2859 Cum
991 2807 1133 2860 enim
1167 2808 1343 2862 omnis
1394 2807 1814 2878 praedestinatio

231 2894 616 2962 praescientia,
634 2895 928 2952 non'autem
949 2900 1126 2952 omnis
1147 2900 1498 2969 praescicntia
1516 2901 1812 2968 praedesti-

235 2985 390 3037 natio
411 2984 622 3039 dicatur
652 2996 700 3049 ε,
747 3002 852 3041 non
900 2995 1074 3042 tamen
1119 3005 1184 3043 eo
1215 2991 1373 3044 modo
1403 2991 1651 3055 dicimus,
1702 3007 1818 3045 om-

236 3088 368 3126 nem
432 3075 970 3144 praedestinationcm
1026 3093 1147 3134 esse
1197 3081 1654 3150 praescientiam,
1709 3098 1817 3138 non

232 3180 453 3220 omnem
487 3183 615 3224 vero
650 3171 1058 3240 praescientiam
1103 3187 1222 3227 esse
1248 3173 1815 3242 praedestinationem,

235 3271 348 3326 quo
372 3257 607 3313 solemus
628 3259 805 3315 dicere
845 3261 897 3314 in
945 3262 1230 3332 generibus
1259 3279 1554 3334 eorumque
1604 3266 1810 3333 formis,

235 3347 393 3401 verbi
433 3363 594 3404 causa
629 3349 680 3405 in
709 3352 1030 3417 virtutibus,
1067 3356 1262 3423 quibus
1312 3357 1490 3411 anima
1539 3359 1815 3415 rationalis

234 3451 488 3506 ornatur,
517 3443 692 3498 omnis
722 3446 1004 3513 prudentia
1034 3447 1205 3501 virtus
1234 3457 1335 3512 est,
1363 3463 1468 3503 non
1499 3459 1677 3505 autent
1699 3467 1813 3504 om-

236 3531 328 3584 nis
355 3531 525 3587 virtus
555 3534 876 3603 prudentia;
914 3538 1006 3592 sed
1033 3539 1174 3594 sicut
1201 3549 1345 3596 recte
1391 3541 1637 3605 dicimus,
1671 3543 1814 3612 quod

236 3631 328 3676 est
351 3623 522 3679 virtus
547 3664 564 3689 ,
618 3626 719 3681 hoc
759 3638 841 3683 est
870 3630 1174 3698 prudentia,
1209 3640 1263 3686 et
1297 3633 1440 3701 quod
1471 3641 1554 3688 est
1579 3633 1815 3703 pruden-

239 3712 342 3776 tia,
371 3713 475 3768 hoc
516 3722 598 3769 est
634 3716 822 3772 virtus.
865 3717 981 3774 Non
1008 3721 1150 3774 enim
1182 3721 1283 3776 hoc
1313 3709 1468 3778 niodo
1510 3724 1816 3793 generalem
1897 3741 1928 3762 η’

238 3804 518 3871 virtutem,
561 3817 616 3861 et
660 3806 888 3864 formam
918 3811 1033 3880 ejus
1087 3812 1467 3882 significamus,
1519 3816 1612 3870 sed
1645 3816 1815 3870 solam

239 3898 509 3952 unitatem
534 3908 755 3956 naturae
783 3902 999 3959 virtutis
1019 3912 1072 3958 et
1097 3906 1412 3973 prudentiae
1444 3907 1811 3976 exprimimus.

238 3987 412 4044 Recte
455 4006 580 4061 ergo
603 3993 799 4048 dicitur
842 3998 1017 4050 omnis
1071 3997 1487 4066 praedestinatio
1518 3998 1819 4067 praeseien-

241 4081 339 4144 tia,
372 4098 477 4136 non
507 4085 682 4138 omnis
712 4086 1065 4154 praescientia
1093 4087 1541 4156 praedestinatio,
1573 4097 1633 4142 ut
1658 4087 1819 4142 intel-

237 4171 494 4242 ligamus,
523 4175 663 4243 quod
689 4184 773 4232 est
817 4179 1090 4247 praescire
1110 4219 1124 4242 ,
1155 4179 1256 4233 hoc
1282 4187 1366 4233 est
1398 4179 1817 4247 praedestinare,

239 4271 298 4317 et
327 4265 468 4332 quod
487 4274 565 4320 est
597 4266 1020 4336 praedestinare,
1051 4269 1151 4323 ltoc
1173 4277 1255 4323 est
1283 4268 1594 4339 praescired
1618 4285 1633 4328 :
1660 4268 1818 4323 unius

245 4353 396 4406 enim
421 4352 766 4426 ejusdemque
789 4357 1121 4413 substantiae
1149 4369 1292 4420 sunt,
1324 4358 1535 4412 divinae
1570 4356 1820 4412 videlicet

241 4452 494 4500 naturae.
551 4445 660 4502 Nec
709 4455 886 4502 tamen
933 4463 1114 4515 omne,
1156 4448 1298 4517 quod
1324 4447 1689 4518 intelligimus,
1720 4463 1816 4502 au-

241 4533 457 4590 dientes
522 4537 614 4592 Dei
682 4539 1134 4608 praescientiam,
1205 4540 1445 4610 cogimur
1495 4537 1816 4607 intelligere,

241 4627 528 4683 audientes
547 4627 664 4697 ejus
698 4631 1279 4700 praedestinationem;
1324 4631 1462 4685 sicut
1485 4647 1590 4686 non
1629 4645 1810 4696 omne,

241 4716 388 4786 quod
449 4720 758 4787 quaerimus
821 4719 1088 4776 audiendo
1153 4721 1428 4784 virtutem,
1481 4733 1699 4774 necesse
1744 4719 1815 4774 sit

237 4820 574 4879 quaeramus
602 4810 867 4868 audiendo
912 4809 1272 4880 prudentiam.
1303 4809 1416 4866 Hoc
1445 4818 1624 4865 autem
1651 4825 1815 4880 argu-

1918 1983 1986 2037 ab
2014 1998 2077 2037 ea
2110 1993 2284 2038 tamen
2317 1995 2398 2039 est
2438 2002 2596 2042 omne
2646 2004 2831 2058 genus,
2886 1991 3062 2044 omnis
3096 1990 3290 2057 forma,
3332 2006 3492 2045 omne

1919 2079 2111 2137 totum,
2134 2074 2312 2128 omnis
2339 2090 2612 2140 numerus,
2638 2078 2893 2144 quoniam
2923 2079 3035 2148 ipsa
3059 2089 3141 2134 est
3170 2080 3342 2148 prima
3371 2081 3484 2134 uni-

1917 2163 2188 2218 vcrsitatis
2234 2164 2486 2218 essentia.
2531 2164 2700 2220 Omne
2747 2168 2963 2236 quippe,
3014 2169 3155 2236 quod
3201 2177 3302 2233 est,
3331 2169 3398 2222 ab
3428 2184 3491 2222 ea

1920 2255 2023 2309 hoc
2050 2264 2149 2319 est,
2177 2263 2236 2308 ut
2262 2256 2352 2322 sit;
2385 2256 2492 2324 ipsa
2515 2265 2598 2309 est
2629 2255 2799 2310 forma
2831 2258 3068 2312 omnium
3096 2273 3322 2312 summa.
3355 2258 3494 2324 Quid

1919 2347 2061 2401 enim
2089 2347 2292 2416 appetit
2322 2347 2422 2402 nisi
2452 2362 2570 2400 eam
2600 2362 2777 2412 omne,
2838 2349 2979 2418 quod
3019 2350 3238 2418 appetit,
3291 2350 3496 2419 princi-

1919 2438 2064 2507 pium
2098 2439 2358 2504 omnium,
2390 2439 2501 2492 sive
2527 2439 2723 2504 sciens,
2756 2441 2868 2495 sive
2899 2441 3194 2496 nesciens?
3219 2442 3383 2496 Ahea
3414 2453 3499 2496 cst

1920 2545 2078 2584 omne
2109 2539 2300 2595 totum,
2325 2547 2464 2600 quac
2496 2532 2546 2584 in
2573 2549 2631 2586 se
2659 2533 2767 2602 ipsa
2815 2533 3011 2602 ubique
3044 2542 3155 2588 tota
3187 2542 3286 2588 est.
3319 2535 3402 2587 Ab
3429 2550 3493 2588 ea

1919 2623 2094 2676 omnis
2130 2638 2404 2687 numerus,
2437 2623 2561 2693 quia
2588 2625 2638 2678 in
2683 2640 2741 2678 se
2784 2625 2898 2694 ipsa
2928 2633 3011 2680 est
3055 2625 3332 2695 multiplex
3382 2627 3500 2680 sino

1922 2711 2049 2777 ﬁne,
2095 2713 2212 2767 sine
2258 2729 2480 2768 numero
2518 2730 2789 2769 numerus.
2824 2714 2956 2768 Cum
2987 2715 3147 2784 igitur
3170 2717 3282 2785 ipsa
3314 2715 3488 2769 divina

1921 2805 2240 2868 subslantia,
2294 2804 2375 2859 vel
2423 2805 2690 2864 essentia,
2745 2805 2825 2859 vel
2885 2814 3094 2867 natura,
3146 2805 3229 2858 vel
3255 2820 3496 2873 quoquo-

1921 2894 2081 2949 modo
2109 2895 2211 2950 dici
2241 2904 2438 2964 potest,
2471 2896 2523 2948 iu
2566 2911 2622 2950 se
2649 2897 2758 2964 ipsa
2792 2911 2980 2960 unum,
3025 2896 3379 2958 itulividuum,
3415 2897 3491 2949 iu-

1920 2987 2326 3057 scparabileque
2381 2988 2470 3051 sit,
2530 2988 2708 3041 unitas
2759 2988 2898 3041 enim
2943 2987 3168 3055 simplex
3202 2995 3281 3042 est
3331 2996 3496 3056 atque

1923 3079 2410 3143 incommutabilis,
2455 3081 2617 3134 variis
2661 3088 2838 3133 tamen
2888 3081 3175 3134 verborum
3227 3079 3496 3148 significa-

1925 3171 2161 3228 tionibus
2215 3173 2523 3226 nominatur
2582 3173 2875 3227 secuudum
2939 3171 3159 3226 allectus
3231 3173 3498 3226 humanae

1923 3263 2142 3326 mentis,
2187 3262 2382 3332 quibus
2411 3264 2477 3316 ad
2520 3262 2764 3316 notitiam
2795 3261 3067 3314 Creatoris
3095 3261 3175 3314 sui
3217 3261 3387 3314 redire
3417 3261 3498 3314 ni-

1919 3351 2071 3406 titur.
2101 3350 2272 3406 Homo
2321 3366 2550 3420 namque
2589 3350 2727 3405 male
2765 3359 2920 3404 utens
2949 3349 3116 3404 libero
3142 3349 3365 3403 arbitrio
3392 3351 3494 3414 sui,

1919 3444 1986 3497 ad
2013 3458 2155 3508 eum,
2183 3457 2341 3512 quem
2376 3443 2511 3497 sine.
2542 3443 2724 3498 labore
2763 3443 3092 3504 deseruerat,
3128 3442 3242 3495 sine
3296 3441 3498 3497 laboris

1919 3532 2097 3588 studio
2152 3540 2207 3587 et
2249 3532 2589 3602 cooperantis
2617 3533 2825 3602 gratiae
2876 3532 3016 3587 dono
3056 3531 3341 3600 pervenire
3387 3547 3494 3586 non

1919 3629 2096 3691 potest
2123 3632 2168 3674 ο.

1990 3714 2079 3769 IV.
2136 3712 2366 3770 Proinde
2413 3715 2646 3769 humana
2699 3715 2838 3769 ratio
2879 3714 3014 3770 duce
3056 3713 3280 3769 veritate
3327 3713 3494 3767 Deum

1920 3819 2078 3860 suum
2142 3803 2512 3873 multipliciter
2559 3804 2862 3873 intelligens
2898 3845 2912 3870 ,
2968 3805 3141 3874 ipsum
3203 3804 3492 3859 secundum

1921 3892 2110 3947 modos
2138 3907 2265 3947 suae
2294 3892 2680 3960 intelligentiae
2704 3894 2932 3948 diversis
2956 3895 3296 3948 vocationum
3328 3894 3495 3962 signis

1920 3981 2172 4053 appellat.
2235 3982 2303 4038 Ut
2336 3982 2500 4048 enim,
2543 3981 2770 4052 exempli
2801 3997 2982 4046 causa,
3019 3997 3190 4052 pauca
3218 3978 3284 4036 de
3311 3982 3494 4034 multis

1877 4084 1892 4105 '
1921 4088 2202 4142 ponamus.
2235 4071 2368 4128 Cum
2405 4081 2684 4128 aeternum
2715 4072 3068 4139 intellectum,
3117 4074 3170 4126 in
3223 4088 3329 4141 quo
3367 4082 3493 4125 sunt

1919 4167 2122 4232 omnia,
2153 4168 2254 4222 hoc
2274 4175 2376 4230 est,
2405 4166 2577 4236 ipsum
2605 4167 2794 4229 Deum,
2826 4164 3050 4219 rationis
3078 4165 3303 4218 intuitus
3331 4164 3492 4216 attin-

1921 4260 2017 4330 git,
2045 4268 2105 4312 ut
2130 4259 2184 4312 in
2219 4273 2285 4313 eo
2308 4257 2553 4328 aspiciat,
2597 4256 2739 4326 quod
2779 4258 2889 4327 ipse
2931 4256 3142 4311 divinus
3191 4253 3492 4308 intellectus

1921 4360 2172 4407 aeternae
2197 4366 2326 4406 suae
2372 4349 2824 4418 immutabilisque
2869 4347 3200 4404 substantiae
3238 4347 3489 4417 plenissi-

1921 4457 2063 4497 mam
2127 4441 2678 4511 perfectissimamque
2743 4441 2936 4495 habeat
2980 4439 3292 4504 notionem,
3351 4452 3492 4507 quae

1921 4548 2134 4588 omnem
2161 4541 2446 4602 exsuperat
2471 4531 2795 4586 intellectum
2823 4539 3120 4594 creaturae,
3169 4529 3282 4599 ipsa
3311 4527 3490 4582 divina

1921 4625 2087 4690 notio,
2115 4639 2220 4694 qua
2248 4624 2590 4692 semetipsum
2616 4622 2755 4676 Deus
2781 4621 3046 4691 intelligit,
3073 4619 3332 4688 sapientia
3363 4633 3490 4686 pro-

1921 4715 2042 4784 prie
2081 4724 2323 4770 vocatur.
2375 4715 2507 4769 Cum
2555 4721 2736 4768 autem
2761 4713 2945 4767 eadem
2979 4711 3116 4765 ratio
3160 4718 3380 4764 aeterno
3411 4707 3492 4762 in-

1924 4806 2157 4862 tellectui
2189 4807 2488 4877 copulatur,
2513 4815 2572 4862 ut
2594 4807 2648 4861 in
2675 4819 2741 4862 eo
2780 4805 2960 4859 videat
2983 4815 3102 4860 esse
3123 4801 3362 4859 omnium
3391 4815 3490 4855 na-

1521 4961 1773 5017 VARIAE
1809 4960 2208 5020 LECTIONES.

311 5078 332 5111 ⁸
353 5075 489 5136 Cod.
521 5091 744 5150 nanque,
770 5076 851 5134 sic
874 5089 1106 5147 semper.
1181 5075 1204 5108 ³
1231 5073 1323 5132 Sic
1353 5073 1500 5140 cod.,
1539 5089 1638 5146 pro
1671 5075 1727 5129 hi
1746 5074 1816 5129 M.
1842 5075 1920 5130 in.

1702 5187 1952 5245 NOTAE.

313 5323 343 5354 ι
379 5309 494 5365 Col.
528 5308 595 5374 ll,
619 5307 676 5364 3.

315 5383 342 5421 δ
383 5371 707 5436 Prudentius
745 5371 1809 5444 animadvertit,sapientiammeritatem,

237 5453 557 5509 voluntatem
581 5450 636 5502 in
657 5449 764 5503 Deo
779 5448 1117 5523 essentiqtiter
1134 5445 1456 5523 praedicari,
1471 5443 1820 5523 praedes-{iga-

243 5526 440 5578 tionem
464 5536 580 5590 vero
609 5529 656 5573 et
687 5518 1083 5590 praescientiam
1114 5511 1340 5579 relative,
1389 5511 1615 5582 ideoque
1660 5511 1812 5568 σισυ-

241 5593 475 5650 rentiam
507 5589 715 5644 adesse.

315 5673 339 5702 ο
382 5661 465 5732 α.
499 5659 780 5732 Augustin.
805 5658 1164 5732 defragdest.
1190 5664 1356 5710 sanct.
1388 5669 1437 5732 ς.
1471 5652 1554 5707 10.
1697 5720 1709 5732 ο

312 5731 340 5772 δ
369 5731 417 5788 J.
437 5725 631 5785 Scottis
646 5730 846 5799 pariter
859 5730 988 5798 Cap.
1006 5727 1120 5790 XV,
1138 5727 1192 5792 4,
1207 5725 1488 5799 etpassim.
1505 5725 1814 5799 praescien-

242 5805 376 5860 tiam
403 5812 458 5858 et
480 5792 1018 5872 praedestinationetn
1042 5816 1203 5854 unum
1234 5792 1478 5864 idemque
1505 5792 1622 5849 esse
1667 5792 1814 5845 atftr-

1915 5312 2044 5358 mat.
2099 5301 2208 5358 Sed
2238 5315 2425 5370 reapse
2449 5313 2545 5354 eae
2572 5295 2865 5370 plurimum
2909 5293 3048 5347 inter
3087 5306 3145 5346 se
3188 5288 3470 5370 differunt;

1913 5375 2167 5442 quoniam
2191 5362 2352 5426 multa
2376 5362 2768 5442 praesciuntur,
2795 5380 2933 5434 quae
2955 5377 3057 5442 non
3080 5362 3483 5442 praedestinan-

1914 5438 2024 5506 tur,
2075 5443 2212 5496 mtlla
2251 5438 2391 5496 vero
2424 5438 2904 5510 praedestinantur,
2946 5438 3047 5486 nisi
3090 5438 3477 5500 praesciantur.

1915 5512 1996 5568 Cf.
2028 5513 2396 5568 Prudentium.

1996 5597 2019 5623 θ
2059 5584 2229 5637 Probe
2242 5584 2402 5645 scias,
2428 5580 2694 5634 neminem
2715 5574 2934 5630 omnino
2955 5572 3053 5645 nisi
3081 5569 3481 5645 praevenieutis

1921 5655 2016 5710 Dei
2069 5655 2274 5724 gratiae
2325 5641 2685 5720 adspiratione
2736 5646 2924 5700 saltem
2982 5641 3180 5697 laboris
3242 5641 3477 5696 studium

1918 5740 2076 5795 posse
2127 5724 2425 5791 concipere.
