4028 6280
249 364 362 422 565

1345 376 1542 431 LIBER
1585 379 1672 434 DE
1707 381 2413 439 PRAEDESTINATIOXE.

3402 380 3506 434 366

249 479 598 536 Multimodas
621 482 785 536 etiam
814 497 989 548 voces,
1034 485 1228 554 quibus
1265 487 1431 542 Deum
1463 505 1616 544 suum
1662 492 1828 546 ratio-
1859 497 1902 556 A
1933 495 2238 561 beatitudo;
2289 497 2454 554 altera
2495 512 2639 562 vero,
2681 513 2817 567 quae
2863 515 2960 569 per
3003 500 3182 553 omnia
3232 499 3506 552 contraria

249 570 394 625 nalis
422 571 601 624 anima
625 571 929 646 signiﬁcare
956 576 1176 645 appetit,
1211 593 1373 632 unum
1405 589 1565 648 atque
1593 582 1732 637 idem
1753 583 1831 637 in-

249 675 444 725 nuere,
475 662 578 716 hoc
611 673 713 726 cst,
764 665 935 734 ipsam
967 665 1289 724 inetl‘abilem
1338 669 1613 726 Creatoris
1639 689 1825 732 esseu-

254 751 411 814 tiam,
444 754 690 820 quamvis
718 756 992 810 nominum
1026 756 1288 825 quaedam
1313 760 1530 815 relative
1555 765 1826 822 dicantur.

247 837 431 892 Motus
476 841 673 900 etenim
735 844 951 898 humani
1003 848 1184 916 animi,
1233 866 1338 920 quo
1382 851 1709 922 principium
1744 855 1828 910 sui

249 934 469 1002 repetit,
517 937 781 1004 gradatim
824 940 1118 995 ascendere
1161 943 1368 1009 nititur,
1418 944 1645 1016 ideoque
1675 945 1829 1013 juxta

249 1026 445 1081 modos
479 1028 841 1092 ascensionis‘
872 1047 1000 1086 suae
1033 1034 1181 1104 signa
1211 1037 1358 1090 vocis
1382 1038 1602 1104 invenit,
1635 1041 1830 1109 quibus

245 1131 336 1179 ea,
368 1131 510 1186 quae
537 1119 682 1174 intus
712 1121 982 1192 intelligit,
1017 1140 1208 1181 sensus
1234 1143 1413 1182 secum
1458 1134 1828 1186 conscenden-

246 1210 408 1274 tium,
435 1212 515 1265 vel
539 1215 904 1270 conscendere
928 1216 1242 1283 volentium,
1277 1221 1492 1275 caritati
1521 1223 1776 1277 obediens
1809 1226 1828 1255 ²

242 1303 446 1355 erudit.
494 1302 693 1359 Deinde
731 1307 1040 1362 contexitur
1082 1328 1094 1361 :
1128 1309 1171 1364 si
1202 1314 1404 1376 omnia,
1438 1330 1577 1382 quae
1615 1315 1679 1368 de
1716 1314 1829 1370 Deo

242 1394 656 1461 praedicantur,
686 1414 849 1452 unum
895 1410 1043 1465 sunt,
1076 1402 1207 1456 nihil
1244 1415 1423 1459 autem
1453 1415 1507 1460 et
1559 1409 1741 1462 verius
1776 1418 1831 1463 et

240 1485 530 1541 honestius
559 1487 623 1541 de
656 1489 765 1544 Deo
803 1491 1019 1556 dicitur,
1054 1510 1214 1562 quam
1241 1496 1657 1562 praedestinatio
1685 1517 1696 1551 :
1724 1515 1828 1554 una

240 1583 330 1638 est
353 1575 536 1644 igitur.
561 1576 732 1644 Quam
755 1588 808 1634 et
831 1582 1063 1636 errando
1085 1593 1314 1652 separat,
1335 1595 1388 1639 et
1407 1586 1827 1656 blasphemando

240 1674 430 1746 negat,
459 1677 620 1739 atque
660 1685 758 1740 pro
793 1688 858 1726 eo
901 1673 1034 1728 duas
1065 1691 1092 1727 a
1124 1691 1181 1728 se
1225 1676 1341 1744 ipso
1368 1677 1543 1744 ﬁnxit,
1595 1695 1824 1750 quarum

239 1771 346 1810 nec
375 1773 500 1824 una,
525 1773 624 1813 nec
649 1760 816 1816 altera
850 1771 994 1818 stare
1023 1767 1226 1836 nequit.
1265 1766 1392 1822 Jure
1420 1769 1583 1839 igitur
1609 1773 1826 1840 penitus

1931 596 2013 642 est
2043 590 2369 657 praedictae,
2397 591 2508 660 ipsa
2539 593 2682 646 enim
2706 608 2736 646 e
2756 592 2972 647 diverso
2994 609 3096 647 non
3124 593 3295 647 solum
3324 591 3505 654 edicit,

1932 680 2023 734 sed
2046 680 2210 736 etiam
2233 683 2377 752 cogit
2401 692 2700 749 peccatum,
2732 684 2874 751 quod
2904 693 2986 737 est
3014 699 3117 737 non
3144 699 3286 746 esse,
3315 683 3508 738 deinde

1932 774 2120 827 mortis
2171 775 2470 840 interitum,
2532 790 2692 843 quem
2749 777 3054 829 necessario
3115 778 3359 844 sequitur
3407 775 3478 828 mi

1931 862 2111 918 seria:
2148 864 2297 932 ipsae
2341 865 2504 933 igitur
2548 865 2763 919 sibimet
2794 866 3188 919 contradicunt.
3239 864 3293 917 Si
3328 874 3510 918 autem

1931 955 2108 1008 divina
2155 964 2366 1018 natura,
2413 973 2622 1011 summa
2669 958 2933 1020 omnium,
2973 972 3112 1026 quae
3160 965 3300 1020 sunt,
3347 970 3512 1010 causa

1933 1043 2231 1112 multiplex,
2261 1060 2380 1098 eum
2413 1046 2481 1098 sit
2512 1046 2739 1116 simplex
2761 1056 2816 1100 et
2859 1063 2982 1110 una,
3012 1045 3364 1098 saluberrime
3393 1061 3513 1098 cre-

1931 1133 2094 1196 ditur,
2126 1145 2519 1202 consequenter
2557 1153 2780 1191 necesse
2826 1146 2926 1199 est,
2969 1137 3169 1190 nullam
3213 1137 3264 1189 in
3300 1152 3357 1189 se
3397 1136 3512 1202 ipsa

1932 1225 2353 1278 controversiam
2387 1225 2626 1293 recipere
2669 1227 2942 1279 credatur.
2988 1225 3332 1293 Relinquitur
3359 1239 3510 1291 ergo,

1932 1314 1984 1366 in
2031 1315 2136 1367 Deo
2162 1316 2295 1368 duas
2324 1332 2426 1370 non
2462 1332 2576 1370 esse
2603 1319 3142 1386 praedestinationes,
3191 1332 3328 1384 quae
3373 1317 3515 1370 inter

1934 1420 1990 1458 se
2039 1406 2399 1459 discordantia
2455 1416 2508 1460 et
2560 1409 2812 1468 eiliciant.
2869 1418 2922 1462 et
2968 1409 3086 1462 fieri
3135 1417 3351 1477 cogant.
3402 1405 3514 1461 Nec

1933 1511 2116 1549 earum
2147 1497 2251 1550 ulla
2295 1497 2408 1552 tieri
2453 1508 2650 1566 potest.
2693 1499 2972 1564 Quomodo
3011 1501 3151 1552 enim
3185 1501 3422 1554 creditur
3458 1499 3513 1552 in

1931 1589 2025 1643 Dei
2082 1601 2276 1644 natura
2329 1609 2487 1646 causa
2534 1595 2842 1647 necessario
2890 1594 3091 1662 aliquid
3147 1609 3362 1662 cogens,
3419 1590 3514 1660 qui

1931 1680 2135 1744 omnia,
2174 1698 2310 1751 quae
2353 1684 2499 1747 fecit,
2546 1685 2786 1738 bonitate
2825 1685 3134 1748 voluntatis,
3161 1693 3214 1739 et
3241 1685 3515 1740 voluntate

1930 1769 2187 1824 bonitatis
2227 1787 2357 1826 suae
2403 1771 2564 1827 fecit?
2597 1771 2746 1840 cujus
2776 1773 2985 1828 bonitas
3017 1791 3110 1828 sua
3139 1783 3214 1828 est
3246 1775 3512 1842 voluntas,

241 1862 351 1912 non
383 1851 672 1918 sunt,quia
703 1867 874 1924 neque
900 1871 1076 1918 verae,
1097 1872 1270 1926 neque
1295 1856 1459 1914 falsae
1481 1870 1626 1915 sunt.
1657 1861 1825 1918 Verae
1854 1855 1901 1914 B
1930 1869 1983 1916 et
2029 1863 2275 1917 voluntas
2305 1879 2401 1918 sua
2448 1874 2529 1919 est
2566 1865 2793 1919 bonitas.

240 1938 465 2006 quidem
496 1955 602 1995 non
627 1951 771 2006 sunt,
803 1946 1057 2016 quoniam
1089 1963 1269 2012 omne,
1293 1951 1434 2017 quod
1462 1951 1675 2006 veritati
1699 1967 1826 2007 con—

243 2029 490 2094 tradicit,
520 2047 552 2084 a
597 2032 823 2087 veritate
861 2044 1094 2090 nonest.
1134 2036 1323 2103 Omne,
1351 2040 1493 2108 quod
1539 2056 1569 2095 a
1601 2043 1826 2098 veritate

239 2130 345 2181 est,
377 2136 560 2176 verum
586 2138 707 2178 esse
735 2140 952 2182 necesse
975 2136 1086 2192 est;
1115 2144 1274 2184 omne
1305 2130 1493 2201 igitur,
1522 2135 1663 2201 quod
1690 2136 1830 2190 veri-

244 2214 346 2267 tati
387 2217 730 2281 contradicit,
763 2233 950 2274 verum
984 2236 1088 2274 uon
1127 2237 1246 2278 esse
1280 2239 1501 2284 necesse
1530 2235 1632 2282 est.
1681 2227 1828 2284 Duae

241 2318 456 2376 autem,
489 2309 870 2384 G[otescalce],
903 2316 1423 2382 praedestinationes
1455 2320 1668 2376 veritati
1699 2336 1828 2376 con-

243 2389 573 2467 tradicuntf
601 2418 758 2459 verae
790 2405 950 2473 igitur
988 2421 1091 2464 non
1124 2416 1269 2463 sunt.
1307 2409 1496 2464 Falsae
1531 2426 1635 2464 non
1680 2420 1825 2466 sunt.

243 2491 424 2548 Omne
462 2496 602 2549 enim
651 2496 845 2552 falsum
897 2500 996 2553 sub
1046 2502 1274 2570 quadam
1319 2503 1669 2559 similitudine
1717 2505 1827 2560 veri

244 2585 461 2653 appetit
507 2601 646 2652 esse,
707 2591 848 2657 quod
906 2607 1010 2646 non
1056 2603 1156 2648 est.
1211 2593 1375 2664 Cujus
1419 2597 1724 2664 exemplum
1772 2599 1826 2652 in

241 2685 446 2730 natura
483 2693 661 2734 rerum
688 2691 770 2734 est
819 2682 964 2738 vocis
993 2687 1192 2755 imago,
1229 2702 1368 2754 quae
1409 2703 1438 2739 a
1466 2687 1687 2742 Graecis
1709 2691 1830 2760 ἠχώ

249 2776 500 2832 vocatur,
534 2768 832 2840 umbrath
865 2788 1172 2842 corporum,
1204 2776 1254 2828 iu
1281 2786 1398 2830 arte
1435 2792 1564 2830 vero
1593 2777 1829 2844 pictura-

247 2872 370 2910 rum
425 2856 628 2928 ﬁgurae
678 2861 730 2924 ⁸,
792 2871 1078 2931 ceteraque
1136 2865 1198 2932 id
1260 2882 1448 2935 genus.
1525 2865 1830 2924 Similitudo

247 2948 474 3012 etenim,
506 2951 602 3004 sed
631 2968 736 3006 non
770 2954 969 3019 omnis,
993 2956 1243 3010 falsitatis
1272 2974 1432 3012 causa
1457 2974 1576 3013 esse
1601 2961 1825 3016 videtur.

245 3039 332 3093 Ac
375 3053 473 3108 per
517 3039 616 3095 hoc
662 3057 841 3108 orline.
892 3046 1034 3113 quod
1079 3045 1429 3102 similitudine
1484 3047 1659 3116 aliqua
1718 3049 1829 3104 veri

245 3143 431 3201 vacat,
448 3151 552 3192 non
564 3148 648 3194 est
660 3137 871 3194 falsum.
891 3138 1431 3207 Praedestinationes,
1446 3141 1828 3216 G[otescalce].

249 3226 458 3282 nullam
507 3229 623 3283 veri
686 3229 1089 3287 similitudinem
1145 3233 1347 3289 habere
1399 3234 1825 3299 convincuntur;
1862 3209 1908 3272 ο

248 3317 425 3374 falsae
453 3319 616 3389 igitur
642 3335 746 3376 non
777 3333 922 3376 sunt.
959 3321 1064 3376 Sed
1101 3324 1230 3393 quid
1260 3325 1390 3390 sint,
1430 3341 1535 3381 non
1575 3327 1825 3383 invenio:

249 3407 390 3464 nihil
421 3409 562 3464 enim
595 3419 721 3466 sunt
747 3429 761 3466 :
793 3412 914 3481 quis
952 3425 1132 3472 autem
1178 3424 1356 3483 potest
1382 3416 1624 3471 invenire
1653 3417 1833 3474 nihil?

245 3499 553 3557 Fabulosae
597 3517 725 3572 ergo
772 3516 1038 3573 repertae.
1093 3505 1417 3562 Fabulosum
1458 3523 1691 3577 namque
1720 3518 1830 3582 est,

249 3596 400 3663 quod
432 3610 532 3650 nec
551 3612 764 3662 verum,
793 3614 892 3653 nec
917 3600 1235 3665 verisimile,
1267 3610 1325 3656 ut
1355 3603 1564 3659 volatus
1595 3604 1830 3668 Daedali,

250 3685 346 3753 qui
381 3701 657 3755 nunquam
682 3686 801 3751 fuit,
829 3705 927 3745 nec
954 3690 1068 3745 fieri
1099 3693 1289 3760 potuit.

325 3775 390 3830 II.
434 3776 530 3834 Est
561 3780 723 3834 etiam
752 3780 896 3837 aliud
936 3792 1334 3850 argumentum,
1365 3785 1508 3853 quod
1543 3785 1738 3840 dicitur
1767 3787 1836 3842 ab

254 3864 542 3924 eﬂectibtm
591 3872 658 3924 ad
692 3887 939 3936 causam,
986 3888 1093 3942 quo
1137 3874 1444 3937 conﬁcitur,
1501 3877 1635 3931 duas
1680 3893 1838 3944 prae-

256 3961 646 4019 destillationes
669 3965 762 4020 Dei
785 3983 890 4020 non
917 3982 1056 4022 esse.
1083 3965 1246 4035 Cujus
1273 3970 1574 4038 argumenti
1601 3971 1838 4027 maxime

249 4053 555 4121 propositio
574 4064 686 4110 est:
713 4057 974 4121 omnium,
998 4070 1138 4126 quae
1155 4067 1284 4114 sunt
1301 4058 1442 4113 inter
1463 4075 1519 4114 se
1538 4061 1849 4128 contraria,‘

255 4160 484 4202 necesse
511 4158 596 4203 est
637 4164 824 4204 eorum
850 4165 1042 4206 causas
1085 4151 1228 4206 inter
1261 4167 1319 4206 se
1365 4152 1481 4206 tieri
1513 4153 1836 4209 contrarias.

255 4235 437 4291 Unam
486 4239 629 4292 enim
674 4241 1007 4310 eandemque
1060 4257 1276 4296 causam
1321 4243 1532 4298 diversa
1594 4244 1734 4298 inter
1784 4260 1842 4303 se

254 4333 534 4388 contraria
581 4333 792 4390 edicere
839 4337 980 4392 ratio
1029 4339 1296 4407 prohibet.
1351 4339 1490 4405 Quid
1540 4349 1718 4394 autem
1757 4350 1840 4395 est

255 4425 596 4480 contrarium
615 4428 910 4493 .essentiae,
940 4429 1038 4482 nisi
1066 4446 1170 4484 non
1194 4431 1350 4486 esse?
1377 4430 1516 4496 Quid
1538 4431 1701 4496 vitae,
1729 4432 1836 4487 nisi

254 4515 525 4572 interire?
561 4516 696 4584 Quid
719 4517 982 4586 justitiae,
1008 4520 1112 4574 nisi
1152 4522 1469 4590 peccatum?
1497 4521 1635 4588 Quid
1671 4523 1844 4577 beati-

1998 1951 2084 2005 III.
2128 1952 2240 2007 Non
2274 1962 2356 2007 est
2389 1954 2552 2021 igitur
2596 1953 2682 2008 illa
2727 1955 3164 2024 praedestinatio,
3192 1970 3327 2024 quae
3357 1962 3515 2025 cogat

1932 2043 2227 2099 inevitabili
2268 2047 2592 2100 necessitate
2628 2062 2722 2100 sua
2753 2048 2938 2112 vitam,
2967 2046 3254 2116 justitiam,
3283 2046 3515 2102 beatitu-

1931 2133 2132 2199 dinem,
2163 2150 2261 2190 nec
2286 2136 2396 2199 illa,
2423 2152 2561 2206 quae
2587 2148 2806 2208 cogeret
2827 2139 3224 2207 praedictorum
3250 2138 3514 2209 bonorum

1933 2226 2224 2290 contraria,
2281 2227 2528 2282 videlicet
2569 2237 2821 2292 mortem,
2868 2237 3169 2298 peccaturo,
3217 2229 3511 2284 iniseriam.

1933 2313 2081 2381 Quae
2122 2316 2260 2371 ratio
2290 2316 2706 2387 enthymematis
2745 2316 2767 2347 ⁸
2798 2327 3116 2389 argumento
3153 2319 3514 2383 concluditur,

1935 2410 2076 2476 quod
2105 2423 2317 2477 semper
2339 2418 2421 2462 est
2449 2424 2477 2461 a
2503 2409 2792 2463 contrario.
2823 2407 2986 2477 Cujus
3010 2409 3302 2479 propositio
3339 2408 3359 2440 ⁵
3394 2408 3518 2464 talis

1935 2508 2037 2553 est.
2090 2497 2205 2552 Non
2258 2507 2310 2552 et
2357 2499 2495 2551 Deus
2538 2514 2746 2552 summa
2797 2499 3028 2554 essentia
3077 2500 3169 2563 sit,
3230 2508 3284 2552 et
3328 2515 3516 2553 eorum

1939 2598 2164 2652 tantum,
2199 2607 2335 2660 quae
2363 2592 2428 2644 ab
2458 2607 2522 2645 eo
2555 2599 2697 2655 sunt,
2744 2608 2904 2646 causa
2950 2607 3052 2646 non
3086 2592 3171 2646 sit.
3211 2591 3303 2645 Est
3336 2601 3515 2644 autem

1939 2683 2081 2738 Deus
2125 2700 2332 2738 summa
2383 2684 2636 2740 essentia.
2694 2684 2790 2738 Est
2827 2685 2989 2756 igitur
3041 2701 3225 2738 eorum
3285 2692 3514 2747 tantum,

1938 2791 2075 2844 quae
2112 2775 2179 2830 ab
2206 2792 2268 2830 eo
2296 2785 2437 2841 Sunt,
2480 2791 2662 2830 causa.
2697 2775 3008 2839 Peccatum,
3039 2791 3206 2838 mors,
3237 2774 3453 2828 miseria
3485 2788 3518 2828 a

1939 2866 2048 2918 Deo
2096 2881 2201 2919 non
2248 2875 2390 2919 sunt.
2447 2864 2641 2918 Eorum
2677 2866 2838 2935 igitur
2883 2882 3040 2919 causa
3091 2864 3232 2918 Deus
3263 2880 3369 2915 non
3412 2873 3514 2916 est.

1938 2956 2081 3010 Idem
2125 2971 2335 3023 quoque
2382 2956 2722 3026 syllogismus
2762 2957 2861 3009 hoc
2910 2956 3067 3009 modo
3108 2954 3444 3008 conuertitur
3475 2953 3516 3005 ⁶.

1938 3048 2054 3104 Non
2087 3059 2139 3102 et
2171 3049 2309 3106 Deus
2342 3067 2548 3114 eorum,
2578 3066 2712 3118 quae
2745 3058 2888 3114 sunt,
2922 3065 3080 3104 causa
3111 3049 3198 3112 sit,
3229 3057 3282 3100 ct
3307 3061 3516 3107 corun't,

1941 3156 2079 3209 quae
2109 3140 2241 3194 nihil
2283 3151 2425 3204 sunt,
2456 3157 2616 3196 causa
2664 3141 2754 3195 sit.
2798 3139 2890 3194 Est
2929 3149 3108 3198 autem
3147 3139 3285 3192 Deus
3328 3153 3516 3192 eorum

1941 3247 2130 3296 causa,
2161 3248 2299 3301 quae
2321 3241 2465 3286 sunt.
2499 3232 2666 3302 Igitur
2697 3249 2802 3286 non
2842 3242 2922 3288 est
2954 3246 3113 3286 causa
3144 3245 3352 3293 eorum,
3381 3243 3520 3298 quae

1939 3342 2046 3385 non
2075 3335 2212 3381 sunt.
2236 3325 2544 3389 Pcccatum,
2569 3324 2788 3393 t‘juSque
2815 3323 3050 3386 eﬂ‘ectus,
3083 3339 3228 3378 mors
3255 3319 3520 3392 profecto,

1941 3416 2028 3470 cui
2074 3416 2330 3469 adhaeret
2358 3415 2592 3477 miseria,
2626 3431 2729 3468 non
2777 3423 2920 3468 sunt.
2969 3414 3165 3470 Eorum
3216 3413 3376 3482 igitur
3421 3423 3522 3463 nec

1942 3507 2108 3572 Deus,
2138 3524 2237 3562 nec
2286 3507 2400 3573 ejus
2430 3505 2868 3576 praedestinatio,
2905 3522 3043 3578 quae
3087 3514 3187 3573 est,
3232 3504 3372 3574 quod
3405 3503 3521 3572 ipse

1936 3606 2046 3663 est,
2079 3613 2240 3652 causa
2269 3613 2386 3652 esse
2411 3606 2603 3667 potest.

2015 3688 2102 3742 IV.
2151 3687 2256 3742 Sed
2293 3689 2440 3757 quia,
2485 3688 2773 3752 haeretice,
2808 3686 2918 3754 jam
2948 3687 3012 3741 de
3050 3695 3137 3740 tua
3181 3686 3353 3756 prima
3390 3700 3522 3740 con-

1941 3781 2244 3862 gressione,
2297 3796 2398 3856 qua
2443 3778 2576 3833 duas
2621 3780 3138 3849 praedestinationes
3184 3788 3236 3832 et
3280 3793 3526 3834 asserere

1943 3873 2198 3934 mendose
2225 3872 2446 3946 coepisti
2468 3873 2732 3934 incautus,
2756 3881 2809 3924 et
2829 3871 3112 3925 defendere
3143 3870 3528 3925 contumeliose

1941 3950 2150 4032 sudasti
2188 3967 2469 4034 superbus,
2503 3975 2554 4018 et
2594 3965 2800 4018 modica
2837 3965 2856 3993 ⁷
2890 3965 3166 4018 convictus
3206 3963 3525 4017 auctoritate

1936 4058 2149 4127 fugisti,
2173 4065 2226 4112 et
2251 4055 2587 4124 apertissima
2614 4056 2838 4107 veritate
2873 4061 3173 4120 prostratus
3202 4051 3524 4116 occubuisti,

1947 4149 2314 4204 occumbendo
2364 4147 2576 4212 siluisti,
2637 4147 2841 4201 silendo
2905 4146 3200 4214 posteriora
3254 4145 3526 4213 prioribus

1942 4241 2131 4312 pejora
2180 4241 2518 4309 excogitasti,
2577 4248 2634 4292 ut
2689 4240 2741 4291 in
2793 4249 2841 4294 te
2894 4238 3178 4308 impiorum
3224 4236 3527 4289 convicium

1947 4332 2252 4400 impleatur,
2305 4330 2443 4399 quod
2476 4330 2734 4399 scriptum
2789 4337 2914 4383 est:
2958 4327 3022 4380 Et
3075 4327 3169 4380 erit
3218 4326 3527 4380 novissimus

1947 4439 2099 4478 error
2122 4423 2269 4494 pejor
2297 4424 2470 4493 priore
2492 4431 2652 4476 ει--ιιι
2678 4422 2818 4476 enim
2844 4437 2949 4474 non
2984 4431 3033 4474 te
3058 4419 3201 4490 piget
3225 4433 3440 4487 negare,
3475 4426 3530 4471 te

1951 4516 2296 4586 praedicasse
2359 4518 2495 4570 duas
2549 4513 3082 4584 praedestinationes.
3153 4512 3293 4580 quod
3350 4519 3529 4566 tamen

257 4611 486 4674 tudinis,
517 4611 620 4666 nisi
662 4613 916 4668 miseria?
956 4612 1014 4667 Si
1064 4630 1190 4684 ergo
1230 4616 1361 4669 haec
1401 4616 1582 4670 omnia
1613 4615 1755 4669 inter
1779 4632 1840 4672 se
1875 4593 1924 4651 θ
1950 4610 2151 4664 dixisse
2179 4623 2209 4661 a
2235 4607 2415 4662 multis
2442 4606 2795 4667 convinceris,
2825 4605 2894 4658 ita
2927 4619 3032 4657 non
3069 4614 3119 4656 te
3149 4602 3308 4669 pudet
3337 4602 3530 4655 iterum

255 4705 536 4759 contraria
593 4721 711 4761 esse
765 4706 1108 4762 manifestum
1163 4716 1265 4772 est,
1335 4709 1596 4776 sequitur,
1649 4715 1840 4762 eorum

227 4788 480 4867 quoque
518 4811 709 4853 causas
755 4801 898 4854 inter
921 4815 978 4854 se
1025 4799 1142 4853 ﬂeri
1175 4801 1502 4867 contrarias.
1537 4799 1654 4855 Non
1695 4801 1841 4854 enim

258 4897 356 4942 aut
381 4889 451 4942 ab
481 4905 791 4953 unacausa,
819 4901 912 4945 aut
944 4891 1150 4945 duabtts
1179 4890 1420 4958 ejusdem
1451 4893 1663 4962 generis
1692 4893 1843 4947 nasci

257 4987 512 5046 possunt.
541 4979 727 5051 Igitur,
753 4991 812 5035 ut
838 4982 1143 5036 haereticus
1171 4982 1386 5047 asserit,
1420 4985 1465 5035 si
1506 4983 1643 5038 duae
1683 4997 1842 5051 prae-

260 5071 656 5127 destinationis
681 5073 791 5128 sint
824 5074 878 5127 in
924 5073 1054 5137 Deo,
1085 5087 1317 5142 quarum
1347 5089 1472 5136 tma,
1516 5083 1572 5126 ut
1607 5072 1701 5134 ait,
1736 5087 1841 5126 non

262 5164 443 5216 solum
483 5162 664 5230 eﬁlcit,
710 5166 806 5220 sed
843 5166 1008 5220 etiam
1048 5165 1303 5218 violentia
1348 5166 1427 5218 sui
1472 5165 1615 5235 cogit
1658 5164 1842 5224 vitam,

262 5254 409 5323 quod
461 5263 544 5309 est
597 5270 739 5323 esse,
801 5256 991 5311 deinde
1037 5254 1328 5324 justitiam,
1383 5271 1542 5323 quam
1604 5254 1849 5327 sequitur

1952 4702 2219 4773 proferre,
2271 4716 2430 4756 uuam
2460 4715 2600 4763 esse,
2645 4699 2739 4754 sed
2769 4697 2983 4764 duplam
3020 4712 3034 4760 ;
3079 4695 3270 4748 scribis
3298 4693 3440 4745 enim
3473 4692 3529 4746 in

1955 4791 2324 4848 deliramentis
2365 4790 2783 4852 confessionum,
2825 4789 2988 4842 immo
3027 4787 3371 4856 perﬁdiarum
3418 4793 3533 4837 tua-

1956 4899 2100 4948 rum,
2127 4892 2380 4950 tanquam
2402 4881 2665 4950 originem
2691 4879 2892 4932 erroris
2919 4879 2988 4931 tui
3015 4875 3302 4932 defendere
3327 4873 3531 4939 volens,

1957 4975 2286 5032 sententiam
2315 4973 2562 5028 videlicet
2584 4971 2766 5026 lsidori
2800 4990 2810 5023 :
2835 4988 2852 5019 ι
2873 4969 3094 5024 Gemina
3125 4977 3206 5022 est
3234 4963 3532 5033 praedesti-

1956 5067 2104 5121 natio
2131 5066 2247 5120 sive
2269 5065 2562 5119 electorum
2587 5062 2651 5115 ad
2677 5062 2938 5130 requiem,
2962 5061 3074 5114 sive
3099 5059 3445 5127 reproborum
3463 5055 3533 5108 ad

1957 5168 2186 5213 mortem
2212 5177 2256 5219 ι,
2277 5159 2302 5196 ι)
2321 5172 2482 5228 quam
2502 5157 2578 5211 sic
2599 5156 2825 5221 exponis
2853 5171 2865 5206 :
2900 5174 2914 5204 ι
2939 5168 3042 5206 non
3069 5152 3232 5212 enim,
3267 5148 3360 5209 ait,
3395 5145 3533 5199 duae

1959 5260 2102 5314 sunt,
2119 5252 2244 5324 quia
2271 5265 2372 5301 non
2391 5257 2528 5308 sunt,
2549 5247 2638 5300 sed
2654 5245 2885 5315 gemina,
2905 5244 2953 5297 id
2971 5240 3343 5307 estbipertitai
3366 5248 3462 5275 ε-
3478 5245 3537 5290 ιιι

1549 5365 1804 5420 VARIAE
1850 5362 2252 5418 LECTIONES.

339 5463 357 5493 ¹
391 5459 485 5516 Sic
510 5461 655 5523 cod.,
688 5462 758 5516 Μ.
785 5462 1117 5516 πεεεηιὶοηὶε.

263 5533 289 5570 ⁸
321 5532 415 5593 Sic
446 5531 604 5596 Cod"
637 5533 707 5588 Μ.
733 5534 1006 5603 expositio.

1196 5462 1214 5492 ³
1245 5461 1376 5514 Cod.
1411 5459 1707 5518 oboediens,
1752 5459 1833 5513 sic
1878 5458 2100 5524 ubique.

1084 5531 1103 5564 °
1133 5530 1263 5587 Cod.
1297 5533 1604 5591 conectitur,
1633 5533 1710 5584 sic
1746 5528 1966 5597 ubique.

2181 5457 2201 5485 ³
2246 5455 2333 5509 Sic
2377 5453 2520 5516 cod.,
2569 5449 2639 5503 Μ.
2674 5449 2866 5520 ﬁgura.
2943 5448 2964 5476 "
2993 5444 3123 5500 Cod.
3167 5442 3535 5498 entimemutis.

2045 5528 2062 5557 ⁷
2099 5529 2276 5592 Cornu,
2320 5526 2439 5578 cod.
2472 5523 2678 5576 nodica.

1811 5641 2042 5703 NOTAE

345 5753 371 5780 ει
413 5739 605 5795 Matth.
637 5737 850 5806 XXVI],
885 5738 969 5791 tit.

348 5811 375 5855 δ
415 5809 602 5868 Isidor.
635 5809 866 5869 Sentent.
899 5808 992 5864 lib.
1028 5824 1082 5872 ιι,
1117 5807 1169 5865 6.

2043 5745 2064 5772 θ
2105 5731 2184 5788 Cf.
2215 5731 2448 5800 Confess.
2485 5728 2608 5782 mai.
2645 5722 2953 5783 Gatescalci.
