4028 6280
538 356 643 418 367

1875 367 2189 471 ~.IOANNIS
2227 371 2423 432 SCOTI

3672 375 3794 436 568

539 479 686 548 quid,
708 479 1167 548 impudentissime
1192 482 1458 549 ‘,debilis,
1482 487 1942 552 enervatus,omni
1971 489 2110 542 veri-
2139 496 2185 554 Α
2214 501 2328 556 εει,
2377 506 2498 546 cum
2545 493 2734 548 horum
2787 493 3027 550 omnium
3066 507 3227 551 causa
3265 489 3372 562 sit,
3422 492 3497 551 ita
3534 497 3794 551 omnium

541 573 666 625 tatis
692 571 892 626 auxilio
922 572 1185 638 desertus,
1237 574 1356 628 lites
1385 590 1632 642 renovas,
1677 577 1872 646 quibus
1899 579 2112 634 conaris

541 670 593 714 te
625 677 654 713 a
689 661 861 730 prima
885 671 975 715 tua
1001 663 1022 693 ⁸
1048 662 1131 716 illa
1160 663 1489 733 impudentia
1521 665 1752 721 latenter
1771 669 2109 734 subtrahere,

539 758 796 818 tanquam
831 752 1165 807 tolerabilius
1193 755 1282 819 sit,
1311 764 1366 808 et
1402 757 1578 810 minus
1612 758 1827 813 veritati
1872 761 2109 826 resistat,

537 840 825 909 geminam,
863 842 916 895 id
960 850 1062 907 est,
1099 843 1406 913 bipertitam
1444 847 1536 902 Dei
1568 850 2112 918 praedestinationem

538 931 878 998 praedicare,
923 947 1084 1002 quam
1117 933 1284 988 duas?
1329 934 1501 1001 Quam
1545 937 1984 1007 geminationem,
2028 941 2114 995 vel

537 1017 940 1089 bipertitionem
975 1023 996 1054 ⁸
1022 1024 1270 1093 exemplo
1295 1027 1539 1081 caritatis
1563 1029 1792 1096 probare
1813 1031 2110 1086 contendis.

546 1128 564 1160 ι
588 1107 870 1164 Taleenim
893 1131 940 1174 ι,
959 1111 1157 1181 inquis,
1179 1131 1197 1163 ι
1221 1122 1322 1177 est,
1338 1117 1478 1184 quod
1492 1117 1687 1172 dicitur
1697 1118 2116 1186 praedestinatio

544 1200 781 1270 gemina,
831 1203 882 1256 in
911 1202 1112 1258 electos
1158 1204 1405 1260 videlicet
1449 1216 1501 1259 et
1551 1207 1805 1276 reprobos
1838 1208 2114 1278 bipertita,

541 1304 663 1343 cum
695 1291 767 1345 sit
798 1307 926 1357 una,
957 1291 1084 1347 licet
1113 1293 1183 1348 sit
1209 1293 1389 1364 dupla,
1417 1295 1574 1363 quale
1606 1305 1709 1359 est,
1740 1297 1881 1365 quod
1919 1296 2118 1352 dicitur

541 1381 743 1436 caritas
774 1383 856 1436 vel
900 1383 1114 1440 dilectio
1169 1387 1402 1454 gemina,
1447 1403 1567 1441 eum
1616 1387 1802 1456 utique
1852 1403 1957 1442 non
2009 1390 2120 1443 sint

547 1474 707 1536 duae,
740 1475 832 1528 sed
885 1490 1013 1540 una,
1067 1475 1193 1531 licet
1243 1477 1314 1531 sit
1363 1478 1526 1532 etiam
1576 1488 1796 1550 propter
1845 1477 2014 1534 Deum
2062 1486 2118 1534 et

542 1567 851 1633 proximum
879 1567 1035 1637 dupla
1072 1587 1091 1620 ι
1117 1580 1165 1623 ε.

622 1677 683 1732 ν.
721 1679 766 1734 0
798 1695 957 1749 quam
1007 1695 1134 1736 vere
1179 1682 1244 1737 de
1291 1691 1342 1737 te
1391 1683 1593 1738 dictum
1645 1691 1762 1738 est:
1792 1683 1871 1737 De
1918 1683 2120 1738 locusta

546 1771 835 1839 egredietur
861 1772 1085 1827 bruchus
1113 1772 1154 1828 ‘.
1198 1774 1273 1828 De
1310 1775 1642 1845 blasphemia
1669 1785 1758 1830 tua
1809 1776 1862 1829 in
1885 1777 2116 1846 praede-

2213 583 2474 652 partium,
2500 586 2694 658 quibus
2727 594 2896 642 totum
2921 589 3228 654 conficitur,
3264 604 3386 644 cum
3413 576 3797 643 omnis‘totius

2215 684 2403 729 auctor
2427 676 2518 742 sit,
2558 680 2929 748 compactione
2952 687 3118 735 caret.
3167 679 3322 747 Quali
3372 681 3549 750 itaque
3603 681 3799 749 impu—

2217 764 2400 820 dentia
2424 783 2530 822 non
2563 770 2776 825 dubitas
2821 771 3172 841 pronuntiare
3214 771 3801 842 praedestinationem,

2213 871 2353 926 quae
2374 856 2513 913 Deus
2540 868 2645 924 est,
2680 870 2734 915 et
2760 862 3041 916 caritatem
3067 862 3369 932 bipertitas,
3401 862 3581 916 addita
3613 875 3803 930 expo-

2215 947 2432 1013 sitione,
2463 948 2517 1002 id
2567 959 2650 1003 est
2679 950 2902 1020 duplas?
2920 951 3154 1008 Proinde
3174 952 3315 1008 sicut
3338 951 3514 1007 nullus
3541 950 3799 1006 ﬁdelium

2216 1039 2376 1093 audet
2403 1040 2584 1095 dicere
2611 1041 2905 1111 geminum,
2929 1043 3042 1098 sive
3066 1043 3402 1114 bipertitum,
3426 1045 3536 1098 sive
3559 1043 3800 1114 duplum

2215 1127 2405 1193 Deum,
2439 1130 2563 1198 quia
2587 1130 2807 1201 impium
2829 1143 2932 1199 est,
2957 1134 3029 1187 ita
3055 1133 3216 1188 etiam
3237 1134 3801 1202 praedestinationcm

2215 1226 2267 1271 et
2303 1219 2586 1274 caritatem
2615 1221 2912 1293 geminare,
2941 1223 3029 1278 vel
3054 1223 3350 1294 duplicare,
3406 1224 3489 1279 vel
3537 1224 3802 1294 bipertiri

2217 1310 2534 1380 sacrilegum
2562 1320 2664 1367 est.
2694 1312 2961 1384 Quicquid
2987 1315 3131 1368 enim
3160 1315 3225 1369 de
3255 1313 3366 1369 Deo
3393 1315 3648 1379 creditur,
3683 1330 3802 1368 ne-

2217 1415 2368 1456 cesse
2398 1411 2482 1457 est
2507 1404 2573 1459 de
2594 1403 2712 1474 ejus
2733 1419 2946 1475 quoque
2970 1406 3459 1476 praedestinatione
3481 1415 3534 1461 et
3553 1406 3806 1461 caritate

2217 1493 2486 1549 credatur.

2291 1583 2380 1639 Vl.
2418 1583 2462 1639 Ο
2488 1595 2709 1640 aeterna
2753 1588 2976 1654 caritas,
3017 1599 3218 1658 quanta
3247 1589 3506 1645 caecitate
3543 1589 3808 1659 percussi

2219 1686 2364 1742 sunt,
2388 1679 2480 1747 qui
2508 1686 2560 1732 te
2586 1679 2800 1748 duplam
2823 1694 2944 1735 esse
2969 1683 3301 1751 praedicant,
3321 1685 3446 1737 'cum
3479 1681 3806 1745 inveniunt,

2219 1783 2517 1836 praecones
2548 1778 2670 1826 tuos
2695 1774 3064 1840 pronuntiare,
3097 1782 3147 1828 te
3192 1789 3310 1828 esse
3338 1773 3623 1844 geminam,
3679 1789 3808 1828 non

542 1865 884 1921 stinationem
915 1882 1132 1937 egressa
1155 1877 1236 1923 est
1260 1868 1595 1940 blasphemia
1622 1879 1710 1923 tua
1733 1870 1785 1923 in
1807 1868 2113 1934 caritatem,
2147 1847 2194 1907 Β
2223 1860 2464 1916 valenles
2494 1862 2804 1918 discernere
2836 1864 3178 1920 illlel'eCluali
3207 1866 3434 1929 νίεῖοηθν
3460 1866 3586 1934 quid
3616 1866 3668 1919 Ῑη
3681 1875 3810 1920 ωτ-

544 1954 618 2008 ita
651 1963 707 2009 ut
749 1957 943 2026 prioris
971 1958 1173 2028 peccati
1223 1973 1397 2028 poena
1447 1961 1516 2014 sit
1551 1975 1782 2029 sequens
1808 1968 2110 2028 peccatum.

545 2048 781 2103 Eandem
813 2051 994 2120 itaque
1042 2050 1198 2106 fidem
1251 2053 1448 2107 videris
1496 2054 1694 2108 habere
1745 2053 1812 2106 de
1863 2052 2114 2117 caritate,

540 2156 701 2209 quam
750 2142 1020 2211 profiteris
1076 2144 1140 2197 de
1187 2145 1724 2214 praedestinatione;
1777 2156 2063 2216 utramque
2092 2145 2115 2177 '

544 2220 807 2302 siquidem
859 2234 1074 2303 duplam
1106 2236 1304 2290 asseris
1344 2251 1482 2290 esse.
1513 2235 1795 2300 Concedis,
1840 2237 1896 2290 ni
1936 2234 2113 2301 fallor,

547 2324 592 2376 si
622 2339 726 2376 non
758 2324 980 2388 insanis,
1011 2325 1178 2378 Deum
1207 2341 1326 2380 esse
1349 2327 1652 2390 caritatem,
1687 2324 1964 2393 Scriptura
1993 2339 2116 2394 per-

541 2411 782 2476 ltibcnte,
813 2429 948 2482 quae
973 2414 1047 2468 ait
1070 2433 1082 2468 τ
1118 2415 1256 2469 Deus
1279 2426 1352 2469 est
1375 2418 1566 2470 caritas
1580 2416 1628 2468 δ.
1648 2416 1762 2470 Non
1792 2430 1988 2485 negare
2015 2430 2112 2468 au-

545 2519 637 2557 sus
663 2517 742 2569 es,
774 2507 1318 2574 praedestinationem
1349 2509 1514 2562 Deum
1537 2525 1676 2574 esse,
1704 2511 1844 2579 quod
1870 2517 2118 2580 patenter

546 2595 598 2647 in
625 2595 1050 2652 confessionibus
1073 2597 1178 2653 tuis
1202 2598 1475 2667 professus
1506 2615 1585 2654 es.
1635 2599 1745 2655 Deo
1773 2601 1916 2654 enim
1961 2613 2117 2670 prae-

544 2686 961 2745 destinationem
983 2706 1135 2746 suam
1181 2705 1523 2747 coaeternam
1554 2709 1675 2749 esse
1697 2694 1993 2764 scripsisti;
2035 2702 2116 2747 at-

544 2791 649 2846 que
674 2779 874 2833 utinam
931 2782 1215 2836 veritatem
1252 2783 1560 2839 consuleres
1611 2785 1663 2838 in
1713 2785 1928 2850 ceteris,
1977 2798 2116 2852 quae

547 2868 727 2923 dixisti
751 2869 817 2925 de
848 2872 1361 2941 praedestinatione,
1385 2875 1525 2929 sicut
1549 2875 1602 2928 in
1626 2875 1741 2945 ejus
1762 2876 1870 2930 Deo
1899 2875 1920 2906 ⁶
1954 2890 2116 2931 coae-

543 2959 817 3015 ternitate.
878 2959 1140 3016 Convenit
1185 2963 1366 3033 itaque
1397 2964 1537 3018 inter
1570 2979 1668 3018 nos
1693 2965 1759 3020 de
1805 2965 2033 3020 caritate
2062 2973 2118 3018 et

545 3047 611 3101 de
639 3051 1124 3117 praedestinatione
1146 3049 1200 3105 in
1227 3067 1314 3118 eo,
1366 3053 1507 3121 quod
1539 3061 1590 3107 et
1627 3051 1827 3108 caritas
1872 3054 2030 3117 Deus,
2061 3060 2118 3106 et

545 3142 962 3206 praedestinatio
984 3143 1147 3210 Deus,
1177 3153 1231 3200 et
1257 3161 1393 3199 unus
1436 3147 1598 3209 Deus,
1643 3161 1750 3198 una
1774 3146 2008 3200 essentia
2037 3147 2119 3202 di-

544 3232 691 3296 vina,
727 3241 967 3298 acterna,
997 3233 1472 3289 incommutabilis.
1505 3235 1738 3290 Proinde
1765 3235 1810 3289 si
1836 3237 2039 3291 caritas
2062 3245 2117 3292 et

545 3324 962 3391 praedestinatio
979 3325 1342 3381 essentialiter
1369 3328 1432 3381 de
1463 3328 1569 3382 Deo
1591 3327 2002 3395 praedicantur;
2034 3343 2119 3384 es-

541 3417 711 3469 sentia
745 3426 920 3472 autem
949 3418 1129 3473 divina
1151 3420 1298 3475 nullo
1319 3421 1600 3476 Catholico
1629 3422 1908 3477 dubitante
1934 3423 2116 3480 unitas

541 3515 645 3572 est,
676 3523 881 3561 summa
929 3519 984 3564 et
1020 3526 1144 3565 vera
1171 3512 1407 3566 caritas:
1439 3513 1615 3579 itaque
1650 3520 1705 3566 et
1741 3511 2115 3582 praedestina-

542 3601 615 3653 tio
633 3601 808 3654 unitas
833 3611 914 3656 est
940 3601 982 3654 ⁷.
1015 3602 1184 3670 Quae,
1217 3603 1261 3658 si
1292 3620 1413 3665 una,
1443 3612 1498 3658 et
1528 3604 1634 3659 sola
1685 3613 1768 3659 est
1811 3605 2114 3661 incommu-

547 3692 746 3757 tabilis,
780 3709 1003 3749 numero
1032 3709 1218 3750 carere
1249 3711 1471 3750 necesse
1517 3705 1618 3760 est,
1649 3713 1771 3750 cum
1802 3696 1870 3751 ab
1919 3713 1980 3753 ea
2004 3699 2114 3754 sint

529 3779 726 3837 ‘omnes
777 3785 1022 3849 numeri;
1053 3784 1216 3854 quod,
1270 3786 1312 3839 si
1345 3785 1828 3842 commutabilitate
1851 3787 1873 3818 ⁸
1905 3798 2110 3857 careat,

540 3871 883 3941 multiplicari
909 3890 1013 3929 non
1071 3883 1271 3945 potest.
1300 3876 1513 3930 Primus
1569 3877 1847 3947 multiplex
1879 3888 1962 3934 est
2015 3881 2113 3935 du-

536 3965 686 4033 plus;
742 3967 899 4036 dupla
957 3967 1117 4037 igitur
1146 3984 1252 4023 non
1291 3976 1372 4022 est
1417 3969 1617 4031 unitas,
1649 3985 1792 4038 quae
1818 3977 1903 4025 est
1925 3970 2111 4025 divina

533 4055 856 4110 substantia.
892 4055 1317 4113 Praedestinatio
1345 4059 1709 4114 essentialiter
1728 4060 1796 4114 de
1821 4061 1932 4114 Deo
1956 4076 2112 4130 prae-

535 4145 702 4199 dicari
735 4162 838 4200 non
861 4155 944 4201 est
966 4146 1206 4202 dubium.
1239 4149 1485 4202 Essentia
1513 4159 1692 4204 autem
1717 4151 1913 4206 unitas.
1940 4149 2106 4207 Prae-

533 4233 819 4291 destinatio
850 4237 1012 4307 igitur
1043 4237 1242 4291 unitas.
1279 4236 1470 4292 Unitas
1497 4238 1654 4308 dupla
1680 4254 1787 4292 non
1816 4248 1920 4294 est.
1946 4239 2109 4296 Prae-

535 4325 824 4382 destinalio
851 4328 1033 4396 itaque
1057 4327 1214 4396 dupla
1245 4344 1355 4382 non
1393 4339 1498 4384 est.
1522 4330 1600 4384 Ac
1629 4346 1724 4400 per
1754 4332 1856 4386 hoc
1882 4346 1986 4386 nec
2018 4348 2110 4401 ge-

532 4420 697 4473 mina.
745 4419 1025 4486 Quomodo
1054 4421 1197 4474 enim
1229 4422 1298 4475 sit
1324 4422 1636 4492 geminatio,
1667 4423 1754 4477 ubi
1784 4440 1890 4480 non
1917 4425 1988 4478 sit
2011 4440 2110 4478 nu-

2219 1951 2291 2006 sit
2318 1951 2460 2005 inter
2490 1963 2545 2005 te
2594 1961 2648 2006 et
2673 1962 3020 2023 praeceptum
3051 1956 3157 2010 tui!
3222 1955 3573 2025 Praeceptum
3625 1963 3802 2008 tuum

2219 2040 2550 2095 dominatrix
2590 2043 2965 2112 potentissima
2990 2045 3250 2113 geminari
3281 2045 3496 2108 dicitur,
3519 2044 3801 2113 quoniam

2216 2131 2284 2186 ad
2313 2141 2367 2186 te
2392 2132 2562 2202 ipsam
2591 2133 2787 2204 primo,
2813 2150 2952 2204 quae
2972 2136 3114 2190 Deus
3157 2151 3238 2202 es,
3271 2136 3515 2206 dirigitur
3537 2176 3551 2200 ,
3587 2137 3804 2190 deinde

2219 2225 2285 2279 ad
2316 2225 2645 2294 proximum,
2675 2241 2796 2280 cum
2818 2235 2872 2280 et
2893 2235 2946 2281 tu
2969 2226 3207 2296 diligeris
3239 2227 3291 2281 in
3321 2226 3430 2281 illo.
3466 2225 3600 2280 Nihil
3628 2228 3804 2280 enim

2217 2324 2431 2370 amatur
2452 2317 2502 2370 in
2531 2317 2799 2382 omnibus,
2830 2319 2935 2372 nisi
2961 2317 3193 2382 dilectio,
3219 2333 3355 2386 quae
3370 2326 3425 2371 tu
3448 2333 3507 2372 es
3527 2316 3799 2385 simplex,

2219 2406 2518 2473 individua,
2552 2408 3114 2477 incommutabilisque
3177 2408 3496 2472 substantia,
3553 2415 3605 2461 et
3649 2405 3811 2460 nihil

2219 2495 2464 2566 perfecte
2514 2497 2705 2568 diligit,
2759 2498 2859 2552 nisi
2911 2507 2986 2562 tu,
3037 2497 3310 2552 vinculum
3349 2498 3641 2559 insolubile,
3680 2511 3808 2566 quo

2220 2586 2566 2640 continentur
2614 2587 2816 2640 omnia.
2850 2586 2927 2641 Tu
2956 2587 3139 2656 itaque
3164 2586 3359 2656 diligis,
3416 2595 3468 2640 tu
3518 2586 3806 2656 diligeris;

2220 2678 2450 2747 ideoque
2478 2688 2826 2750 praeceptum
2866 2688 3012 2733 tuum
3044 2680 3316 2749 geminum
3345 2679 3554 2734 dicitur.
3584 2678 3830 2734 Partim'

2219 2771 2485 2841 siquidem
2505 2771 2683 2840 iubes,
2716 2780 2774 2825 ut
2798 2771 2941 2826 nulla
2968 2773 3280 2841 interposita
3310 2781 3497 2826 natura
3545 2771 3809 2841 diligaris

2220 2864 2276 2918 in
2309 2866 2586 2934 temetipsa
2627 2865 2692 2929 ιι,
2717 2865 2913 2934 partim
2941 2863 3256 2935 interposita
3279 2875 3456 2918 creata
3481 2871 3668 2916 natura
3706 2863 3804 2917 di-

2221 2954 2406 3024 ligaris
2426 2954 2479 3008 in
2507 2954 2773 3024 proximo.
2815 2952 3064 3023 Nunquid
3110 2960 3328 3023 propter
3368 2951 3493 3018 hoc,
3517 2951 3806 3006 individua

2222 3043 2423 3104 unitas,
2447 3041 2705 3098 debemus
2736 3050 2787 3096 te
2813 3042 3038 3098 credere
3057 3055 3175 3097 esse
3200 3039 3510 3112 geminam?
3537 3038 3808 3110 Nunquid

2222 3143 2406 3190 noster
2431 3149 2586 3189 amor
2609 3133 3049 3204 multiplicabitur
3077 3133 3371 3188 secundum
3389 3146 3673 3186 numerum
3713 3146 3806 3186 re-

2224 3244 2364 3293 rum,
2391 3242 2528 3298 quas
2550 3225 2833 3281 amamus?
2862 3224 3050 3280 Nonne
3073 3224 3262 3280 eodem
3293 3238 3476 3278 amore
3515 3222 3806 3293 diligimus

2219 3319 2422 3384 omnia,
2451 3332 2590 3388 quae
2620 3317 2906 3389 diligimus,
2934 3331 3055 3370 cum
3085 3329 3222 3370 unus
3247 3323 3408 3384 atque
3456 3313 3597 3368 idem
3625 3328 3798 3368 amor

2220 3425 2327 3464 non
2358 3409 2655 3478 aequaliter
2705 3408 2954 3463 omnibus
2997 3405 3359 3470 distribuitur,
3409 3405 3530 3459 aliis
3592 3405 3803 3475 quippe

2218 3500 2355 3571 plus,
2389 3501 2512 3556 aliis
2534 3501 2711 3556 minus
2732 3500 3190 3564 accommodatur,
3237 3497 3358 3567 ipso
3403 3506 3581 3551 tamen
3623 3496 3681 3550 in
3737 3512 3802 3552 se

2218 3591 2335 3661 ipso
2369 3591 2483 3647 sine
2510 3600 2818 3661 augmento,
2845 3590 2963 3645 sine
2993 3589 3322 3644 detrimento
3350 3596 3525 3642 status
3556 3587 3637 3642 sui
3670 3602 3796 3640 ma-

2217 3694 2400 3740 nente.
2461 3685 2578 3741 Non
2641 3687 2783 3740 enim
2843 3684 2947 3740 alio
3005 3698 3193 3739 amore
3259 3681 3511 3752 jubemur
3566 3680 3801 3751 diligere

2218 3778 2410 3842 Deum,
2435 3787 2491 3832 et
2522 3778 2630 3832 alio
2655 3777 2876 3848 diligere
2900 3776 3244 3846 proximum,-
3297 3772 3470 3844 neque
3492 3782 3646 3843 parte
3679 3789 3792 3826 una

2213 3870 2374 3923 unius
2402 3869 2603 3923 amoris
2629 3869 2987 3938 praecipimur
3004 3867 3297 3921 adhaerere
3326 3864 3601 3928 Creatori,
3630 3873 3792 3933 parte

2215 3961 2382 4016 altera
2415 3962 2709 4015 adhaerere
2731 3969 3015 4014 creaturae
3044 3975 3058 4012 :
3094 3959 3186 4013 sed
3209 3973 3315 4012 uno
3343 3957 3644 4026 eodemque
3670 3964 3788 4009 toto

2213 4061 2270 4108 et
2296 4053 2464 4108 Deum
2487 4062 2542 4107 et
2589 4053 2889 4122 proximum
2944 4050 3202 4105 debemus
3251 4047 3521 4117 amplecti.
3559 4045 3798 4100 Praece-

2211 4153 2360 4215 ptum
2389 4145 2552 4215 igitur
2574 4144 2816 4199 caritatis
2843 4153 2926 4197 est
2945 4143 3234 4213 geminum,
3262 4156 3366 4196 non
3397 4140 3509 4210 ipsa
3536 4140 3741 4194 caritas
3767 4179 3786 4204 ,

2210 4245 2266 4292 et
2293 4237 2416 4292 ideo
2470 4235 2762 4306 geminum,
2807 4233 2930 4304 quia
2959 4233 3079 4288 talis
3104 4231 3402 4288 differentia
3430 4239 3516 4285 est
3539 4229 3594 4282 in
3624 4244 3793 4297 prae-

2209 4336 2386 4398 cepto,
2423 4335 2482 4382 ut
2507 4327 2648 4381 Deus
2673 4326 2925 4396 diligatur
2953 4333 3171 4394 propter
3200 4323 3573 4393 semetipsum,
3602 4321 3792 4390 proxi-

2210 4433 2332 4472 mus
2383 4432 2515 4472 vero
2562 4433 2666 4474 non
2722 4423 2944 4487 propter
2989 4415 3361 4485 semetipsum,
3420 4414 3513 4468 sed
3565 4422 3796 4483 propter

533 4524 719 4600 merus
770 4517 823 4563 et
847 4509 1167 4578 pluralitas?
1196 4510 1384 4565 Divina
1423 4513 1602 4566 unitas
1623 4529 1908 4569 numerosa
1959 4521 2108 4569 caret
2131 4551 2183 4611 Β
2212 4509 2402 4565 Deum.
2433 4509 2644 4565 Caritas
2669 4509 2832 4579 igitur
2873 4509 2925 4563 in
2951 4507 3201 4564 omnibus
3245 4507 3433 4570 Deum,
3478 4505 3532 4561 id
3567 4516 3672 4569 est,
3726 4520 3790 4560 se

534 4586 861 4668 pltiralitale.
891 4599 1053 4654 Caret
1074 4601 1236 4670 igitur
1262 4601 1596 4671 duplicitate.
1631 4601 1838 4659 Similis
1867 4605 2009 4659 ratio
2037 4605 2103 4660 de

530 4688 876 4759 bipertitione
899 4690 942 4742 ⁹.
978 4689 1034 4743 Si
1072 4690 1491 4759 praedestinatio
1528 4691 1594 4745 de
1623 4691 1830 4746 unitate
1883 4693 2104 4748 divinae

531 4779 866 4834 substantiae
917 4782 1218 4837 rectissime
1251 4781 1617 4852 praedicatur,
1666 4793 1721 4836 et
1762 4782 1940 4837 omnis
1975 4797 2102 4838 vera

531 4870 712 4924 unitas
741 4871 975 4940 partium
1005 4873 1074 4926 sit
1111 4887 1323 4942 expers,
1353 4873 1776 4942 praedestinatio
1811 4874 1993 4942 itaque
2021 4874 2104 4928 bi-

529 4961 724 5028 pertita
763 4961 804 4992 ¹⁰
837 4979 938 5017 non
971 4972 1070 5028 est,
1095 4964 1217 5032 quia
1245 4963 1493 5034 partibus
1527 4963 1821 5032 composita
1859 4979 1967 5019 non
1992 4973 2097 5020 est.

535 5048 689 5106 Sicut
715 5055 857 5106 enim
883 5054 1058 5108 divina
1079 5063 1268 5109 natura
1290 5069 1566 5125 generum,
1587 5068 1881 5123 eorumque
1901 5053 2101 5110 forma-

529 5159 674 5212 rum,
705 5141 1154 5211 differentiarum,
1183 5160 1530 5202 numerorum
1556 5159 1772 5216 quoque
1795 5159 1966 5215 capax
1990 5160 2097 5199 non

2215 4601 2386 4671 ipsam
2411 4600 2602 4670 diligit,
2632 4609 2688 4655 et
2734 4601 2786 4654 in
2812 4615 2877 4656 ea
2907 4599 3052 4656 nulla
3095 4599 3386 4672 geminatio
3413 4606 3514 4664 est,
3563 4612 3629 4652 ac
3685 4611 3788 4667 per

2212 4691 2318 4748 hoc
2366 4691 2508 4745 nulla
2541 4691 2851 4762 duplicatio.

2287 4782 2396 4839 Vll.
2438 4782 2754 4838 Confectum
2801 4790 2886 4838 est
2928 4783 3112 4853 itaque
3141 4789 3458 4854 argumento
3507 4781 3784 4846 caritatis,

2211 4874 2339 4943 quid
2384 4875 2628 4944 accipere
2654 4874 2914 4930 debemus
2934 4875 3002 4930 de
3027 4875 3390 4944 geminatione
3411 4875 3784 4944 praedestina-

2213 4965 2396 5031 tionis,
2421 4981 2562 5035 quae
2587 4966 2838 5021 similiter
2865 4966 2919 5020 in
2953 4965 3240 5034 semetipsa
3267 4980 3368 5020 nec
3413 4966 3653 5035 gemina,
3683 4979 3784 5019 nec

2205 5057 2480 5127 bipertita,
2538 5074 2636 5113 nec
2681 5057 2839 5128 dupla
2879 5066 2984 5123 est,
3027 5057 3274 5126 quamvis
3301 5056 3549 5112 videatur
3602 5056 3781 5126 aliqua

2205 5144 2506 5202 differentia
2534 5148 2587 5202 in
2617 5147 2899 5203 eliectibus
2920 5145 3036 5216 ejus
3076 5147 3370 5204 secundum
3401 5148 3642 5203 rationes
3672 5145 3778 5200 mi-

1793 5257 2051 5314 VARIAE
2086 5257 2485 5318 LECTIONES.

601 5381 618 5411 ¹
648 5379 741 5434 Sic
788 5378 947 5442 cod.,
1002 5376 1072 5431 M.
1119 5378 1587 5448 imprudentissme.

1707 5381 1728 5411 θ
1770 5379 1861 5435 Sic
1907 5380 2065 5444 cod.,
2119 5389 2210 5434 tua
2259 5396 2367 5436 om.
2407 5381 2476 5435 M.

2578 5379 2598 5410 ⁸
2639 5377 2731 5434 Stc
2785 5380 2903 5435 cod.
3012 5378 3033 5410 "
3069 5375 3200 5434 Cod.
3251 5378 3458 5433 brumas.
3585 5380 3607 5411 '
3643 5380 3776 5434 Cod.

528 5461 804 5518 utrunque,
833 5449 912 5502 sic
938 5449 1156 5515 ubique.
1194 5447 1199 5448 ⁷
1233 5447 1254 5479 ⁶
1277 5447 1533 5519 Sic_eod.,
1562 5450 1666 5502 Deo
1686 5466 1792 5504 om.
1823 5451 1890 5503 M.
1966 5452 1986 5482 ⁷
2010 5450 2179 5519 Conj..
2205 5451 2324 5505 cod.
2355 5449 2942 5515 praedestinatiounitas
2968 5459 3107 5511 sunt,
3137 5449 3204 5502 Μ.
3229 5467 3279 5518 p.
3311 5467 3365 5503 u.
3390 5451 3477 5503 sit.
3554 5450 3576 5481 ⁸
3595 5450 3774 5515 Conj.,

527 5522 647 5575 emi.
671 5517 1218 5590 incommutabilitate
1301 5517 1320 5547 ⁹
1362 5517 1451 5571 Sic
1473 5521 1615 5584 cod.,
1649 5520 1716 5573 Μ.
1746 5522 2042 5590 {ripa-tione.
2121 5517 2166 5554 ίο
2186 5522 2275 5576 Sic
2325 5522 2438 5576 fere
2467 5521 2664 5588 ubique
2686 5522 2804 5574 cod.
2830 5521 3088 5590 bipertita,
3135 5517 3256 5576 raro
3282 5520 3545 5589 bipertita.

526 5591 670 5654 cod.,
700 5589 770 5642 M.
793 5589 914 5641 item
960 5598 1006 5641 el
1036 5589 1169 5657 ipsa.

3624 5522 3664 5551 “
3685 5519 3776 5575 Sic

2052 5679 2298 5738 NOTAE.

604 5809 628 5836 ιι
667 5793 952 5852 Confessio
975 5793 1277 5851 Gotescalci
1308 5795 1340 5850 Ι.

2262 5799 2290 5840 δ
2323 5797 2476 5855 Joan.
2511 5799 2598 5863 IV,
2628 5797 2711 5852 16.
