4028 6280
167 337 289 403 $69

1273 332 1476 391 LIBER
1514 327 1603 387 DE
1638 322 2355 388 PRAEDESTINATIONE.

3339 335 3446 396 370

170 459 518 522 sericordiae
545 462 708 528 atque
729 451 994 527 iustitiae.
1023 453 1142 510 llna
1172 453 1436 525 siquidem
1462 426 1769 520 eademque
1790 454 1840 514 Α
1869 449 2017 504 tabili
2038 428 2065 481 ’⁷
2104 459 2321 504 aeterna
2360 446 2850 518 praedestinatione
2889 449 3106 509 divinae
3146 454 3443 511 voluntatis

172 549 685 629 praedestinatione
732 564 828 604 sua
854 548 999 602 Deus
1021 545 1198 616 justus
1224 552 1279 600 et
1303 544 1635 606 misericors,
1662 558 1760 614 po-

174 658 312 705 tens
330 646 385 701 in
416 642 687 706 omnibus,
710 640 777 695 de
797 653 974 694 massa
1020 636 1236 692 humani
1265 636 1498 707 generis,
1526 634 1763 705 origina-

175 737 312 793 liter
344 736 397 789 in
424 731 656 796 cunctis,
713 738 942 799 excepto
973 727 1211 792 Christo,
1244 727 1456 791 vitiata,
1502 724 1763 796 quosdam

176 826 366 898 elegit,
395 822 592 895 quibus
621 821 845 876 daturus
871 817 1066 884 fuerat,
1094 817 1237 887 quod
1269 832 1296 870 a
1328 817 1634 886 semetipsis
1657 830 1764 870 non

179 914 457 980 habituri,
490 912 542 969 id
592 920 696 976 est,
748 912 887 966 dona
917 924 1035 975 sua,
1073 909 1268 979 quibus
1297 915 1479 963 essent
1538 907 1764 973 victuri;

178 1006 454 1080 quosdam
489 1002 710 1073 reliquit
742 1002 780 1066 ⁸,
814 1001 905 1070 qui
942 1016 973 1056 a
1018 1000 1323 1069 semetipsis
1355 999 1621 1054 inventuri
1646 994 1769 1070 pec?

179 1111 306 1157 cata
354 1114 472 1162 sua,
521 1096 716 1166 quibus
741 1101 924 1149 essent
966 1092 1215 1164 perituri.
1260 1091 1368 1147 illis
1424 1091 1593 1157 dedit,
1626 1090 1769 1145 unde

182 1188 470 1248 boatitudo
496 1193 641 1241 esset
668 1183 871 1248 futura,
899 1182 1018 1238 istis
1052 1198 1159 1239 non
1189 1182 1358 1247 dedit,
1386 1181 1479 1237 sed
1500 1181 1771 1252 permisit,

183 1283 332 1337 unde
381 1278 597 1334 miseria
617 1291 805 1331 eorum
851 1289 1053 1346 poenas
1083 1289 1309 1345 passura
1342 1274 1386 1327 ’.
1414 1274 1521 1329 Illis
1543 1289 1648 1328 non
1673 1272 1769 1339 illi,

183 1373 284 1430 sed
308 1372 428 1442 ipse
456 1367 807 1441 praeparavit
842 1368 1029 1431 vitam,
1056 1365 1176 1421 istis
1208 1381 1310 1420 non
1357 1366 1492 1436 ipse,
1526 1364 1623 1420 sed
1669 1363 1771 1434 ipsi

183 1466 662 1534 praeparaverunt
686 1465 935 1513 mortem.
963 1456 1076 1511 lllis
1096 1455 1237 1511 illius
1264 1456 1572 1511 misericors
1604 1455 1764 1511 boni-

187 1567 278 1614 tas
306 1568 476 1611 causa
503 1551 605 1606 fuit
629 1549 907 1620 regnandi,
957 1548 1077 1603 istis
1119 1563 1215 1602 sua
1250 1548 1470 1617 propria
1520 1546 1770 1616 superbia

190 1660 362 1703 causa
411 1642 515 1697 fuit
557 1651 612 1697 et
681 1639 908 1695 ell‘ectus
963 1637 1259 1694 cruciandi.
1319 1638 1509 1692 Cetera
1557 1651 1773 1707 quoque

190 1733 466 1804 exempla,
492 1744 632 1802 quae
651 1730 718 1785 ad
748 1727 1176 1800 complicandam
1208 1726 1596 1783 absurdissime
1617 1740 1775 1797 prae-

188 1824 618 1881 destinationem
666 1819 931 1884 cumulas,
975 1817 1096 1887 plus
1147 1817 1450 1872 dementiae
1502 1827 1624 1871 tuae
1649 1824 1776 1872 sunt

192 1915 420 1976 indicia,
447 1926 610 1983 quam
633 1909 835 1966 erroris
854 1907 950 1963 tui.
978 1908 1094 1972 Dic,
1123 1921 1324 1976 quaeso
1354 1907 1375 1938 ⁸
1394 1947 1409 1972 ,
1438 1922 1543 1977 qua
1573 1907 1781 1963 ratione

182 2004 480 2076 sumpsisti
509 2011 884 2075 argumentum
938 2000 1007 2055 ab
1055 2014 1217 2071 opere
1266 1998 1361 2055 Dei
1406 1999 1656 2070 bipertito
1711 2001 1779 2055 ad

192 2097 534 2155 suadendam
572 2090 1084 2164 praedestinationis
1136 2101 1191 2146 et
1218 2091 1465 2147 caritatis
1511 2090 1780 2162 duplicem

192 2188 696 2260 complicationem,
729 2200 850 2240 cum
878 2200 1013 2256 Opus
1035 2184 1131 2239 Dei
1162 2184 1232 2239 sit
1259 2199 1629 2251 numerosum,
1650 2185 1780 2257 quia

192 2291 447 2339 creatum
505 2286 606 2345 est,
638 2276 1065 2350 praedestinatio
1088 2290 1219 2333 vero
1271 2284 1327 2332 et
1367 2276 1590 2344 caritas,
1640 2278 1782 2334 sicut

193 2375 534 2449 pluralitate,
567 2373 641 2427 ita
663 2370 829 2426 etiam
855 2368 1248 2425 numerositate
1278 2369 1489 2424 carent?
1528 2367 1782 2440 Nunquid

194 2466 329 2538 quia
369 2479 505 2534 opus
532 2463 798 2527 divinum,
830 2461 883 2516 id
909 2469 993 2516 est
1032 2459 1356 2515 universitas
1387 2471 1779 2528 creaturarum,

195 2557 355 2613 verbi
405 2554 578 2626 gratia
616 2553 670 2608 in
701 2552 836 2607 duas
858 2549 1011 2622 quasi
1038 2549 1363 2620 principales
1383 2551 1594 2620 species
1640 2550 1783 2604 divi-

195 2648 372 2712 ditur,
399 2641 733 2715 spiritualem
761 2639 1013 2696 videlicet
1037 2648 1093 2695 et
1116 2639 1473 2711 corporalem,
1498 2647 1782 2709 propterea

197 2749 463 2807 cogemur
513 2729 1086 2803 praedestinationem,
1142 2743 1247 2798 qua
1285 2730 1426 2784 Deus
1490 2744 1652 2800 opera
1686 2743 1781 2784 sua

199 2834 386 2889 futura
420 2829 704 2902 disposuit,
733 2826 1049 2898 duplicare?
1085 2825 1235 2893 Quod
1290 2826 1332 2880 si
1370 2825 1633 2897 cogimur,
1684 2840 1781 2880 ne-

197 2925 447 2982 cessario
483 2933 539 2980 et
562 2920 916 2993 quadruplam
948 2919 1170 2975 credere
1196 2917 1614 2989 compellemur,
1650 2934 1785 2989 quo-

199 3019 353 3075 niam
378 3015 709 3087 Augustinus
730 3013 783 3068 in
809 3011 1084 3083 opusculis
1112 3010 1256 3067 suis:
1289 3030 1307 3062 ‹
1339 3009 1515 3083 Opera
1543 3010 1722 3065 divina
1735 3029 1780 3078 ι,

197 3111 401 3183 inquit,
436 3126 455 3160 ι
488 3122 629 3179 quae
678 3104 857 3162 secula
904 3102 1112 3159 creavit
1160 3111 1215 3156 et
1242 3102 1528 3173 gubernat,
1565 3102 1784 3173 quadri-

1866 539 2444 609 omnipotentissimae,
2467 554 2606 610 quae
2622 556 2908 612 nunquam
2931 559 3304 615 nusquamque
3332 546 3441 601 fal-

1865 632 2015 697 litur,
2059 632 2300 687 tractari.
2346 629 2451 686 Sed
2502 633 2568 686 de
2623 633 2953 703 proprietate
2982 632 3126 689 illius
3178 635 3440 703 haeresis,

1867 738 2005 793 quae
2028 738 2143 778 eam
2173 722 2398 789 lacerat,
2425 723 2574 793 prius
2600 722 2908 780 dicendum.
2934 724 3081 783 Haec
3107 727 3270 799 igitur
3309 730 3441 785 hae-

1869 816 2003 870 resis
2026 813 2436 880 Gotescalcana,
2467 814 2511 869 si
2543 814 2633 869 tali
2665 816 2884 871 nomine
2910 825 3087 887 potest
3128 819 3330 886 vocari,
3363 821 3445 877 in-

1871 913 1953 959 ter
1974 904 2109 959 duas
2138 904 2271 958 alias
2303 903 2586 972 haereses,
2641 904 2743 960 sibi
2786 905 3014 962 invicem
3067 907 3442 977 adversantes,

1870 997 2175 1053 medietatis
2191 997 2312 1053 loco
2333 1000 2622 1055 constituta
2645 1010 2751 1067 est,
2769 1001 2912 1057 inter
2932 1001 3078 1057 illam
3102 1003 3280 1073 plane,
3302 1021 3444 1076 quae

1871 1090 2068 1146 dicitur
2089 1090 2396 1160 Pelagiana,
2425 1102 2481 1148 et
2504 1092 2667 1159 illam,
2701 1109 2839 1165 quae
2875 1096 2927 1151 ei
2972 1108 3263 1170 repugnat;
3309 1115 3447 1171 qua-

1872 1196 1990 1234 rum
2021 1174 2126 1235 una
2158 1181 2300 1237 dono
2329 1182 2543 1237 divinae
2576 1184 2784 1256 gratiae
2812 1186 3056 1257 derogat,
3086 1188 3257 1245 altera
3284 1190 3448 1246 libet'b

1875 1279 2038 1326 tatem
2065 1269 2272 1326 arbitrii
2298 1273 2641 1330 condemnat.
2675 1274 2966 1349 Pelagiana
2988 1277 3251 1349 siquidem
3293 1289 3443 1337 secta

1872 1362 2177 1419 libertatem
2209 1365 2420 1420 arbitrii
2439 1366 2720 1422 rationalis
2745 1377 2974 1426 naturae
2995 1370 3051 1427 in
3079 1380 3287 1427 tantum
3302 1387 3454 1429 com-

1874 1455 2109 1520 mendat,
2143 1464 2201 1510 ut
2234 1456 2350 1511 sine
2374 1457 2517 1514 dono
2546 1458 2754 1527 gratiae
2774 1459 2841 1514 ad
2865 1461 3250 1531 perficiendam
3274 1464 3451 1520 homi-

1874 1544 1959 1598 nis
1980 1543 2247 1613 justitiam
2279 1545 2523 1601 sulliciat.
2549 1546 2680 1617 Ejus
2704 1564 2835 1605 vero
2855 1559 3003 1606 secta
3030 1553 3303 1608 contraria
3330 1568 3451 1625 gra-

1876 1637 2043 1693 tuitae
2071 1638 2281 1708 gratiae
2303 1638 2501 1695 donum
2519 1638 2829 1707 confirmat,
2854 1650 2915 1697 ut
2938 1641 3138 1701 eoaolo
3160 1643 3215 1697 in
3235 1644 3453 1700 homine

1876 1735 2158 1798 operante,
2208 1729 2353 1784 omni
2406 1737 2601 1785 conatu
2658 1730 2814 1786 liberi
2866 1730 3077 1787 arbitrii
3115 1739 3451 1804 contempto,

1803 1813 1851 1875 B
1879 1819 2057 1875 omnis
2081 1819 2254 1874 ﬁdelis
2298 1819 2572 1891 fastigium
2596 1820 2840 1891 justitiae
2868 1822 3167 1891 contingat.
3201 1820 3316 1879 Una
3347 1820 3452 1893 igi-

1883 1918 1988 1975 tur,
2021 1919 2082 1965 ut
2107 1910 2308 1965 dictum
2331 1920 2437 1977 est,
2487 1912 2685 1966 donum
2708 1912 2913 1983 gratiae
2938 1911 3257 1977 contemnit,
3285 1911 3456 1967 altera

1881 2003 2081 2059 donum
2135 2003 2402 2060 libertatis
2450 2004 2689 2071 arbitrii;
2723 2003 2913 2061 ambae
2970 2004 3246 2076 impietate
3272 2018 3452 2076 pares,

1880 2102 2029 2149 secta
2048 2109 2181 2152 vero
2204 2086 2464 2165 dispares.
2499 2094 2645 2150 Haec
2675 2104 2875 2161 autem,
2931 2094 2998 2151 de
3026 2111 3131 2167 qua
3161 2109 3305 2150 nunc
3332 2094 3453 2166 agi.

1881 2194 1989 2253 tur,
2024 2188 2102 2243 sic
2130 2197 2215 2243 est
2238 2188 2291 2242 in
2322 2188 2499 2243 medio
2526 2189 2666 2242 inter
2691 2198 2948 2257 utrasque
3002 2187 3308 2257 praedictas
3338 2193 3457 2242 tan-

1881 2293 2043 2349 quam
2074 2280 2448 2334 extremitates
2479 2280 2618 2332 inter
2639 2292 2698 2333 se
2717 2276 3020 2333 contrarias
3049 2276 3362 2346 conjuncta,
3392 2283 3455 2333 ut

1880 2369 2014 2440 ipsis
2049 2372 2247 2440 partim
2303 2361 2627 2433 consentiat,
2675 2367 2874 2438 partim
2920 2367 3278 2432 contradicat,
3328 2366 3457 2438 prd-

1879 2464 2167 2534 priumque
2225 2463 2326 2517 sibi
2372 2461 2697 2528 vindicet",
2746 2460 2889 2531 quod
2922 2461 3068 2532 ipsas
3103 2476 3209 2517 non
3260 2461 3461 2517 habere

1882 2555 2188 2609 contendat.
2243 2552 2379 2608 Dum
2433 2554 2576 2608 enim
2636 2554 2876 2608 omnium
2930 2553 3214 2619 virtutum,
3264 2552 3462 2623 quibus

1879 2645 2195 2715 pervenitur
2236 2644 2302 2700 ad
2330 2644 2741 2709 beatitudinem,
2801 2644 3153 2713 omniumque
3179 2644 3462 2711 vitiorum,

1881 2737 2080 2807 quibus
2110 2736 2498 2808 praecipitatur
2518 2737 2585 2791 ad
2611 2737 2909 2802 miseriam,
2935 2736 2991 2791 in
3014 2736 3463 2807 praedestinatio-

1881 2828 2041 2883 nibus
2063 2829 2283 2891 divinis,
2308 2840 2368 2883 ut
2388 2830 2504 2899 ipsa
2534 2828 2704 2900 lingit,
2736 2828 3074 2884 necessarias
3095 2828 3199 2883 ine‘
3222 2827 3463 2883 itabiles-

1882 2935 1988 2990 que
2014 2936 2206 2976 causas
2237 2930 2466 2976 conatur
2494 2921 2849 2987 constituere,
2903 2921 3031 2990 quid
3084 2920 3226 2974 aliud
3254 2920 3466 2974 videtur

1882 3012 2127 3074 suadere,
2154 3011 2256 3066 nisi
2281 3012 2377 3066 Dei
2411 3011 2569 3074 dona,
2614 3013 2717 3067 boc
2743 3020 2846 3078 est,
2895 3012 3122 3068 liberum
3168 3011 3466 3069 voluntatis

1886 3104 2194 3167 arbitrium,
2243 3112 2297 3158 et
2346 3105 2553 3175 gratiae
2600 3104 2859 3160 auxilium
2913 3105 3217 3173 destruere,
3269 3106 3466 3177 quibus

200 3165 364 3260 ὧέωί
386 3165 630 3255 ἠιῖοιιθ
655 3195 1004 3268 distinguitur
1036 3215 1081 3248 ι.
1134 3165 1324 3249 νίτῖιιε
1366 3165 1599 3264 quoque-
1628 3209 1777 3249 como
1808 3165 1855 3229 δ
1886 3195 2096 3251 duobus
2116 3165 3161 3267 profectovplenitudojustitiaehominis
3180 3165 3467 3256 etinchoa-

199 3292 408 3354 munis,
431 3302 535 3359 qua
561 3286 740 3343 omnis
763 3286 942 3340 anima
978 3284 1193 3355 sapiens
1226 3284 1511 3349 formatur,
1545 3285 1781 3355 quadru-

200 3383 518 3455 plicabitur,
552 3378 808 3451 quoniam
846 3378 899 3432 in
946 3385 1203 3448 quattuor
1230 3377 1252 3407 δ
1295 3377 1524 3432 virtutes
1566 3377 1783 3433 habitus

201 3473 375 3532 animi
400 3474 467 3529 de
492 3474 609 3542 ipsa
637 3470 980 3542 exprimitur.
1012 3469 1174 3535 Quasi
1208 3468 1392 3527 unitas
1414 3470 1540 3524 dum
1567 3469 1638 3524 sit
1667 3485 1783 3524 om-

202 3568 355 3624 nium
386 3565 691 3636 specierum
739 3561 1081 3633 partiumque
1129 3575 1346 3630 expers,
1398 3560 1468 3617 ab
1509 3576 1573 3616 ea
1602 3569 1782 3617 tamen

201 3658 386 3716 omnis
414 3656 643 3727 species,
682 3669 978 3725 omnesque
1002 3661 1187 3724 partes
1230 3668 1336 3709 non
1363 3654 1645 3709 oriantur!
1677 3654 1786 3708 Aut

208 3762 471 3821 tanquam
503 3749 570 3804 de
602 3747 953 3817 impressione
979 3746 1140 3802 unius
1161 3745 1306 3801 anuli
1338 3746 1361 3779 ⁸
1412 3745 1579 3802 multa
1622 3747 1784 3802 vesti-

208 3844 297 3913 gia
318 3843 374 3897 in
406 3854 529 3897 cera
566 3838 683 3893 ﬁeri
710 3854 815 3895 non
838 3838 1081 3909 possint!
1114 3837 1254 3905 Quid
1274 3845 1376 3903 est,
1422 3837 1565 3908 quod
1600 3838 1785 3894 dixisti

207 3935 278 3988 de
303 3931 510 3987 mundo
538 3927 965 3999 quadripertito?
1002 3924 1046 3983 Ο
1099 3926 1408 3998 plumbeum
1456 3928 1780 3999 pugionem!

204 4026 290 4080 An
316 4022 459 4078 forte
487 4021 760 4085 aestimas,
807 4020 1356 4090 praedestinationem
1404 4020 1612 4076 duabus
1656 4036 1787 4078 con-

208 4125 357 4173 stare
378 4114 649 4185 partibus,
679 4111 1130 4183 quemadmodum
1159 4111 1389 4171 mundus
1404 4119 1661 4181 quattuor
1678 4111 1789 4168 ele-

208 4208 413 4266 mentis
437 4206 792 4277 componitur.
815 4205 868 4272 ‘,
904 4221 1027 4261 cum
1076 4205 1148 4260 sit
1184 4204 1367 4260 unus?
1404 4204 1577 4260 Simili
1628 4205 1787 4261 modo

209 4301 279 4357 de
297 4297 515 4371 gemina
545 4299 738 4353 arbore
758 4295 888 4366 quid
912 4294 1150 4350 deliras?
1169 4294 1251 4349 An
1285 4294 1421 4350 forte
1452 4302 1611 4365 putas
1634 4310 1792 4366 prae-

210 4389 597 4448 destinationis
625 4387 1028 4459 simplicitatem
1081 4386 1502 4457 comparandam
1549 4402 1672 4444 esse
1705 4403 1791 4443 ra-

211 4483 319 4538 ntis
364 4477 672 4535 arborum?
697 4478 843 4533 Inter
885 4477 997 4543 illa,
1032 4486 1094 4532 ut
1121 4477 1296 4543 video,
1318 4478 1481 4543 dolia,
1508 4493 1650 4549 quae
1692 4478 1787 4535 tibi

210 4571 531 4645 praeparari
568 4570 745 4642 jubes,
794 4568 905 4638 jam
932 4569 1201 4626 involutus
1245 4566 1545 4625 suffocaris.
1599 4568 1791 4626 Merito

213 4661 416 4732 quippe
437 4659 491 4714 in
541 4658 662 4714 oleo
684 4666 845 4728 atque
870 4658 992 4729 pice
1020 4657 1213 4714 ardere
1235 4657 1487 4724 debuisti,
1516 4658 1607 4729 qui
1633 4666 1690 4713 et
1717 4658 1797 4713 lu-

212 4767 340 4807 men
377 4749 649 4816 earitatis,
691 4758 746 4805 et
768 4748 1086 4821 mysterium
1114 4747 1626 4819 praedestinationis
1666 4765 1799 4818 per-

211 4857 407 4914 peram
431 4841 630 4897 docere
654 4855 760 4896 non
786 4840 1016 4896 timuisti
1050 4853 1097 4895 α.

748 4973 1271 5049 cartruwuiv.

365 5087 446 5144 De
471 5103 602 5156 una,
630 5104 774 5156 vera,
804 5088 1018 5162 solaque
1040 5088 1141 5144 Dei
1161 5090 1656 5162 praedestinatione.
1696 5173 1706 5183 .

288 5202 334 5258 ι.
372 5200 567 5259 Restat
589 5201 797 5273 itaque,
825 5201 894 5260 de
916 5216 1049 5270 una,
1071 5216 1222 5270 vera,
1253 5204 1473 5275 solaque
1504 5203 1806 5262 incommu-

1883 3295 1993 3351 tur,
2022 3295 2076 3343 et
2090 3287 2368 3358 perficitur

1952 3374 2013 3431 ll.
2060 3376 2203 3432 llaec
2228 3377 2390 3449 igitur
2419 3393 2555 3433 nova
2576 3387 2722 3436 secta
2750 3378 3074 3451 Pelagianae
3101 3382 3371 3439 consentit
3408 3384 3463 3440 in

1882 3469 2131 3537 eo,quod
2157 3470 2357 3523 donum
2384 3471 2593 3540 gratiae
2620 3472 2890 3543 gratuitae
2919 3472 3054 3529 nihil
3098 3474 3304 3530 homini
3336 3490 3464 3546 pro-

1885 3558 2041 3614 desse
2063 3561 2338 3616 asseritad
2362 3560 2664 3617 faciendam
2687 3562 2977 3633 justitiam,
3004 3566 3098 3623 sed
3114 3566 3284 3622 solam
3308 3580 3463 3636 prae-

1886 3650 2262 3707 destinationis
2289 3653 2701 3720 necessitatem;
2744 3655 2814 3710 ab
2851 3659 2913 3711 ea
2945 3670 3076 3711 vero
3099 3657 3345 3711 dissentit
3378 3671 3466 3723 eo,

1886 3742 2027 3812 quod
2051 3742 2194 3797 vires
2232 3741 2385 3798 liberi
2426 3742 2633 3797 arbitrii
2684 3746 2905 3814 penitus
2932 3736 3238 3805 evacuavit.
3293 3760 3470 3815 neque

1886 3833 1952 3889 ad
1974 3833 2110 3890 bene
2137 3835 2336 3902 facere,
2363 3851 2537 3906 neque
2559 3837 2627 3892 ad
2653 3838 2789 3893 mala
2813 3840 3156 3896 committere
3191 3841 3214 3873 '
3243 3854 3472 3911 praeva.

1886 3924 2020 3991 lere,
2064 3927 2242 3981 omnia
2298 3928 2433 3983 haec
2485 3929 2538 3982 in
2571 3930 2898 3985 necessitate
2955 3931 3473 4001 praedestinationis

1886 4017 2348 4085 impudentissime
2363 4019 2407 4050 ³⁸
2423 4020 2687 4090 ponendo.
2704 4019 2806 4075 Ast
2835 4021 2888 4075 in
2904 4036 2992 4086 eo,
3011 4022 3153 4091 quod
3172 4021 3468 4091 appetitum

1888 4106 2042 4161 liberi
2068 4108 2279 4163 arbitrii
2341 4108 2552 4165 laborat
2604 4110 2843 4176 auferre,
2871 4094 3284 4167 adversantibus
3313 4109 3469 4165 Pela-

1888 4198 2081 4269 gianae
2133 4200 2174 4231 ¹¹
2203 4201 2418 4256 videtur
2465 4202 2795 4268 consentire,
2845 4203 2931 4258 cui
2982 4203 3177 4259 iterum
3228 4202 3472 4271 resultat,

1890 4290 2016 4346 dum
2065 4291 2205 4348 dona
2264 4292 2477 4349 divinae
2507 4295 2716 4366 gratiae
2767 4296 2901 4351 nihil
2956 4296 3159 4352 homini
3208 4298 3472 4367 prolicere

1891 4383 2253 4438 commendat.
2285 4382 2471 4455 Neque
2487 4385 2633 4441 enim
2656 4385 2792 4441 dona
2821 4396 2968 4454 sunt,
2994 4403 3135 4459 quae
3157 4403 3258 4443 non
3286 4389 3474 4445 volun-

1896 4479 2028 4538 tate,
2058 4474 2152 4530 sed
2182 4476 2505 4531 necessitate
2523 4476 2687 4543 (lunt,
2715 4493 2840 4533 eum
2859 4479 3113 4536 omnibus
3143 4480 3479 4551 sapientibus

1899 4570 1954 4617 et
1975 4562 2350 4632 insipientibus
2374 4566 2717 4623 notissimum
2740 4568 2830 4632 sit,
2856 4569 3064 4635 omnia,
3095 4584 3235 4641 quae
3274 4571 3481 4626 donan-

1900 4661 2009 4720 tur,
2044 4661 2101 4710 et
2128 4655 2408 4712 voluntate
2437 4658 2690 4715 donantis
2716 4658 2922 4731 largiri,
2944 4669 3002 4716 et
3018 4662 3307 4718 voluntate
3336 4662 3480 4718 acci-

1898 4743 2095 4813 pientis
2126 4745 2349 4816 percipi.
2378 4746 2669 4820 Proprium
2698 4764 2830 4807 vero
2856 4748 3021 4820 huius
3040 4752 3348 4819 haereseos,
3372 4768 3482 4825 quo

1899 4834 2069 4905 ipsae,
2118 4837 2261 4892 inter
2309 4853 2445 4908 quas
2494 4839 2803 4897 medietatis
2849 4841 2968 4899 loco
3010 4844 3248 4914 ponitur,
3293 4859 3483 4900 carere

1900 4925 2214 4999 probantur.
2248 4930 2533 5003 Pelagiana
2576 4934 2721 4989 enim
2774 4935 2920 4991 vires
2942 4935 3098 4993 liberi
3127 4936 3337 4995 arbitrii
3364 4937 3485 4994 sine

1904 5019 2028 5090 adju
2037 5021 2173 5075 torio
2196 5021 2409 5077 divinae
2427 5024 2653 5093 gratiae,
2682 5018 2800 5097 ejus
2818 5041 2949 5086 vero
2964 5025 3262 5084 'adversans
3280 5028 3481 5083 donum

1906 5114 2246 5172 solummodo
2297 5118 2504 5188 gratiae
2530 5120 2734 5190 absque
2792 5118 2961 5177 liberi
2987 5121 3199 5178 arbitrii
3244 5120 3364 5177 nisu
3412 5120 3483 5176 ad

1902 5205 2168 5276 justitiam
2197 5210 2612 5280 perpetrandam
2640 5210 2888 5269 suﬁcere
2916 5211 3229 5268 arbitratur.
3261 5211 3371 5267 Sed
3392 5223 3481 5265 ea-

1474 5336 1730 5394 VARIAE
1766 5336 2061 5396 LECTION
2068 5340 2171 5395 ES.

297 5454 318 5487 ¹
356 5451 489 5510 Cod.
525 5451 767 5555 reliquid.
842 5451 865 5484 ⁸
900 5449 1033 5508 Cod.
1065 5467 1281 5523 pastore.
1358 5451 1380 5483 ⁸
1418 5450 1549 5508 Cod.
1580 5467 1787 5522 questo.
1863 5450 1887 5484 ‘
1919 5450 2052 5508 Cod.
2075 5460 2344 5555 quattuor.
2421 5453 2445 5486 '
2485 5452 2577 5511 Sie
2601 5455 2745 5522 cod.,
2774 5454 2846 5511 Μ.
2869 5454 3073 5512 annuli.
3148 5453 3171 5487 ⁸
3203 5453 3336 5513 Cod.
3359 5467 3488 5511 cett-

297 5526 444 5555 ..ἔι-..ρ
489 5524 568 5555 εἴη
595 5540 626 5555 ιι
670 5524 792 5555 ἶηιιΔ
885 5525 905 5555 ⁸1
928 5523 1040 5555 ρηιι
1084 5522 1492 5555 Enna-nonnulla“;
1544 5522 1622 5555 ain
1649 5521 1763 5555 fam
1793 5523 1994 5555 ..Μαι-Δ
2145 5521 2256 5555 (“ul
2337 5525 2574 5555 ..η-Αᾶρρι
2669 5523 2693 5555 Ι
2730 5524 2842 5555 ολδ
2908 5526 3172 5555 Αλκιὲηωη
3272 5523 3316 5555 ιο
3346 5521 3458 5555 l‘ml

221 5526 463 5596 ponitur,
488 5524 571 5579 sic
592 5524 810 5596 ubique.

222 5592 678 5665 inpudentissime,
708 5592 789 5650 sic
812 5608 1047 5663 semper.
1130 5593 1168 5624 “
1208 5592 1342 5650 Cod.
1390 5592 1683 5664 pelaginae.

885 5525 905 5556 "
927 5521 1517 5594 Cod.'incornmotabil_i,
1543 5521 1624 5578 sic
1649 5521 1763 5578 fere
1793 5523 2013 5594 ubique.

2145 5521 2275 5580 Cod.
2337 5525 2595 5581 sendicet.
2669 5523 2693 5558 '
2730 5521 2864 5584 Cod.
2905 5526 3192 5582 continere.
3272 5523 3316 5559 "
3346 5521 3483 5585 Cod.

297 5791 327 5822 ι
366 5780 444 5836 De
482 5786 738 5851 quattuor
785 5774 942 5834 doliis
993 5774 1067 5831 cf.
1104 5773 1348 5832 Confess.
1375 5776 1658 5849 prolixior.
1690 5682 1966 5834 .
