4028 6280
588 296 686 353 371

1945 293 2227 352 JOANNIS
2264 292 2458 350 SGOTI
3744 294 3855 351 ΞΗ

590 426 709 466 rum
732 408 876 465 nulla
905 409 1266 479 praesumpsit
1293 408 1497 474 dicere,
1524 408 2032 480 praedestinatiouis
2056 422 2152 462 ne-
2183 409 2233 471 Α
2259 406 2429 462 libero
2463 407 2737 464 contendit
2764 408 3014 475 arbitrio,
3044 409 3208 466 altera
3235 411 3476 480 gratiae;
3507 407 3687 465 haec'
3721 425 3853 465 vero

590 503 891 557 eessitatem
919 501 1163 557 homines
1183 511 1274 556 aut
1302 502 1370 557 ab
1396 502 1534 558 bene
1568 501 1850 561 vivendum
1876 503 2040 573 juste,
2070 508 2163 554 aut

589 592 655 646 ad
687 591 825 649 male
855 593 1140 647 vivendum
1165 594 1327 663 impie
1355 604 1689 663 retorquere.
1715 594 2056 664 Relinquitur
2078 609 2165 647 er-

589 670 654 755 go
672 683 783 751 ipsa
806 700 939 737 vana
960 683 1468 753 praedestinationis
1486 687 1782 742 necessitas
1800 687 1957 757 hujus
1976 685 2165 740 tertiae

502 834 505 837 ,
586 771 826 829 haeresis
849 774 1168 843 proprietas.

656 863 739 918 lll.
785 866 890 919 Sed
917 866 1051 920 haec
1075 867 1253 921 omnia
1269 882 1538 923 venenosa
1563 867 2163 938 diabolicaeimpietatis

579 950 759 1023 jacula
784 958 1007 1015 munitis
1036 959 1463 1031 inexpugnabilis
1491 960 1610 1015 ﬁdei
1642 960 2055 1031 propugnaculis
2083 960 2164 1015 fa-

583 1047 783 1103 cillime
832 1049 1175 1118 repelluntur.
1208 1049 1297 1104 Illa
1328 1050 1491 1119 igitur
1521 1051 1747 1106 rationis
1792 1053 1992 1121 specie,
2023 1066 2162 1122 quae

588 1137 790 1217 dicitur
836 1140 1179 1206 ἀποδεικτική,
1210 1151 1448 1206 utamur,
1495 1143 1725 1212 primum
1762 1145 2019 1199 adversus
2044 1159 2160 1209 eos,

583 1229 675 1300 qui
723 1230 804 1285 vel
832 1241 1046 1302 negant,
1094 1232 1179 1285 vel
1228 1233 1490 1297 dubitant,
1526 1235 1752 1305 gratiam
1801 1236 1893 1289 Dei
1925 1250 2061 1295 esse,
2108 1242 2161 1289 et

581 1319 647 1400 ad
695 1320 876 1375 mundi
931 1319 1153 1376 salutem
1199 1324 1530 1392 praevalere;
1585 1343 1692 1382 non
1725 1327 1868 1396 quod
1916 1336 2158 1381 nostrum

579 1414 913 1491 propositum
955 1415 1044 1481 sit,
1075 1415 1340 1477 debellare
1380 1417 1717 1490 Pelagianos,
1758 1428 1851 1473 aut
1876 1434 2060 1473 eorum
2090 1434 2159 1474 ex

580 1505 804 1579 adversa
838 1518 1013 1576 parte,
1044 1510 1158 1576 pari
1188 1521 1367 1568 tamen
1416 1512 1620 1566 malitia
1646 1512 1968 1578 contrarios,
2016 1514 2158 1583 quod

500 1594 507 1603 ’
580 1602 712 1667 satis
740 1616 770 1656 a
824 1604 1025 1659 sanctis
1051 1603 1299 1663 Pati-ibus
1323 1616 1409 1663 est
1432 1619 1631 1672 actum,
1689 1610 1783 1665 sed
1828 1611 1967 1679 quod
1998 1611 2159 1681 hujus

578 1690 841 1777 haeresis,
876 1694 940 1748 de
976 1710 1080 1763 qua
1127 1712 1271 1752 nunc
1317 1698 1516 1768 agitur,
1549 1701 1622 1755 sit
1650 1701 1893 1771 depulsio
1917 1703 2155 1772 ipsarum

578 1766 803 1839 duarum
830 1786 1101 1844 refutatio.
1136 1788 1210 1843 Ex
1242 1792 1324 1845 eis
1342 1764 1485 1847 enim
1518 1809 1737 1849 manare
1790 1810 1897 1853 non
1933 1764 2152 1851 dubium
2188 1764 2232 1822 Β

576 1883 676 1947 est.
699 1874 798 1943 Qui
817 1891 946 1948 ergo
970 1894 1076 1935 non
1090 1890 1324 1947 possunt
1344 1882 1528 1941 videre
1548 1884 1641 1940 Dei
1662 1888 1913 1956 gratiam,
1937 1887 2155 1943 videant

575 1966 758 2047 mundi
783 1967 1031 2027 salutem.
1081 1969 1195 2026 Non
1225 1972 1368 2029 enim
1397 1975 1555 2030 simul
1582 1987 1808 2045 possunt
1832 1994 1973 2043 esse,
2003 1980 2156 2036 salus

576 2055 759 2123 mundi
791 2065 902 2121 est,
932 2068 986 2114 et
1018 2061 1187 2130 gratia
1220 2062 1317 2125 Dei
1344 2080 1452 2121 non
1480 2075 1579 2122 est.
1609 2066 1666 2121 Si
1691 2069 1832 2124 enim
1859 2071 2030 2140 gratia
2058 2071 2154 2128 Dei

576 2147 808 2214 mundus
837 2166 943 2205 non
976 2151 1314 2219 liberaretur,
1353 2159 1623 2225 quomodo
1649 2160 1795 2215 salus
1816 2162 1933 2231 ejus
1962 2178 2154 2232 seque-

577 2240 763 2294 retur?
795 2240 967 2298 Simul
992 2254 1171 2300 autem
1200 2262 1319 2303 esse
1343 2260 1566 2318 possunt
1590 2260 1644 2306 et
1670 2252 1816 2309 salus
1857 2255 2061 2319 mundi,
2097 2265 2156 2311 et

576 2331 746 2399 gratia
775 2331 888 2387 Dei.
918 2332 974 2391 Si
1000 2336 1260 2406 igiturest
1293 2339 1440 2403 salus
1474 2342 1678 2408 mundi,
1716 2346 2023 2401 necessario
2049 2346 2155 2401 erit

573 2419 746 2490 gratia
804 2422 919 2478 Dei.
980 2424 1313 2485 Firmissime
1359 2439 1538 2487 autem
1594 2441 1854 2499 tenemus,
1926 2437 2154 2494 salutem

576 2514 761 2586 mundi
793 2515 1023 2573 venisse.
1047 2518 1364 2579 Certissimc
1394 2524 1561 2595 igitur
1588 2536 1890 2595 teneamus,
1921 2533 2152 2600 gratiam

580 2604 674 2683 Dei
707 2607 965 2667 illuxisse.
1004 2613 1241 2673 Audiam
1278 2619 1593 2688 Apostolum
1620 2622 1928 2680 dicentem:
1967 2628 2156 2686 Illuxit

576 2701 710 2761 enim
736 2703 910 2772 gratia
938 2703 1035 2761 Dei
1079 2719 1129 2759 ι.
1157 2708 1359 2767 Deinde
1397 2711 1499 2775 his,
1535 2715 1624 2783 qui
1654 2716 1881 2771 liberum
1910 2721 2158 2777 volunta-

580 2791 647 2853 tis
678 2793 945 2852 humanae
982 2799 1267 2856 arbitrium
1289 2802 1373 2858 vel
1394 2805 1610 2872 penitus
1648 2818 1863 2879 negant,
1893 2812 1973 2866 vel
2003 2813 2068 2867 de
2092 2831 2157 2872 eo

573 2882 844 2950 dubitant,
870 2888 1058 2944 eodem
1084 2891 1243 2947 modo
1262 2902 1348 2949 est
1366 2899 1820 2965 respondendum.
1846 2902 1903 2958 Si
1926 2904 2156 2963 liberum

581 2975 861 3039 arbitrium
897 2982 1120 3039 credere
1151 3001 1257 3043 non
1283 2990 1555 3056 poteritis,
1582 2991 1846 3061 judicium
1872 2999 2054 3053 mundi
2078 2999 2158 3055 l‘u~

576 3073 756 3143 turum
812 3085 933 3128 esse
979 3089 1087 3131 non
1128 3077 1365 3139 creditis.
1399 3078 1458 3139 Si
1484 3090 1663 3138 autem
1689 3084 1947 3153 judicium
1970 3093 2154 3148 mundi

579 3175 684 3217 non
710 3164 936 3232 potestis
958 3182 1178 3237 negare,
1209 3172 1474 3239 cogemini
1502 3173 1731 3231 liberum
1759 3178 2043 3237 arbitrium
2075 3184 2158 3239 l‘a-

577 3251 693 3306 teri.
749 3250 865 3308 Non
909 3256 1054 3310 enim
1097 3256 1430 3325 etjudicium
1485 3266 1667 3322 mundi
1696 3269 1936 3327 futurum
1965 3285 2065 3342 est,
2103 3284 2159 3333 et

567 3340 801 3401 liberum
820 3346 1107 3407 arbitrium
1135 3367 1242 3409 non
1289 3364 1393 3410 est.
1426 3356 1567 3414 Haec
1593 3362 1792 3432 quippe
1823 3365 1983 3420 simul
2039 3340 2155 3434 ﬁeri

566 3448 673 3528 non
697 3445 938 3528 possunt.
968 3438 1104 3496 Nam
1125 3458 1229 3511 qua
1252 3444 1460 3514 iustitia
1489 3448 1730 3508 futurum
1757 3467 1839 3509 est
1857 3457 2147 3528 judicium,

565 3524 621 3583 si
645 3540 746 3579 non
768 3535 850 3581 est
872 3526 1100 3595 liberum
1140 3534 1465 3593 arbitrium?
1512 3539 1683 3597 Simul
1709 3560 1836 3599 vero
1859 3524 1988 3603 ﬁeri

567 3628 712 3708 sunt,
742 3629 798 3675 et
826 3622 1052 3681 liberum
1075 3629 1358 3688 arbitrium
1393 3644 1496 3700 est,
1524 3649 1579 3693 et
1593 3640 1852 3708 judicium
1881 3645 2144 3704 futurum.

570 3706 625 3767 Si
656 3725 786 3783 ergo
814 3715 998 3771 mundi
1017 3716 1279 3787 judicium
1305 3733 1388 3779 est
1414 3706 1677 3794 futurum,
1710 3738 2016 3793 necessario
2045 3738 2150 3795 erit

567 3796 795 3861 liberum
842 3804 1134 3865 voluntatis
1194 3813 1501 3872 arbitrium.
1555 3820 1816 3879 Futurum
1849 3836 2026 3883 autem
2081 3830 2149 3887 de

568 3894 769 3951 mundo
786 3891 990 3964 justum
1004 3898 1267 3969 judicium
1293 3907 1517 3979 impium
1540 3922 1625 3968 est
1648 3930 1780 3986 nega
1792 3933 1864 3973 re.
1892 3920 2145 3980 Liberum

564 3997 695 4077 ergo
720 3986 1002 4047 arbitrium
1026 3991 1233 4051 homini
1258 4016 1289 4054 a
1308 3997 1422 4055 Deo
1452 4001 1636 4060 datum
1674 4007 1898 4077 impium
1926 4022 2011 4067 est
2038 4031 2145 4072 non

565 4075 804 4135 credere.
846 4079 1169 4145 Conclusam
1198 4089 1500 4161 estigitur,
1530 4103 1586 4149 et
1638 4075 1869 4155 liberum
1914 4102 2148 4161 hominis

565 4180 688 4247 esse
714 4170 1018 4241 arbitrium,
1042 4184 1097 4232 et
1136 4180 1345 4249 gratiae
1374 4184 1597 4252 donum,
1642 4203 1711 4244 ex
1737 4205 1802 4246 eo
1831 4194 1976 4262 quod
2020 4211 2151 4251 con-

566 4274 778 4321 cessum
802 4274 905 4334 eat,
933 4276 990 4323 et
1035 4270 1263 4333 salutem
1312 4277 1497 4332 mundi
1525 4279 1762 4347 venisse,
1795 4293 1851 4338 et
1882 4284 2146 4353 judicium

563 4369 683 4411 esse
706 4356 967 4415 futurum.
999 4360 1101 4418 Via
1129 4364 1297 4435 igitur
1328 4369 1481 4439 regia
1522 4373 1896 4442 gradientium,
1953 4393 2053 4435 nec
2079 4381 2146 4435 ad

2263 508 2315 553 et
2328 497 2555 553 liberum
2571 500 2853 555 arbitrium
2871 500 3049 566 simul,
3065 496 3333 573 etgratiae
3353 515 3549 555 munus
3564 500 3855 554 destruere

2263 588 2501 656 molitur,
2530 605 2593 645 ac
2613 606 2708 660 per
2731 592 2863 646 haec
2886 603 3283 662 consequenter
3310 592 3563 646 etmundi
3591 591 3852 655 salutem,

2263 689 2317 736 et
2332 681 2618 751 judicium.
2648 682 2784 737 Huic
2807 697 2936 753 ergo
2974 683 3242 739 resistitur
3270 683 3354 737 tali
3387 683 3569 737 modo.
3609 681 3718 747 Qui
3747 695 3853 733 non

2262 782 2440 843 potest
2466 774 2673 849 videre,
2698 774 2864 828 immo
2883 774 2974 843 qui
3000 790 3107 829 non
3142 774 3257 828 vult
3283 774 3464 838 fateri,
3511 772 3724 827 nullam
3776 772 3830 825 in

2262 866 2570 920 evitabilem
2616 866 3093 935 compcllentemve
3136 864 3510 921 necessitatem
3551 863 3741 917 inesse
3772 862 3858 916 di-

2261 958 2418 1013 vinae
2446 959 2945 1029 praedestinationi,
2973 974 3110 1028 (piae
3127 959 3209 1014 vel
3230 975 3350 1013 eam
3368 967 3547 1030 cogat,
3578 957 3855 1027 utaliquid

2262 1051 2316 1105 in
2362 1062 2609 1105 creatura
2653 1066 2748 1105 sua
2779 1050 2965 1115 faciat,
3002 1066 3176 1121 neque
3212 1066 3333 1105 eam
3360 1051 3535 1121 ipsam
3568 1064 3699 1103 esse
3733 1064 3858 1102 cau—

2262 1158 2375 1197 sam
2424 1144 2802 1209 necessariam,
2835 1159 2975 1214 quae
2996 1142 3258 1199 violenter
3285 1150 3475 1214 urgeat
3530 1141 3855 1196 rationalem

2259 1236 2448 1299 vitmu,
2477 1246 2535 1290 ut
2562 1236 2640 1290 vel
2673 1237 2756 1304 pie
2781 1236 3012 1292 vivendo
3035 1234 3145 1290 Deo
3175 1251 3272 1289 suo
3293 1234 3618 1297 adhaereat,
3644 1232 3733 1287 vel
3762 1232 3858 1285 imo

2258 1326 2346 1395 pie
2376 1327 2539 1380 Deum
2573 1343 2726 1381 suum
2762 1328 2996 1391 deserat,
3053 1326 3233 1382 videat
3275 1325 3507 1380 liberum
3560 1323 3858 1381 voluntatis

2261 1419 2545 1473 arbitrium
2562 1430 2615 1473 et
2641 1436 2863 1473 munera
2890 1419 3113 1487 gratiae.
3139 1417 3254 1475 Non
3278 1419 3421 1474 enim
3449 1416 3613 1472 simul
3631 1424 3857 1487 possunt

2259 1527 2400 1577 esse,
2434 1522 2489 1565 ut
2515 1522 2568 1565 et
2591 1512 2819 1567 liberum
2851 1511 3135 1567 arbitrium
3165 1511 3481 1582 gratiaeque
3512 1509 3725 1564 donum
3755 1508 3858 1561 sint

2260 1604 2417 1659 simul
2446 1614 2499 1658 et
2513 1605 2808 1659 necessitas
2818 1601 3647 1675 praedestinationis.Quomodo
3661 1600 3855 1670 quippe

2258 1702 2484 1764 possunt
2510 1697 2531 1726 δ
2574 1694 2690 1749 ﬁeri
2720 1695 2775 1748 in
2800 1710 2908 1751 uno
2936 1705 2991 1749 et
3024 1710 3186 1751 causa
3211 1692 3518 1751 necessaria
3549 1705 3776 1759 cogens.
3803 1697 3855 1744 et

2259 1783 2560 1839 voluntaria
2581 1783 2862 1839 elliciens?
2890 1782 3005 1839 Non
3029 1782 3173 1837 enim
3210 1782 3384 1843 locum
3417 1781 3586 1836 habet
3619 1789 3717 1838 aut
3736 1795 3854 1848 gra-

2258 1873 2383 1940 tiae,
2413 1882 2508 1928 aut
2535 1873 2832 1930 voluntatis
2862 1872 3105 1937 libertas,
3134 1872 3220 1927 ubi
3244 1880 3333 1931 est
3348 1878 3580 1929 naturae
3601 1870 3854 1923 immuta-

2252 1968 2378 2025 bilis
2402 1968 2709 2037 captivitas.
2760 1966 2935 2023 Simul
2963 1974 3144 2027 autem
3176 1963 3291 2023 ﬁeri
3317 1970 3567 2034 possunt,
3598 1969 3663 2014 ut
3701 1969 3756 2014 et
3786 1958 3851 2013 li-

2253 2058 2444 2115 berum
2475 2058 2761 2113 arbitrium
2779 2072 2902 2113 cum
2933 2056 3072 2111 dono
3094 2055 3300 2126 gratiae
3319 2055 3450 2117 sint,
3465 2061 3523 2107 et
3546 2049 3850 2122 praedesti-

2253 2150 2488 2219 nationis
2513 2150 2814 2204 necessitas
2844 2162 2952 2203 non
2985 2147 3087 2212 sit;
3120 2144 3297 2201 aufert
3320 2143 3464 2198 enim
3504 2142 3669 2215 plane
3688 2141 3850 2195 liber-

2255 2251 2337 2298 tas
2389 2242 2780 2313 captivitatem.
2852 2238 2910 2296 Si
2964 2253 3139 2309 ergo,
3205 2236 3295 2291 ubi
3349 2236 3573 2292 libertas
3639 2232 3851 2297 arbitrii

2254 2350 2376 2391 cum
2423 2337 2566 2390 dono
2623 2334 2833 2404 gratiae
2881 2342 3029 2397 sunt,
3075 2331 3146 2387 ibi
3193 2326 3703 2401 praedestinationis
3762 2339 3853 2380 ne-

2256 2424 2483 2480 cessitas
2529 2438 2781 2479 essenon
2828 2429 3027 2493 potest,
3086 2420 3388 2475 conversim
3434 2417 3707 2486 sequitur,
3760 2413 3849 2469 ubi

2255 2516 2763 2587 praedestinatiouis
2807 2514 3110 2570 necessitas
3163 2522 3264 2577 est,
3318 2511 3391 2566 ibi
3460 2525 3565 2564 nec
3618 2509 3848 2563 liberum

2258 2606 2561 2670 arbitrium,
2578 2622 2676 2661 nec
2695 2606 2904 2677 gratiae
2933 2612 3111 2674 potest
3136 2616 3257 2658 esse
3283 2600 3506 2656 donum.
3528 2599 3851 2654 Rectissime

2259 2708 2437 2753 autem
2469 2699 2758 2761 credimus,
2784 2707 2833 2755 et
2866 2696 3194 2752 lucidissime
3224 2694 3511 2759 sentimus,
3542 2702 3595 2746 et
3621 2692 3846 2747 liberum

2259 2789 2564 2852 arbitrium,
2592 2800 2648 2842 et
2674 2788 2881 2856 gratiae
2911 2787 3110 2842 donum
3157 2786 3209 2840 in
3253 2785 3471 2840 homine
3509 2799 3670 2854 posse
3707 2797 3846 2836 esse.

2258 2880 2598 2937 Firmissime
2622 2880 2785 2951 igitur
2804 2878 3186 2949 intelligamus,
3212 2874 3664 2932 necessitudinem
3690 2888 3851 2951 prae-

2261 2972 2635 3028 destinationis
2657 2972 2708 3027 in
2739 2970 2959 3026 homine
2994 2986 3101 3026 non
3126 2984 3284 3040 p055e
3312 2984 3452 3023 esse.
3493 2966 3654 3023 Oumi
3698 2982 3853 3025 nam-

2262 3080 2364 3133 que
2395 3065 2600 3121 bomini
2634 3064 2854 3119 libertas
2881 3065 3001 3118 data
3053 3070 3137 3118 est
3164 3061 3411 3132 propriae
3437 3058 3728 3115 voluntatis
3755 3073 3850 3128 ge.-

2261 3163 2535 3229 neraliter,
2564 3164 2659 3218 sed
2684 3178 2787 3217 non
2829 3161 2884 3215 in
2914 3160 3185 3223 omnibus,
3216 3157 3310 3213 sed
3347 3164 3555 3211 tantum
3585 3154 3639 3209 in
3684 3169 3850 3227 prae-

2258 3254 2542 3308 destinatis
2570 3254 2710 3307 dono
2722 3253 3320 3322 gratiaepraeparatnr,
3338 3246 3644 3315 adjuvatur,
3668 3253 3852 3298 custo-

2258 3348 2421 3411 ditur,
2447 3347 2651 3412 liuitur,
2686 3355 3001 3405 coronatur.
3031 3345 3090 3405 In
3116 3343 3262 3401 nullo
3297 3350 3477 3398 autem
3518 3338 3854 3410 generaliter

2256 3439 2431 3496 divina
2489 3439 2984 3509 praedestinatione
3033 3445 3255 3509 urgetur
3285 3475 3299 3501 ,
3356 3433 3697 3505 captivatnr,
3752 3428 3851 3485 sed

2253 3542 2478 3601 peccato
2507 3542 2561 3587 et
2590 3531 2842 3603 originali
2890 3540 2948 3587 et
2993 3531 3212 3602 proprio
3250 3527 3563 3598 impeditur,
3608 3522 3849 3589 occulto,

2246 3618 2395 3690 insto
2423 3632 2602 3678 tamen
2636 3624 2730 3679 Dei
2760 3621 2987 3691 judicio.

2326 3730 2388 3790 ν.
2424 3734 2678 3798 Proinde,
2704 3744 2765 3788 ut
2792 3734 2858 3789 ad
2888 3747 3072 3787 veram
3125 3728 3674 3802 praedestinatiouem
3720 3725 3852 3781 red-

2252 3842 2438 3883 eamus
2460 3828 2501 3893 ⁸,
2524 3828 2661 3882 duce
2678 3825 2794 3895 ipsa
2838 3824 3146 3880 ﬁrmissime
3164 3822 3458 3883 credimus,
3481 3815 3851 3887 apertissime»

2253 3936 2358 3991 que
2382 3921 2650 3984 videmus,
2679 3934 2799 3975 eam
2830 3933 2950 3974 esse
3004 3930 3166 3972 unam
3202 3915 3483 3982 solamque
3504 3910 3846 3965 substantia-

2252 4013 2379 4066 lem.
2414 4012 2554 4067 Deus
2583 4020 2667 4066 est
2689 4012 2832 4066 enim
2863 4024 3048 4072 verus,
3098 4020 3224 4062 vera
3257 4006 3351 4060 Dei
3392 4001 3846 4073 praedestinatio,

2252 4120 2391 4174 quae
2422 4110 2710 4172 antequam
2736 4102 2917 4157 omnia
2941 4100 3156 4164 ﬁerent,
3202 4112 3344 4167 quae
3376 4095 3443 4150 ab
3473 4096 3610 4165 ipsa,
3656 4100 3714 4145 et
3749 4106 3849 4161 per

2253 4198 2447 4267 ipsam,
2472 4198 2601 4251 etin
2647 4197 2756 4267 ipsa
2791 4195 2931 4252 facta
2963 4204 3106 4256 sunt,
3136 4195 3194 4248 in
3225 4204 3481 4247 mensura
3508 4196 3562 4244 et
3610 4202 3849 4244 numen

2252 4298 2306 4343 et
2335 4289 2570 4359 pmndere
2605 4286 2846 4341 facienda
2896 4280 3185 4357 praeVidit,
3215 4292 3270 4339 et
3310 4281 3514 4335 factura
3547 4278 3845 4347 disposuit.

2252 4383 2347 4439 Est
2370 4383 2513 4436 enim
2551 4382 2794 4436 omnium
2828 4386 3199 4434 creaturarum
3227 4372 3392 4430 causa
3430 4370 3771 4435 voluntaria,
3792 4379 3847 4425 et

566 4448 1002 4551 dexteramzneo-
1038 4455 1107 4515 ad
1132 4455 1407 4551 sinistram
1462 4462 1857 4533 dives-tendum,
1908 4470 2011 4526 hoc
2040 4481 2141 4540 est,
2174 4486 2224 4551 ι)
2250 4477 2501 4532 voluntas
2529 4477 2825 4531 causativa.
2856 4476 3003 4530 inter
3018 4489 3153 4545 quas
3183 4464 3497 4527 rationalem
3527 4475 3843 4524 creatur-ant

564 4552 635 4596 ne
682 4539 762 4596 sic
809 4538 1131 4605 defendatur
1170 4546 1403 4605 liberum
1462 4554 1770 4622 arbitrium,
1822 4570 1880 4615 ut
1927 4562 1974 4617 ei
2002 4538 2142 4620 bona

563 4644 729 4701 opera
750 4633 872 4697 sine
889 4636 985 4693 Dei
1010 4639 1193 4709 gratia
1226 4641 1552 4712 tribuantur,
1593 4663 1693 4703 nec
1718 4651 1796 4706 sic
1826 4652 2147 4711 defendatur

565 4726 762 4797 gratia,
794 4737 854 4783 ut
874 4729 1031 4799 quasi
1050 4732 1117 4788 de
1140 4732 1236 4787 illa
1266 4738 1442 4791 securi
1472 4739 1613 4797 mala
1636 4756 1804 4812 opera
1830 4745 2141 4816 diligantur.

632 4817 722 4875 lV.
750 4819 891 4878 Huic
912 4837 1041 4879 vero
1059 4825 1247 4881 tertiae
1260 4827 1504 4896 haeresi,
1529 4844 1691 4901 quam
1707 4850 1957 4906 perversa
1983 4838 2146 4896 Gote—

565 4908 729 4971 καὶεί
756 4914 1011 4984 cogitatio
1060 4916 1360 4988 inspirante
1388 4922 1602 4979 diabolo
1654 4925 1879 4994 addidit,
1922 4945 2145 5001 reSpon-

565 5001 822 5097 dendum.
871 5003 1007 5063 lira
1046 5008 1310 5079 siquidem
1343 5013 1607 5071 diabolica
1654 5019 1947 5076 subtilitate
1980 5022 2093 5097 [ex]
2121 5024 2141 5057 ⁸

563 5093 1072 5165 duabuspraedictis
1085 5100 1396 5160 haeresibus
1416 5121 1637 5164 manare
1666 5125 1771 5167 non
1796 5123 1878 5168 est
1896 5093 2142 5183 dubium,

565 5184 692 5245 dum
735 5201 924 5251 eorum
962 5191 1209 5251 Videntur
1246 5197 1449 5266 partim
1475 5214 1595 5255 esse
1626 5204 1893 5274 negativa,
1943 5209 2140 5277 partim

564 5276 872 5337 eoulessiva
903 5282 945 5336 '.
998 5283 1215 5342 Illarum
1262 5304 1514 5362 namque,
1558 5302 1618 5348 ut
1654 5294 1856 5352 dictum
1893 5276 1997 5365 est,
2032 5318 2138 5359 una

896 5462 899 5465 λ
1006 5472 1009 5473 ν
1809 5410 1894 5465 VA
1904 5412 2062 5471 BlAE
2095 5412 2497 5473 LECTIONES.

637 5479 881 5568 tex‘pm.
912 5472 1313 5568 cpd..add.)_l.
1386 5491 1703 5568 ’_Cod_._cou
1732 5498 1783 5568 fe
1803 5502 1941 5559 cina.
2019 5507 2039 5539 ³
2081 5472 2238 5566 Corr.
2282 5507 2352 5564 Μ.
2397 5508 2516 5566 cod.
2560 5506 2666 5562 hic.

565 5549 711 5619 cod.,
744 5551 814 5608 M.
856 5549 1085 5613 redeant.
1139 5550 1184 5590 ’⁸
1222 5558 1312 5618 Sic
1345 5563 1492 5633 cod.,
1548 5549 1833 5626 Mira-didit:

2250 4567 2490 4622 condidit
2522 4566 2542 4598 ‘
2571 4566 2636 4621 ad
2676 4582 2735 4621 se
2788 4565 3213 4636 intelligendam,
3240 4569 3301 4617 ut
3324 4570 3536 4617 summa
3564 4558 3645 4614 sui
3668 4558 3843 4624 bono.

2252 4661 2355 4715 hoc
2381 4668 2482 4723 est,
2533 4657 2990 4728 contemplatione
3029 4654 3311 4712 creatricis
3339 4666 3469 4710 suae
3496 4650 3603 4707 frui
3631 4662 3841 4721 posset,

2249 4749 2485 4820 largiens
2515 4749 2563 4802 ei
2595 4764 2750 4802 suum
2787 4748 3007 4813 donum,
3052 4746 3106 4802 id
3126 4744 3343 4815 quidem
3390 4757 3519 4798 suae
3545 4740 3846 4798 voluntatis

2248 4839 2476 4894 liberum
2494 4838 2798 4903 arbitrium,
2819 4847 2877 4892 ut
2892 4854 2958 4894 eo
2978 4837 3352 4893 munerebene
3371 4835 3593 4901 utendo,
3608 4834 3714 4888 hoc
3734 4842 3840 4901 est,

2252 4930 2529 4987 Creatoris
2556 4932 2638 4986 sui
2664 4940 2955 5001 praecepto
2982 4930 3069 5005 pie
3086 4928 3476 4997 humiliterque
3512 4925 3837 4990 obediendo,

2244 5023 2391 5094 juste
2441 5034 2602 5096 atque
2650 5024 2807 5080 beate
2855 5039 3068 5096 semper
3118 5022 3348 5077 viveret.
3392 5018 3449 5073 Si
3481 5034 3612 5074 vero
3645 5018 3839 5074 eodem

2253 5132 2475 5172 munere
2504 5116 2642 5172 male
2672 5125 2937 5182 uteretur,
2979 5112 3120 5185 quod
3168 5120 3251 5168 est
3299 5126 3572 5167 summum
3611 5107 3836 5175 bonum,

2250 5207 2565 5263 Creatorem
2594 5208 2845 5263 videlicet
2870 5222 3028 5262 suum
3058 5206 3326 5267 deserere,
3369 5200 3837 5272 corruptibilium

2253 5315 2357 5371 que
2388 5299 2544 5355 bonis
2566 5298 2844 5354 voluntate
2881 5310 3136 5369 perversa
3178 5294 3488 5359 inhaerere,
3520 5291 3700 5346 debita
3733 5290 3836 5345 mi-
3930 5316 3939 5319 -

2766 5505 2792 5539 δ
2830 5504 2962 5563 God.
2989 5458 3210 5577 possi‘nt,
3234 5498 3306 5555 Μ.
3344 5498 3566 5570 possint.
3678 5496 3699 5530 ⁵
3742 5496 3834 5559 Sic

2066 5670 2318 5730 NOTAE.

641 5749 665 5778 α
708 5737 812 5794 Tit.
846 5738 1025 5810 11,“.
