3988 5600
121 321 254 407 s73

1247 316 1448 373 LIBER
1486 317 1575 373 DE
1611 317 2315 377 PRAEDESTINATIONE.

3291 319 3392 375 374

118 432 287 493 seria
318 436 617 506 poenaliter
630 442 964 506 sequeretur.
990 434 1296 491 Justissune
1316 433 1510 504 quippe
1532 432 1716 487 deser-
1746 436 1796 497 Α
1824 446 1944 505 post
1966 451 2194 506 peccans
2220 453 2321 492 non
2338 445 2527 509 potest,
2561 437 2604 493 si
2638 435 2783 501 velit,
2801 435 2842 491 si
2860 433 3031 507 gratia
3055 431 3393 503 nonjuverit.

126 539 321 582 torem
382 526 789 593 eopiosissimae
834 524 1335 595 pulcherrimaeque
1382 520 1727 577 beatitudinis

120 620 392 687 sequitur
423 625 635 687 egestas
662 616 680 647 ¹
713 616 1058 687 turpissimae
1093 614 1402 669 voluntatis.
1439 615 1541 667 Ars
1570 613 1728 683 igitur

121 711 281 779 ipsa,
307 724 405 778 per
432 724 592 777 quam
623 706 763 761 facta
816 716 942 760 sunt
995 706 1196 769 omnia,
1248 719 1385 774 quae
1406 712 1487 758 est
1517 717 1725 757 summa

124 799 874 869 incommutabilisque'Dei
928 800 1210 867 sapientia,
1280 797 1352 850 ita
1410 796 1724 849 rationalem

124 901 449 946 creaturam
476 890 773 944 faciendam
800 904 920 944 esse
960 887 1411 958 praedestinando
1440 886 1719 955 disposuit,

124 988 197 1034 ut
222 980 274 1035 ei
307 980 510 1034 nullam
566 979 943 1034 necessitatem
1004 978 1327 1046 imponeret;
1382 990 1520 1045 quae
1559 976 1723 1028 etiam

126 1070 412 1126 nolentem
449 1069 561 1124 Deo
604 1084 701 1124 suo
755 1070 961 1124 servire
1000 1066 1295 1123 inevitabili
1329 1064 1580 1121 violentia
1627 1081 1723 1119 nr-

126 1174 310 1235 geret,
338 1164 424 1219 vel
476 1162 741 1218 volentem
770 1162 818 1216 ei
863 1162 1158 1217 adhaerere
1204 1168 1417 1230 cogeret
1450 1160 1720 1213 deserere.

126 1256 191 1310 In
218 1271 329 1309 uno
357 1271 550 1324 nempe
578 1254 855 1309 videretur
887 1255 1133 1309 conditae
1156 1254 1383 1307 rationis
1414 1252 1719 1321 captivitas,

130 1347 190 1400 in
222 1346 397 1401 altero
420 1346 714 1400 conditoris
754 1345 1032 1415 iniquitas.
1080 1344 1157 1399 Eo
1185 1345 1326 1398 enim
1356 1342 1722 1410 modojustis-

128 1437 276 1493 sima
308 1437 805 1508 benignissimoque
854 1435 1269 1506 pulchritudinis
1316 1435 1481 1489 totius
1507 1436 1723 1489 univer-

129 1531 318 1583 sitatis
347 1530 621 1583 consuluit
647 1540 894 1593 naturae,
934 1545 1095 1598 quam
1124 1528 1213 1582 ad-
1246 1529 1532 1599 imaginem
1564 1537 1615 1581 et
1643 1527 1719 1582 si-

130 1618 499 1677 militudinem
549 1637 701 1676 suam
751 1623 974 1685 ereavit,
1022 1633 1081 1675 ttt
1116 1620 1217 1677 sibi
1267 1622 1561 1683 voluntate,
1613 1637 1719 1676 non

129 1719 467 1772 necessitate
518 1715 763 1777 serviret,
794 1715 1097 1771 rectissimo
1127 1715 1342 1784 quidem
1396 1715 1608 1769 divinae
1634 1730 1720 1769 sa-

1901 529 2007 582 Vll.
2040 527 2178 582 Hinc
2205 527 2535 599 Augustinus
2562 527 2764 582 inlibro
2791 528 2855 582 de
2875 526 3018 581 dono
3044 537 3402 595 perseveran-

1828 622 1975 675 tiae:
2016 639 2033 670 ι
2074 618 2129 675 Si
2159 636 2288 690 ergo
2333 621 2435 674 alia
2484 619 2800 674 documenta
2855 632 2962 672 non
3010 625 3212 680 essent,
3262 615 3400 669 haec

1826 713 2096 767 dominica
2128 713 2303 767 oratio
2330 712 2487 767 nobis
2514 713 2580 766 ad
2606 724 2823 765 causam
2868 707 3093 779 gratiae,
3117 722 3275 777 quam
3306 706 3400 761 (ἰὼ

1825 805 2112 868 retulimus,
2147 804 2259 858 sola
2283 803 2568 870 suiiiceret,
2618 803 2745 870 quia
2775 799 2909 859 nihil
2952 798 3109 855 nobis
3160 796 3397 866 reliquit,

1826 896 1878 949 in
1907 912 2013 963 quo
2059 904 2314 963 tanquam
2345 895 2395 947 in
2441 903 2628 950 nostro
2674 892 2988 967 glpriemur.
3040 888 3313 958 Siquidem
3339 892 3399 943 ut

1824 1002 1929 1041 non
1954 986 2293 1040 discedamus
2322 998 2351 1037 a
2399 984 2529 1045 Deo,
2559 999 2661 1035 non
2713 981 2950 1035 ostendit
2991 979 3224 1033 dandum
3279 990 3399 1033 esse

1824 1078 1925 1131 nisi
1960 1094 1988 1130 a
2019 1076 2146 1138 Deo,
2199 1090 2320 1130 cum
2378 1072 2702 1143 poscendum
2757 1071 2991 1125 ostendit
3042 1084 3072 1123 a
3119 1068 3247 1123 Deo.
3295 1067 3396 1133 Qui

1824 1169 1966 1224 enim
2002 1182 2104 1220 non
2138 1164 2368 1219 infertur
2397 1163 2417 1194 ⁸
2462 1164 2516 1218 in
2559 1162 2986 1234 temptationem,
3024 1174 3129 1213 non
3175 1158 3398 1212 discedit

1825 1276 1854 1312 a
1886 1258 2017 1311 Deo.
2041 1256 2156 1310 Non
2180 1264 2264 1310 est
2289 1256 2391 1310 hoc
2424 1254 2644 1308 omnino
2674 1253 2726 1307 in
2749 1252 2953 1306 viribus
2981 1249 3132 1303 liberi
3167 1248 3397 1314 arbitrii,

1825 1350 2011 1421 quales
2036 1365 2175 1404 nunc
2201 1357 2345 1403 sunt.
2381 1346 2581 1401 Fuerat
2607 1346 2658 1399 iu
2700 1344 2939 1408 homine,
2977 1350 3268 1411 antequam
3302 1353 3396 1394 ca-

1824 1444 1994 1498 deret.
2024 1442 2174 1509 Quae
2205 1451 2382 1494 tamen
2398 1435 2923 1493 libertasvoluntatis
2950 1433 3002 1487 in
3034 1430 3173 1486 illius
3189 1430 3402 1501 primae

1825 1534 2146 1589 conditionis
2180 1531 2507 1603 praestantia
2552 1536 2813 1599 quantum
2866 1524 3119 1588 valuerit,
3151 1520 3403 1593 apparuit

1823 1625 1876 1679 in
1905 1623 2126 1692 angelis,
2166 1621 2256 1692 qui
2280 1620 2495 1675 diabolo
2523 1633 2645 1673 cum
2686 1616 2802 1671 suis
2831 1615 3056 1669 cadente
3084 1614 3141 1668 in
3173 1612 3402 1666 veritate

1825 1724 2111 1778 steterunt,
2137 1722 2192 1768 et
2216 1713 2282 1767 ad
2307 1710 2652 1767 securitatem
2683 1714 2994 1779 perpetuam
3023 1720 3126 1759 non
3151 1702 3397 1770 cadendi,

126 1807 371 1876 pientiae
421 1806 808 1863 moderamine.
849 1806 961 1860 Non
1014 1806 1157 1861 enim
1197 1806 1355 1860 aliter
1383 1807 1563 1862 debuit
1600 1805 1715 1861 ﬁeri
1752 1808 1793 1865 B
1825 1810 1875 1864 in
1903 1823 2007 1877 qua
2036 1821 2177 1861 nunc
2222 1819 2315 1860 eos
2354 1819 2474 1860 esse
2522 1799 2810 1857 certissimi
2858 1812 3064 1861 sumus,
3115 1793 3400 1866 pervenire

129 1898 419 1953 rationalis
452 1900 582 1963 vita,
618 1897 721 1952 nisi
753 1897 1073 1963 voluntaria,
1099 1912 1218 1953 cum
1237 1897 1304 1953 ab
1327 1914 1388 1953 ea
1419 1898 1715 1964 voluntate,

126 2005 274 2061 quae
294 2000 378 2044 est
400 2005 561 2044 causa
589 1988 849 2053 omnium,
898 1999 1077 2044 creata
1109 1991 1180 2044 sit
1231 1989 1296 2043 ad
1340 1990 1627 2060 imaginem
1664 1996 1719 2044 et

127 2081 545 2136 similitudinem
571 2079 675 2135 sul.
712 2080 817 2134 Aut
848 2079 1118 2150 quomodo
1164 2094 1284 2134 eam
1322 2079 1502 2135 divina
1524 2079 1715 2134 volun-

130 2182 244 2235 tas,
273 2185 486 2225 summa
528 2169 777 2225 videlicet
819 2169 1184 2225 universitatis
1207 2170 1371 2233 ratio,
1403 2185 1542 2239 quae
1572 2167 1716 2222 nttlla

128 2262 463 2317 necessitate
492 2263 797 2331 stringitur,
826 2262 1080 2331 quoniam
1114 2277 1210 2316 sua
1239 2261 1508 2316 liberrima
1534 2271 1717 2331 poten-

126 2354 205 2409 tia
232 2355 457 2424 potitur,
479 2352 766 2423 imaginem
791 2352 871 2407 sui
900 2352 1130 2407 similem
1145 2352 1367 2415 faceret,
1389 2354 1433 2407 si
1464 2368 1568 2407 non
1598 2351 1717 2421 ejus

126 2444 502 2500 substantiam
549 2452 761 2498 crearet
817 2443 1145 2498 voluntatem
1194 2442 1422 2498 liberam
1472 2444 1715 2497 rationa-

128 2536 241 2589 lem
265 2535 290 2588 ’Β

204 2625 295 2682 Vl.
324 2624 440 2683 Hoc
482 2627 825 2698 apertissimo
871 2628 1131 2698 probatur
1181 2636 1522 2699 argumento,
1574 2628 1716 2696 quod

127 2718 369 2772 sumitur
405 2734 469 2772 ev
514 2718 675 2789 primi
729 2719 965 2774 hominis
1008 2727 1249 2788 peccato.
1282 2720 1538 2785 Quamvis
1569 2721 1713 2775 enim

126 2811 347 2866 beatam
368 2813 535 2865 vitam
566 2813 836 2881 peccando
862 2813 1113 2883 perdidit,
1166 2814 1518 2868 substantiam
1563 2829 1714 2867 suam

126 2917 240 2957 non
268 2902 470 2969 amisit,
497 2918 636 2972 quae
659 2912 741 2958 est
770 2920 908 2971 esse,
937 2905 1093 2968 velle,
1140 2907 1299 2961 scire.
1335 2907 1428 2960 Est
1464 2907 1629 2971 enim,
1661 2915 1717 2961 et

123 2992 266 3056 vult,
288 3001 343 3047 et
376 2996 499 3060 scit,
527 2995 642 3048 vult
687 3011 744 3051 se
772 3011 890 3051 esse
935 3007 988 3051 et
1038 2997 1209 3062 scire,
1256 2998 1357 3052 scit
1415 3013 1471 3052 se
1517 3006 1721 3054 esseet

127 3084 292 3139 velle.
320 3084 458 3152 Quid
488 3102 616 3157 ergo
641 3086 848 3156 primus
871 3088 1032 3142 homo
1057 3089 1381 3143 babuitaute
1411 3097 1714 3158 peccatum,

125 3177 276 3247 quod
304 3177 539 3247 perdidit
567 3186 686 3249 post
716 3179 1039 3250 peccatum?
1075 3178 1188 3233 Non
1226 3181 1368 3234 enim
1397 3180 1572 3235 adhuc
1621 3180 1717 3235 ba-
1744 3168 1789 3229 Ο

123 3271 292 3325 bebat
322 3270 485 3324 vitam
538 3271 775 3335 beatam,
825 3285 962 3340 quae
1000 3270 1046 3324 ei
1105 3271 1386 3325 tribuenda
1439 3270 1636 3336 fuerat,
1669 3271 1715 3327 si

126 3373 477 3432 praeceptum
512 3371 772 3417 servaret.
800 3360 856 3418 Si
881 3362 1176 3417 dixerimus
1216 3362 1440 3418 liberam
1470 3363 1717 3417 volunta-

131 3464 268 3518 tem,
293 3454 528 3526 perdidit
555 3453 719 3525 igitur
767 3468 920 3508 suam
948 3461 1218 3508 naturam.
1250 3454 1305 3508 Si
1344 3462 1521 3508 autem
1577 3453 1716 3509 ratio

124 3546 323 3600 edocet
344 3557 393 3609 α,
426 3543 629 3599 nullam
668 3552 913 3599 naturam
948 3560 1106 3616 posse
1138 3546 1336 3614 perire,
1368 3545 1720 3616 prohibemur

125 3636 332 3700 dicere,
382 3633 613 3689 liberam
671 3635 1003 3689 voluntatem
1050 3636 1369 3705 perdidisse,
1422 3651 1560 3704 quae
1600 3635 1716 3690 sine

126 3724 295 3780 dubio
314 3724 691 3780 substantialis
717 3733 820 3781 est.
854 3724 968 3780 Non
1010 3727 1155 3780 enim
1182 3727 1233 3780 in
1267 3727 1482 3780 homine
1509 3727 1716 3782 creavit

125 3816 270 3870 Deus
285 3815 618 3870 voluntatem
644 3816 932 3887 captivam,
950 3817 1042 3871 sed
1063 3815 1307 3882 liberant,
1331 3832 1469 3886 quae
1492 3817 1715 3874 libertas

122 3915 245 3976 post
277 3913 568 3974 peceatum
618 3906 903 3960 remansit.
939 3905 1093 3960 Nulla
1129 3907 1274 3960 enim
1320 3908 1498 3961 anima
1529 3922 1713 3977 pecca-

123 3998 230 4051 trix
254 4009 359 4063 est,
389 4012 530 4066 quae
568 4010 676 4052 non
701 3996 833 4052 velit
872 3996 1283 4063 beatitudinem,
1313 4008 1373 4053 et
1393 3999 1523 4054 velit
1552 4000 1712 4055 mise-

120 4089 285 4142 riam.
308 4088 449 4155 Quid
491 4101 625 4158 ergo
663 4087 784 4159 plus
815 4088 1002 4144 habuit
1031 4097 1156 4143 ante
1198 4086 1520 4159 peccatum?
1545 4088 1712 4144 Ante-

117 4192 289 4249 quam
317 4179 462 4232 enim
513 4187 851 4250 perpetraret
896 4188 1194 4250 peccatum,
1243 4180 1412 4236 voluit
1460 4194 1706 4251 peccare,

120 4268 301 4323 noluit
323 4278 501 4323 autem
533 4271 701 4325 miser
722 4270 861 4325 fleri.
887 4270 1018 4339 Quis
1045 4286 1178 4327 vero
1197 4271 1358 4327 audet
1378 4273 1581 4337 dicere,
1612 4286 1710 4326 no-

118 4364 292 4420 luisse
312 4379 434 4419 eum
463 4381 523 4420 se
551 4367 769 4421 beatum
800 4366 938 4434 fieri,
960 4384 1085 4423 cum
1115 4369 1289 4425 adhuc
1317 4367 1368 4423 i’n
1400 4378 1589 4424 natura
1612 4378 1709 4439 per

116 4472 247 4512 eum
272 4466 529 4530 corrupta
576 4458 927 4514 beatitudinis
958 4460 1225 4530 appetitus
1270 4460 1579 4517 remaneat?
1622 4462 1706 4515 An

1824 1908 2155 1957 meruerunt.
2180 1897 2306 1952 Post
2347 1910 2533 1951 casum
2561 1901 2739 1948 autem
2772 1888 3007 1945 hominis
3032 1903 3137 1942 non
3180 1884 3283 1940 nisi
3330 1883 3399 1939 ad

1820 1994 2046 2063 gratiam
2063 2006 2213 2045 suam
2235 1990 2374 2044 Deus
2402 1976 2569 2040 voluit
2584 1983 2874 2055 pertinere,
2904 1988 2964 2035 ut
2992 1978 3154 2033 homo
3177 1974 3399 2030 accedat

1820 2087 1885 2141 ad
1915 2101 2058 2149 eum,
2082 2097 2254 2153 neque
2280 2081 2382 2135 nisi
2406 2079 2470 2133 ad
2487 2078 2713 2149 gratiam
2727 2090 2878 2131 suam
2901 2071 3068 2128 voluit
3098 2069 3393 2140 pertinere,

1819 2186 1875 2232 ut
1894 2175 2055 2230 homo
2071 2189 2175 2228 non
2198 2168 2413 2227 recedat
2430 2170 2497 2223 ab
2510 2183 2594 2223 eo.
2612 2165 2762 2221 Hanc
2774 2163 3002 2238 gratiam
3025 2155 3398 2232 pesultinlllo,

1820 2272 1874 2326 in
1918 2284 2023 2340 quo
2042 2276 2243 2324 sortem
2272 2262 2544 2319 consecuti
2560 2274 2766 2323 sumus,
2793 2251 3181 2327 praedestinati
3212 2262 3400 2340 secun-

1819 2337 1948 2416 dum
1975 2357 2305 2429 propositum
2335 2354 2467 2423 ejus,
2490 2351 2580 2422 qui
2604 2349 2853 2403 universa
2875 2340 3169 2415 operaturb
3192 2337 3394 2429 t.Quo-

1820 2427 2121 2519 modoergo
2144 2442 2725 2511 debemusiutelligere,
2743 2438 2883 2507 quod
2907 2440 3124 2491 sanctus
3150 2427 3401 2519 Augusti-

1820 2560 1923 2599 nus
1937 2544 1987 2596 iu
2006 2517 2143 2595 libro
2160 2534 2503 2592 Euchiridion
2522 2531 2779 2601 ‘loqueus
2794 2528 2869 2582 ait
2884 2544 2898 2580 :
2923 2545 2942 2577 ε
2965 2524 3158 2579 Libero
3174 2517 3403 2574 arbitrio

1820 2632 1958 2691 male
1985 2642 2138 2687 utens
2159 2632 2317 2684 homo
2338 2637 2389 2681 et
2416 2640 2474 2679 se
2487 2622 2719 2695 perdidit
2744 2629 2797 2674 et
2822 2620 2995 2689 ipsum
3022 2625 3045 2655 θ
3072 2634 3117 2677 ι,
3147 2609 3404 2666 ηἰείίοτιο

1821 2728 2145 2785 credendum
2171 2730 2271 2788 est,
2305 2722 2410 2777 hoc
2436 2734 2556 2781 eum
2586 2716 2779 2771 docere
2810 2709 3063 2773 voluisse,
3095 2720 3199 2761 non
3232 2711 3291 2758 ut
3316 2701 3404 2758 bis

1821 2821 1999 2875 verbis
2031 2816 2381 2886 accipiamus,
2408 2811 2643 2881 primum
2662 2804 2831 2861 Adam
2854 2799 3212 2858 substantiam
3244 2808 3400 2852 suam

1822 2910 2139 2982 perdidisse,
2168 2904 2308 2975 quod
2338 2917 2443 2957 non
2470 2899 2664 2971 potuit,
2692 2897 2784 2951 sed
2805 2908 2924 2950 eam
2954 2893 3005 2946 in
3033 2888 3259 2945 inferius
3282 2900 3400 2940 mu-

1824 3002 1974 3063 tavit,
2030 2999 2172 3069 quod
2231 2995 2423 3067 potuit.
2459 2990 2648 3047 Melior
2696 2989 2893 3059 quippe
2942 2987 3119 3038 fuerat
3164 2983 3402 3036 humana

1822 3104 2015 3148 natura
2071 3101 2216 3153 tunc,
2252 3089 2377 3143 dum
2422 3085 2652 3140 haberet
2700 3078 2836 3135 velle
2893 3087 2948 3132 et
3005 3086 3188 3147 posse,
3230 3084 3398 3127 unum

1822 3188 2035 3259 quidem
2066 3181 2387 3245 substantia,
2418 3178 2644 3233 alterum
2673 3187 2803 3229 vero
2829 3171 3021 3242 gratia,
3050 3182 3210 3239 quam
3234 3177 3398 3228 nunc,

1824 3294 1945 3334 cum
1976 3275 2139 3331 habet
2190 3271 2363 3329 solum
2400 3267 2541 3325 velle
2571 3266 2689 3323 sine
2710 3277 2890 3336 posse,
2921 3260 2976 3316 id
3005 3267 3106 3323 est,
3149 3264 3413 3311 naturam

1823 3369 1961 3424 dono
1988 3368 2277 3421 desertam.

1848 3450 1854 3456 ’
1893 3456 2024 3515 Vill.
2058 3458 2193 3513 llinc
2217 3454 2475 3510 Dominus
2502 3451 2556 3506 in
2586 3445 2876 3520 Evangelio
2913 3443 3026 3499 suis
3050 3440 3126 3497 ait
3159 3437 3399 3507 discipue

1820 3553 1887 3608 lis
1925 3567 1939 3606 :
1970 3548 2096 3607 Sine
2123 3566 2204 3603 me
2246 3544 2375 3601 nihil
2411 3542 2622 3615 potestis
2653 3541 2822 3611 facere
2841 3535 2890 3591 ⁸.
2933 3534 3052 3590 Non
3072 3531 3229 3597 dixit,
3266 3525 3404 3583 nihil

1819 3640 2043 3718 petcstis
2072 3640 2230 3696 velle.
2260 3636 2328 3694 Et
2355 3635 2640 3707 Apostolus
2670 3628 2844 3685 :Velle
2872 3626 3086 3718 adiacet
3109 3620 3407 3718 Mitt-pero

1818 3708 1971 3806 iit-ere
1999 3741 2171 3786 autem
2200 3745 2302 3783 non
2337 3739 2383 3782 ε.
2413 3726 2566 3790 item,
2603 3721 2745 3793 quod
2779 3718 2854 3773 ait
2894 3716 3034 3771 idem
3061 3708 3349 3782 Apostole
3382 3722 3398 3761 t

1822 3804 1943 3881 Non
1973 3824 2211 3886 volentis,
2244 3836 2405 3890 neque
2455 3814 2726 3876 currentis,
2782 3810 2872 3866 sed
2913 3807 3010 3862 Dei
3037 3813 3113 3860 est
3152 3804 3409 3857 misera.

1819 3921 1883 3975 tis
1912 3917 1959 3972 ί.
1994 3916 2110 3971 Non
2137 3915 2293 3970 aliter
2326 3909 2663 3979 intelligitur,
2694 3904 2797 3959 nisi
2837 3902 2964 3956 dom
3007 3898 3078 3953 sit
3115 3893 3301 3949 volens
3336 3899 3399 3946 et

1819 4024 2065 4067 currens.
2095 4005 2427 4073 Naturaliter
2467 4001 2611 4056 enim
2641 3997 2778 4052 haec
2804 3994 2910 4048 duo
2932 3990 3094 4045 instita
3140 3993 3266 4041 sunt

1817 4099 1949 4155 mini
1987 4094 2293 4166 :siquidem
2324 4091 2460 4154 vult,
2505 4088 2649 4143 unde
2687 4090 2771 4140 est
2821 4080 3041 4142 valens;
3087 4083 3143 4131 et
3189 4071 3403 4166 appetit

1814 4160 2226 4249 beatitudinem,
2246 4182 2390 4237 unde
2417 4185 2501 4234 est
2521 4189 2767 4233 currens.
2798 4170 2916 4225 Non
2936 4175 3118 4222 tamen
3138 4160 3397 4225 volentis,

1814 4294 1988 4349 neque
2014 4274 2305 4339 currentis,
2340 4273 2481 4328 bona
2501 4281 2665 4339 opera
2689 4264 2775 4321 vel
2805 4261 3085 4322 inchoare,
3102 4254 3199 4349 vel
3210 4266 3396 4324 agere,

1812 4345 2226 4440 vel—perlicere;
2276 4364 2381 4421 hoc
2410 4362 2554 4419 enim
2598 4364 2685 4413 est
2710 4351 3018 4412 miserantis
3050 4346 3149 4404 Dei
3169 4345 3396 4440 domum

1814 4435 1965 4518 Sicut
2011 4461 2154 4515 enim
2210 4458 2373 4513 homo
2417 4454 2471 4509 in
2520 4447 2854 4508 densissimis
2882 4439 3122 4499 tenebis
3165 4435 3394 4507 positus.

116 4552 264 4606 forte
291 4521 497 4607 liberae
520 4552 813 4609 voluntatis
840 4521 1079 4625 vigorem
1107 4560 1559 4625 potestatemque,
1598 4569 1703 4625 qua
1734 4526 1784 4586 D
1814 4555 2019 4611 habens
2061 4564 2278 4606 sensum
2327 4544 2542 4601 videndi
2581 4541 2821 4611 quidem,
2868 4531 3004 4591 nihil
3051 4528 3221 4592 videt,

114 4639 234 4696 sola
252 4641 427 4712 potuit
458 4643 730 4698 custodire
749 4652 1118 4715 praeceptum,
1152 4644 1197 4700 si
1218 4645 1402 4710 vellet,
1429 4646 1704 4715 peccando

119 4733 400 4803 perdidit?
424 4735 503 4790 Ac
538 4751 639 4806 per
661 4736 764 4792 hoc
802 4737 954 4808 vigor
1004 4746 1058 4792 et
1085 4745 1328 4808 potestas
1371 4735 1524 4792 liberi
1553 4735 1702 4792 arbi-

119 4825 213 4879 trii
237 4841 344 4881 non
376 4836 495 4882 erat
526 4828 580 4883 in
612 4826 788 4898 primo
817 4827 1035 4885 homine
1057 4844 1123 4885 ex
1163 4827 1486 4892 subetantia,
1518 4829 1611 4885 sed
1636 4840 1704 4884 ex

118 4914 402 4974 Creatoris
423 4920 621 4991 gratia,
652 4921 795 4995 quod
846 4922 1099 4991 magnum
1125 4936 1321 4977 munus
1355 4921 1534 4976 amisit
1563 4919 1705 4975 male

120 5016 285 5062 utens
310 5007 483 5065 libero
507 5012 803 5067 voluntatis
830 5012 1077 5068 arbitrio.
1128 5012 1313 5068 Noluit
1348 5014 1495 5066 enim
1522 5012 1703 5067 facere

122 5101 271 5171 quod
321 5105 509 5174 potuit,
560 5106 668 5162 hoc
714 5114 817 5173 est,
860 5106 1175 5164 mandatum
1213 5104 1508 5173 custodire,
1559 5104 1701 5176 quod

1813 4645 1946 4701 nihil
1990 4653 2174 4715 potest
2213 4640 2400 4695 videre
2427 4679 2441 4704 ,
2488 4638 2777 4703 antequam
2832 4627 3170 4683 extrinsecus
3208 4616 3398 4715 ueniat

1811 4742 1925 4805 lux,
1960 4707 2123 4808 quam
2150 4735 2314 4790 etiam
2348 4730 2522 4785 adhuc
2554 4725 2755 4783 clausis
2780 4720 2954 4776 oeulis
2980 4715 3162 4810 seruit,

1811 4844 1943 4886 vero
1970 4806 2025 4884 et
2054 4838 2197 4890 eam,
2245 4830 2301 4878 et
2344 4822 2401 4876 in
2435 4836 2500 4877 ea
2532 4823 2724 4873 cuncta
2752 4806 3141 4878 dempsit:
3184 4806 3402 4870 nonan-

1812 4922 1886 4976 eit
1928 4938 1940 4973 :
1973 4919 2054 4975 sic
2081 4917 2333 4973 voluntas
2375 4909 2635 4972 hominis,
2663 4903 2919 4975 quamdiu
2963 4892 3401 4990 miginalisnpae-

1810 5011 1942 5075 cati,
1982 5009 2435 5080 proprlommque
2464 5000 2658 5057 “mm
2678 4991 2945 5064 W‘”"’
2980 4986 3151 5080 mi“

1814 5066 2128 5174 impeditur.
2162 5101 2303 5157 Dum
2332 5066 2516 5153 autem
2547 5093 2640 5145 lux
2668 5087 2889 5144 divinae
2908 5066 3409 5143 misericordth

1366 5268 1367 5275 η
1389 5217 1644 5278 VARIAE
1679 5215 2081 5276 LECTIONES.

205 5331 226 5364 ¹
264 5329 385 5389 ω’
414 5342 673 5408 “iam”
756 5329 926 5399 ’(οά-
953 5333 1505 5406 ἱωοωιηοιαὸίιίδᾳαε.
1585 5338 1606 5371 ³
1634 5334 1769 5393 Cod.
1797 5290 1977 5415 infert.
2056 5338 2077 5370 ’⁵
2117 5331 2255 5392 Cod.
2286 5323 2614 5383 enceiridon.
2693 5317 2715 5349 '
2754 5310 2892 5373 Cod.
2925 5307 3182 5403 tetigit”.

202 5569 235 5587 ³
267 5552 675 5600 θηιιιιῃιῖηςιά
709 5552 808 5597 iulg
835 5557 1207 5596 anim-advortis
1269 5558 1552 5595 auidae-nia.
1579 5561 1699 5597 (της...

1608 5446 1862 5513 NOTAE.

1881 5572 1902 5596 c
1949 5560 2204 5600 Aummlin
2265 5547 2655 5593 Εὀηιιὶνὸάὸηοτ·
2719 5540 2789 5560 "‘
