3988 5406
558 371 664 434 375

1927 366 2209 435 JOANNIS
2247 363 2444 432 SCOTI

3707 355 3818 433 376

561 493 780 559 luxerit,
829 507 935 549 non
982 491 1155 549 solum
1205 501 1418 550 noctem
1463 501 1807 564 peccatorum
1863 495 2126 559 omnium,
2156 497 2370 562 Aquae
2395 493 2590 558 fecisti,
2637 493 2950 561 meministi,
2976 511 3076 551 nec
3099 504 3299 561 tamen,
3328 511 3469 568 quae
3489 496 3814 558 metuinisti,

559 598 852 652 eorumque
901 591 1108 639 reatum
1165 583 1440 648 destruit,
1491 584 1582 639 sed
1650 583 1813 638 etiam
1884 583 2128 638 obtutum

557 677 802 731 infirmae
833 677 1123 732 voluntatis
1149 678 1390 733 sanando
1419 677 1608 746 aperit,
1631 685 1686 732 et
1713 676 1778 731 ad
1804 691 1861 730 se
1886 685 2128 730 contem-

554 769 809 842 plandum
830 769 988 826 bonis
1007 769 1261 840 Operibus
1282 769 1559 840 purgando
1584 768 1828 822 idoneam
1853 765 1999 822 facit.
2025 764 2131 821 Sed

547 859 660 930 jatn
692 869 902 932 tempus
928 870 1015 917 est
1039 861 1107 916 ad
1133 860 1466 932 propositum
1494 859 1688 915 redire.

1087 1017 1483 1075 CAPITULUM
1520 1016 1587 1072 γ.

554 1129 634 1187 De
667 1147 728 1187 eo
749 1131 889 1204 quod
915 1133 1258 1204 praescientia
1281 1145 1328 1204 et
1371 1133 1840 1204 praedestinatione
1863 1132 1958 1187 Dei
1981 1147 2129 1187 nemo

791 1201 1137 1273 compellitur,
1161 1220 1252 1257 seu
1279 1201 1403 1257 bene
1425 1220 1514 1257 seu
1536 1202 1672 1257 male
1702 1202 1891 1271 facere.

624 1313 666 1368 Ι.
706 1312 856 1381 Quae
877 1328 998 1368 cum
1033 1313 1106 1367 ita
1138 1313 1265 1378 sint,
1296 1312 1428 1368 ordo
1457 1327 1663 1379 rerum,
1699 1328 1832 1383 quas
1861 1327 2134 1382 exequen-

557 1405 656 1461 das
691 1419 810 1459 esse
851 1404 1151 1474 praesentis
1190 1418 1383 1458 causae
1413 1402 1620 1473 ﬂagitat
1662 1403 1886 1467 utilitas,
1939 1419 2132 1458 conse-

554 1504 785 1566 quenter
831 1496 1085 1566 postulat,
1123 1505 1202 1562 ut,
1253 1497 1505 1565 quoniam
1559 1497 1820 1552 malorum
1869 1497 2130 1562 omnium,

555 1605 784 1660 quorum
814 1588 953 1645 Deus
980 1599 1171 1645 auctor
1195 1604 1300 1644 non
1329 1595 1411 1645 est
1435 1629 1450 1654 ,
1479 1589 1596 1658 ejus
1625 1604 1836 1660 quoque
1882 1604 2133 1644 necessa-

555 1680 638 1735 rio
679 1678 977 1735 effectivam
1012 1695 1230 1735 causam
1261 1696 1367 1735 non
1395 1695 1514 1735 esse
1561 1682 2130 1750 praedestinationem,

555 1779 739 1839 aperte
769 1769 992 1825 rationis
1041 1770 1258 1841 regulis,
1295 1780 1356 1824 ut
1393 1771 1585 1840 opinor
1608 1811 1624 1836 ,
1674 1770 1977 1825 confectum
2005 1809 2019 1834 ,
2063 1785 2130 1825 ex

2233 583 2410 639 omnia
2449 583 2650 649 fecisti,
2680 584 2752 638 ita
2798 583 2936 638 Deus
2964 586 3168 646 omnia.
3205 601 3434 656 quorum
3475 587 3594 657 ipse
3622 597 3819 640 auctor

2231 681 2334 736 est,
2359 673 2614 742 praescit,
2645 690 2743 729 nec
2761 683 2936 729 tamen
2966 677 3225 740 omnium,
3250 693 3390 748 quae
3417 678 3681 747 praescit,
3701 678 3819 746 ipse

2232 774 2419 819 auctor
2447 773 2550 820 est.
2587 765 2824 832 Quorum
2856 776 3032 822 autem
3069 783 3176 822 non
3216 778 3301 823 est
3329 770 3503 824 malus
3545 769 3566 801 ³
3598 778 3816 834 auctor,

2226 854 2405 926 justus
2434 867 2518 912 est
2539 857 2701 913 ultor.
2730 858 2865 914 Hinc
2887 875 3016 930 ergo
3038 859 3151 928 jam
3182 861 3442 932 iulellige,
3473 877 3583 930 qua
3600 861 3820 928 justan

2232 947 2374 1004 Deus
2419 958 2640 1019 peccata
2682 952 2886 1020 puniat,
2917 954 3065 1022 quia,
3105 968 3244 1022 quae
3265 955 3416 1008 novit
3444 953 3653 1016 futura,
3706 968 3818 1008 non

2231 1039 2378 1096 facit.
2411 1040 2541 1096 Nam
2573 1041 2617 1096 si
2649 1052 2932 1113 propterea
2960 1059 3065 1098 non
3089 1044 3246 1099 debet
3279 1044 3588 1118 retribuere
3619 1042 3823 1114 suppli-

2231 1132 2370 1186 cium
2427 1134 2792 1202 peccantibus,
2837 1135 2962 1204 quia
3016 1137 3296 1206 praevidet
3338 1144 3687 1206 peccatuws,
3719 1149 3820 1191 nec

2232 1233 2378 1280 recte
2429 1225 2749 1281 facientibus
2777 1227 2934 1302 debet
2966 1228 3203 1296 praemia
3250 1229 3579 1292 retribuere,
3607 1227 3738 1296 quia
3764 1234 3823 1282 et

2231 1329 2378 1376 recte
2391 1320 2627 1378 facturos
2639 1322 2986 1378 nihilominus
2997 1324 3296 1394 praevidet,
3314 1323 3482 1378 immo
3497 1338 3635 1376 vero
3648 1319 3820 1374 falca-

2232 1429 2374 1479 mur,
2427 1422 2482 1468 et
2518 1416 2583 1468 ad
2625 1417 3049 1486 praescientiam
3093 1416 3211 1486 ejus
3256 1416 3559 1488 pertinere,
3590 1430 3664 1469 ne
3691 1413 3817 1483 quid

2231 1519 2353 1558 cum
2383 1504 2546 1559 lateat
2571 1503 2892 1572 futurorum,
2925 1515 2980 1562 et
3009 1493 3379 1577 adjustiliam,
3411 1515 3472 1560 ut
3510 1514 3815 1576 peccatum,
3913 1525 3920 1528 ·

2231 1595 2358 1662 quia
2383 1593 2655 1650 voluntate
2681 1598 3057 1662 committitur,
3099 1599 3170 1652 ita
3205 1595 3411 1665 judicio
3441 1598 3564 1667 ejus
3600 1597 3818 1664 impune

2230 1702 2335 1741 non
2355 1685 2468 1754 fiat,
2493 1687 3003 1758 sicutpraescientia
3031 1707 3134 1746 non
3160 1692 3371 1761 cogitur
3383 1691 3506 1746 fieri
3536 1703 3564 1730 ι
3603 1710 3653 1744 »ο
3676 1689 3820 1756 0⁸³³⁸

2233 1794 2354 1835 cum
2383 1780 2456 1855 ita
2513 1796 2573 1836 se
2620 1781 2887 1848 habeant,
2938 1792 3144 1838 tantum
3178 1785 3333 1839 abest
3387 1800 3418 1837 a
3474 1797 3633 1844 vero,
3680 1781 3818 1850 quod

555 1860 912 1930 praescientia
943 1860 1035 1913 Dei
1065 1859 1375 1914 firmissima
1400 1876 1674 1915 sumamus
1701 1870 2040 1930 argumenta,
2068 1874 2130 1914 ea
2163 1847 2207 1906 Β
2235 1851 2479 1925 Crealoﬁ
2510 1871 2813 1941 deputanda
2844 1872 3222 1947 existimantur
3246 1881 3468 1940 peccata
3507 1879 3816 1930 creaturae,

555 1950 762 2006 scilicet
810 1951 1158 2006 monstraturi
1211 1952 1387 2022 primo
1436 1967 1450 2006 :
1496 1951 1948 2021 quemadmodum
1977 1965 2132 2020 prac-

556 2042 780 2097 scientia
805 2041 898 2097 Dei
937 2051 1177 2113 peccata,
1214 2058 1352 2112 quae
1377 2044 1610 2114 praescit
1631 2084 1646 2109 ,
1688 2044 1800 2096 fieri
1833 2058 1937 2097 non
1965 2043 2128 2113 cogit,

555 2135 626 2189 ita
658 2133 774 2203 ejus
800 2137 1224 2204 praedestinatio
1249 2149 1490 2207 peccata,
1513 2153 1652 2207 quae
1673 2153 1944 2207 nunquam
1976 2152 2130 2208 prae-

553 2227 807 2290 destinat,
850 2226 962 2281 fieri
991 2243 1098 2282 non
1128 2227 1307 2282 efﬁcit.
1358 2226 1415 2282 Si
1459 2229 1602 2282 enim
1628 2229 1982 2298 praescientia
2028 2245 2130 2282 non

555 2319 755 2383 omnia,
775 2333 913 2388 quae
928 2319 1238 2388 praescivit,
1258 2320 1401 2384 fecit,
1419 2335 1524 2388 quo
1539 2329 1696 2390 pacto
1713 2320 2133 2391 praedestinatio

553 2413 764 2479 omnia,
797 2429 936 2483 quae
983 2429 1088 2469 non
1119 2413 1556 2484 praedestinavit,
1591 2414 1752 2468 edicit
1775 2414 1797 2467 ?
1822 2413 2135 2469 Pmescieu-

559 2505 630 2561 tia
701 2520 797 2560 sua
842 2504 983 2560 Deus
1028 2504 1309 2559 malefacta
1361 2505 1637 2560 hominum
1694 2505 1874 2562 futura
1923 2507 2135 2576 praevi-

555 2597 654 2661 dit,
687 2613 793 2653 nou
839 2606 1017 2652 tamen
1045 2612 1231 2653 eorum
1275 2607 1362 2652 est
1407 2596 1607 2664 factor;
1645 2599 2136 2668 praedestinatione

554 2701 655 2746 sua
693 2688 975 2746 malefacta
1022 2689 1300 2744 hominum
1350 2689 1530 2744 futura
1581 2691 1821 2746 creditur
1845 2707 1950 2746 non
1980 2707 2137 2763 prac-

557 2779 857 2837 destinasse
886 2821 903 2847 ,
963 2781 1235 2850 quomodo
1282 2795 1413 2853 ergo
1461 2791 1681 2852 putatur
1725 2783 1940 2840 facere?
1997 2785 2136 2852 Quid

556 2873 739 2929 enim?
765 2872 1017 2942 Nunquid
1050 2873 1316 2929 dementis
1344 2881 1428 2928 est
1455 2873 1655 2941 dicere,
1702 2874 1774 2940 id,
1822 2876 1964 2945 quod
1996 2875 2136 2931 Deus

557 2964 792 3035 praescit
836 2972 889 3020 et
912 2979 1018 3019 non
1044 2962 1192 3030 facit,
1219 2964 1816 3033 praedestinationesua
1845 2965 1982 3030 fieri,
2014 2981 2137 3020 cum

559 3057 686 3112 illud
714 3072 818 3112 non
847 3055 1247 3132 praedestinat?
1271 3055 1327 3110 Si
1361 3056 1523 3127 igitur
1541 3065 1594 3111 et
1624 3057 1942 3112 auctoritate
1963 3057 2140 3112 credi-

559 3156 650 3205 tur
696 3156 751 3202 ct
800 3148 1006 3202 ratione
1057 3133 1270 3201 videtur
1335 3148 1474 3203 Deus
1522 3148 1701 3203 omnia
1727 3156 1948 3217 peccata
1981 3161 2139 3219 prae-

557 3240 745 3300 sciisse
771 3281 787 3305 ,
806 3256 940 3296 -non
989 3239 1183 3295 fecisse
1224 3271 1296 3281 —
1318 3242 1587 3310 quomodo
1615 3241 1758 3295 enim
1789 3249 1968 3311 potest
2013 3257 2136 3298 esse

560 3341 900 3403 peccatorum
945 3329 1119 3385 factor
1139 3370 1152 3395 ,
1180 3331 1271 3400 qui
1302 3340 1386 3386 est
1416 3347 1602 3386 eorum
1628 3341 1683 3386 et
1727 3333 2031 3389 destructor
2079 3323 2146 3390 et

560 3425 738 3480 ultor?
772 3453 844 3464 -—
873 3422 1074 3478 nullum
1125 3430 1304 3477 autem
1359 3433 1634 3492 peccatum
1667 3426 2088 3494 praedestinavit
2117 3445 2132 3481 :

563 3529 668 3584 qua
703 3513 999 3584 impudenti
1043 3511 1290 3577 stultitia,
1343 3513 1508 3567 immo
1553 3515 1788 3584 nequitia
1818 3516 2137 3573 aestimatur

559 3606 1053 3679 praedestinatione
1077 3621 1175 3661 sua
1192 3620 1408 3675 cogere,
1441 3616 1498 3660 ut
1524 3607 1650 3674 sint,
1677 3624 1816 3679 quae
1841 3627 1944 3667 non
1977 3626 2135 3683 prae-

561 3697 867 3762 destinavit,
923 3712 1044 3752 cum
1094 3697 1282 3752 eadem
1332 3700 1686 3769 praescientia
1741 3718 1834 3758 sua
1862 3703 1977 3759 fieri
2027 3720 2136 3762 non

559 3791 724 3862 cogit,
758 3791 852 3844 sed
879 3790 1177 3859 permittit?

628 3882 691 3937 ll.
727 3882 946 3947 Deinde,
977 3882 1020 3937 si
1050 3883 1342 3939 auctoritas
1358 3887 1654 3956 quaeritur,
1679 3904 1818 3959 quae
1831 3889 1997 3946 Deum
2021 3906 2138 3946 om-

559 3975 708 4029 nium
735 3973 1022 4039 malorum,
1046 3989 1185 4044 quae
1201 3976 1268 4029 ab
1282 3991 1348 4030 eo
1369 3993 1473 4032 non
1497 3989 1641 4044 sunt,
1663 3995 1783 4035 esse
1808 3982 2135 4052 praescium,

561 4082 775 4123 causam
805 4082 934 4122 vero
965 4082 1151 4123 eorum
1175 4069 1496 4125 efﬁcientem
1545 4073 1789 4128 adstruat
1841 4091 1945 4129 non
1989 4090 2136 4143 esse,

556 4159 718 4222 unius
748 4157 925 4214 Patris
942 4159 1226 4228 Augustini
1253 4160 1394 4214 dicta
1420 4161 1700 4218 sufficiunt
1725 4179 1788 4217 ev
1812 4164 1950 4219 libro
1979 4167 2152 4238 tertio,

556 4250 624 4305 de
671 4252 843 4308 libero
874 4250 1101 4308 arbitrio
1137 4269 1150 4306 :
1206 4270 1225 4303 ι
1269 4249 1381 4307 Nisi
1436 4253 1612 4319 fallor,
1642 4269 1748 4309 non
1794 4255 2050 4311 continuo
2083 4266 2138 4312 tu

555 4353 781 4414 peccare
812 4353 1056 4410 cogeres,
1085 4357 1246 4411 quem
1285 4353 1628 4410 peccaturum
1671 4359 1790 4400 esse
1815 4347 2138 4415 praescires,

556 4447 731 4503 neque
772 4433 884 4502 ipsa
923 4432 1279 4502 praescientia
1321 4442 1410 4488 tua
1458 4449 1685 4502 peccare
1735 4449 1856 4490 eum
1903 4447 2138 4507 cogeret,

2234 1961 2480 2029 quamvis
2496 1976 2715 2016 necesse
2741 1971 2822 2016 est
2844 1961 2994 2027 fiant,
3009 1978 3150 2032 quae
3167 1963 3280 2032 ipse
3293 1961 3473 2017 futura
3498 1960 3816 2030 praescivit,

2233 2059 2312 2113 ut,
2333 2065 2455 2105 cum
2481 2060 2534 2104 tu
2561 2052 2784 2116 dixeris,
2807 2068 2913 2106 non
2946 2061 2996 2107 te
3025 2052 3289 2116 invenire,
3321 2052 3599 2121 quomodo
3633 2065 3743 2104 non
3771 2047 3820 2104 ei

2188 2174 2196 2183 ι
2234 2141 2536 2211 deputetur,
2579 2143 2835 2214 quicquid
2884 2145 2937 2198 in
2979 2144 3096 2212 ejus
3131 2153 3380 2200 creatura
3415 2144 3535 2199 ﬁeri
3592 2155 3822 2197 necesse

2233 2239 2337 2295 est,
2375 2246 2474 2301 ego
2498 2240 2683 2286 contra
2708 2248 2813 2286 non
2862 2233 3129 2287 inveniam
3161 2234 3403 2296 modum,
3437 2247 3621 2301 neque
3675 2232 3822 2286 inve-

2234 2321 2336 2375 niri
2371 2336 2547 2392 posse,
2581 2331 2742 2391 atque
2772 2323 2992 2378 onmiuo
3033 2338 3138 2378 non
3170 2338 3292 2378 esse
3335 2322 3692 2385 confirmem,
3716 2337 3822 2390 quo

2234 2415 2280 2466 ei
2313 2414 2617 2484 deputetur,
2655 2415 2910 2485 quicquid
2939 2416 2991 2468 in
3022 2413 3138 2482 ejus
3161 2423 3412 2469 creatura
3455 2414 3529 2466 ita
3574 2414 3696 2467 fieri
3733 2429 3823 2468 ne-

2233 2520 2386 2559 cesse
2412 2515 2516 2571 cst‘,
2539 2516 2596 2559 ut
2620 2506 2892 2561 voluntate
2925 2507 3263 2576 peccantium
3307 2506 3420 2560 ﬁat.
3453 2504 3700 2560 Omnino
3730 2507 3822 2574 igi-

2237 2607 2449 2653 turuon
2483 2598 2717 2664 invenio,
2755 2614 2857 2652 nec
2895 2599 3121 2653 inveniri
3154 2611 3333 2668 posse,
3361 2607 3417 2652 et
3453 2613 3690 2667 prorsus
3720 2612 3820 2651 non

2234 2704 2354 2743 esse
2388 2687 2674 2754 confirmo,
2723 2690 2987 2757 quomodo
3017 2688 3325 2744 tribuantur
3363 2697 3596 2757 peccata
3637 2696 3822 2742 nostra

2235 2779 2477 2834 Creatori
2505 2789 2689 2835 nostro
2720 2781 2859 2844 Deo,
2898 2781 3112 2850 quando
3136 2788 3189 2835 et
3220 2780 3271 2833 in
3313 2780 3443 2848 ipsis
3482 2795 3612 2833 eum
3639 2778 3822 2832 lauda-

2236 2870 2398 2925 bilem
2429 2871 2664 2936 invenio,
2697 2888 2801 2926 non
2826 2872 2998 2926 solum
3023 2870 3167 2940 quod
3197 2886 3260 2925 ea
3303 2871 3482 2942 punit,
3531 2872 3631 2925 sed
3658 2871 3820 2925 etiam

2239 2963 2381 3033 quod
2433 2972 2559 3018 tunc
2607 2961 2772 3027 fiunt,
2834 2977 2956 3016 cum
3011 2961 3078 3015 ab
3132 2959 3249 3030 ejus
3308 2960 3543 3015 veritate
3614 2959 3818 3015 recedi-

2241 3061 2328 3108 tur
2353 3053 2395 3108 ⁸.

2309 3146 2394 3201 ιιι.
2436 3145 2700 3214 Quocirca
2733 3144 3041 3200 firmissime
3065 3141 3340 3198 fatendum
3378 3151 3486 3208 est,
3517 3141 3683 3197 simul
3712 3142 3822 3197 fieri

2243 3255 2348 3295 non
2393 3255 2572 3310 posse,
2597 3248 2966 3309 peccatorum,
2997 3252 3138 3307 quae
3169 3236 3308 3291 Deus
3339 3236 3393 3290 in
3420 3243 3684 3290 creatura
3730 3247 3820 3288 sua
3883 3235 3893 3241 ’

2239 3332 2522 3403 permittit,
2556 3331 2966 3402 praescientiam
2982 3328 3116 3399 ejus,
3139 3345 3244 3399 qua
3264 3343 3327 3384 ea
3350 3328 3671 3398 praescivit,
3693 3342 3821 3381 cau-

2239 3439 2354 3480 sam
2387 3425 2406 3456 ⁸
2449 3439 2554 3478 non
2585 3439 2727 3487 esse,
2750 3423 3296 3492 praedestinationem
3327 3435 3460 3475 vero
3491 3419 3637 3488 ejus,
3686 3435 3823 3489 quae

2239 3531 2303 3571 ea
2336 3532 2441 3571 non
2483 3515 2920 3585 praedestinavit,
2958 3529 3176 3569 causam
3216 3525 3356 3566 esse.
3406 3510 3686 3579 Quicquid
3726 3525 3822 3562 au-

2242 3615 2348 3661 tem
2373 3607 2438 3662 de
2466 3616 2690 3677 peccato
2733 3607 2818 3662 vel
2845 3605 3104 3677 generali,
3136 3603 3220 3657 vel
3249 3601 3473 3674 speciali
3513 3601 3823 3664 conficitur,

2240 3717 2464 3757 necesse
2517 3710 2603 3756 est
2632 3703 2698 3756 de
2726 3701 2844 3771 ejus
2871 3715 3084 3770 quoque
3123 3713 3296 3769 poena
3321 3699 3612 3752 sentiatur.
3649 3697 3824 3752 Poena

2238 3795 2448 3866 peccati
2478 3809 2624 3850 mors
2655 3803 2758 3850 est.
2783 3793 3048 3864 Quicquid
3088 3808 3219 3863 ergo
3246 3791 3313 3846 de
3348 3798 3578 3861 peccato
3603 3791 3823 3854 dicitur,

2241 3899 2460 3941 necesse
2495 3894 2577 3942 est
2632 3886 2700 3940 de
2744 3892 2916 3939 morte
2966 3883 3197 3938 dicatur.
3246 3879 3363 3936 Non
3409 3882 3536 3936 dico
3565 3881 3636 3935 de
3683 3881 3822 3934 omni

2240 3987 2435 4042 morte,
2473 3977 2568 4033 sed
2593 3984 2797 4031 tantum
2829 3976 2896 4030 de
2921 3975 3029 4036 illa,
3063 3987 3202 4044 quae
3227 3972 3476 4042 sequitur
3516 3983 3822 4042 peccatum.

2243 4069 2480 4124 Dicimus
2508 4069 2676 4134 enim,
2709 4066 2972 4122 morimur
2994 4072 3237 4136 peccato,
3268 4063 3320 4118 id
3341 4072 3448 4125 est,
3479 4064 3681 4118 merito
3707 4078 3824 4132 pec—

2241 4161 2347 4218 cati
2378 4161 2659 4216 morimur.
2690 4159 2820 4214 ltem
2847 4157 3113 4234 morimur
3145 4163 3368 4227 peccato
3407 4155 3668 4220 dicimus,
3699 4157 3820 4211 dum

2243 4254 2452 4310 liberati
2501 4269 2530 4306 a
2573 4261 2797 4322 peccato
2824 4249 3071 4320 justitiae
3096 4249 3347 4302 vivimus.
3377 4246 3434 4302 Si
3479 4263 3616 4318 ergo
3655 4247 3824 4302 omnis

2242 4347 2449 4416 peccati
2494 4359 2656 4400 causa
2685 4358 2785 4398 nec
2829 4342 2883 4398 in
2924 4340 3281 4412 praescientia
3320 4338 3438 4401 Dei,
3475 4354 3581 4394 nec
3627 4339 3682 4392 in
3713 4340 3825 4409 ejus

2244 4437 2734 4510 praedestinatione
2749 4435 2819 4490 sit
2845 4434 3134 4490 constituta
3151 4433 3193 4498 ⁸,
3220 4431 3634 4487 evidentissima
3653 4430 3823 4485 omnis

558 4523 805 4594 quamvis
823 4523 941 4578 sine
965 4523 1126 4578 dubio
1147 4532 1470 4592 peccaturus
1514 4534 1674 4580 esset.
1709 4526 1823 4580 Non
1866 4529 2010 4582 enim
2042 4528 2140 4584 ali-
2166 4561 2215 4620 υ
2245 4533 2459 4597 mortis,
2491 4543 2630 4599 quae
2659 4529 2904 4598 sequitur
2931 4535 3232 4598 peccatum,
3268 4525 3410 4580 sicut
3441 4525 3496 4579 in
3528 4524 3629 4580 Dei
3669 4539 3822 4594 prae-

559 4625 642 4672 ter
669 4616 721 4670 id
755 4615 994 4670 futurum
1017 4631 1138 4672 esse
1165 4617 1490 4686 praescires.
1523 4617 1674 4673 Sicut
1696 4619 1882 4690 itaque
1909 4635 2011 4676 non
2035 4623 2136 4678 sibi

559 4710 916 4766 adversantur
939 4708 1075 4764 haec
1105 4709 1232 4777 duo,
1249 4718 1308 4766 ut
1331 4719 1385 4764 tu
1407 4711 1760 4780 praescientia
1789 4724 1878 4771 tua
1899 4717 2137 4784 noveris,

560 4803 702 4874 quod
727 4801 863 4858 alius
885 4818 982 4858 sua
1013 4802 1292 4859 voluntate
1333 4801 1576 4861 facturus
1611 4815 1713 4871 est,
1750 4807 1824 4862 ita
1873 4810 2016 4867 Deus
2045 4825 2141 4866 ne-

562 4897 762 4952 minem
811 4895 879 4948 ad
925 4894 1257 4964 peccandum
1310 4896 1328 4927 ί
1373 4910 1593 4967 cogens,
1636 4899 1913 4968 praevidet
1956 4911 2138 4960 tamen

561 4998 672 5050 eos,
707 4985 798 5056 qui
835 4985 1049 5056 propria
1074 4985 1350 5042 voluntate
1377 4990 1694 5058 peccabunt.
1729 4991 1840 5048 Cur
1876 5009 2004 5064 ergo
2031 5013 2136 5052 non

562 5077 797 5133 vindicet
817 5070 1017 5144 justus,
1050 5091 1189 5147 quae
1229 5078 1346 5133 fieri
1369 5093 1474 5134 non
1502 5081 1958 5151 cogitpraescius.
1983 5084 2142 5140 Sicut

562 5168 708 5224 enim
739 5175 794 5222 tu
839 5167 1102 5222 memoria
1137 5175 1228 5222 tua
1277 5183 1382 5222 non
1433 5170 1581 5240 cogis
1629 5170 1766 5226 facta
1818 5188 1958 5228 esse.
2000 5189 2141 5222 ηιιειρ

563 5261 957 5312 πηρίβνίειυιιηι
1015 5261 1094 5312 sic
1122 5260 1263 5306 nona
1309 5276 1395 5295 να*

2243 4623 2469 4680 scientia
2499 4627 2666 4678 causa”
2692 4635 2798 4675 non
2825 4628 2931 4685 est,
2957 4619 3008 4674 in
3036 4616 3152 4686 ejus
3183 4615 3433 4671 similiter
3454 4616 3825 4685 praedestina-

2211 4717 2388 4776 .tionc
2413 4731 2520 4771 non
2541 4729 2663 4771 esse
2691 4713 3052 4769 certissimum
3082 4722 3184 4767 est.
3213 4709 3473 4777 Quamvis
3514 4710 3698 4765 sancti
3732 4725 3821 4762 au-

2241 4817 2420 4864 ctores
2475 4807 2634 4862 modo
2693 4806 2924 4876 quodam
2966 4804 3220 4860 abusivae
3278 4802 3574 4857 locutionis
3624 4801 3823 4857 soleant

2245 4901 2428 4956 dicere
2462 4899 2896 4970 praedestinatos
2917 4899 2984 4952 ad
3012 4905 3261 4960 mortem,
3291 4894 3380 4949 vel
3411 4894 3719 4959 interitum,
3743 4890 3820 4948 vel

2242 5004 2494 5062 poenam,
2545 4990 2612 5046 de
2636 5004 2753 5060 quo
2776 4995 2988 5059 postea,
3027 4992 3188 5058 prout
3223 4983 3489 5042 Dominus
3533 4984 3819 5057 aperuerit,

2243 5081 2508 5138 dicemus.

2312 5171 2384 5206 IV
2459 5171 2502 5198 Ρ*

3623 5174 3795 5196 ’διε-α’-
