4028 6280
167 380 281 435 577

1263 368 1467 426 LIBER
1504 366 1592 424 DE
1629 361 2336 422 PRAEDESTINATIONE.

3325 357 3430 416 378

175 493 268 565 pie
297 490 476 546 vivere
504 503 552 544 ει.
585 487 684 544 Ubi
705 489 1088 546 intendendum
1115 496 1221 554 est,
1246 487 1444 542 nullius
1470 484 1762 542 voluntatis
1789 488 1835 547 Α
1865 480 2011 548 Quae
2039 494 2290 550 perversa
2339 475 2522 561 opinio
2557 473 2817 530 refellitur
2854 472 3012 531 facile
3057 473 3301 531 consulta
3341 491 3432 530 ra-

175 599 306 638 essc
335 597 514 636 veram
537 581 865 646 libertatem,
891 580 934 636 si
961 581 1138 650 aliqua
1163 595 1323 635 causa
1355 593 1474 634 eam
1497 577 1753 646 coegerit.

176 676 352 744 igitur
383 674 427 728 si
451 675 739 728 humanam
766 674 1098 728 voluntatem
1129 672 1308 742 aliqua
1335 687 1496 726 causa
1537 685 1758 741 praece-

176 772 285 836 dit,
320 785 461 840 quae
508 785 628 825 eam
659 770 881 825 invitam
912 777 1232 840 extorqueat
1260 769 1328 824 ad
1377 770 1517 824 bona
1553 768 1760 823 malave

176 862 270 916 vel
291 861 598 932 cogitanda,
628 861 714 916 vel
740 861 968 932 agenda,
1018 862 1284 932 sequitur,
1317 875 1425 916 non
1476 874 1595 916 esse
1637 875 1756 915 eam

176 965 313 1006 vere
341 951 588 1016 liberam,
621 951 714 1006 sed
745 951 957 1020 penitus
983 966 1102 1006 eam
1134 966 1238 1006 non
1260 966 1381 1006 esse
1407 953 1456 1006 ι’.
1482 951 1581 1008 Ubi
1616 953 1760 1008 enim

179 1050 268 1095 est
281 1056 443 1096 causa
479 1055 618 1110 quae
632 1041 920 1112 compellit,
939 1042 1010 1095 ibi
1026 1057 1128 1096 non
1143 1051 1226 1096 est
1238 1050 1428 1096 natura
1465 1057 1602 1112 quae
1616 1042 1760 1096 velit.

179 1134 348 1203 Atqui
374 1133 614 1188 humana
666 1142 856 1188 natura
902 1150 1008 1190 non
1058 1136 1233 1190 solum
1259 1136 1509 1191 voluntas
1535 1145 1636 1200 est,
1670 1135 1764 1190 sed

180 1234 240 1278 et
264 1225 457 1288 libera;
487 1239 584 1279 nec
609 1223 728 1295 ejus
757 1224 977 1280 libertas
1009 1225 1162 1291 falsa,
1190 1228 1284 1280 sed
1305 1239 1430 1280 vera
1452 1235 1554 1290 est,
1578 1241 1766 1296 quam-

182 1316 269 1368 vis
299 1315 416 1385 ipsa
435 1315 656 1370 libertas
682 1323 803 1385 post
828 1325 1106 1385 peceatum
1133 1317 1190 1371 in
1219 1325 1425 1371 tantum
1453 1317 1638 1371 vitiata
1673 1317 1764 1383 sit,

183 1415 244 1460 ut
273 1421 450 1475 poena
476 1407 592 1476 ejus
615 1407 957 1476 impediatur,
986 1421 1054 1462 ne
1076 1417 1171 1462 aut
1213 1416 1358 1463 recte
1395 1408 1575 1463 vivere
1616 1406 1765 1474 velit,

183 1507 284 1553 aut
311 1498 359 1552 si
389 1497 538 1563 velit,
568 1513 674 1553 non
698 1499 888 1568 possit.
919 1499 996 1552 De
1019 1514 1124 1568 qua
1155 1500 1372 1554 miseria
1395 1499 1681 1566 liberatur,
1709 1507 1770 1553 ut

183 1588 262 1642 ait
287 1587 598 1658 Apostolus,
626 1589 796 1658 gratia
825 1589 923 1643 Dei
949 1606 1042 1659 per
1067 1588 1248 1644 Iesum
1279 1588 1546 1645 Christum
1582 1601 1630 1656 ο,
1656 1606 1771 1644 ma-

183 1687 354 1734 nente
381 1687 557 1735 tamen
597 1678 774 1736 adhuc
799 1681 1035 1736 naturali
1058 1680 1330 1746 libertate,
1354 1698 1492 1752 quae
1521 1681 1772 1753 intelligi-

186 1778 278 1824 tur
312 1770 666 1826 beatitudinis
715 1771 981 1842 appetitu,
1033 1772 1128 1843 qui
1162 1772 1214 1828 ei
1256 1773 1578 1828 naturaliter
1633 1774 1768 1829 insi-

188 1869 280 1918 tus
309 1869 416 1920 est.

262 1951 328 2005 γ.
367 1952 481 2007 Νοη
509 1969 640 2025 ergo
685 1955 790 2012 ullo
842 1956 1001 2013 modo
1049 1956 1484 2023 concedendum,
1533 1958 1771 2028 aliquam

189 2061 422 2100 causam
451 2048 916 2117 compulsativam,
965 2050 1079 2105 sive
1121 2050 1340 2116 bonam,
1383 2051 1498 2106 sive
1537 2051 1769 2117 malam,

189 2134 523 2204 praecedere
560 2136 891 2194 voluntatem
925 2140 1180 2206 hominis,
1209 2155 1301 2196 seu
1347 2141 1572 2197 alterius
1604 2143 1773 2197 ratio-

189 2226 334 2281 nalis
361 2235 606 2294 naturae,
629 2245 698 2285 ne
718 2232 788 2287 ab
811 2247 873 2287 ea
891 2233 1141 2288 meritum
1171 2247 1301 2288 suae
1329 2233 1596 2291 libertatis
1627 2235 1776 2292 aufe-

191 2325 375 2381 ratur,
405 2316 520 2372 sive
541 2319 761 2384 bonum,
796 2321 842 2376 si
867 2322 1006 2377 bene
1025 2322 1222 2376 vixerit
1242 2333 1566 2393 cooperante
1591 2325 1774 2380 divina

191 2410 392 2480 gratia,
429 2408 546 2464 sive
572 2409 794 2477 malum,
831 2412 876 2466 si
925 2411 1066 2466 male
1093 2413 1291 2468 vixerit
1337 2429 1434 2470 suo
1460 2424 1608 2470 motu
1637 2416 1776 2471 irra-

193 2498 443 2554 tionabili
483 2513 865 2572 perversoque.
889 2499 1122 2558 Proinde
1144 2503 1286 2558 nulla
1317 2519 1478 2560 causa
1507 2507 1776 2562 constrin-

194 2591 277 2662 git
299 2591 596 2657 hominem,
626 2607 720 2648 seu
747 2593 905 2659 bene,
933 2609 1024 2650 seu
1067 2595 1208 2650 male
1237 2597 1440 2653 vivere.
1481 2597 1597 2654 Non
1627 2599 1773 2655 enim

197 2682 347 2737 Dens
372 2683 616 2739 omnium
650 2685 915 2741 bonorum
952 2702 1114 2742 causa
1163 2698 1248 2744 est
1275 2692 1601 2757 necessaria,
1636 2691 1779 2746 sicut

199 2773 346 2843 ignis
373 2775 616 2840 ardendi,
654 2775 735 2832 sol
755 2775 1129 2844 calefaciendi,
1168 2778 1529 2846 illuminandi,
1560 2788 1655 2835 aut
1691 2796 1780 2837 co-

199 2866 404 2930 activa,
447 2877 507 2922 ut
546 2881 736 2924 sensus
762 2868 1082 2931 dormiendi,
1125 2869 1245 2924 sitis
1285 2869 1524 2936 bibendi,
1569 2870 1666 2925 sed
1693 2878 1779 2926 est

200 2955 528 3022 voluntaria,
587 2966 648 3012 ut
685 2957 948 3027 sapientia
1001 2957 1280 3028 sapientis,
1325 2959 1474 3014 visus
1521 2958 1775 3027 videntis,

203 3049 346 3104 ratio
376 3047 766 3115 ratiocinantis,
813 3049 1083 3105 similiter.
1114 3048 1219 3104 Sed
1256 3063 1288 3104 e
1329 3049 1624 3116 contrario,
1656 3066 1779 3104 cum

203 3141 274 3196 sit
298 3140 541 3196 omnium
572 3140 835 3196 malorum
859 3155 1020 3195 causa
1049 3153 1338 3209 perversus
1386 3149 1563 3195 motus
1609 3139 1778 3194 ratio~

205 3231 348 3286 nalis
369 3230 702 3286 substantiae
725 3229 894 3286 libero
921 3229 1212 3285 voluntatis
1237 3244 1370 3286 suae
1389 3229 1614 3285 arbitrio
1642 3229 1784 3284 male

204 3325 432 3391 utentis,
459 3339 523 3379 ea
554 3333 734 3381 tamen
774 3339 880 3380 non
924 3333 1008 3381 est
1034 3325 1360 3391 necessaria,
1412 3332 1471 3380 ut
1503 3333 1785 3395 peccatum

205 3419 424 3482 mortis,
456 3433 604 3474 mors
639 3417 912 3483 miseriae,
942 3432 1041 3472 nec
1069 3417 1332 3483 coactiva,
1355 3416 1609 3487 utpassio
1635 3415 1786 3472 dolo-

207 3510 303 3574 ris,
328 3509 486 3564 dolor
513 3507 784 3576 tristitiae,
811 3509 904 3564 sed
926 3497 1013 3565 est
1027 3507 1358 3576 voluntaria,
1379 3516 1440 3564 ut
1467 3506 1632 3565 libido
1660 3521 1787 3563 ava-

208 3600 394 3663 ritiae,
431 3601 657 3655 avaritia
683 3599 910 3655 fraudis.

278 3691 370 3746 Vl.
406 3689 466 3746 ln
486 3706 595 3762 quo
623 3691 742 3746 loco
775 3689 1208 3760 respondendum
1228 3699 1314 3748 est
1341 3691 1449 3758 bis,
1479 3690 1574 3761 qui
1600 3689 1788 3748 nolen-

211 3789 316 3846 tes,
343 3781 511 3836 immo
530 3789 848 3851 spernentes
867 3796 964 3836 sua
987 3789 1209 3851 peccata
1226 3783 1517 3853 corrigere,
1539 3783 1634 3838 sed
1659 3796 1790 3853 que-

210 3881 402 3929 rentes
416 3874 432 3905 ¹
454 3875 520 3928 de
528 3873 709 3930 divina
721 3874 1052 3944 operatione,
1069 3875 1368 3944 procaciter
1383 3874 1563 3929 dicere
1574 3873 1748 3928 solent
1771 3891 1785 3928 :

211 3980 320 4021 cur
353 3966 499 4021 Deus
527 3966 676 4021 dedit
703 3965 907 4022 homini
936 3966 1164 4022 liberum
1193 3965 1496 4032 arbitrium,
1526 3981 1634 4036 quo
1673 3965 1788 4020 solo

209 4070 442 4125 peccare
467 4057 840 4112 convincitur?
869 4057 1055 4112 Nonne
1083 4057 1276 4113 melius
1303 4067 1441 4121 erat,
1475 4059 1521 4113 si
1554 4072 1677 4113 eum
1717 4057 1790 4111 ita

208 4146 444 4213 faceret,
481 4156 539 4201 ut
563 4161 791 4217 peccare
838 4164 945 4204 non
971 4151 1194 4220 posset?
1220 4150 1374 4216 Quod
1402 4149 1564 4203 etiam
1592 4163 1795 4204 conan-

213 4245 316 4292 tur.
351 4235 642 4292 falsissimo
678 4238 1035 4311 paralogismo
1079 4241 1432 4307 concludere,
1490 4255 1794 4311 proponen-

215 4339 300 4385 ωδ
329 4347 345 4383 ;
381 4328 438 4384 Si
465 4329 690 4386 liberum
713 4331 997 4386 arbitrium
1024 4330 1222 4386 donum
1253 4330 1347 4386 Dei
1369 4340 1484 4396 est;
1517 4345 1677 4386 omne
1698 4345 1795 4384 au-

216 4431 330 4476 tem
359 4421 563 4476 donum
605 4422 806 4477 bonum
835 4428 940 4486 est;
989 4435 1150 4476 omne
1187 4420 1384 4476 bonum
1438 4436 1544 4475 non
1595 4428 1790 4487 nocet;

214 4512 453 4568 liberum
500 4522 525 4552 ο
587 4512 751 4583 igitur
801 4511 1084 4568 arbitrium
1130 4525 1238 4566 non
1283 4519 1459 4567 nocet.
1517 4510 1796 4579 Quomodo
1825 4539 1874 4602 υ

212 4613 400 4660 autem
457 4618 565 4659 non
616 4612 808 4659 noceat
855 4604 1085 4659 liberum
1130 4601 1440 4667 arbitrium,
1467 4603 1684 4671 quando
1727 4617 1794 4658 eo

215 4695 546 4766 peccamus?
593 4695 700 4749 Aut
749 4694 1017 4764 quomodo
1059 4693 1271 4748 videtur
1311 4707 1432 4748 esse
1468 4691 1564 4746 Dei
1594 4693 1794 4746 donum

217 4785 482 4857 peccandi
513 4785 760 4839 occasio?
794 4783 935 4838 Deus
959 4789 1140 4837 autem
1164 4780 1364 4836 nullam
1410 4781 1601 4836 mortis
1633 4795 1794 4836 occa-

214 4879 432 4934 sionem
463 4878 593 4932 dare
619 4876 820 4931 debuit.
851 4875 1176 4944 Oportuerat
1199 4873 1396 4943 quippe
1425 4871 1590 4926 Deum
1617 4871 1799 4927 facere

217 4967 522 5031 hominem,
563 4965 657 5035 qui
691 4981 797 5021 non
841 4972 1115 5035 peccaret,
1144 4961 1268 5031 quia
1320 4961 1496 5032 potuit
1524 4961 1683 5016 talem
1728 4961 1801 5016 fa-

216 5073 368 5115 cere.
406 5056 598 5113 Melius
618 5066 701 5112 est
735 5056 882 5112 enim
909 5068 1019 5110 non
1051 5066 1196 5120 esse,
1225 5067 1388 5123 quam
1419 5053 1618 5109 misere
1657 5068 1796 5110 esse.

1859 574 2022 628 tione.
2069 568 2440 638 lnterrogandi
2484 554 2702 638 quidem
2753 575 2922 620 sunt:
2967 566 3075 621 Vos
3105 575 3309 629 autem,
3341 566 3432 634 qui

1857 667 2197 732 peccatorum
2212 667 2514 714 vestrorum
2539 656 2913 711 auctoritatem
2927 656 3167 711 Creatori
3190 656 3432 710 omnium

1859 752 2062 807 referre
2090 766 2196 805 non
2240 748 2643 819 pertimescitis,
2672 763 2770 802 cur
2795 761 3023 818 peccare
3072 747 3308 803 timetis?
3336 741 3425 801 'An

1859 844 1985 913 quia
2013 851 2242 897 mortem
2270 855 2378 895 non
2408 839 2601 894 vultis?
2625 837 2876 908 Nunquid
2897 839 3038 893 Deus
3067 837 3300 908 injustus
3323 847 3429 903 est,

1859 932 2002 1002 quod
2025 931 2182 995 absit,
2214 931 2430 999 quando
2464 936 2685 998 peccata
2712 929 2887 998 punit,
2927 941 3156 996 quorum
3192 927 3434 982 occasio-

1862 1039 1985 1080 nem
2009 1023 2190 1078 dedit?
2214 1021 2329 1076 Non
2359 1028 2442 1077 est
2467 1021 2631 1091 igitur
2658 1019 2888 1074 liberum
2915 1018 3201 1073 arbitrium
3242 1032 3441 1089 pecca-

1863 1125 2040 1171 torum
2065 1128 2250 1179 causa,
2281 1127 2402 1167 cum
2434 1113 2504 1166 sit
2526 1111 2622 1166 Dei
2645 1110 2865 1165 donum.
3495 1163 3500 1166 _

1935 1205 2043 1262 Vll.
2099 1205 2232 1260 Item
2272 1201 2637 1272 interrogandi
2692 1217 2706 1254 :
2749 1200 2858 1255 Cur
2900 1197 3037 1253 mori
3078 1197 3313 1254 timetis?
3351 1196 3437 1255 An

1864 1300 1991 1371 quia
2030 1299 2212 1354 vivere
2240 1296 2445 1352 vultis?
2470 1295 2550 1351 0b
2598 1295 2700 1350 hoc
2742 1293 3149 1348 enim'maxime
3177 1307 3322 1348 mors
3368 1293 3441 1347 ti-

1865 1392 2079 1455 menda,
2108 1390 2250 1460 quod
2279 1389 2447 1444 vitam
2477 1386 2688 1442 auferat
2739 1386 2851 1440 sive
2879 1386 3146 1455 corporis,
3171 1385 3286 1440 sive
3326 1385 3445 1440 ani-

1867 1497 2010 1548 mae,
2044 1497 2140 1538 seu
2170 1481 2473 1550 utriusque.
2509 1477 2567 1534 Si
2607 1485 2788 1532 autem
2824 1477 3008 1532 vivere
3033 1477 3213 1541 vultis,
3259 1475 3443 1541 dicite,

1867 1583 2048 1630 utrum
2073 1574 2248 1638 beate,
2281 1588 2350 1628 an
2379 1570 2609 1627 misere?
2632 1568 2820 1624 Nullus
2843 1576 2944 1632 est,
2971 1567 3067 1638 qui
3095 1567 3258 1622 vitam
3283 1567 3447 1622 mise-

1851 1681 1986 1721 ram
2010 1664 2158 1729 velit,
2190 1663 2626 1734 quandoquidem
2652 1661 2831 1715 nullus
2859 1667 2962 1724 est,
2993 1659 3087 1728 qui
3124 1659 3293 1714 vitam
3318 1659 3448 1714 bea-

1870 1764 1980 1811 tam
2007 1771 2114 1810 non
2141 1763 2377 1825 appetat.
2405 1754 2555 1821 Quae
2572 1761 2750 1807 tamen
2780 1750 2924 1806 nulla
2945 1759 3049 1815 est,
3080 1750 3125 1804 si
3154 1750 3240 1805 vel
3261 1757 3447 1806 coacta

1800 1835 1847 1897 B
1873 1847 2147 1903 voluntate
2168 1847 2489 1916 adquiritur,
2529 1843 2613 1899 vel
2641 1843 2758 1898 sine
2785 1843 3034 1899 libertate
3077 1841 3441 1912 possideatur.

1873 1941 2010 1993 Aut:
2036 1937 2094 1993 Si
2115 1937 2495 1994 Deusliberum
2512 1934 2798 1990 arbitrium
2827 1932 3032 1989 homini
3061 1946 3166 1987 non
3188 1932 3448 1994 dedisset,

1874 2044 1983 2102 quo
2008 2029 2394 2086 beatitudinem
2420 2027 2771 2089 desideraret,
2795 2032 3156 2096 purgaretque
3171 2037 3244 2102 se
3290 2019 3450 2076 bonis

1874 2097 2149 2190 operibus,
2179 2119 2373 2189 quibus
2405 2131 2524 2172 eam
2551 2116 2746 2172 merito
2790 2111 3146 2168 retribueret?
3171 2097 3452 2176 Quomodo

1871 2207 2018 2277 juste
2045 2223 2168 2262 eum
2199 2208 2393 2263 beatae
2417 2207 2564 2262 vitae
2581 2204 2750 2277 gloria
2779 2209 3088 2268 eoronaret,
3111 2199 3205 2270 qui
3227 2199 3328 2257 sibi
3352 2213 3449 2255 sua

1876 2299 2091 2371 propria
2112 2298 2388 2355 voluntate
2416 2297 2621 2354 servire
2643 2312 2750 2352 non
2773 2294 3000 2368 posset?

1949 2389 2080 2446 Vill.
2113 2389 2171 2444 Si
2198 2403 2326 2444 vero
2357 2388 2624 2452 dixeritis,
2650 2402 2747 2441 cur
2772 2386 2914 2442 Deus
2943 2384 3153 2440 homini
3188 2382 3292 2438 tale
3318 2382 3453 2437 libe-

1876 2497 1996 2537 rum
2023 2479 2306 2534 arbitrium
2334 2491 2439 2551 non
2482 2476 2652 2542 dedit,
2683 2490 2806 2530 cum
2837 2474 3031 2546 potuit,
3068 2489 3177 2545 quo
3205 2488 3312 2528 non
3354 2472 3458 2528 nisi

1877 2572 1964 2640 pie
2000 2571 2251 2642 justeque
2292 2568 2475 2624 vivere
2502 2566 2682 2636 vellet,
2722 2580 2824 2622 nec
2865 2565 3023 2622 aliter
3066 2564 3209 2622 velle
3256 2573 3456 2635 posset,

1876 2661 2040 2731 impie
2069 2675 2197 2714 vero
2228 2658 2529 2730 injusteque
2557 2658 2740 2713 vivere
2767 2671 2868 2713 nec
2888 2655 3070 2721 vellet,
3107 2669 3210 2710 nec
3232 2661 3450 2724 posset,

1879 2755 2137 2810 continuo
2177 2753 2329 2808 vobis
2380 2749 2833 2822 respondebitur:
2866 2747 2925 2805 Si
2955 2749 3098 2803 Deus
3128 2747 3183 2802 in
3232 2747 3454 2802 homine

1879 2844 2040 2900 talem
2075 2844 2407 2900 voluntatem
2437 2841 2786 2906 condidisset,
2833 2855 2975 2911 quae
3013 2853 3122 2895 non
3151 2838 3463 2894 omnimodo

1879 2951 2098 2993 movere
2127 2951 2185 2993 se
2208 2945 2449 3007 .posset,
2503 2935 2618 2990 sive
2664 2923 2828 2999 recte,
2861 2933 2975 2990 sive
3025 2945 3300 3003 perverse,
3351 2945 3459 2985 non

1880 3025 2190 3082 omnimodo
2218 3025 2386 3080 libera
2413 3030 2578 3089 esset,
2609 3023 2703 3079 sed
2727 3031 2874 3079 esset
2895 3037 2963 3078 ex
2992 3030 3145 3092 parte
3176 3020 3362 3083 libera,
3390 3035 3461 3074 ex

1883 3127 2036 3190 parte
2062 3134 2167 3173 non
2197 3118 2400 3183 libera;
2431 3115 2601 3172 libera
2650 3115 2866 3185 quidem
2906 3110 3076 3183 iuste,
3123 3127 3232 3168 non
3281 3119 3462 3166 autem

1809 3190 1854 3255 Ο
1886 3213 2056 3268 libera
2086 3211 2281 3280 injuste
2308 3211 2504 3266 vivere.
2554 3208 2612 3264 Si
2660 3223 2789 3277 ergo
2827 3217 2972 3264 esset
3001 3205 3183 3276 aliqua
3212 3220 3279 3260 ex
3311 3215 3465 3274 parte

1885 3303 2200 3368 necessitas,
2225 3317 2332 3358 non
2363 3308 2509 3358 esset
2534 3297 2773 3371 perfecta
2799 3298 3043 3355 libertas.
3065 3298 3173 3353 Aut
3192 3295 3463 3368 quomodo

1888 3394 1956 3451 de
1985 3395 2175 3449 eadem
2226 3393 2504 3449 voluntate
2557 3398 2740 3462 posset
2782 3389 2940 3448 simul
2989 3391 3116 3457 dici,
3150 3390 3317 3445 libera
3359 3397 3467 3454 est,

1887 3488 2060 3548 libera
2097 3503 2200 3546 non
2233 3495 2348 3556 est;
2381 3487 2518 3544 haec
2546 3485 2692 3542 enim
2736 3485 3152 3541 contradictorie
3191 3482 3467 3546 dicuntur,

1887 3584 2015 3655 quia
2044 3581 2204 3639 simul
2257 3580 2375 3636 fieri
2420 3594 2527 3636 non
2579 3584 2824 3650 possunt.
2876 3575 2934 3630 Si
2963 3574 3106 3630 enim
3138 3587 3323 3628 verum
3363 3581 3468 3635 est,

1886 3676 2057 3733 libera
2085 3684 2188 3742 est,
2219 3675 2419 3731 falsum
2444 3681 2551 3739 est,
2593 3671 2762 3727 libera
2793 3683 2900 3725 non
2941 3675 3057 3734 est;
3086 3665 3132 3721 si
3161 3673 3340 3720 autem
3374 3678 3468 3716 ve-

1888 3784 2008 3825 rum
2037 3776 2144 3834 est,
2173 3767 2344 3822 libera
2371 3780 2478 3821 non
2525 3772 2625 3828 est,
2674 3762 2868 3817 falsum
2899 3770 3001 3825 est,
3042 3760 3214 3813 libera
3263 3767 3364 3812 est.
3395 3757 3470 3811 Ar

1887 3875 1986 3932 per
2030 3861 2134 3916 hoc
2174 3859 2404 3914 liberum
2435 3855 2718 3912 arbitrium
2741 3853 2886 3908 nullo
2917 3852 3078 3908 modo
3117 3856 3306 3913 staret,
3347 3848 3391 3903 si
3419 3849 3468 3902 in

1891 3953 2072 4022 aliquo
2105 3949 2453 4005 claudicaret.
2484 3946 2542 4001 Si
2581 3944 2867 4000 dixeritis:
2907 3941 3048 4009 Quid
3085 3939 3289 3995 homini
3317 3952 3476 3992 noee-

1892 4055 1998 4110 ret,
2034 4044 2080 4100 si
2110 4043 2339 4098 liberum
2361 4054 2516 4095 suum
2544 4037 2829 4092 arbitrium
2858 4043 3013 4104 parte
3041 4033 3220 4102 aliqua
3270 4029 3471 4084 claudi-

1892 4143 2064 4198 caret.
2094 4133 2148 4188 id
2179 4142 2281 4198 est,
2323 4147 2390 4188 eo
2411 4131 2551 4186 male
2578 4131 2656 4185 uti
2685 4144 2792 4184 non
2839 4136 3042 4198 posset,
3085 4134 3291 4180 tantum
3325 4129 3382 4175 ut
3407 4136 3474 4174 eo

1892 4227 2036 4282 bene
2058 4225 2257 4281 utendo
2283 4224 2351 4279 ad
2391 4223 2556 4278 vitam
2603 4221 2912 4294 perveniret
2939 4215 3254 4273 aeternam?
3282 4214 3476 4270 melius

1895 4326 1979 4374 est
2032 4317 2203 4385 enim,
2247 4319 2406 4374 beate
2458 4315 2666 4382 vivere,
2704 4330 2867 4385 quam
2920 4313 3134 4384 plenam
3181 4306 3478 4367 voluntatis

1897 4409 2200 4466 libertatem
2224 4408 2459 4465 habere:
2485 4407 2728 4463 miranda
2753 4414 2837 4462 est
2850 4415 3030 4462 vestra
3051 4403 3288 4460 coecitas
3316 4406 3479 4469 atque

1899 4501 2079 4572 potius
2103 4500 2429 4556 miseranda.
2457 4499 2540 4554 An
2575 4497 2819 4562 nescitis,
2847 4495 2977 4566 quid
3002 4494 3075 4550 sit
3093 4491 3339 4564 justitia?
3367 4487 3473 4546 Uti-

1900 4611 2007 4666 que
2029 4593 2268 4650 nescitis.
2308 4591 2368 4647 Si
2389 4591 2535 4648 enim
2571 4590 2786 4646 sciretis
2811 4587 3137 4652 certissime,
3177 4583 3480 4639 certissime

1906 4686 2174 4742 taceretis.
2214 4685 2410 4740 Audite
2435 4697 2583 4754 ergo,
2615 4682 2743 4752 quid
2778 4681 2850 4735 sit
2879 4679 3113 4748 justitia.
3141 4675 3220 4732 lta
3247 4687 3483 4744 namque

1904 4778 2175 4834 delinitur.
2221 4773 2440 4832 Iustitia
2476 4782 2559 4829 est
2601 4789 2697 4829 sua
2735 4772 2928 4840 cuique
2974 4770 3232 4825 tribuere.
3265 4765 3323 4822 Si
3354 4780 3484 4836 ergo

1898 4871 2167 4943 justitiam
2200 4868 2295 4924 Dei
2341 4881 2502 4923 nemo
2539 4873 2719 4936 potest
2754 4863 2988 4929 auferre,
3029 4861 3194 4917 sinite
3218 4859 3244 4893 ⁸
3291 4866 3479 4915 contra

1905 4978 2024 5019 eam
2051 4962 2270 5016 latrare.
2301 4957 2580 5026 Quomodo
2599 4957 2798 5028 quippe
2825 4955 2968 5023 Deus
2990 4951 3159 5025 iudex
3177 4949 3358 5020 justus
3383 4961 3467 5002 co-

1907 5067 2100 5110 ronam
2128 5051 2270 5106 vitae
2297 5049 2390 5105 dat
2414 5047 2643 5114 homini,
2678 5044 2785 5102 nisi
2803 5044 2894 5116 pie
2915 5042 3020 5100 sibi
3038 5038 3330 5099 servienti?
3351 5035 3478 5104 Quis

1500 5167 1755 5225 VARIAE
1792 5165 2196 5227 LECTIONES.

298 5287 319 5319 ⁸
347 5285 527 5359 Conj.,
546 5285 666 5342 cod.
696 5292 994 5358 querentur.
1068 5282 1102 5354 ²,
1116 5281 1209 5338 Sic
1239 5279 1386 5348 cod.,
1425 5277 1498 5335 Μ.
1532 5279 1859 5350 “Hiberum.
1936 5280 1958 5313 ³
1998 5279 2090 5335 Sic
2115 5275 2263 5344 cod.,
2290 5275 2359 5331 Μ.
2391 5275 2629 5332 desinite.

1732 5396 1982 5454 NOTAE.

300 5530 329 5559 ι
354 5517 496 5572 Deus
531 5499 720 5586 reapse
745 5503 1013 5586 neminem
1037 5509 1330 5586 compellit
1361 5511 1426 5586 ad
1456 5509 1807 5586 peccandum,

233 5589 332 5643 sed
363 5588 429 5641 ad
461 5587 598 5641 bene
625 5580 909 5639 vivendum
941 5583 1127 5639 multis
1167 5580 1568 5648 correptionnm
1598 5580 1808 5648 generi—

1987 5510 2014 5549 ι)
2055 5507 2248 5569 Probe,
2278 5521 2501 5574 quaeso,
2548 5503 2969 5574 animadvertas,
3015 5495 3342 5574 voiuntatem
3390 5508 3478 5574 re-

1913 5595 2038 5634 vera
2067 5564 2308 5649 praecédi
2343 5564 2764 5649 (litiersiseausis
2791 5564 3067 5649 medentis
3098 5577 3154 5622 et
3177 5564 3481 5649 mirerentis

231 5636 335 5712 iis;
365 5636 595 5718 invitat—,7
616 5636 1120 5722 iminoicompellit,
1145 5636 1262 5722 ipso
1297 5636 1510 5705 dicente
1541 5636 1809 5722 {Faciam
1914 5651 2031 5712 Dei,
2063 5636 2129 5722 ad
2159 5649 2295 5722 niala
2337 5663 2465 5722 vero
2491 5645 2686 5722 nullis,
2704 5641 2804 5696 nisi
2834 5641 3083 5711 propriae
3111 5636 3482 5718 perversitatis

229 5739 288 5780 ut
321 5729 374 5780 in
410 5727 692 5796 prqeceptis
735 5726 864 5781 meis
892 5719 1187 5781 ambulem.
1236 5732 1290 5776 ει
1336 5722 1464 5776 item
1501 5738 1515 5778 :
1549 5719 1808 5796 Compelle

231 5799 456 5857 intrare.
488 5795 654 5856 Pavo.

1912 5721 2121 5776 meritis
2149 5717 2506 5784 exigentibus.
2537 5716 2617 5770 Cf.
2649 5713 2814 5769 Pavo.

1986 5803 2007 5831 ε
2037 5791 2192 5863 Rom.
2221 5788 2327 5853 V’ll,
2361 5786 2450 5841 25.
