4028 6280
536 288 703 349 379'

1895 288 2177 349 JOANNIS
2214 288 2417 347 ποτε

3714 296 3820 357 580

538 415 717 464 autem
739 405 852 463 Deo
874 407 961 478 pie
986 408 1299 473 servit,nisi
1319 409 1415 479 qui
1436 408 1553 479 ejus
1572 410 1825 464 mandata
1848 409 2121 464 custodit?
2148 415 2196 473 Α
2225 418 2432 475 catum,
2468 410 2514 464 si
2561 424 2666 465 non
2718 410 2791 465 sit
2834 410 3195 467 voluntarium
3214 452 3229 477 ,
3273 421 3332 469 et
3357 415 3464 470 hoc
3490 416 3714 485 quidem
3742 420 3814 476 ita

539 502 607 559 Et
633 501 754 571 quis
798 500 1046 557 mandata
1082 501 1173 556 Dei
1204 503 1437 556 custodit
1468 503 1569 557 nisi
1596 502 1700 565 ille,
1731 503 1820 572 qui
1851 518 1936 566 ea,
1982 517 2121 570 quae

539 594 654 665 ipse
681 594 949 663 prohibet,
974 595 1250 658 abhorret,
1285 610 1350 648 ne
1374 593 1557 658 faciat,
1586 605 1639 648 et
1664 610 1749 656 ea,
1781 609 1919 663 quae
1943 593 2117 662 jubet,

539 683 832 746 desiderat,
878 691 934 737 et
962 683 1264 743 contendit.
1297 694 1357 740 ut
1405 683 1588 749 faciat,
1618 683 1904 752 adjuvante
1945 685 2121 754 gratia

537 774 674 846 ejus,
704 776 821 830 sine
844 788 950 842 qua
979 772 1109 828 nihil
1129 774 1253 828 boni
1283 782 1457 843 potest
1480 773 1678 829 facere.
1712 772 1818 827 Sed
1845 774 1972 843 quid
1995 789 2124 842 pro-

538 864 708 928 hibet,
742 863 844 917 nisi
872 871 1233 930 peccare,aut
1253 862 1383 932 quid
1402 862 1578 930 jubet,
1607 863 1709 917 nisi
1731 878 1836 917 non
1864 863 2122 932 peccare?

539 958 891 1031 Supervacua
914 965 1094 1014 autem
1136 959 1514 1029 prohiberetur
1549 961 1566 990 ¹
1600 959 1781 1021 homo,
1831 973 1898 1012 ne
1926 972 2123 1026 pecca-

541 1058 651 1105 tum
680 1050 1066 1112 comtnitterel,
1110 1051 1154 1104 si
1187 1049 1305 1120 ejus
1342 1050 1713 1104 committendi
1758 1048 1984 1103 liberam
2021 1064 2119 1119 po»

539 1147 789 1197 teetatem
841 1155 946 1195 non
981 1141 1223 1196 haberet.
1257 1139 1388 1194 Non-
1422 1142 1566 1195 enim
1605 1140 1951 1209 prohibetur,
1978 1141 2119 1209 quod

537 1246 642 1289 non
669 1240 848 1303 potest
883 1248 1024 1289 esse.
1063 1233 1169 1287 Aut
1221 1248 1326 1302 qua
1358 1233 1568 1287 ratione
1601 1231 1882 1303 juberetur
1912 1233 1962 1287 ei
2012 1247 2121 1286 non

536 1339 790 1395 peccare,
835 1326 885 1382 si
937 1325 1250 1380 nullomodo
1292 1332 1474 1393 posset
1501 1324 1764 1394 peccare?
1794 1323 1925 1377 Illud
1977 1324 2121 1377 enim

537 1414 682 1471 Deus
708 1415 895 1471 debuit
915 1415 1127 1485 jubere,
1159 1417 1303 1485 quod
1340 1425 1529 1485 posset
1550 1415 1713 1470 homo
1738 1414 1936 1471 facere.
1968 1414 2122 1481 Quod

538 1514 717 1562 autem
745 1522 853 1562 non
879 1515 1062 1577 posset
1106 1506 1270 1562 homo
1297 1506 1499 1571 facere,
1531 1509 1803 1577 quomodo
1851 1507 1993 1562 Deus
2037 1523 2125 1561 γοι

535 1597 639 1655 luit
653 1599 871 1670 jubere,
904 1615 1009 1654 non
1050 1600 1224 1655 video.
1253 1598 1560 1669 Siquidem,
1587 1608 1648 1654 ut
1674 1599 1857 1665 vultis,
1898 1600 1943 1655 si
1981 1600 2124 1656 Deus

537 1689 645 1746 tale
672 1689 918 1746 liberum
970 1692 1259 1746 arbitrium
1305 1693 1357 1745 in
1400 1693 1619 1747 homine
1667 1700 1913 1758 crearet,
1958 1702 2015 1747 ut
2056 1708 2122 1748 eo

2228 504 2574 560 manifestum
2603 513 2714 569 est,
2744 513 2806 559 ut
2835 506 2979 561 nulla
3027 507 3153 561 hinc
3194 508 3478 563 doctorum
3528 513 3806 579 paucitas,

2224 595 2368 649 nulla
2400 596 2738 651 indoctorum
2774 597 2929 651 turba
2961 598 3264 653 dissentiat.
3291 600 3475 667 Quare
3500 612 3595 655 aut
3619 619 3811 671 negatio

2224 687 2351 743 dum
2377 697 2459 743 est
2487 698 2773 758 peccatum
2800 690 3099 755 committi,
3131 698 3225 744 aut
3265 690 3545 746 fatendum
3579 702 3690 758 est,
3716 710 3806 750 vo-

2225 777 2430 833 luntate
2456 780 2740 834 committi.
2788 779 2905 836 Non
2942 791 3125 835 autem
3160 791 3307 839 recte
3343 792 3511 854 negat
3557 799 3805 854 peccame

2226 871 2494 935 animam,
2524 872 2614 940 qui
2641 879 2698 927 et
2720 873 3047 942 poenitentia
3073 889 3193 929 eam
3222 877 3419 946 corrigi
3447 877 3472 908 ⁸
3501 877 3732 941 fatetur,
3755 889 3803 934 et

2223 959 2435 1014 veniam
2468 961 2768 1029 poenitenti
2790 960 3002 1027 dari,et
3022 975 3462 1032 perseverantem
3490 967 3545 1021 in
3578 970 3801 1036 peccatis

2218 1049 2365 1119 justa
2390 1051 2482 1104 Dei
2506 1050 2623 1121 lege
2654 1050 2674 1081 ⁶
2698 1052 2962 1127 damnari.
2988 1053 3292 1121 Postremo,
3319 1056 3365 1110 si
3392 1072 3503 1112 non
3533 1059 3802 1118 voluntate

2225 1139 2365 1194 male
2393 1140 2644 1206 facimus,
2677 1157 2837 1197 nemo
2875 1141 3242 1215 objurgandus
3267 1148 3523 1215 omnino,
3572 1160 3665 1204 aut
3693 1167 3819 1219 mo-l

2224 1231 2433 1285 nendus
2462 1241 2578 1297 est;
2605 1233 2809 1301 quibus
2829 1234 3056 1290 sublatis
3085 1236 3394 1293 Christiana
3448 1240 3533 1295 lex
3564 1248 3621 1295 et
3648 1242 3813 1299 disci-.

2222 1320 2367 1391 plina
2392 1323 2568 1375 omnis
2597 1322 2875 1391 religionis
2905 1323 3186 1379 auferatur
3210 1340 3435 1385 necesse
3468 1339 3577 1385 est.
3610 1331 3796 1387 Volun-

2226 1419 2337 1467 tate
2361 1426 2492 1481 ergo
2521 1425 2800 1480 peccatur,
2828 1421 2884 1467 et
2913 1416 3171 1483 quoniam
3202 1420 3421 1487 peccari
3450 1435 3558 1475 non
3593 1421 3795 1477 dubium

2225 1512 2327 1564 est,
2359 1517 2461 1557 nec
2491 1504 2595 1558 hoc
2621 1503 2843 1571 quidem
2866 1506 3223 1561 dubitandum
3252 1509 3431 1577 video,
3471 1511 3675 1566 habere
3695 1514 3796 1566 ani-

2224 1607 2341 1648 mas
2365 1594 2592 1648 liberum
2623 1594 2916 1652 voluntatis
2939 1597 3263 1665 arbitrium;
3292 1600 3426 1655 tales
3449 1602 3602 1656 enim
3629 1614 3797 1657 servos

2226 1700 2354 1742 suos
2398 1686 2647 1749 meliores
2691 1701 2813 1744 esse
2841 1688 2983 1757 Deus
3023 1689 3307 1758 judicavit,
3350 1693 3397 1747 si
3445 1695 3498 1748 ei
3545 1694 3796 1749 servirent

541 1791 747 1841 tantum
771 1798 876 1838 non
904 1798 1131 1854 peccare
1156 1794 1356 1854 posset,
1381 1799 1447 1839 eo
1472 1799 1598 1840 vero
1624 1799 1853 1854 peccare
1877 1799 1983 1840 non
2005 1800 2125 1855 pos-
2156 1774 2199 1835 Β
2227 1778 2555 1845 liberaliter;
2586 1781 2730 1850 quod
2759 1781 2906 1836 nullo
2936 1786 3096 1838 modo
3121 1783 3237 1839 fieri
3261 1794 3470 1855 posset,
3502 1788 3549 1841 si
3579 1801 3685 1843 non
3710 1800 3794 1843 vo-

536 1882 639 1938 set,
701 1875 973 1943 quomodo
1028 1891 1193 1929 unum
1252 1876 1548 1945 prohibuit,
1615 1876 1670 1929 id
1715 1885 1821 1941 est,
1870 1891 2120 1946 peccare,

537 1962 684 2033 quia,
718 1965 820 2020 etsi
866 1980 973 2020 non
1008 1964 1415 2034 prohiberetur,
1448 1981 1555 2019 non
1610 1975 1779 2031 esset,
1828 1968 1973 2037 quod
2003 1981 2125 2023 esse

539 2052 655 2125 lege
684 2065 914 2111 naturae
944 2071 1051 2110 non
1100 2056 1310 2111 sinente
1349 2072 1454 2111 non
1484 2065 1691 2126 posset,
1725 2057 1954 2113 alterum
1995 2072 2125 2115 vero

537 2146 809 2214 quomodo
841 2145 1009 2214 jussit
1054 2147 1101 2209 ’,ε
1151 2146 1251 2200 hoc
1282 2155 1383 2209 est,
1436 2161 1542 2201 non
1585 2160 1830 2216 peccare,
1875 2148 2122 2217 quando-

538 2235 777 2305 quidem,
806 2237 850 2290 si
886 2252 990 2290 non
1023 2235 1327 2307 juberetur,
1359 2246 1420 2291 ut
1442 2237 1619 2302 fieret,
1644 2238 1955 2294 necessario
1993 2237 2123 2293 fuis-

538 2326 657 2381 set?
683 2325 740 2381 Si
770 2327 912 2382 enim
939 2342 1165 2397 peccare
1190 2343 1294 2382 non
1322 2338 1505 2398 posset
1526 2330 1763 2384 naturali
1790 2330 1842 2383 vi
1873 2338 2120 2401 cogente,

539 2435 648 2490 quo
673 2430 832 2492 pacto
855 2423 1148 2492 peccaret?
2116 2432 2119 2435 '

610 2510 702 2566 ιχ.
732 2510 776 2566 li
785 2514 827 2567 is
846 2526 975 2580 ergo
998 2513 1299 2569 rationibus
1316 2514 1618 2585 contectum
1640 2523 1743 2580 est,
1759 2517 1926 2570 Deum
1948 2515 2125 2585 primo

492 2595 497 2601 ’
542 2601 749 2657 homini:
781 2602 942 2657 talem
984 2602 1312 2660 voluntatem
1360 2614 1415 2658 et
1458 2604 1696 2669 dedisse,
1726 2612 1782 2659 et
1826 2605 1879 2659 in
1916 2619 1980 2659 eo
2003 2619 2122 2659 eam

542 2693 855 2749 condidisse
904 2696 958 2748 in
1001 2701 1209 2749 tantum
1255 2694 1504 2761 liberam,
1551 2703 1619 2749 ut
1658 2709 1758 2766 per
1790 2710 1910 2750 eam
1942 2703 2124 2767 posset

541 2802 789 2859 peccare,
823 2797 1004 2858 posset
1031 2800 1135 2843 non
1165 2803 1415 2860 peccare,
1449 2790 1590 2844 sicut
1617 2790 1790 2860 potuit
1818 2773 1952 2844 morl
1981 2830 1994 2854 ,
2023 2805 2123 2859 po-

543 2878 645 2933 tttit
672 2894 777 2932 non
808 2879 965 2933 mori.
998 2878 1231 2935 Proinde
1257 2881 1487 2949 primum
1521 2881 1833 2935 mandatum
1865 2881 1918 2934 in
1945 2880 2125 2935 medio

541 2973 893 3027 constitutum
923 2982 1014 3027 est
1039 2973 1180 3027 inter
1198 2974 1530 3043 peccandum
1551 2982 1606 3029 et
1627 2988 1733 3027 non
1765 2973 2118 3043 peccandum.

544 3061 722 3119 Unum
755 3063 899 3118 enim
930 3064 1240 3133 prohibuit,
1288 3065 1431 3134 quod
1462 3064 1576 3120 fieri
1611 3064 1863 3120 libertate
1895 3072 2124 3118 naturae

2225 1871 2461 1939 luntate,
2488 1873 2582 1929 sed
2609 1874 2936 1931 necessitate
2965 1875 3282 1931 servirent.
3308 1889 3359 1930 α.

2758 2012 3158 2089 CAPITULUM
3196 2033 3284 2090 v1.

2225 2146 2303 2202 De
2321 2162 2381 2203 eo
2402 2144 2542 2218 quod
2567 2161 2671 2203 non
2693 2146 2909 2218 aliunde
2934 2146 2998 2218 sit
3030 2162 3181 2201 omne
3201 2155 3473 2218 peccatum
3490 2187 3504 2212 ,
3529 2148 3631 2201 nisi
3649 2147 3800 2204 lituo

2603 2217 2847 2290 propriae
2875 2216 3155 2271 voluntatis
3190 2216 3433 2272 arbitrio.

2293 2329 2336 2384 Ι.
2360 2329 2697 2386 Firmissime
2735 2329 2901 2399 igitur
2924 2329 3240 2395 tenendum,
3272 2328 3480 2384 nullum
3506 2341 3795 2400 peceatum,

2225 2419 2330 2475 hoc
2367 2427 2452 2476 est
2484 2418 2854 2483 malefactum,
2870 2418 3183 2489 nullamque
3205 2419 3322 2489 eius
3347 2433 3577 2489 poenam
3599 2421 3801 2475 aliunde

2224 2513 2395 2578 nasci,
2426 2512 2532 2568 nisi
2574 2513 2791 2582 propria
2832 2513 3069 2568 hominis
3111 2513 3419 2578 voluntate,
3452 2514 3624 2568 libero
3667 2515 3803 2570 male

2224 2608 2428 2662 utentis
2450 2607 2678 2662 arbitrio
2702 2606 2748 2659 ιι.
2788 2606 2974 2676 Neque
3001 2607 3147 2660 enim
3182 2606 3336 2660 aliter
3363 2605 3478 2661 fieri
3508 2620 3635 2661 vera
3666 2607 3804 2662 ratio

2225 2698 2453 2755 invenit.
2495 2695 2662 2765 Cujus
2700 2698 2801 2752 rei.
2823 2696 3195 2752 ostendendae
3233 2708 3398 2751 causa
3442 2698 3699 2751 utendum
3724 2704 3808 2752 est

2226 2803 2292 2845 co
2315 2798 2664 2859 argumento,
2697 2787 2842 2857 quod
2890 2788 3124 2842 sumitur
3152 2802 3183 2840 a
3226 2786 3635 2856 comparatione
3658 2787 3708 2840 ⁷.
3748 2785 3807 2844 S

2226 2881 2460 2939 humana
2491 2880 2742 2934 voluntas
2769 2889 2852 2935 est
2894 2880 3190 2934 secundum
3222 2887 3471 2932 naturam
3493 2920 3508 2943 ,
3538 2880 3683 2933 unde
3712 2881 3811 2935 du-

2226 2972 2402 3027 bitare
2446 2972 2824 3027 stultissimum
2849 3012 2863 3035 ,
2916 2970 3048 3025 nulli
3092 2970 3331 3035 dubium,
3377 2985 3496 3024 eam
3539 2986 3645 3024 non
3687 2986 3813 3027 esse

2227 3078 2498 3118 summam
2544 3064 2787 3118 omnium
2835 3064 3206 3129 voluntatem,
3255 3077 3323 3118 eo
3371 3064 3607 3117 maxime
3647 3079 3813 3134 argn—

542 3154 749 3225 potuit;
782 3130 1013 3209 alterum
1038 3153 1218 3223 jussit,
1250 3130 1394 3225 quod
1424 3154 1542 3210 fieri
1580 3163 1636 3210 et
1677 3165 1890 3220 natura,
1917 3163 1972 3209 et
1999 3169 2125 3225 gra-
2151 3130 2197 3196 c
2227 3162 2433 3218 mento,
2462 3153 2606 3221 quod
2635 3152 2910 3207 mutabilis
2935 3152 3024 3206 sit.
3057 3153 3114 3206 Si
3147 3153 3293 3207 enim
3325 3166 3534 3207 summa
3564 3130 3814 3208 omnium

545 3245 616 3298 tia
644 3259 749 3299 non
777 3245 1014 3314 negavit,
1046 3255 1135 3311 ut,
1157 3245 1203 3300 si
1243 3246 1292 3300 ei
1334 3245 1556 3300 obedire
1593 3246 1776 3311 vellet,
1801 3246 1947 3316 justo
1995 3245 2020 3277 ⁸
2044 3245 2126 3299 vi-

547 3344 655 3391 tam
686 3336 909 3390 beatam.
933 3337 1224 3404 reciperet,
1268 3336 1350 3390 sin
1397 3351 1528 3395 vero
1554 3335 1686 3391 illud
1712 3344 2120 3402 contemneret,

540 3426 685 3497 juste
708 3426 946 3481 debitam
973 3435 1201 3481 mortem
1228 3427 1565 3497 subindeque
1594 3428 1871 3483 miseriam
1895 3428 2122 3483 subiret.

546 3520 694 3585 Quae
722 3534 846 3574 cum
889 3520 962 3575 ita
1005 3521 1147 3585 sint,
1180 3521 1365 3575 nullus
1403 3520 1835 3579 Christianorum
1874 3522 2128 3578 dubitare

547 3610 725 3674 debet,
756 3610 927 3665 Deum
972 3611 1343 3667 universitatis
1387 3614 1720 3669 conditorem
1766 3613 1987 3669 dedisse
2023 3616 2127 3669 ho-

548 3702 677 3757 mini
701 3703 926 3757 liberum
953 3704 1259 3769 arbitrium,
1284 3705 1339 3759 id
1362 3714 1464 3771 est,
1486 3706 1806 3762 electionem
1838 3708 1953 3761 siVe
1974 3708 2122 3774 boni,

549 3796 661 3851 sive
692 3795 845 3861 mali,
868 3810 969 3851 nec
988 3795 1149 3850 aliter
1167 3811 1290 3851 eum
1322 3796 1452 3851 dare
1476 3798 1747 3863 delmisse,
1780 3798 1884 3853 nisi
1906 3800 2129 3854 omnino

548 3886 800 3952 liberum,
833 3901 899 3941 eo
925 3886 1130 3943 scilicet
1169 3894 1223 3941 et
1269 3894 1702 3953 monstraturus,
1749 3890 1881 3959 ‘quid
1933 3890 1987 3944 in
2037 3892 2131 3947 ho-

548 3981 693 4035 mine
737 3979 1074 4050 praevaleret
1111 3989 1304 4036 natura
1351 3982 1468 4036 sine
1514 3982 1712 4052 gratia,
1769 3982 1895 4051 quid
1950 3984 2123 4051 gratia

547 4079 729 4142 posset
768 4071 822 4126 in
853 4083 1067 4138 natura,
1102 4073 1229 4141 quid
1257 4070 1500 4141 justitiae
1537 4073 1813 4138 meritum,
1845 4074 1974 4143 quid
2003 4088 2128 4144 pec-

549 4163 678 4228 cati,
701 4163 835 4234 quid
876 4164 1070 4218 deinde
1112 4176 1243 4218 suae
1274 4162 1559 4218 ineﬁ'abilis
1604 4163 1873 4232 largitatis
1900 4164 2127 4230 donum,

549 4255 603 4310 in
634 4262 867 4319 tantum,
894 4263 955 4309 ut
983 4254 1231 4323 quisquis
1252 4253 1487 4308 libertati
1516 4255 1724 4307 arbitrii
1754 4256 1996 4325 deroget,
2036 4265 2127 4309 aut

552 4346 842 4400 minuendo
860 4385 875 4411 ,
906 4353 999 4399 aut
1025 4345 1240 4413 penitus
1267 4343 1561 4398 auferendo
1583 4384 1596 4405 ,
1627 4355 1721 4397 aut
1750 4343 2130 4414 blaspheman-

552 4437 621 4490 do
643 4435 693 4501 ⁵,
721 4450 855 4490 cuin.
885 4437 1048 4491 totius
1072 4434 1414 4499 Christianae
1439 4434 1752 4502 disciplinae
1775 4436 2130 4503 proculdubio

2229 3253 2393 3309 esset,
2435 3244 2704 3313 quomodo
2749 3243 3024 3301 mutabilis
3065 3258 3186 3299 esse
3226 3246 3440 3313 posset?
3481 3245 3595 3300 Non
3642 3248 3818 3318 igitur

2230 3351 2466 3392 summa.
2490 3335 2759 3403 Quoniam
2780 3350 2911 3390 vero
2931 3350 3052 3391 eam
3077 3337 3305 3391 rationis
3329 3352 3570 3393 summae
3591 3340 3820 3407 partici-

2229 3444 2352 3500 pem
2382 3442 2503 3485 esse
2527 3428 2799 3492 videmus,
2847 3429 3095 3485 dubitare
3141 3445 3249 3485 non
3294 3442 3596 3500 possumus,
3631 3431 3823 3500 ipsam

2196 3518 2553 3573 rationalem
2600 3517 2956 3573 substantiam
2995 3533 3135 3575 esse.
3176 3519 3408 3586 Deinde,
3452 3522 3497 3576 si
3529 3522 3824 3577 rationalis

2231 3622 2427 3668 natura
2476 3611 2845 3667 irraticnﬂem
2891 3611 3086 3667 merito
3118 3613 3428 3682 praecedit,
3457 3612 3728 3682 sequitur,
3765 3623 3827 3669 ut

2231 3704 2515 3761 rationalis
2546 3712 2740 3758 natura
2771 3703 3050 3759 mutabilis
3099 3704 3280 3759 minor
3325 3707 3396 3759 sit
3438 3704 3685 3760 rationali
3742 3707 3828 3760 in-

2232 3795 2601 3854 commutabili
2629 3796 2684 3859 ⁸,
2713 3794 2886 3864 major
2916 3811 3051 3852 vero
3094 3795 3395 3851 irrationali
3439 3794 3824 3866 mutabilique.

2233 3890 2511 3947 Summam
2542 3889 2707 3960 igitur
2730 3888 2973 3945 omnium
3011 3889 3248 3945 divinam
3276 3889 3605 3943 voluntatem
3641 3890 3831 3945 nullo-

2232 3981 2394 4037 modo
2419 3979 2685 4036 voluntati
2716 3979 2992 4044 rationali,
3022 3994 3183 4049 quam
3216 3980 3440 4046 creavit,
3466 3979 3548 4035 vel
3577 3983 3829 4039 suasisse

2232 4087 2484 4144 peccare,
2526 4071 2609 4124 vel
2652 4084 2773 4124 eam
2813 4069 3056 4140 coegisse
3099 4071 3167 4124 ad
3213 4070 3561 4141 peccandum,
3588 4074 3830 4128 credere

2234 4165 2510 4220 debemus.
2556 4161 2893 4216 lrrationalis
2926 4176 3054 4216 vero
3081 4161 3367 4227 voluntas,
3409 4162 3548 4217 sicut
3591 4170 3670 4217 est
3708 4166 3830 4220 ani-

2234 4256 2474 4318 malium,
2501 4251 2772 4323 quomodo
2794 4251 3073 4307 meliorem
3102 4265 3162 4306 se
3192 4253 3520 4308 voluntatem
3553 4253 3827 4323 vinceret,

2235 4346 2557 4416 praesertim
2595 4359 2717 4399 cum
2764 4344 2878 4412 ipsa
2909 4357 3138 4412 peccare
3167 4356 3275 4398 non
3304 4344 3475 4414 possit
3500 4359 3695 4399 carens
3746 4364 3830 4402 ra-

2239 4437 2420 4491 tione?
2448 4420 2749 4502 Quotnodo'
2770 4435 2947 4504 potuit
2973 4442 3067 4488 aut
3106 4435 3364 4500 suadere,
3396 4443 3491 4489 aut
3528 4450 3734 4507 cogere
3765 4437 3829 4491 ad

555 4529 847 4583 inimicum
871 4536 929 4583 et
950 4528 1131 4582 divina
1167 4536 1223 4582 et
1247 4528 1480 4581 humana
1507 4528 1795 4581 convincat
1815 4530 2127 4585 auctoritas.
2161 4513 2211 4573 Ῑ)
2237 4530 2572 4600 peccandum
2602 4526 2884 4581 fortiorem
2914 4541 2975 4581 se
3001 4526 3362 4592 voluntatem,
3393 4530 3601 4582 ratione
3620 4530 3829 4601 quippe

554 4620 692 4676 Hinc
717 4621 1049 4692 Augustinus
1076 4620 1131 4673 in
1160 4620 1298 4673 libro
1323 4620 1390 4674 de
1427 4634 1551 4673 vera
1591 4620 1887 4689 religione:
1924 4642 1942 4671 σ
1980 4622 2134 4677 Defe-

554 4715 1051 4777 ctusautemistet,
1074 4714 1169 4779 ait,
1193 4731 1212 4765 ι
1233 4712 1324 4783 qui
1356 4721 1633 4781 peccatum
1658 4722 1902 4778 vocatur,
1934 4715 1978 4768 si
2010 4725 2131 4768 tan-

2241 4619 2517 4674 utentem?
2546 4618 2735 4673 Restat
2760 4633 2861 4688 par
2881 4617 2999 4686 ejus
3025 4619 3277 4674 voluntas
3295 4658 3309 4684 ,
3359 4633 3519 4688 quae,
3550 4620 3594 4675 si
3639 4620 3827 4692 aliqua

2239 4720 2342 4775 est,
2367 4720 2460 4765 aut
2487 4710 2620 4763 vitio
2647 4717 2816 4774 caret,
2842 4718 2934 4764 aut
2962 4710 3153 4764 vitiata
3185 4718 3288 4765 est.
3332 4708 3438 4765 Sed
3479 4711 3525 4765 si
3566 4711 3703 4766 vitio
3735 4728 3825 4768 ea-

555 4819 718 4876 nam
744 4803 914 4860 febris
940 4804 1171 4859 invitum
1200 4813 1534 4872 occuparet,
1564 4814 1709 4859 recte
1739 4804 1935 4873 injusta
1962 4819 2136 4874 poena
2238 4812 2376 4867 reat,
2397 4803 2667 4872 quomodo
2692 4802 2775 4856 vel
2798 4804 3046 4867 suadere,
3067 4801 3153 4857 vel
3183 4789 3378 4873 cogere
3404 4811 3608 4873 potest,
3630 4804 3827 4859 vitium

556 4898 850 4964 videretur,
884 4910 1042 4968 cquae
1088 4904 1407 4967 peccantem
1463 4896 1843 4964 consequitur,
1892 4908 1950 4951 et
1998 4912 2138 4967 quae
2240 4894 2358 4949 lleri
2403 4895 2458 4948 in
2505 4908 2601 4949 sua
2642 4894 2761 4962 pari
2786 4893 3120 4949 voluntate?
3158 4891 3313 4948 multa
3359 4895 3507 4948 enim
3550 4896 3824 4959 voluntas,

559 4989 833 5049 damnatio
854 4994 1220 5058 nuncupatur.
1248 4986 1404 5043 Nunc
1427 5001 1558 5041 vero
1586 5002 1756 5057 usque
1779 4988 1915 5042 adeo
1944 5002 2136 5057 pecca-

561 5087 674 5135 tum
705 5080 1063 5134 voluntarium
1092 5077 1290 5132 malum
1317 5086 1419 5141 est,
1451 5085 1511 5131 ut
1540 5076 1685 5131 nullo
1715 5077 1876 5131 modo
1907 5078 1979 5131 sit
2007 5091 2136 5146 pce-

2241 5000 2435 5041 carens
2468 4984 2620 5049 vitio,
2652 4985 2705 5038 in
2741 4984 2851 5041 alia.
2873 4984 3151 5039 voluntate
3176 4982 3366 5038 vitium
3391 4983 3575 5038 edicit.
3607 4984 3665 5041 Si
3698 4998 3826 5040 vero

2240 5075 2431 5131 vitiata
2465 5083 2582 5141 est,
2619 5089 2727 5128 non
2755 5082 2874 5129 erat
2907 5088 3006 5145 par
3050 5075 3321 5131 humanae
3362 5075 3661 5131 voluntatis
3702 5082 3826 5132 ante

1850 5210 1937 5266 VA
1946 5209 2107 5264 RIAE
2146 5207 2551 5266 LECTIONES.

632 5311 651 5343 ⁸
679 5308 773 5366 Sic
807 5307 954 5373 θοὰ..
981 5304 1052 5362 Μ.
1079 5308 1399 5377 prohibetur.
1475 5301 1667 5377 ξορρ.
1695 5304 1871 5377 insit;
1903 5306 1979 5377 sic
2008 5320 2239 5376 semper.
2274 5376 2281 5377 ί
2320 5305 2339 5335 ⁸
2364 5305 2453 5360 Sic
2483 5305 2627 5377 cod.,
2646 5303 2714 5358 M.
2743 5313 2792 5377 et
2816 5304 2974 5359 iuste.
3032 5305 3069 5377 ξ
3084 5302 3214 5377 Cod.
3244 5303 3627 5377 blasfeytando.
3696 5305 3821 5360 'Sic

562 5382 709 5448 cod.,
733 5379 803 5435 Μ.
837 5371 1029 5451 corrigi
1058 5371 1193 5451 eant.
1213 5446 1241 5451 _
1269 5376 1396 5451 ἐξίῃ
1420 5373 1631 5440 cod.,M
1651 5374 1791 5451 inﬂa
1815 5375 1912 5451 Ι)ςὶ
1935 5371 2196 5451 legem,_'et
2221 5376 2289 5431 ad
2317 5392 2487 5447 marg.
2523 5376 2703 5431 adscr.
2746 5374 2817 5429 al.
2848 5377 2989 5429 iusta
3019 5374 3114 5429 Dei
3142 5375 3271 5446 lege.
3347 5371 3368 5410 ’ί
3394 5371 3487 5432 Sic
3517 5377 3663 5445 cod.,
3689 5377 3759 5431 Μ.
3793 5388 3822 5428 a

563 5454 645 5509 rei
666 5444 1088 5522 comparatione.
1156 5448 1177 5480 ⁸
1203 5446 1333 5503 Cod.
1360 5444 1767 5500 incommotabih
1787 5485 1802 5510 ,
1834 5444 1913 5500 sic
1938 5444 2049 5500 fere
2079 5446 2296 5517 ubique.

2094 5559 2345 5618 NOTAE.

634 5674 665 5704 ι
692 5658 1020 5729 Augustinus
1043 5648 1106 5712 de
1127 5674 1245 5712 uera
1268 5656 1442 5726 relig.,
1470 5668 1589 5729 cap.
1624 5653 1711 5707 Η.

642 5731 673 5773 ιι
693 5725 1102 5786 Animadvertas
1118 5738 1421 5798 ,peccatum
1444 5726 1661 5795 quidem
1676 5725 1890 5795 propria
1910 5725 2143 5781 hominis

2251 5656 2520 5730 voluntate
2542 5655 2717 5730 nasci,
2741 5668 2969 5730 poenam
2998 5668 3129 5712 vero
3150 5656 3322 5729 ejusa
3350 5656 3462 5714 Deo
3480 5656 3629 5729 justo
3647 5657 3822 5730 judice

2254 5726 2501 5797 irrogari.
2530 5725 2611 5781 Cf.
2640 5724 2803 5781 Prud.
