4028 6280
215 339 329 396 581

1328 332 1528 387 LIBER
1569 333 1653 386 DE
1691 333 2391 394 PRAEDESTINATIONE.

3384 339 3489 397 58a

215 468 533 528 peccatum.
576 455 764 511 Melior
805 463 888 510 est
917 454 1059 509 enim
1099 453 1275 508 omnis
1317 452 1567 505 voluntas
1611 467 1803 505 cm'ru-
1834 457 1877 514 Α
1910 455 2038 508 mihi
2063 458 2312 511 videntur
2340 459 2441 513 hoc
2467 475 2573 513 uno
2595 474 2788 530 genere
2811 461 3236 525 coutincri,cum
3262 463 3491 533 quisque

216 554 415 623 ptioue
453 566 646 604 carens
691 565 751 603 ea
797 565 902 601 non
945 554 1182 601 carcntc.
1231 544 1582 597 Concluditur
1636 544 1810 596 omnis

216 641 501 697 m..let‘acti
544 641 779 703 occasio,
823 653 1106 708 poenaque
1131 635 1247 704 ejus
1275 635 1480 700 omnis,
1515 636 1566 690 in
1595 638 1810 706 propria

215 738 466 792 hominis
497 737 794 791 voluntate.

297 829 358 882 11.
392 829 526 882 Hinc
553 828 882 895 Augustinus
906 826 956 878 in
987 826 1159 894 prTmo
1190 823 1328 876 libro
1377 823 1441 876 de
1467 822 1633 874 libero
1663 823 1809 875 arbi-

217 923 360 975 trio:
393 943 410 969 ι
443 921 583 990 Ergo
613 918 956 986 relinquitur,
982 926 1062 980 ut,
1095 916 1346 984 quoniam
1375 915 1615 983 regnanti
1644 914 1806 967 menti

215 1012 570 1080 compotique
601 1009 815 1062 virtutis
842 1007 1097 1076 quicquid
1124 1021 1242 1076 par,
1270 1014 1357 1056 aut.
1384 1004 1680 1073 praelatum
1704 1012 1804 1068 est,

214 1119 328 1156 non
371 1117 492 1156 eam
545 1100 674 1154 facit
725 1113 934 1153 servam
972 1097 1206 1151 libidinis
1252 1104 1472 1164 propter
1509 1095 1803 1164 justitiam,

215 1193 481 1263 quicquid
527 1199 704 1245 autem
755 1190 980 1243 inferius
1021 1196 1127 1251 est,
1160 1203 1264 1240 non
1297 1188 1467 1256 possit
1494 1187 1595 1240 hoc
1627 1185 1807 1240 facere

215 1293 444 1353 prepter
470 1283 862 1342 inﬁrmitatem,
910 1282 1050 1334 sicut
1077 1295 1159 1341 ea,
1195 1294 1332 1348 quae
1375 1279 1516 1331 inter
1547 1293 1644 1330 nos
1674 1292 1806 1331 con-

217 1375 502 1436 stiterunt,
533 1372 745 1434 docent,
782 1370 924 1424 nulla
971 1385 1056 1423 res
1094 1369 1197 1422 alia
1231 1377 1460 1422 mentem
1495 1369 1808 1437 cupiditatis

215 1466 478 1518 comitem
523 1461 716 1524 furiat,
762 1477 919 1528 quam
951 1460 1163 1528 propria
1210 1459 1453 1510 voluntas
1493 1467 1544 1512 et
1576 1459 1801 1511 liberum
1877 1515 1881 1519 ,

213 1553 530 1615 arbitrium,
568 1554 818 1621 justeque
865 1550 1008 1603 illam
1047 1565 1143 1617 pro
1173 1561 1394 1618 peccato
1428 1557 1574 1601 tanto
1605 1563 1804 1618 poenas

213 1643 477 1713 pendere.
508 1641 646 1709 Quid
676 1639 860 1694 enim?
903 1637 1035 1691 Num
1068 1640 1177 1708 ipsa
1205 1652 1374 1707 poena
1419 1653 1581 1708 parva
1619 1639 1806 1691 existi-

211 1731 414 1786 manda
440 1739 542 1795 est,
571 1731 711 1800 quod
744 1730 791 1783 ei
820 1728 985 1783 libido
1012 1729 1335 1792 dominatur,
1370 1729 1802 1797 cxpoliatamque

207 1825 437 1878 virtutis
481 1823 752 1900 opulentia
800 1831 896 1890 per
939 1823 1146 1876 diversa
1192 1821 1424 1890 inopem,
1459 1829 1621 1888 atque
1666 1823 1802 1875 iudi-

207 1929 434 1986 gentem
468 1918 672 1980 trahit,
716 1931 855 1969 nunc
901 1914 1034 1968 falsa
1081 1930 1178 1984 pro
1207 1915 1349 1968 veris
1391 1916 1798 1982 approbantem,

208 2027 362 2063 nunc
393 2010 555 2062 etiam
580 2009 1013 2070 defensitantem,
1041 2021 1182 2060 nunc
1215 2007 1627 2075 improbantem,
1662 2023 1800 2075 quae

205 2113 374 2156 antea
426 2101 788 2171 probavisset,
835 2108 888 2153 et
940 2099 1292 2154 nihilominus
1344 2100 1360 2129 ³
1409 2099 1461 2152 in
1513 2098 1615 2152 alia
1665 2098 1796 2153 falsa

207 2193 545 2255 irruentem,
579 2207 718 2244 nunc
763 2191 1125 2244 assensionem
1159 2189 1577 2257 suspendentem
1624 2204 1794 2254 suam,

204 2294 266 2337 et
294 2283 616 2352 plerumque
660 2281 972 2351 perspicuas
1019 2280 1460 2333 ratiocinationes
1505 2277 1801 2332 formidan-

206 2388 346 2440 tem,
379 2392 518 2430 nunc
547 2377 920 2445 desperantem
955 2373 1020 2427 de
1045 2381 1157 2427 tuta
1191 2373 1500 2426 inventione
1526 2371 1794 2437 veritatis,

199 2476 261 2523 et
314 2467 574 2521 stultitiae
627 2465 864 2520 tenebris
918 2464 1131 2534 penitus
1189 2463 1594 2525 inhaerentem,
1653 2477 1797 2517 nunc

205 2570 502 2616 conantem
552 2560 604 2612 in
648 2558 821 2612 lucem
870 2556 1221 2627 intelligendi,
1256 2571 1552 2625 rursusque
1599 2553 1794 2625 fatiga-

205 2653 362 2708 tione
415 2652 780 2713 decidentem,
830 2665 948 2703 cum
1006 2649 1210 2703 interea
1261 2649 1616 2719 cupiditatum
1667 2646 1794 2700 illud

203 2761 439 2817 regnum
488 2744 766 2815 tyrannice
810 2742 1045 2807 saeviat,
1099 2750 1151 2796 et
1181 2741 1346 2795 variis
1398 2740 1793 2808 contrariisque

205 2839 623 2907 tempestatibus
645 2845 817 2890 totum
840 2836 1068 2890 honunis
1091 2836 1326 2888 animum
1348 2875 1360 2897 ,
1389 2834 1658 2902 vitamque
1680 2849 1794 2901 per-

205 2929 434 2982 turict?
464 2928 596 2980 llinc
626 2927 832 2989 timore,
867 2926 986 2981 inde
1015 2925 1302 2989 desiderio,
1335 2924 1461 2977 hinc
1493 2924 1786 2987 anxietate,

205 3019 334 3074 inde
359 3019 505 3071 inani
534 3015 773 3085 falsaque
810 3015 1042 3077 laetitia,
1082 3015 1208 3068 hinc
1243 3014 1487 3067 cruciatu
1515 3012 1592 3065 rei
1623 3014 1789 3066 amis-

202 3127 328 3169 sae,
378 3125 519 3178 quae
570 3108 912 3177 diligebatur,
962 3106 1084 3160 inde
1130 3105 1324 3158 ardore
1378 3104 1786 3172 adipiscendae,

201 3215 350 3272 quae
380 3216 488 3253 non
523 3199 842 3262 habebatur,
873 3198 998 3251 hinc
1027 3203 1280 3264 acceptae
1322 3193 1551 3263 injuriae
1592 3193 1789 3247 dolori-

200 3295 325 3356 bus,
359 3291 486 3345 inde
515 3289 722 3343 facibus
751 3289 1121 3348 vindicandae,
1155 3301 1585 3355 quaquaversum
1615 3294 1791 3356 potest

206 3392 468 3439 coartare
499 3383 520 3410 ²
561 3379 807 3443 avaritia,
862 3378 1124 3447 dissipare
1158 3377 1177 3408 ³
1201 3377 1442 3439 luxuria,
1498 3375 1731 3443 adjicere
1767 3375 1790 3407 "

201 3475 469 3537 ambitio,
499 3473 684 3526 inﬂare
717 3471 1000 3540 superbia,
1035 3479 1285 3538 torquere
1320 3469 1515 3521 invidia
1536 3509 1548 3530 ,
1585 3467 1788 3522 desidia

199 3565 459 3636 sepelire,
491 3562 792 3632 pervicacia
821 3561 1111 3624 concitare,
1142 3561 1397 3615 atilictare
1427 3561 1708 3628 subjectio,
1735 3568 1788 3614 et

200 3673 562 3730 quarennque
582 3656 682 3708 alia
703 3653 1112 3708 innumerabilia
1138 3668 1360 3722 regnum
1389 3654 1531 3708 illius
1553 3655 1788 3708 libidinis

201 3757 550 3822 frequentant
573 3750 594 3782 '
623 3759 675 3804 et
701 3757 973 3804 exercent.
1013 3749 1375 3801 Possumusne
1421 3749 1634 3801 tandem
1670 3747 1788 3799 uul-

199 3851 306 3903 lam
340 3850 500 3900 istam
530 3860 754 3914 poenam
797 3850 1006 3912 putare,
1035 3856 1194 3910 quam
1217 3881 1230 3904 ,
1260 3849 1316 3893 ut
1352 3841 1545 3901 cernis,
1576 3856 1781 3906 omnes,

198 3945 288 4012 qui
320 3939 481 4014 [rion]
506 3940 785 3992 inhaerent
812 3937 832 3966 °
864 3936 1183 4006 sapientiae,
1220 3949 1440 3989 necesse
1467 3946 1547 3989 est
1592 3951 1780 4004 perpe-

201 4039 235 4091 ti
256 4037 322 4088 a‘?
356 4055 372 4084 ι
414 4033 548 4100 Quid
573 4041 749 4085 autem
781 4029 1006 4100 quisque
1033 4029 1345 4083 sectandum
1377 4040 1427 4082 et
1459 4030 1786 4096 amplecten—

201 4131 329 4180 dam
355 4127 534 4193 eligat,
570 4123 622 4177 in
655 4123 931 4178 voluntate
957 4138 1074 4176 esse
1103 4123 1334 4192 positum
1365 4123 1641 4187 constitit,
1672 4123 1786 4176 nub

199 4220 363 4288 laque
398 4233 450 4271 re
478 4218 540 4269 de
565 4232 686 4270 arce
708 4215 1015 4269 dominandi
1046 4224 1299 4282 rectoque
1327 4213 1514 4266 ordine
1549 4222 1781 4266 mentem

201 4311 421 4380 deponi,
455 4308 552 4361 nisi
595 4306 898 4369 voluntate,
929 4313 981 4359 et
1017 4314 1099 4358 est
1136 4303 1502 4367 manifestum,
1533 4320 1636 4356 non
1672 4319 1780 4357 rem

202 4401 393 4464 ullam,
430 4415 552 4453 cum
578 4413 640 4451 ea
671 4398 898 4466 quisque
932 4393 1068 4450 male
1096 4395 1283 4458 utitur,
1319 4393 1410 4448 sed
1444 4394 1615 4463 ipsum
1649 4393 1783 4447 male

201 4501 446 4546 utentem
479 4506 599 4544 esse
625 4489 974 4558 arguentium.

273 4582 360 4638 lll.
393 4580 658 4649 Quocirca
686 4579 809 4633 licet
838 4593 980 4632 nunc
1006 4579 1432 4632 animadvertere
1462 4587 1516 4632 ct
1539 4578 1782 4632 conside-

203 4692 352 4738 rarc,
389 4683 569 4726 utrutn
618 4671 687 4724 sit
731 4669 871 4724 aliud
910 4671 1047 4724 male
1079 4669 1287 4731 facere,
1318 4684 1476 4739 quam
1520 4669 1784 4740 neglectis

203 4769 368 4820 rebus
399 4761 655 4827 aeternis,
700 4761 892 4829 quibus
937 4775 1032 4829 per
1067 4773 1125 4814 se
1173 4760 1340 4827 ipsam
1380 4775 1531 4812 meus
1562 4758 1781 4826 fruitur,

198 4870 254 4915 et
287 4874 386 4928 per
415 4872 473 4911 se
512 4855 683 4924 ipsam
728 4852 974 4924 percipit,
1022 4859 1079 4906 et
1121 4867 1256 4920 quae
1302 4843 1490 4904 amans
1533 4851 1782 4904 amittere

201 4967 310 5005 non
355 4955 532 5019 potest
558 4943 871 5014 temporalia
892 4983 906 5007 ,
939 4950 992 4995 ct
1020 4956 1267 5012 quaeque
1307 4955 1404 5009 per
1446 4954 1640 5008 corpus
1664 4955 1783 5008 par-

200 5050 312 5096 tem
339 5039 570 5094 hominis
600 5036 909 5090 vilissimam
941 5033 1262 5096 sentiuntur,
1286 5039 1340 5084 et
1369 5046 1638 5099 nunquam
1661 5045 1780 5085 esse

201 5139 352 5186 certa
384 5134 627 5199 possunt,
652 5124 804 5196 quasi
835 5133 1021 5194 magna
1050 5131 1102 5176 et
1132 5121 1376 5176 miranda
1404 5122 1620 5175 sectari.
1647 5120 1778 5174 Nam

201 5222 308 5277 hoc
341 5235 446 5275 uno
488 5231 684 5290 genere
723 5217 904 5271 omnia
952 5213 1255 5278 malefacta,
1305 5213 1357 5266 id
1399 5220 1516 5277 est,
1557 5221 1782 5280 peccata

1915 548 2175 599 avertitur
2205 563 2233 599 a
2267 549 2460 603 divinis
2490 565 2722 620 vereque
2756 553 3112 614 manentibus,
3145 549 3199 606 et
3224 553 3289 606 ad
3320 562 3492 606 muta-

1913 635 2037 688 bilia
2070 646 2229 706 atque
2259 639 2461 693 incerta
2507 643 2858 694 convertitur.
2897 642 3045 707 Quae
3074 658 3400 712 quamquam
3433 643 3491 698 in

1912 729 2098 782 ordine
2120 746 2216 782 suo
2249 740 2393 785 recte
2426 731 2597 786 locata
2625 733 2732 786 sint
2753 774 2766 798 ,
2800 741 2854 787 et
2891 749 3043 787 suam
3075 736 3342 802 quandam
3373 734 3493 805 pub

1913 821 2267 874 chritudinem
2304 833 2593 893 peragant,
2625 826 2864 893 perversi
2912 834 3088 879 tamen
3137 827 3300 881 animi
3331 835 3490 883 estet

1911 911 2219 976 inordinati,
2249 913 2330 967 eis
2377 915 2668 983 sequendis
2715 913 2924 983 subjici,
2959 917 3154 986 quibus
3185 917 3252 972 ad
3295 927 3485 974 nutum

1911 1015 2065 1055 suum
2095 1004 2350 1058 ducendis
2372 1006 2549 1074 potius
2572 1005 2754 1060 divino
2777 1007 2966 1061 ordine
2990 1022 3051 1063 ac
3069 1008 3190 1079 jure
3210 1011 3485 1080 praelatus

1910 1104 1991 1149 est
2715 1097 2722 1105 ‘

2425 1169 2508 1223 CA
2517 1169 2822 1227 PITULUM
2861 1171 2970 1226 VII.

1913 1275 2066 1343 Quod
2102 1277 2318 1333 liberum
2360 1279 2641 1334 voluntatis
2672 1283 2948 1336 arbitrium
2996 1284 3376 1338 numerandum
3421 1287 3488 1339 sit

1979 1349 2112 1424 inter
2135 1350 2268 1402 bona
2296 1367 2429 1424 quae
2464 1351 2604 1405 Deus
2637 1354 2836 1406 homini
2871 1354 3112 1424 largitur,
3155 1357 3391 1424 quamvis
3426 1372 3486 1409 eo

1981 1419 2115 1473 male
2138 1419 2336 1474 utatur.
2365 1421 2512 1488 Quae
2536 1427 2790 1478 est'causa
2814 1419 3010 1493 peccati
3037 1436 3083 1478 et
3108 1419 3418 1495 peccatum?

1976 1551 2016 1605 1.
2051 1553 2165 1607 Non
2190 1567 2316 1624 ergo
2340 1555 2566 1610 liberum
2597 1558 2879 1612 arbitrium
2911 1559 3109 1613 mahun
3134 1570 3237 1624 est,
3272 1578 3392 1616 eum
3423 1575 3487 1617 eo

1907 1643 2133 1713 quisque
2180 1647 2318 1700 male
2365 1657 2566 1712 utatur,
2616 1650 2708 1704 sed
2761 1658 2845 1704 est
2899 1653 3287 1706 numeramlum
3345 1656 3488 1709 inter

1908 1737 2065 1800 bona,
2095 1755 2231 1808 quae
2258 1742 2458 1794 homini
2484 1742 2660 1795 divina
2688 1743 2934 1813 largitate
2957 1746 3149 1798 donata
3172 1758 3313 1809 sunt,
3331 1763 3488 1816 prae-

1908 1831 2091 1883 Scrtim
2123 1847 2241 1885 cum
2271 1835 2445 1902 potius
2475 1836 2539 1889 ad
2573 1836 2706 1891 bene
2734 1839 2986 1892 utendum
3019 1854 3082 1892 eo
3105 1839 3284 1892 datum
3309 1840 3397 1894 sit.
3427 1841 3487 1896 ιη’

1906 1920 2006 1973 hoc
2043 1923 2184 1974 enim
2216 1925 2448 1978 maxime
2480 1928 2724 1994 arguitur
2754 1927 2985 1996 humana
3026 1928 3305 1992 voluntas,
3340 1929 3482 2000 quod

1903 2027 1966 2065 eo
1998 2012 2155 2077 dono,
2186 2015 2326 2082 quod
2355 2016 2402 2069 ei
2434 2016 2616 2069 datum
2648 2027 2728 2071 est
2775 2019 2840 2071 ad
2883 2027 3028 2071 recte
3061 2023 3337 2084 utendum,
3371 2036 3484 2075 tua-

1902 2101 2000 2155 luit
2027 2119 2280 2172 perverse
2306 2107 2401 2158 uti.
2433 2105 2538 2160 Sed
2567 2109 2760 2161 merito
2788 2109 3084 2177 quaeritur,
3127 2123 3224 2164 cur
3252 2127 3316 2166 eo
3347 2111 3485 2168 male

1900 2193 1977 2246 uti
2010 2195 2220 2264 potuit?
2255 2194 2650 2266 Respondetur,
2681 2199 2803 2268 quia
2836 2215 2939 2253 non
2979 2209 3062 2254 est
3100 2215 3352 2271 magnum
3390 2204 3486 2256 ho-

1900 2299 2046 2345 num,
2080 2299 2188 2353 quo
2221 2300 2379 2339 nemo
2407 2287 2544 2340 male
2591 2289 2666 2342 uti
2712 2297 2906 2358 potest.
2939 2288 3075 2344 Sunt
3110 2292 3252 2344 enim
3288 2307 3482 2363 magna

1900 2376 2061 2440 bona,
2089 2393 2226 2447 quae
2262 2393 2290 2431 a
2336 2378 2444 2433 Deo
2477 2381 2677 2434 homini
2724 2381 2745 2413 "
2783 2382 3070 2447 donantur,
3111 2393 3237 2437 sunt
3283 2385 3479 2450 media,

1899 2478 2023 2523 sunt
2051 2469 2291 2523 minima.
2326 2470 2388 2524 Et
2414 2472 2627 2543 quidem
2664 2474 2870 2542 magnis
2903 2474 3079 2530 nullus
3119 2475 3257 2528 male
3289 2476 3477 2530 utitur.

1898 2559 2030 2625 Quis
2050 2561 2192 2614 enim
2222 2563 2531 2630 prudentia,
2559 2567 2936 2632 temperantia,
2963 2565 3304 2632 fortitudine,
3324 2566 3482 2635 justi-

1898 2653 1968 2705 tia
2002 2652 2140 2707 male
2182 2653 2258 2706 uti
2296 2655 2508 2722 potest?
2541 2653 2728 2709 Mediis
2759 2671 2887 2710 vero
2919 2657 3103 2721 bonis,
3136 2657 3479 2726 minimisque

1896 2761 1992 2815 pro
2024 2746 2249 2799 arbitrio
2284 2747 2483 2801 utentis
2526 2758 2578 2802 et
2630 2759 2776 2803 recte
2804 2749 3004 2803 vivitur
3043 2750 3065 2781 "
3112 2759 3163 2803 ct
3208 2765 3477 2819 perverse.

1896 2837 2078 2890 Potest
2108 2839 2248 2891 enim
2275 2837 2468 2906 aliquis
2493 2840 2541 2892 in
2570 2840 2873 2908 disciplina,
2907 2841 3056 2895 verbi
3089 2856 3271 2904 causa,
3301 2843 3481 2910 dispu-

1898 2931 2064 2993 tandi,
2113 2946 2249 2997 quae
2297 2930 2494 2983 dicitur
2544 2932 2855 2997 dialectica,
2887 2934 3113 3002 peritus,
3146 2947 3282 3001 quae
3334 2931 3477 2985 nullo

1895 3024 2172 3076 dubitante
2203 3038 2232 3076 a
2276 3023 2384 3076 Deo
2428 3023 2632 3078 homini
2683 3024 2932 3088 donatur,
2965 3025 3008 3078 si
3051 3023 3310 3087 voluerit,
3341 3024 3476 3076 bene

1895 3113 1990 3176 uti,
2022 3113 2274 3182 quoniam
2321 3113 2386 3165 ad
2431 3113 2536 3166 hoc
2582 3113 2882 3168 certissime
2928 3115 3054 3167 data'
3090 3123 3206 3179 est,
3238 3113 3363 3168 dum
3411 3129 3473 3168 ca

1895 3203 2205 3273 ignorantes
2233 3217 2352 3255 eam
2383 3203 2578 3265 erudit,
2609 3217 2734 3258 vera
2769 3204 3009 3274 falsaque
3037 3204 3316 3267 discernit,
3341 3220 3472 3258 cou-

1896 3293 2008 3346 l‘u:;a
2040 3293 2247 3358 dividit,
2279 3303 2524 3362 separata
2554 3295 2790 3364 colligit,
2828 3295 2880 3349 in
2908 3295 3160 3350 omnibus
3190 3296 3471 3349 veritatem

1894 3386 2133 3453 inquirit.
2166 3385 2347 3440 Potest
2381 3401 2410 3439 e
2461 3387 2736 3439 contrario
2769 3385 3072 3455 perniciose
3117 3385 3296 3439 vivere
3331 3385 3371 3449 9,
3406 3385 3472 3439 ad

1891 3479 2032 3545 quod
2062 3493 2165 3530 non
2193 3478 2450 3540 estdata,
2483 3477 2607 3530 dum
2639 3475 2771 3530 falsa
2809 3491 2908 3546 pro
2944 3477 3086 3530 veris
3127 3478 3429 3546 approbans
3455 3517 3468 3542 ,

1892 3567 2024 3620 alios
2049 3568 2100 3620 in
2131 3581 2372 3622 errorem
2416 3567 2623 3631 mi'tat,
2674 3565 2929 3636 falsisque
2973 3564 3474 3620 ratiocinationibus

1891 3659 2212 3728 simplicium
2236 3674 2425 3712 sensus
2447 3657 2761 3722 contundat,
2791 3657 3168 3712 confundenda
3195 3656 3468 3726 caligiuat,

1890 3769 1957 3805 ne
2000 3767 2184 3805 eorum
2229 3751 2417 3804 oculus
2463 3750 2706 3813 interior,
2736 3749 2825 3818 qui
2858 3757 2936 3801 est
2967 3749 3201 3811 animus,
3237 3748 3302 3800 ad
3333 3754 3484 3801 noti-'

1891 3843 2016 3895 tiam
2064 3855 2232 3909 purae
2286 3841 2451 3909 ipsius
2499 3839 2741 3892 veritatis
2792 3839 3086 3908 perveniat.
3141 3837 3294 3892 Sicut
3341 3851 3470 3907 ergo

1889 3933 2000 4000 ipsa
2032 3929 2311 3998 disciplina
2335 3971 2347 3991 ,
2379 3931 2422 3983 si
2455 3931 2600 3983 inter
2644 3944 2834 3999 magna
2880 3929 3019 3983 bona
3071 3938 3466 3991 uumcrarctur,

1888 4023 2065 4077 nullus
2101 4038 2162 4077 ea
2197 4021 2432 4081 falleret,
2485 4021 2662 4074 nulhts
2695 4019 2990 4083 falleretur,
3025 4021 3119 4084 ita,
3151 4019 3194 4073 si
3239 4016 3463 4073 liberum

1888 4114 2170 4169 arbitrium
2204 4113 2255 4166 in
2283 4127 2507 4165 numero
2531 4125 2850 4181 magnorum
2884 4110 3145 4164 bonorum
3171 4109 3464 4163 collocare-

1888 4217 1994 4272 tur,
2027 4207 2205 4260 uullus
2249 4221 2314 4260 eo
2361 4206 2499 4259 male
2544 4215 2704 4258 utens
2748 4205 2921 4272 primo
2966 4203 3260 4268 laberetur,
3291 4203 3468 4257 nullus

1887 4312 2282 4370 consequenter
2332 4299 2468 4353 male
2511 4299 2711 4352 utendo
2755 4297 3058 4367 puniretur.
3109 4294 3240 4364 Quis
3287 4307 3464 4352 autem

1889 4403 1990 4444 non
2025 4392 2205 4445 videat
2231 4390 2667 4459 trequentissime
2691 4390 2938 4445 homines
2965 4389 3104 4444 male
3130 4398 3340 4444 utentes
3363 4389 3464 4442 mi-

1889 4483 2048 4536 nimis
2074 4483 2260 4545 bouis,
2287 4498 2314 4534 a
2348 4483 2456 4536 Deo
2491 4491 2667 4535 tamen
2699 4481 3040 4544 commissis,
3072 4489 3129 4534 ut
3173 4487 3299 4535 sunt
3338 4495 3462 4549 spe-

1885 4573 1997 4628 cies
2043 4566 2373 4641 corporeae,
2404 4587 2698 4640 earumque
2753 4571 3218 4641 pulchritudines,
3273 4572 3466 4640 quibus

1888 4667 2118 4720 maxima
2139 4658 2425 4719 hominum
2462 4664 2747 4717 multitudo
2777 4665 2843 4717 ad
2870 4663 3050 4722 varias
3072 4677 3258 4718 eorum
3287 4662 3464 4716 libidi-

1886 4772 1982 4811 nes
2023 4755 2313 4824 explendas
2359 4753 2635 4807 mortifere
2685 4755 2874 4818 utitur,
2921 4767 3042 4807 cum
3085 4753 3288 4806 eisdem
3334 4752 3462 4821 ipsis

1885 4850 1991 4920 pie,
2031 4849 2193 4916 juste,
2228 4856 2480 4916 recteque
2520 4855 2805 4903 uterentur
2847 4845 2914 4899 ad
2954 4844 3202 4898 meritum
3233 4844 3474 4897 beatitu—‘

1887 4940 2026 4994 diuis
2053 4953 2202 5003 suae,
2232 4940 2276 4991 si
2308 4951 2401 4991 eas
2425 4937 2490 4990 ad
2519 4937 2729 4990 laudem
2753 4934 3027 4990 Creatoris
3054 4933 3353 4989 referrent?

1960 5030 2019 5084 ΙΙ.
2053 5028 2165 5083 Sed
2181 5037 2237 5082 nt
2258 5031 2391 5083 haec
2421 5027 2658 5100 apertius
2684 5026 3061 5096 approbemus,
3090 5024 3262 5079 sancti
3286 5022 3464 5077 Patris

1886 5120 2166 5190 Augustini
2196 5119 2504 5188 suaiiloqua
2541 5117 2706 5170 verba
2729 5115 2975 5185 ponenda
3011 5122 3156 5168 sunt.
3190 5113 3280 5166 Ait
3310 5111 3454 5166 mim

1887 5213 1940 5266 in
1969 5212 2108 5268 libro
2139 5211 2371 5267 secundo
2402 5209 2662 5263 delibero
2689 5207 2952 5263 arbitrio:
2987 5225 3005 5258 ι
3042 5205 3292 5261 Constitit
3315 5203 3457 5257 inter

1479 5339 1564 5397 VA
1575 5339 1731 5398 RIAE
1770 5341 2173 5410 LECTIONES.

276 5445 297 5477 ⁸
327 5442 459 5498 God.
492 5439 623 5496 nihil
649 5441 909 5494 homines.
1020 5439 1039 5468 ⁸
1062 5436 1132 5490 Μ.
1163 5443 1450 5490 coarctare.

200 5515 469 5569 addicere.
539 5512 560 5542 ⁸
587 5510 738 5567 Corr.
784 5511 904 5564 cod.
931 5508 1340 5578 frequentantur.

200 5587 222 5619 ⁷
249 5586 342 5640 Sic
371 5585 518 5649 cod.,
542 5581 614 5636 Μ.
647 5581 841 5635 homini
865 5598 896 5634 τι
930 5574 1061 5632 Deo.
1137 5578 1159 5608 ⁸
1192 5577 1282 5631 Sic
1309 5576 1454 5640 cod.,
1484 5574 1552 5627 M.
1582 5577 1764 5629 utitur.

279 5788 303 5814 ιι
333 5772 618 5843 Augustin.
650 5771 712 5825 de
741 5770 898 5826 libero
921 5733 1137 5822 arbitrio
1163 5766 1207 5831 Ι,
1239 5767 1322 5820 tl.

1524 5436 1544 5465 ²
1572 5433 1701 5488 Cod.
1728 5436 1985 5504 desipare.

2065 5436 2086 5466 ⁸
2114 5435 2206 5490 Sic
2236 5435 2383 5500 cod.,
2414 5433 2483 5489 M.
2527 5435 2750 5490 adurere
2772 5441 2829 5486 et
2849 5433 2916 5487 ad
2948 5445 3118 5500 marg.
3153 5428 3328 5482 adscr.
3377 5425 3454 5482 al.

1417 5505 1436 5534 θ
1466 5504 1588 5557 Non
1618 5521 1726 5558 om.
1753 5500 1895 5570 cod.;
1927 5507 1994 5560 M.
2025 5523 2129 5562 non
2163 5507 2466 5572 adhaerent,
2492 5514 2548 5562 et.
2567 5507 2635 5562 ad
2656 5519 2828 5574 marg.
2856 5503 3032 5560 adscr.
3055 5501 3126 5554 al.
3164 5500 3454 5554 ill/meret!!-

1417 5614 1454 5631 ..
1484 5574 1552 5627 Μ.
1582 5577 1764 5629 utitur.
1842 5575 1862 5606 °
1901 5576 1992 5631 Sic
2015 5580 2159 5631 eod..
2195 5582 2260 5631 Μ.
2297 5579 2391 5631 uti.

1964 5594 1992 5632 c
2015 5594 2159 5644 cod.,
2195 5594 2260 5631 .u.
2297 5594 2391 5640 uti,

1730 5693 1976 5750 NOTAE.
