4028 6280
564 330 672 390 585

1919 325 2199 385 JOANNIS
2240 326 2435 384 SCOTI

3714 325 3812 379 584

557 461 678 509 nos,
721 450 967 499 naturam
998 444 1242 516 corporis
1293 441 1548 500 inferiore
1589 443 1756 514 gradu
1785 456 1936 506 esse,
1967 457 2126 508 quam
2158 447 2203 500 Α
2235 441 2368 504 rius,
2401 448 2496 493 aut
2533 440 2599 493 ad
2637 440 2864 495 inferius
2892 450 3100 510 peccat.
3135 441 3216 494 Ad
3243 438 3519 509 proprium
3550 441 3812 493 converti-

556 535 718 589 animi
765 542 1042 597 naturam,
1073 549 1135 588 ac
1162 550 1258 602 per
1298 535 1402 588 hoc
1442 534 1679 586 animum
1728 531 1902 600 majus
1934 531 2131 584 bonmn

554 637 692 687 esse,
717 638 878 692 quam
904 637 1118 691 corpus.
1153 622 1210 676 Si
1247 639 1376 693 ergo
1418 623 1469 675 in
1497 619 1740 690 corporis
1785 619 1943 674 bonis
1982 619 2131 670 inve-

553 715 729 770 nimus
761 714 960 781 aliqua,
992 713 1186 784 quibus
1214 731 1319 768 non
1352 721 1497 769 recte
1525 713 1602 767 uti
1631 713 1792 766 homo
1815 710 2009 778 possit,
2033 724 2132 763 nec

556 813 730 858 tzmicn
756 812 1038 874 propterea
1063 803 1310 868 dicimus,
1335 818 1440 858 non
1471 817 1536 857 ea
1563 801 1680 856 dari
1710 800 1974 862 debuisse,
1999 812 2132 868 quo-

551 893 694 946 niam
741 908 859 946 esse
887 892 1210 948 confitemur
1250 893 1388 946 bona
1416 909 1428 944 :
1454 891 1581 960 quid
1625 891 1860 954 mirum,
1890 888 1937 943 si
1978 897 2032 942 et
2074 887 2130 941 in

552 985 732 1038 animo
762 993 889 1039 sunt
922 984 1186 1055 quaedam
1214 984 1372 1047 bona,
1408 983 1603 1054 quibus
1643 981 1806 1035 etiam
1839 994 1947 1034 non
1982 986 2130 1034 recte

551 1074 624 1128 uti
656 1090 963 1144 possumus.
994 1074 1100 1129 Sed
1125 1088 1266 1143 quae
1307 1073 1320 1103 ³
1349 1072 1486 1127 bona
1518 1081 1671 1134 sunt,
1701 1085 1805 1124 non
1836 1077 2130 1139 potuerunt

548 1165 703 1230 dari,
739 1166 841 1219 nisi
889 1166 956 1220 ab
1007 1164 1120 1231 illo,
1167 1181 1196 1218 a
1245 1179 1351 1233 quo
1397 1171 1520 1219 sunt
1569 1161 1749 1216 omnia
1779 1164 1938 1215 bona.
1967 1158 2128 1215 Vides

547 1257 712 1320 enim,
734 1267 992 1326 quantum
1021 1256 1146 1312 boni
1167 1255 1306 1311 desit
1325 1254 1562 1325 corpori,
1579 1253 1665 1308 cui
1691 1253 1887 1308 desunt
1910 1267 2124 1316 manus,

545 1356 602 1402 et
630 1357 809 1404 tamen
843 1349 1094 1404 manibus
1125 1347 1266 1402 male
1301 1348 1492 1411 utitur,
1523 1346 1616 1415 qui
1643 1345 1724 1400 eis
1758 1353 2014 1414 operatur
2042 1342 2127 1396 vel

551 1454 714 1494 saeva
756 1439 836 1494 vel
877 1439 1072 1508 turpia.
1099 1437 1229 1494 Sine
1251 1437 1477 1507 pedibus
1500 1436 1734 1504 aliquem
1759 1435 1803 1489 si
1829 1435 2122 1504 aspiceres,

544 1531 816 1595 fatereris,
843 1529 1028 1586 deesse
1070 1529 1368 1599 integritati
1409 1527 1654 1596 corporis
1693 1526 1982 1596 plurimum
2024 1525 2125 1579 bo-

543 1635 693 1686 num,
730 1629 784 1674 et
807 1629 984 1676 tamen
1011 1634 1156 1685 eum,
1200 1619 1291 1689 qui
1321 1620 1389 1674 ad
1419 1617 1720 1673 nocendum
1749 1615 2014 1684 cuipiam,
2039 1613 2126 1670 vel

543 1712 778 1782 seipsum
801 1711 1262 1766 dehonestandum
1307 1711 1532 1781 pedibus
1581 1717 1845 1774 uteretur,
1879 1707 2019 1762 male
2046 1707 2122 1761 uti

2237 544 2346 593 tur,
2373 548 2496 587 cum
2526 548 2656 587 suae
2677 536 2963 604 potestatis
2991 534 3099 586 vult
3124 550 3273 598 esse;
3304 534 3368 586 ad
3397 532 3661 594 exterius,
3697 548 3811 583 cum

2235 622 2461 676 aliorum
2487 623 2822 692 propria,vel
2844 640 3194 694 quaecunque
3215 625 3280 676 aal
3307 639 3365 676 se
3390 638 3496 676 non
3526 621 3809 690 pertinent,

2235 729 2566 784 cognoscere
2591 717 2802 780 studet;
2831 717 2896 768 ad
2928 715 3173 777 inferius,
3197 729 3319 768 cum
3339 713 3671 781 voluptatem
3696 727 3807 764 cor-

2232 806 2378 874 poris
2403 805 2596 876 diligit.
2628 807 2803 876 Atque
2828 807 2900 859 ita
2926 807 3086 859 homo
3113 807 3380 874 superbus
3406 812 3461 858 et
3491 803 3740 859 curiosus
3761 812 3810 856 et

2233 895 2466 952 lascivus
2490 897 2732 963 effectus,
2760 898 3028 968 excipitur
3055 897 3122 952 ab
3145 898 3245 951 alia
3276 897 3405 960 vita,
3431 910 3572 964 quae
3594 895 3651 950 in
3675 910 3810 949 ροηιο

2231 989 2513 1059 paratione
2538 989 2836 1059 superioris
2867 989 3009 1043 vitae
3039 1005 3184 1043 mors
3215 999 3316 1043 est.
3351 989 3500 1054 Quae
3518 996 3703 1041 tamen
3731 1002 3809 1042 re-

2231 1083 2377 1153 gitur
2396 1082 2860 1138 administratione
2875 1082 2895 1112 °
2912 1081 3126 1136 divinae
3139 1081 3528 1151 providentiae,
3545 1095 3687 1148 quae
3702 1094 3812 1132 eoa-

2232 1173 2382 1244 gruis
2433 1171 2694 1245 [sedibus]
2724 1172 2744 1204 '
2773 1173 2990 1229 ordinat
3018 1173 3221 1238 omnia,
3258 1179 3313 1226 et
3352 1186 3451 1241 pro
3484 1169 3699 1224 meritis
3723 1183 3810 1223 sua

2232 1266 2425 1335 cuique
2452 1263 2746 1319 distribuit.
2777 1264 2856 1318 lla
2882 1263 2941 1317 lit
2960 1303 2976 1330 ,
3008 1272 3066 1316 ut
3089 1278 3265 1332 neque
3296 1261 3385 1316 illa
3417 1263 3592 1326 bona,
3619 1275 3757 1329 quae
3782 1274 3808 1311 ι

2231 1356 2579 1427 peccantibus
2607 1363 2951 1425 appetuntur,
2982 1354 3092 1408 ullo
3121 1353 3278 1408 modo
3317 1351 3454 1406 mala
3484 1352 3618 1414 sint,
3647 1364 3810 1418 neque

2232 1446 2346 1516 ipsa
2377 1445 2626 1499 voluntas
2663 1445 2856 1507 libera,
2892 1457 3054 1513 quam
3083 1443 3136 1496 in
3168 1441 3322 1496 bonis
3350 1440 3679 1510 quibusdam
3708 1452 3813 1492 me-

2231 1538 2334 1593 diis
2381 1537 2770 1592 numerandam
2799 1551 2920 1592 esse
2961 1536 3346 1606 comperimus,
3377 1535 3472 1588 sed
3504 1532 3708 1586 malum
3748 1530 3814 1587 sit

2230 1631 2441 1687 aversio
2475 1630 2591 1700 ejus
2616 1630 2684 1684 ab
2709 1629 3132 1686 incommutabili
3164 1630 3324 1693 bono,
3355 1639 3410 1684 et
3439 1628 3729 1682 conversio
3751 1627 3813 1681 ad

2229 1724 2510 1779 mutabilia
2557 1724 2730 1789 bona;
2774 1737 2916 1793 quae
2948 1731 3128 1778 tamen
3159 1722 3372 1776 aversio
3400 1729 3564 1789 atque
3594 1731 3813 1774 conver-

540 1803 766 1871 pedibus
808 1817 914 1856 non
959 1816 1208 1872 negares.
1240 1800 1424 1856 Oculis
1459 1801 1596 1854 hanc
1637 1799 1809 1854 lucem
1841 1798 2082 1852 videmus
2105 1838 2122 1865 ,

2233 1816 2336 1882 sio,
2362 1815 2617 1884 quoniam
2644 1829 2752 1868 non
2789 1814 3022 1885 cogitur,
3050 1814 3146 1868 sed
3187 1821 3271 1866 est
3295 1810 3629 1874 voluntaria,
3659 1809 3814 1876 digna

539 1889 850 1960 formasque
874 1889 1290 1946 internoscimus
1320 1891 1340 1919 ²
1371 1904 1690 1960 corporum,
1717 1888 1876 1958 idque
1915 1897 1970 1942 et
2007 1902 2126 1957 spe-

538 1983 901 2038 ciosissimum
937 1992 1021 2039 est
1062 1983 1115 2037 in
1154 1992 1339 2038 nostro
1370 1996 1615 2051 corpore.
1644 1980 1797 2036 Unde
1826 1980 1880 2035 in
1909 1980 2126 2048 fastigio

538 2079 772 2148 quodam
800 2078 1080 2148 dignitatis
1128 2078 1262 2132 haec
1291 2076 1532 2131 membra
1573 2075 1750 2130 locata
1793 2083 1942 2140 sunt,
1973 2083 2028 2129 et
2054 2074 2124 2128 ad

539 2171 768 2226 salutem
797 2171 1070 2236 tuendam,
1103 2169 1378 2239 multaque
1424 2168 1528 2223 alia
1560 2170 1700 2224 vitae
1725 2167 2009 2224 commoda
2040 2181 2123 2221 re-

539 2262 644 2317 fert
683 2277 814 2317 usus
839 2261 1140 2316 oculorum.
1177 2259 1358 2316 Oculis
1383 2268 1558 2315 tamen
1585 2258 1828 2329 plerique
1857 2257 2120 2328 pleraque

539 2362 704 2422 agunt
749 2353 999 2422 turpiter,
1031 2360 1086 2406 et
1117 2366 1211 2406 eos
1248 2349 1482 2406 militare
1530 2358 1730 2420 cogunt
1774 2349 2006 2404 libidini.
2054 2347 2123 2402 Et

538 2448 707 2511 vides,
733 2455 993 2516 quantum
1019 2447 1215 2501 bonum
1237 2445 1376 2500 desit
1401 2444 1454 2498 in
1487 2443 1644 2508 facie,
1665 2443 1713 2498 si
1735 2441 1876 2498 oculi
1903 2442 2117 2496 desunt.

538 2534 672 2590 Cum
709 2545 889 2590 autem
922 2535 1117 2591 adsunt
1154 2535 1200 2601 ³,
1228 2535 1350 2606 quis
1380 2535 1479 2588 hos
1510 2533 1689 2598 dedit,
1717 2532 1821 2588 nisi
1858 2532 2122 2587 bonorum

538 2627 780 2682 omnium
832 2627 1058 2697 largitor
1109 2627 1295 2681 Deus?
1325 2625 1787 2692 Quemadmodum
1843 2638 1972 2693 ergo
2021 2623 2122 2676 ista

543 2718 740 2788 probas
766 2717 822 2772 in
862 2732 1108 2788 corpore,
1138 2726 1194 2772 et
1219 2732 1324 2772 non
1354 2717 1568 2772 intuens
1597 2731 1712 2781 eos,
1749 2715 1841 2785 qui
1870 2714 2008 2769 male
2038 2714 2124 2768 his

540 2819 787 2876 utuntur,
836 2811 1022 2867 laudas
1079 2811 1250 2878 illum,
1295 2811 1386 2882 qui
1423 2811 1558 2866 haec
1611 2810 1761 2866 dedit
1802 2811 1939 2864 bona
1986 2823 2001 2862 :
2042 2808 2124 2864 sic

539 2901 763 2957 liberam
800 2903 1160 2969 voluntatem,
1189 2903 1306 2959 sine
1332 2918 1436 2975 qua
1471 2917 1630 2957 nemo
1659 2911 1838 2972 potest
1864 2911 2011 2956 recte
2043 2900 2123 2954 vi-

537 3012 689 3063 vere,
709 3005 921 3067 oportet
945 3006 999 3052 et
1021 2998 1243 3062 bonum,
1267 3005 1321 3050 et
1351 2996 1606 3050 divinitus
1631 2996 1837 3060 datum,
1863 3003 1917 3049 et
1941 2993 2124 3064 potius

537 3105 632 3146 eos
658 3091 1010 3156 damnandos,
1051 3091 1144 3160 qui
1181 3090 1285 3144 hoc
1323 3088 1462 3144 bono
1505 3087 1648 3143 male
1681 3095 1926 3149 utuntur,
1958 3100 2122 3156 quam

553 3197 698 3246 eum,
723 3181 818 3251 qui
841 3179 1072 3245 dederit,
1105 3181 1236 3234 dare
1261 3194 1368 3234 non
1398 3179 1650 3234 debuisse
1673 3177 1932 3232 fatearisa
1971 3196 2017 3228 ι.

611 3271 694 3325 lll.
730 3289 747 3321 ι
780 3269 1019 3325 Virtutes
1051 3271 1234 3340 igitur,
1265 3269 1461 3339 quibus
1498 3279 1644 3324 recte
1671 3267 1889 3335 vivitur,
1923 3281 2123 3338 magna

541 3364 682 3416 bona
727 3369 886 3427 sunt;
931 3361 1140 3430 species
1181 3368 1360 3415 autem
1401 3357 1768 3428 quorumlibet
1811 3371 2123 3426 corporum,

541 3451 662 3504 sine
699 3449 894 3517 quibus
939 3457 1085 3503 recte
1115 3449 1220 3503 vivi
1262 3456 1471 3518 potest,
1516 3447 1741 3501 minima
1783 3447 1924 3502 bona
1967 3455 2124 3510 sunt;

543 3540 819 3610 potentiae
868 3554 996 3594 vero
1023 3539 1188 3594 animi
1222 3538 1261 3604 δ,
1291 3540 1410 3595 sine
1447 3538 1642 3608 quibus
1681 3547 1830 3594 recte
1869 3537 1974 3592 vivi
2018 3552 2125 3592 non

542 3640 751 3702 potest,
785 3631 958 3686 media
987 3630 1126 3686 bona
1155 3641 1298 3687 sunt.
1329 3631 1630 3686 Virtutibus
1671 3645 1831 3685 nemo
1854 3629 1995 3685 male
2023 3630 2129 3684 uti-

545 3730 656 3787 tur,
693 3721 892 3776 ceteris
937 3729 1116 3777 autem
1143 3721 1322 3785 bonis,
1352 3720 1403 3775 id
1432 3729 1536 3787 est,
1566 3719 1762 3775 mediis
1791 3729 1845 3774 et
1867 3719 2124 3784 minimis,

543 3827 652 3868 non
678 3811 852 3868 solum
896 3812 1060 3878 bene,
1091 3813 1186 3868 sed
1210 3812 1373 3867 etiam
1403 3811 1541 3867 male
1569 3811 1798 3882 quisque
1827 3811 1902 3866 uti
1931 3818 2125 3881 potest.

544 3906 612 3962 Et
647 3907 767 3963 ideo
797 3907 1008 3962 virtute
1039 3923 1199 3963 nemo
1244 3906 1381 3961 male
1429 3907 1616 3970 utitur,
1649 3907 1776 3976 quia
1803 3906 1825 3938 ⁵
1850 3921 1985 3977 opus
2019 3907 2130 3960 vir-

546 3999 676 4054 tutis
700 4008 788 4056 est
814 3999 985 4055 bonus
1011 4013 1140 4054 usus
1168 3998 1414 4063 istorum,
1450 3998 1646 4067 quibus
1671 3998 1833 4052 etiam
1858 4014 1964 4052 non
1991 3999 2129 4054 bene

547 4093 624 4147 uti
653 4109 956 4164 possumus.
981 4091 1151 4148 Nemo
1175 4101 1357 4146 autem
1385 4093 1523 4146 bene
1548 4090 1747 4145 utendo
1771 4089 1911 4144 male
1941 4090 2128 4144 utitur.

547 4184 726 4252 Quare
753 4184 1082 4240 abundantia
1127 4193 1183 4239 et
1231 4183 1546 4254 magnitudo
1577 4181 1837 4236 bonitatis
1880 4181 1973 4236 Dei
2022 4197 2132 4237 non

548 4274 720 4329 solum
752 4289 968 4346 magna,
995 4274 1091 4330 sed
1113 4273 1277 4328 etiam
1308 4271 1486 4326 media
1513 4278 1568 4326 et
1596 4271 1819 4325 minima
1847 4272 1985 4325 bona
2012 4286 2133 4327 esse

546 4364 839 4435 praestitit.
865 4363 1035 4434 Magis
1057 4362 1320 4418 laudanda
1344 4370 1428 4417 est
1448 4361 1662 4416 bonitas
1684 4360 1800 4431 ejus
1822 4363 1873 4416 in
1902 4363 2130 4434 magnis,

547 4473 709 4528 quam
741 4457 794 4511 in
815 4456 1035 4523 mediis,
1067 4463 1123 4511 et
1157 4456 1327 4526 magis
1357 4455 1412 4509 in
1441 4455 1653 4521 mediis,
1684 4470 1845 4524 quam
1883 4455 1938 4509 in
1966 4455 2128 4510 mini-

551 4550 654 4605 mis
683 4549 874 4615 bonis;
912 4549 1005 4604 sed
1031 4547 1202 4621 magis
1227 4548 1283 4604 in
1309 4548 1582 4614 omnibus,
1611 4562 1774 4618 quam
1803 4547 1850 4603 si
1875 4563 1982 4602 non
2014 4563 2131 4602 oni-

551 4641 638 4696 nia
667 4641 943 4695 tribuisset
963 4640 991 4680 b
1025 4659 1072 4695 ο.

621 4735 709 4792 ιγ.
739 4754 756 4787 ι
785 4734 1047 4791 Voluntas
1071 4749 1220 4806 ergo,
1247 4733 1547 4790 adhaerens
1569 4733 1843 4788 communi
1871 4741 2034 4804 atque
2058 4732 2133 4788 in-

553 4827 920 4884 commutabili
951 4827 1116 4892 bono,
1139 4827 1370 4897 imperat
1398 4826 1575 4898 prima
1598 4834 1652 4880 et
1679 4841 1875 4896 magna
1899 4825 2134 4881 hominis

552 4918 726 4985 bona,
769 4933 893 4974 cum
931 4919 1046 4990 ipsa
1087 4919 1159 4975 sit
1197 4919 1431 4975 medium
1462 4917 1732 4990 quoddam
1767 4918 2000 4985 bonum;
2039 4933 2135 4973 vo-

554 5012 732 5070 luntas
765 5021 946 5070 autem
989 5029 1177 5071 aversa
1212 5016 1278 5069 ab
1309 5013 1740 5070 incommutabili
1778 5021 1835 5070 et
1861 5013 2136 5070 communi

556 5103 713 5168 bono,
745 5111 800 5160 et
831 5117 1090 5161 conversa
1116 5104 1183 5161 ad
1212 5103 1490 5175 proprium
1523 5103 1754 5170 bonum,
1781 5112 1875 5159 aut
1897 5103 1967 5160 ad
1993 5112 2140 5159 exte-

2229 1918 2285 1963 et
2303 1906 2451 1975 justa
2473 1921 2594 1962 eam
2623 1905 2878 1960 miseriae
2906 1920 3078 1974 poena
3106 1903 3452 1972 subsequitur
3477 1913 3502 1940 ε
3544 1920 3592 1954 ι.

2298 1998 2363 2052 ν.
2403 2014 2422 2048 ι
2460 1995 2568 2052 Sed
2595 2005 2650 2050 tu
2677 1994 2908 2050 fortasse
2933 1994 3279 2064 quaesiturus
3305 2007 3386 2057 es,
3414 1991 3675 2060 quoniam
3705 2003 3816 2044 mo.

2225 2097 2381 2144 vetur
2421 2088 2702 2151 voluntas,
2756 2102 2879 2142 cum
2916 2100 2975 2140 se
3021 2085 3220 2140 avertit
3270 2085 3338 2139 ab
3391 2079 3818 2138 incommutabili

2223 2180 2369 2235 bono
2394 2178 2462 2232 ad
2487 2177 2747 2233 mutabile
2771 2177 2994 2240 bonum,
3019 2177 3164 2231 unde
3190 2175 3241 2230 ei
3267 2178 3369 2231 iste
3397 2184 3576 2228 motus
3598 2175 3820 2239 existat,

2225 2272 2314 2342 qui
2344 2270 2586 2342 profecto
2611 2269 2786 2325 malus
2811 2278 2914 2333 est,
2943 2269 3158 2323 tametsi
3194 2267 3442 2322 voluntas
3468 2265 3668 2330 libera,
3693 2263 3818 2332 quia

2223 2364 2340 2418 sine
2371 2362 2458 2417 illa
2488 2377 2589 2417 nec
2623 2371 2772 2417 recte
2801 2361 2908 2415 vivi
2949 2367 3160 2430 potest,
3195 2360 3247 2412 in
3290 2357 3444 2412 bonis
3483 2355 3819 2410 numeranda

2225 2455 2330 2510 sit?
2368 2453 2426 2510 Si
2451 2455 2596 2509 enim
2627 2463 2806 2509 motus
2841 2454 2960 2518 iste,
2992 2453 3045 2507 id
3078 2460 3160 2506 est
3181 2492 3196 2516 ,
3227 2449 3438 2505 aversio
3463 2447 3759 2502 voluntatis
3785 2461 3815 2498 a

2225 2544 2454 2599 Domino
2482 2545 2591 2599 Deo
2616 2543 2732 2598 sine
2754 2542 3087 2599 dubitatione
3109 2548 3388 2610 peccatmn
3411 2548 3516 2602 est,
3542 2554 3673 2591 num
3697 2551 3819 2606 pos-

2225 2648 2410 2688 sumus
2434 2641 2708 2687 auctorem
2737 2631 2947 2702 peccati
2974 2631 3140 2685 Deum
3167 2628 3380 2683 dicere?
3412 2625 3530 2680 Non
3557 2626 3665 2679 erit
3689 2640 3819 2694 ergo

2225 2725 2329 2781 iste
2359 2733 2536 2780 motus
2563 2739 2631 2779 ex
2679 2725 2808 2779 Deo.
2856 2722 3012 2792 Unde
3059 2722 3224 2791 igitur
3252 2721 3391 2776 erit?
3420 2720 3496 2773 lta
3532 2718 3822 2788 quaerenti

2228 2815 2327 2870 tibi
2367 2815 2412 2870 si
2452 2815 2809 2886 respondeam
2865 2813 3075 2868 nescire
3118 2827 3233 2878 me,
3273 2812 3502 2867 fortasse
3530 2811 3551 2840 "
3581 2812 3694 2863 eris
3728 2810 3824 2862 tri-

2227 2907 2399 2962 stior?
2430 2906 2535 2962 Sed
2567 2915 2744 2962 tamen
2778 2921 2904 2961 vera
2933 2905 3326 2975 responderim.
3362 2903 3504 2959 Sciri
3534 2903 3682 2957 enim
3713 2917 3824 2954 non

2226 3006 2439 3068 potest,
2479 2998 2621 3068 quod
2661 2997 2796 3051 nihil
2837 3005 2938 3052 est.
2979 2996 3060 3051 'l‘u
3104 3005 3307 3051 tantum
3346 2995 3598 3064 pietatem
3636 2993 3828 3046 incon~

2230 3106 2443 3146 cussam
2477 3099 2620 3156 tene,
2647 3098 2705 3143 ut
2729 3088 2937 3143 nullum
2967 3088 3061 3142 tibi
3092 3088 3292 3142 bonum
3321 3085 3403 3140 vel
3430 3084 3710 3146 sentienti,
3740 3081 3829 3137 vel

2230 3181 2568 3252 intelligenti,
2592 3179 2676 3234 vel
2694 3195 2912 3250 quoquo
2928 3181 3086 3234 modo
3099 3177 3357 3249 cogitanti
3377 3186 3654 3240 occurrat,
3677 3175 3829 3244 quod

2229 3291 2336 3331 non
2362 3276 2432 3330 sit
2457 3289 2524 3329 cx
2553 3275 2683 3329 Deo.
2722 3274 2800 3328 Ita
2829 3273 2972 3329 enim
3001 3271 3144 3325 nulla
3173 3281 3365 3325 natura
3389 3269 3652 3332 occurrit,
3682 3281 3834 3337 quae

2229 3382 2335 3422 non
2363 3368 2432 3421 sit
2457 3382 2523 3420 ex
2549 3367 2690 3430 Deo;
2721 3379 2937 3420 omnem
2967 3363 3164 3434 quippe
3195 3379 3330 3427 rem,
3388 3361 3474 3415 ubi
3508 3375 3831 3413 mensuram

2230 3467 2284 3513 et
2310 3473 2593 3512 numerum
2617 3466 2673 3512 et
2717 3454 2964 3511 ordinem
2987 3454 3211 3519 videris,
3233 3453 3343 3507 Deo
3368 3451 3558 3506 artifici
3584 3451 3835 3505 tribuere

2230 3565 2299 3604 ne
2325 3550 2618 3604 cuncteris.
2655 3548 2809 3604 Unde
2859 3558 3042 3603 autem
3095 3548 3197 3601 ista
3233 3548 3446 3615 penitus
3470 3545 3490 3575 ⁹
3520 3545 3834 3600 detraxeris

2231 3638 2364 3694 nihil
2385 3639 2609 3694 omnino
2636 3639 2953 3704 remanebit,
2981 3638 3130 3708 quia,
3157 3638 3260 3693 etsi
3291 3637 3611 3692 remanserit
3641 3635 3830 3704 aliqua

2231 3728 2439 3784 formae
2460 3730 2685 3800 alicujus
2713 3731 3009 3796 inchoatio,
3036 3729 3124 3784 ubi
3158 3744 3332 3799 neque
3359 3743 3666 3782 mensuram
3731 3742 3832 3780 ue-

2231 3833 2336 3888 que
2374 3833 2656 3874 numerum
2709 3835 2885 3888 neque
2949 3821 3194 3874 ordinem
3238 3819 3508 3882 invenias,
3538 3816 3665 3886 quia
3698 3817 3832 3870 ubi-

2230 3924 2441 3980 cunque
2469 3910 2568 3965 ista
2599 3919 2746 3976 sunt,
2774 3909 2946 3964 forma
2973 3909 3211 3980 perfecta
3238 3918 3339 3974 est,
3367 3915 3574 3977 oportet
3601 3905 3834 3960 auferas

2232 4001 2392 4058 istam
2411 4002 2867 4057 “inchoationem
2887 4001 3117 4066 formae,
3141 4015 3280 4070 quae
3297 4008 3546 4068 tanquam
3562 3997 3834 4050 materies

2233 4094 2300 4149 ad
2327 4093 2713 4164 perficiendum
2744 4091 3025 4161 subjacere
3063 4089 3277 4164 videtur
3318 4088 3529 4143 artifici.
3575 4084 3634 4139 Si
3676 4089 3830 4139 enim

2233 4184 2441 4240 formae
2460 4183 2720 4255 perfectio
2756 4185 2956 4239 bonum
2987 4191 3101 4246 est,
3141 4181 3454 4237 nonnullum
3479 4178 3585 4246 jam
3617 4178 3830 4232 bonum

2235 4287 2319 4333 est
2363 4286 2418 4332 et
2451 4277 2656 4332 formae
2682 4277 2974 4332 inchoatio.
3013 4276 3090 4330 lta
3135 4275 3380 4328 detracto
3422 4271 3632 4342 penitus
3672 4267 3833 4321 omni

2233 4371 2374 4426 bono
2402 4370 2535 4424 nihil
2559 4371 2779 4425 omnino
2805 4369 3106 4425 remanebit
3128 4367 3192 4420 “.
3217 4365 3389 4422 Omne
3418 4372 3588 4417 autem
3619 4361 3831 4414 bonum

2233 4475 2298 4515 ex
2331 4462 2436 4515 Deo
2465 4479 2477 4514 :
2510 4459 2653 4515 nulla
2681 4475 2812 4532 ergo
2842 4469 3035 4515 natura
3066 4467 3168 4522 est,
3193 4472 3332 4527 quae
3353 4470 3460 4510 non
3492 4453 3561 4508 sit
3587 4465 3655 4505 ex
3691 4449 3833 4504 Deo.

2239 4553 2414 4610 Motus
2442 4569 2570 4624 ergo
2614 4553 2702 4608 ille
2731 4553 3062 4618 aversionis,
3100 4551 3242 4621 quod
3284 4549 3518 4603 fatemur
3544 4558 3668 4598 esse
3702 4558 3835 4614 pec—

2239 4655 2418 4703 catum
2439 4687 2454 4709 ,
2483 4645 2738 4716 quoniam
2770 4644 3065 4701 defectivus
3096 4651 3272 4699 motus
3298 4648 3411 4706 est,
3440 4636 3615 4692 omnis
3640 4645 3832 4690 autem

2241 4739 2482 4795 defectus
2522 4755 2588 4794 ex
2635 4738 2802 4793 nihilo
2849 4745 2952 4802 est,
2998 4736 3122 4791 vide
3161 4748 3268 4804 quo
3308 4730 3604 4802 pertineat;
3655 4733 3719 4780 et
3771 4723 3834 4778 ad

2241 4830 2409 4886 Deum
2454 4844 2559 4884 non
2611 4829 2881 4899 pertinere
2924 4842 3030 4882 non
3076 4825 3308 4880 dubites.
3356 4820 3460 4889 Qui
3505 4829 3687 4874 tamen
3749 4817 3835 4871 de-

2243 4919 2439 4988 fectus,
2474 4921 2728 4992 quoniam
2757 4929 2842 4975 est
2868 4916 3225 4981 voluntarius,
3264 4915 3317 4970 in
3339 4923 3528 4982 nostra
3558 4917 3650 4963 est
3688 4907 3833 4979 posi-

2245 5022 2331 5070 tus
2359 5014 2714 5084 possibilitate
2746 5013 2808 5066 “.
2843 5012 2902 5066 Si
2937 5009 3083 5066 enim
3113 5010 3272 5064 times
3317 5007 3485 5070 illum,
3513 5011 3736 5074 oportet
3777 5007 3832 5052 ut

2245 5106 2417 5173 nolis;
2445 5107 2490 5162 si
2521 5114 2698 5161 autem
2730 5103 2889 5170 nolis,
2931 5117 3039 5159 non
3065 5101 3189 5158 erit.
3221 5099 3361 5169 Quid
3387 5112 3516 5170 ergo
3554 5095 3830 5156 securius,

1832 5216 2089 5274 VABJAE
2124 5217 2417 5277 LECTION
2423 5221 2523 5278 ES.

631 5307 660 5391 ξ.
679 5305 772 5362 Sic
799 5306 942 5391 cod.,
985 5307 1240 5390 al.0quia.
1286 5307 1466 5391 “"Sic
1492 5309 1639 5391 cod.,
1771 5310 2131 5391 cognoscimus
2168 5321 2225 5366 et
2263 5314 2332 5391 ad
2353 5329 2535 5391 marg.
2569 5314 2756 5391 adscr:
2777 5312 3312 5391 al.__i_nternoscimtts.
3452 5305 3576 5391 qod.
3612 5311 3822 5391 essent.

561 5375 695 5450 {Sic
721 5376 963 5450 cod.,al:
987 5375 1214 5450 animae.
1286 5377 1471 5435 l‘Corr.
1496 5379 1568 5434 M.
1593 5378 1714 5434 cod.
1741 5375 1852 5450 qui:

1929 5377 1951 5409 ⁸
1972 5377 2102 5433 Cod.
2146 5377 2638 5438 amministrat'ione.

2736 5384 2756 5416 "
2784 5384 2992 5438 sedibus
3015 5399 3122 5437 om.
3147 5383 3293 5446 cod.,
3316 5379 3441 5436 add.
3481 5377 3548 5432 Μ.
3629 5378 3653 5408 ⁸
3692 5372 3821 5430 Cod.

563 5448 830 5531 fertque.-
873 5447 1058 5531 ’"de.
1114 5450 1384 5531 poenitus,
1429 5446 1782 5531 sichubiquei
1847 5449 1889 5480 ¹⁰
1920 5448 2180 5531 al.7etiam
2222 5457 2412 5526 ipsam.
2489 5455 2531 5486 “
2562 5455 2652 5510 Sic
2673 5455 2816 5519 cod.,
2845 5453 2916 5508 M.
2945 5453 3092 5510 omni
3129 5453 3270 5508 bono
3316 5466 3420 5506 non
3461 5446 3673 5517 quidem
3727 5459 3825 5498 ποι

563 5518 714 5586 nihil,
740 5518 830 5573 sed
857 5518 990 5574 nihil
1015 5518 1236 5576 omnino
1264 5520 1580 5576 remanebit.
1663 5521 1704 5551 ι’
1733 5519 1806 5576 al.
1839 5530 2116 5590 potestate.

2068 5607 2322 5667 NOTAE.

633 5709 662 5772 ξ
699 5696 981 5772 Augustin.
1011 5697 1332 5772 de_l_ib._ar_b.
1366 5699 1429 5766 ll,
1459 5700 1544 5756 18.

571 5841 579 5848 ¹
636 5767 668 5808 δ
701 5766 985 5840 Augustin.
1017 5767 1146 5826 ibid.
1175 5769 1239 5836 ll,
1270 5769 1355 5828 l9.

2318 5711 2342 5738 ο
2381 5699 2666 5769 Augustin.
2698 5702 2737 5756 l.
2759 5702 2800 5754 l.
2831 5701 2886 5755 in
2916 5699 3040 5754 ﬁne.
