4028 6280
170 363 304 418 ’585

1302 359 1502 415 LIBER
1539 359 1628 416 DE
1664 356 2371 416 PRAEDESTINATIONE.

3359 360 3476 426 586,

173 493 356 548 quam
395 490 517 533 esse
561 474 613 531 in
652 488 718 530 ea
745 475 880 541 vita,
912 475 1001 531 ubi
1047 490 1151 532 non
1193 479 1362 548 possit
1403 479 1496 534 tibi
1535 478 1772 542 evenire,
1807 483 1854 540 Α
1883 477 2056 530 tatisa
2079 491 2137 531 se
2153 477 2460 531 condendae
2483 477 3062 535 substantiascondidit
3083 478 3323 536 bonitate
3339 494 3460 546 sua,

173 569 333 638 quod
365 584 470 623 non
501 568 600 622 vis.
635 566 741 622 Sed
767 569 1020 637 quoniam
1041 608 1057 632 ,
1086 584 1192 622 non
1223 569 1362 624 sicut
1396 580 1585 640 sponte
1617 570 1780 624 homo

175 658 419 722 cecidit,
452 660 525 711 ita
555 657 718 712 etiam
749 665 942 726 sponte
977 672 1198 728 surgere
1229 667 1437 728 potest,
1475 669 1777 728 porrectam

174 751 348 806 nobis
377 750 610 821 desuper
641 749 919 804 dexteram
952 750 1077 815 Dei,
1115 750 1166 803 id
1205 760 1319 817 est,
1360 751 1644 806 Dominum
1685 767 1780 806 no-

175 852 362 899 strum
388 842 574 899 Jesum
601 842 874 897 Christum
916 841 1070 896 ﬁrma
1111 843 1214 897 fide
1251 849 1564 907 teneamus,
1605 852 1658 896 et
1686 858 1780 897 ex-

177 943 499 1004 spectemus
539 940 689 989 eerta
736 945 866 1002 spe,
913 941 970 986 et
1008 921 1236 987 caritate
1264 933 1474 988 ardenti
1509 933 1780 988 desidere-

176 1037 453 1080 musas.

309 1117 322 1126 ’“
709 1113 1105 1172 CAPITULUM
1149 1114 1281 1170 VIII.

179 1205 266 1262 De
295 1207 598 1278 diluenda
625 1206 759 1263 inter
783 1219 1030 1331 nalugnnt
1064 1209 1290 1263 hominis
1326 1217 1374 1263 et
1407 1207 1628 1263 liberum
1665 1211 1778 1280 ejus

839 1295 900 1331 ar
937 1289 1136 1331 unum.

839 1289 1136 1333 arbitrium.

257 1385 299 1441 I.
339 1384 462 1441 Jam
503 1402 646 1442 nunc
677 1386 937 1457 pulsanda
963 1396 1051 1442 est
1087 1387 1267 1444 divina
1296 1389 1686 1457 misericordia,
1722 1399 1781 1445 ut

180 1483 350 1538 nobis
384 1483 598 1553 aperire
630 1483 884 1554 dignetur
913 1482 1248 1538 imminentis
1277 1484 1606 1553 quaestionis
1640 1485 1776 1538 didi-

175 1573 471 1629 cultatem.
507 1573 690 1642 Longe
736 1587 971 1642 namque
1015 1581 1282 1628 remotum
1310 1584 1426 1640 est,
1465 1583 1522 1630 et
1563 1575 1616 1630 in
1656 1591 1779 1645 pro-

179 1664 390 1718 fundae
434 1663 821 1732 intelligentiae
873 1671 1083 1719 secreto
1123 1664 1243 1718 sinu
1291 1665 1617 1735 repositum,
1649 1668 1777 1736 quid

178 1754 359 1808 distat
399 1753 544 1809 inter
587 1753 815 1808 liberam
861 1753 1099 1809 hominis
1142 1754 1497 1822 voluntatem,
1546 1773 1684 1827 quae
1711 1775 1777 1814 ex

1884 566 2075 620 deinde
2107 566 2395 634 unicuique
2416 582 2512 636 pro
2538 566 2790 636 gradibus
2823 569 2934 623 suis
2960 570 3096 624 dona
3129 570 3257 626 dare
3280 570 3461 642 dispo-

1881 655 1990 710 suit
2019 655 2267 724 largitate
2288 669 2406 709 sua.
2423 656 2568 710 Inter
2589 670 2724 725 quas
2745 655 2988 711 videlicet
3014 657 3344 713 substantias
3365 674 3463 714 na-

1883 756 2058 801 turam
2100 748 2332 802 hominis
2372 748 2424 802 in
2465 747 2738 802 voluntate
2775 749 3076 803 rationabili
3103 751 3123 780 ⁸
3158 752 3459 807 substituit.
3488 752 3508 776 ⁸

1881 839 1994 894 Non
2021 841 2164 896 enim
2193 841 2314 897 ideo
2336 842 2496 898 homo
2523 840 2767 896 voluntas
2792 851 2893 905 est,
2925 841 3049 911 quia
3073 843 3317 899 voluntas
3353 855 3459 910 est,

1881 931 1974 984 sed
1985 931 2111 1000 quia
2128 931 2406 987 rationalis
2421 932 2666 987 voluntas
2685 941 2788 986 est.
2805 931 2953 988 Tolle
2977 947 3208 1002 namque
3224 934 3462 990 rationa-

1881 1021 1984 1076 lem
2009 1021 2354 1084 voluntatem,
2379 1037 2486 1076 non
2509 1015 2613 1076 erit
2637 1023 2818 1076 homo.
2845 1020 2998 1088 Quod
3033 1029 3212 1075 tamen
3239 1037 3344 1076 non
3375 1038 3461 1077 re-

1880 1109 2079 1173 currit,
2111 1119 2194 1172 ut,
2225 1109 2271 1164 si
2303 1087 2456 1164 tollas
2483 1110 2790 1174 hominem,
2817 1125 2923 1165 non
2950 1110 3022 1165 sit
3057 1111 3334 1166 rationalis
3363 1127 3458 1165 vo-

1881 1199 2078 1265 luntas,
2109 1216 2248 1270 quae
2275 1216 2379 1254 non
2413 1201 2466 1255 in
2494 1202 2711 1257 homine
2736 1211 2966 1268 tantum,
2999 1218 3185 1258 verum
3219 1204 3380 1257 etiam
3407 1204 3464 1258 in

1880 1292 2092 1360 angelo,
2119 1302 2282 1362 atque
2314 1293 2430 1362 ipso
2460 1292 2570 1349 Deo
2597 1294 2962 1364 cognoscitur.
2990 1294 3126 1350 Hinc
3155 1295 3462 1349 necessario

1879 1382 2330 1437 considerandum
2356 1383 2398 1448 ⁸,
2424 1383 2551 1451 quid
2604 1385 2703 1438 ista
2731 1384 2962 1438 humana
2992 1385 3240 1441 voluntas
3266 1386 3461 1441 habent

1878 1488 1945 1528 ex
1977 1482 2166 1528 natura
2189 1515 2204 1540 ,
2247 1475 2374 1543 quid
2406 1490 2472 1529 ex
2519 1474 2680 1530 dono.
2731 1476 2836 1532 Sed
2873 1478 2918 1532 si
2964 1476 3082 1532 luce
3113 1479 3313 1534 clarius
3341 1491 3459 1545 est,

1878 1565 2199 1620 naturaliter
2237 1581 2356 1620 eam
2399 1565 2617 1631 habere,
2661 1567 2804 1637 quod
2845 1568 2916 1622 sit
2949 1569 3320 1624 substantialis
3366 1583 3460 1625 vo-
3507 1561 3512 1564 ’

1881 1655 2078 1723 luntas,
2118 1666 2286 1712 restat
2311 1657 2520 1727 quaeri,
2546 1657 2687 1714 unde
2716 1659 2784 1713 sit
2811 1659 2860 1713 ei
2894 1659 3132 1714 libertas.
3168 1659 3283 1714 Non
3313 1661 3461 1715 enim

1881 1750 2124 1804 absolute
2166 1750 2364 1805 dicitur
2414 1750 2683 1814 voluntas,
2735 1751 2827 1806 sed
2879 1752 3047 1806 libera
3088 1751 3355 1807 voluntas.
3403 1752 3462 1807 Si

183 1854 392 1897 natura
422 1853 529 1909 est,
557 1852 614 1899 et
641 1842 872 1898 liberum
899 1841 1016 1912 ejus
1046 1845 1362 1910 arbitrium,
1393 1847 1535 1916 quod
1591 1850 1775 1918 procul
1807 1844 1854 1904 B
1881 1856 2009 1913 ergo
2052 1851 2257 1897 tantum
2297 1858 2366 1898 ex
2397 1842 2781 1898 substitutione
2805 1844 2824 1874 '
2857 1859 2953 1898 sua
3017 1843 3244 1908 habeat,
3289 1855 3348 1899 ut
3389 1845 3463 1899 sit

181 1935 356 1989 dubio
392 1935 591 1990 donum
624 1933 900 1992 Creatoris
935 1951 1055 1991 esse
1095 1935 1441 1993 manifestum
1474 1940 1512 1994 ⁸.
1570 1939 1778 1997 Sancto

174 2025 458 2094 siquidem
507 2024 810 2096 Augustino
879 2027 1156 2084 multoties
1199 2030 1220 2060 ³
1275 2031 1431 2087 nobis
1478 2032 1779 2092 inculcante

175 2117 533 2187 apertissime
555 2119 846 2184 credimus,
878 2120 1154 2178 interioris
1183 2123 1415 2180 hominis
1442 2125 1777 2182 substantia-

177 2206 294 2261 lem
342 2207 640 2262 trinitatem
686 2208 742 2263 in
787 2209 872 2264 his
921 2211 1113 2277 tribus,
1153 2213 1388 2268 essentia
1427 2215 1692 2282 videlicet,
1723 2226 1780 2273 et

179 2295 503 2362 voluntate,
549 2308 604 2352 et
635 2297 861 2352 scientia
902 2299 1170 2357 contineri
1201 2301 1248 2356 δ.
1291 2300 1348 2356 Si
1385 2304 1528 2358 enim
1570 2321 1779 2362 summa

179 2385 632 2456 sapientia,quae
648 2387 941 2442 humanam
963 2395 1209 2443 naturam
1234 2390 1314 2446 sui
1338 2391 1570 2448 similem
1592 2411 1782 2453 creare

179 2476 384 2538 voluit.
419 2476 471 2530 in
499 2491 559 2530 se
587 2476 703 2546 ipsa
733 2491 842 2531 una
871 2478 1118 2548 trinaque
1140 2487 1247 2546 est,
1283 2481 1477 2536 merito
1507 2483 1778 2541 hominem

180 2569 269 2624 sic
297 2569 452 2634 fecit,
478 2570 769 2624 essentiam
798 2570 1064 2640 profecto,
1094 2571 1448 2640 voluntatem,
1475 2575 1774 2642 scientiam,

186 2676 336 2733 quae
370 2663 472 2717 tria
503 2677 668 2717 unum
698 2671 841 2718 sunt.
879 2663 996 2718 Non
1035 2665 1180 2720 enim
1217 2665 1360 2720 aliud
1402 2675 1488 2722 est
1530 2669 1780 2725 rationali

181 2755 332 2809 vitae
358 2769 501 2821 esse,
524 2763 578 2809 et
602 2754 762 2821 velle,
785 2768 886 2810 nec
915 2754 1060 2810 aliud
1084 2757 1241 2822 velle,
1271 2765 1327 2811 et
1346 2757 1506 2823 scire,
1534 2759 1627 2814 sed
1660 2774 1781 2816 esse

181 2845 309 2914 ejus
337 2845 590 2901 voluntas
610 2846 808 2912 sciens,
835 2854 890 2901 et
919 2846 1166 2902 voluntas
1187 2848 1304 2919 ejus
1318 2847 1555 2904 essentia
1575 2852 1778 2919 sciens,

180 2947 240 2993 et
279 2939 510 2994 scientia
547 2939 666 3009 ejus
697 2939 882 2995 volens
907 2940 1139 2995 essentia
1167 2950 1269 2997 est.

252 3027 321 3082 ll.
364 3027 511 3084 Haec
553 3029 716 3100 igitur
761 3028 862 3083 tria
907 3045 1071 3084 unum
1115 3038 1260 3097 sunt,
1310 3039 1364 3087 et
1407 3047 1513 3086 una
1560 3042 1773 3089 natura.

181 3115 326 3172 Tota
357 3116 554 3173 deinde
593 3117 807 3176 animae
834 3129 1027 3174 natura
1055 3119 1302 3176 voluntas
1333 3130 1435 3177 est.
1469 3121 1575 3178 Sed
1603 3125 1778 3179 consi-

1879 1932 2146 1997 voluntas,
2195 1946 2302 1987 non
2347 1942 2526 1987 autem
2568 1931 2767 1999 libera;
2810 1933 3149 2003 relinquitur,
3199 1933 3242 1988 si
3291 1933 3460 1989 libera

1877 2030 1980 2087 est,
2025 2022 2168 2092 quod
2213 2039 2412 2094 negare
2452 2024 2768 2088 absurdum,
2813 2025 2954 2079 dono
2993 2024 3075 2078 sui
3115 2023 3386 2079 Creatoris
3411 2028 3460 2079 ei

1876 2112 2130 2169 donatam
2158 2130 2280 2170 esse
2306 2114 2631 2170 libertatem.
2670 2116 2737 2170 Et
2763 2115 2866 2170 erit
2895 2116 3018 2171 talis
3043 2115 3342 2172 diﬁerentia
3376 2118 3460 2170 in-

1880 2211 1964 2260 ter
2001 2214 2250 2260 naturam
2297 2213 2353 2262 et
2394 2205 2624 2261 liberum
2667 2206 2984 2274 arbitrium,
3026 2223 3090 2263 ac
3124 2208 3169 2262 si
3225 2207 3460 2261 humana

1878 2296 2129 2353 voluntas
2155 2313 2260 2352 non
2293 2298 2466 2353 solum
2496 2314 2592 2354 sua
2621 2300 3004 2357 substitutione
3029 2302 3260 2372 accepit,
3285 2311 3342 2357 ut
3367 2303 3458 2368 sit,

1880 2394 1975 2449 sed
1999 2405 2163 2448 etiam
2191 2404 2250 2449 ut
2277 2394 2445 2449 libera
2474 2395 2565 2450 sit.

1951 2482 2038 2537 IV.
2079 2483 2270 2539 Adhuc
2317 2500 2424 2539 non
2474 2493 2558 2540 est
2599 2486 2846 2556 quaestio
2892 2486 3164 2558 proposita
3196 2495 3457 2542 reserata.

1880 2571 2178 2630 Praedictis
2212 2575 2408 2645 quippe
2430 2578 2989 2645 argumentationibus
3032 2578 3312 2633 collectum
3344 2588 3423 2633 est
3443 2619 3458 2642 ,

1880 2663 2457 2732 omnipotentissitnam
2488 2665 2725 2720 divinam
2767 2665 3119 2731 voluntatem,
3148 2684 3286 2736 quae
3314 2669 3458 2722 nulla

1881 2754 1999 2826 lege
2045 2764 2353 2822 coartatur,
2409 2772 2509 2811 nec
2566 2755 2876 2826 impeditur,
2924 2758 3172 2814 debuisse
3207 2759 3458 2812 volunta-

1881 2853 1988 2899 tem
2013 2845 2095 2900 sui
2122 2845 2350 2901 similem
2365 2861 2574 2910 creare,
2591 2862 2729 2917 quae
2754 2848 2990 2902 aeternis
3017 2848 3224 2918 legibus
3237 2859 3380 2904 crcat
3391 2850 3461 2903 ri-

1880 2937 1958 2992 cis
1985 2947 2281 3009 regeretur,
2309 2938 2452 2992 nulla
2483 2938 2535 2992 vi
2564 2940 2632 2994 ab
2663 2939 2885 3008 agendo,
2918 2940 3048 3009 quid
3098 2939 3284 3004 vellet,
3316 2951 3462 2996 arta-

1880 3035 2059 3093 retur,
2089 3027 2173 3082 vel
2199 3028 2266 3082 ad
2295 3029 2557 3100 agendum
2577 3068 2590 3093 ,
2622 3028 2762 3098 quod
2791 3029 2954 3084 nollet
2975 3069 2990 3094 ,
3025 3029 3459 3099 compelleretur.

1882 3119 2152 3190 Quidquid
2201 3120 2344 3176 enim
2391 3119 2568 3176 facere
2613 3120 2926 3186 maluisset,
2973 3121 3087 3176 sive
3137 3122 3295 3188 boni,
3348 3123 3461 3177 sive

184 3208 524 3274 derandum,
557 3215 739 3265 utrum
764 3223 829 3264 ea
859 3209 1128 3276 voluntas,
1155 3211 1296 3267 sicut
1323 3213 1641 3270 naturaliter
1669 3225 1773 3282 est,
1805 3203 1849 3265 C
1882 3211 2028 3276 mali,
2057 3211 2510 3280 sapientissimam
2533 3211 2811 3266 creatricis
2837 3226 2965 3266 suae
2991 3211 3325 3282 disciplinam
3351 3226 3459 3266 non

184 3299 260 3354 ita
295 3299 467 3354 libera
496 3307 578 3355 est
603 3300 942 3368 naturaliter,
969 3317 1040 3357 an
1064 3309 1297 3368 tantum,
1321 3311 1381 3358 ut
1407 3303 1656 3362 voluntas
1681 3307 1774 3374 sit,

184 3404 252 3444 ex
286 3398 481 3444 natura
512 3389 728 3455 habeat,
755 3399 816 3445 ut
845 3399 1026 3446 autem
1054 3392 1248 3456 libera,
1279 3409 1345 3448 ex
1377 3394 1521 3450 dono
1554 3395 1776 3470 Creato-

186 3480 288 3535 ris.
318 3479 455 3535 Cum
482 3481 628 3536 enim
657 3496 818 3538 omne
845 3481 1042 3537 bonum
1087 3492 1182 3538 aut
1221 3483 1364 3540 Deus
1402 3486 1514 3556 ipse
1539 3495 1655 3552 est,
1684 3498 1777 3544 aut

185 3570 453 3640 quidquid
480 3571 549 3625 ab
575 3586 641 3628 eo
667 3580 784 3638 est,
809 3587 919 3627 non
943 3582 1122 3629 tamen
1147 3575 1331 3630 omnia
1357 3576 1518 3644 bona,
1541 3593 1680 3650 quae
1709 3583 1776 3636 ab

187 3673 256 3713 eo
297 3669 456 3726 sunt,
485 3661 676 3716 eodem
709 3661 868 3717 modo
902 3662 971 3718 ab
998 3678 1063 3718 eo
1091 3665 1207 3720 ﬁeri
1243 3665 1491 3722 dicimus.
1523 3669 1774 3726 Omnium

185 3749 395 3820 quippe
420 3751 707 3819 bonorum,
740 3769 878 3824 quae
913 3755 1054 3810 Deus
1080 3757 1316 3822 creavit,
1344 3759 1608 3826 quaedam
1650 3769 1778 3815 sunt

188 3839 310 3909 ejus
337 3841 599 3911 bonitate,
617 3844 879 3913 quaedam
906 3859 1035 3902 vero
1059 3842 1177 3913 ejus
1213 3845 1480 3917 largitate.
1500 3845 1648 3914 Quae
1676 3866 1775 3904 au-

190 3943 306 3990 tem
346 3935 415 3990 ab
453 3937 620 4007 ipsius
655 3939 896 3995 bonitate
946 3938 1110 4004 ﬁunt,
1151 3939 1578 3996 substantialiter
1617 3941 1773 4009 ﬁunt,

191 4041 316 4081 cum
347 4025 598 4082 omnibus
623 4029 1013 4096 accidentibus,
1043 4045 1184 4101 quae
1202 4032 1284 4087 eis
1321 4032 1642 4089 naturaliter
1681 4037 1775 4090 ad-

193 4117 455 4182 haerent,
487 4125 546 4172 ut
575 4128 702 4174 sunt
731 4121 1038 4191 qualitates,
1067 4123 1430 4194 quantitates,
1460 4125 1771 4193 relationes,

194 4207 358 4272 situs,
384 4207 620 4275 habitus,
654 4207 792 4274 loca,
841 4219 1100 4281 tempora,
1146 4229 1326 4286 agere,
1355 4215 1498 4286 pati;
1540 4232 1648 4286 quo
1675 4234 1774 4274 nu-

194 4312 349 4354 mero
377 4298 598 4354 denario
641 4307 696 4354 et
731 4301 908 4356 omnis
932 4313 1111 4358 creata
1136 4305 1441 4362 substantia
1461 4348 1476 4372 ,
1506 4319 1560 4362 et
1591 4311 1772 4366 omnia

193 4389 239 4442 ei
289 4389 612 4445 naturaliter
637 4391 932 4447 accidentia
956 4396 1341 4465 comprehendi
1387 4411 1630 4468 possunt.
1664 4403 1774 4459 Nec

194 4495 292 4535 nos
321 4491 556 4546 moveat,
605 4483 649 4538 si
681 4483 924 4538 dicantur
949 4487 1248 4543 accidentia
1274 4489 1295 4520 ⁸
1321 4496 1604 4560 quaedam,
1635 4511 1772 4566 quae

193 4585 254 4624 ex
283 4578 479 4624 natura
501 4586 606 4626 non
631 4582 774 4627 sunt.
797 4573 911 4628 Non
931 4575 1073 4630 enim
1097 4587 1222 4633 sunt
1242 4593 1370 4634 vere
1401 4584 1696 4640 accidentia
1724 4587 1768 4654 δ,

194 4661 287 4714 sed
324 4661 650 4716 naturalium
693 4664 1049 4720 accidentium
1087 4676 1180 4723 aut
1208 4669 1502 4739 absentiae,
1545 4685 1639 4730 aut
1679 4679 1768 4734 de-

196 4748 392 4815 fectus,
419 4750 470 4805 id
493 4759 579 4806 est
607 4753 999 4822 corruptiones.
1039 4754 1188 4822 Quae
1211 4773 1340 4815 vero
1369 4761 1619 4832 largitate
1644 4783 1773 4823 con-

195 4840 389 4895 ditoris
417 4841 666 4908 veniunt,
699 4841 942 4912 profecto
964 4845 1104 4900 dona
1137 4847 1256 4916 ejus
1283 4851 1643 4921 appellantur,
1675 4839 1778 4914 nec.

195 4932 353 4987 aliter
380 4932 526 4988 credi
555 4942 786 5004 oportet,
821 4936 1072 5006 quoniam
1115 4940 1332 5009 quidem
1375 4945 1476 4999 tria
1505 4949 1770 5015 quaedam

196 5021 426 5092 intelligi
461 5037 680 5078 necesse
703 5033 788 5079 est
839 5025 893 5080 in
927 5028 1074 5082 omni
1101 5028 1334 5085 donandi
1363 5041 1508 5100 actu,
1536 5037 1627 5105 qui
1659 5037 1770 5105 dat,

196 5113 341 5183 quod
364 5114 544 5178 datur,
574 5113 661 5168 cui
691 5114 867 5170 datur.

1879 3301 2190 3368 excederet,
2215 3316 2354 3371 quae
2378 3316 2566 3357 omnes
2591 3310 2766 3357 motus
2791 3301 2990 3356 liberae
3015 3301 3325 3366 voluntatis,
3345 3300 3460 3356 sive

1880 3405 2078 3451 rectos.
2105 3395 2218 3450 sive
2246 3408 2552 3464 perversos,
2579 3393 2830 3464 congruis
2854 3392 3135 3448 ordinibus
3163 3393 3457 3462 exciperet.

1880 3487 1998 3542 Non
2034 3487 2178 3541 enim
2218 3487 2522 3543 credendus
2553 3496 2637 3540 est
2677 3485 3043 3540 universitatis
3097 3485 3344 3539 conditor
3375 3501 3461 3539 ra-

1881 3578 2134 3634 tionalem
2167 3577 2498 3632 voluntatem
2535 3575 2727 3631 fecisse
2757 3575 3031 3631 servilem.
3061 3575 3145 3629 An
3181 3574 3321 3631 forte
3351 3590 3460 3629 non

1879 3677 1964 3724 est
2008 3668 2214 3723 homini
2251 3666 2677 3723 substantialiter
2721 3666 2896 3721 ratio?
2939 3664 3071 3733 Quis
3110 3666 3306 3721 audeat
3355 3666 3460 3720 hoc

1878 3760 2078 3822 dicere,
2127 3773 2250 3814 cum
2295 3759 2368 3812 sit
2409 3772 2538 3813 vera
2581 3757 2814 3812 hominis
2859 3756 3124 3821 deﬁnitio,
3168 3757 3330 3812 homo
3377 3766 3461 3813 est

1878 3849 2176 3905 substantia
2225 3848 2522 3913 rationalis,
2563 3847 2858 3917 sapientiae
2899 3848 3098 3917 capax!
3146 3847 3285 3914 Quid
3329 3862 3461 3916 ergo

1878 3942 2094 4006 mirum,
2125 3941 2394 3996 humanae
2420 3941 2678 3995 voluntati
2706 3956 2771 3995 ex
2798 3950 2990 3995 natura
3019 3941 3101 3995 sui
3137 3956 3257 3996 esse
3298 3942 3460 3997 liber-

1880 4040 2044 4087 tatem
2066 4072 2080 4096 ,
2107 4046 2231 4087 cum
2270 4046 2374 4086 non
2405 4031 2472 4085 sit
2503 4031 2697 4084 mirum
2719 4072 2733 4095 ,
2773 4045 2836 4086 ea
2876 4030 2994 4084 ﬁeri
3025 4031 3323 4086 rationem?
3350 4032 3460 4086 Aut

1877 4123 2145 4194 quomodo
2194 4122 2308 4176 ﬁeri
2339 4122 2514 4191 potuit
2559 4130 2753 4175 natura
2803 4121 3014 4177 servilis
3059 4122 3327 4187 voluntas,
3369 4124 3458 4178 cui

1876 4215 2071 4268 merito
2111 4213 2450 4269 obedientiae
2493 4213 2825 4284 promittitur
2872 4213 2958 4267 illa
2987 4212 3168 4267 futura
3210 4215 3454 4281 libertas,

1876 4308 2131 4376 quoniam
2175 4320 2280 4360 non
2322 4306 2424 4360 erit
2461 4305 2716 4375 peccandi
2759 4305 3060 4374 cupiditas?
3105 4304 3264 4360 Nullo
3309 4307 3456 4360 enim

1875 4405 2034 4469 pacto
2074 4399 2212 4452 Deus
2250 4397 2509 4461 destruit,
2554 4398 2694 4465 quod
2741 4396 2792 4450 in
2842 4404 3032 4451 natura
3074 4397 3308 4463 creavit,
3359 4398 3456 4452 sed

1875 4491 2138 4562 quaedam
2162 4491 2298 4546 bona
2321 4489 2602 4552 naturalia,
2631 4506 2771 4560 quae
2794 4489 3052 4554 condidit,
3073 4490 3126 4544 in
3150 4490 3340 4546 melius
3361 4506 3454 4548 ea-

1877 4581 1998 4636 dem
2024 4582 2319 4646 convertit,
2349 4597 2455 4635 non
2493 4590 2552 4635 ut
2581 4579 2649 4634 ab
2675 4581 2775 4646 eis,
2800 4580 2941 4650 quod
2970 4581 3118 4646 fecit,
3149 4591 3327 4648 eruat,
3357 4584 3452 4638 sed

1877 4677 1938 4723 ut
1965 4670 2062 4733 eis,
2089 4671 2230 4739 quod
2259 4671 2456 4726 addere
2479 4671 2680 4736 voluit,
2713 4671 2948 4741 adjiciat.

1949 4762 2015 4818 V.
2057 4763 2314 4833 Exemplo
2354 4765 2425 4819 sit
2467 4778 2662 4832 corpus
2701 4765 2938 4819 hominis
2979 4775 3106 4820 ante
3147 4777 3451 4835 peccatum,

1879 4857 2022 4927 quod
2059 4866 2177 4910 erat
2215 4858 2445 4926 primum
2489 4855 2738 4921 animale,
2780 4857 2972 4912 deinde
3012 4856 3251 4913 futurum
3297 4861 3454 4930 spiri-

1883 4947 2024 5001 tuale
2077 4946 2270 5000 merito
2316 4946 2680 5010 obedientiae,
2726 4945 2868 5000 nulla
2911 4947 3227 5017 interposita
3254 4958 3454 5006 morte.

1875 5035 1984 5092 Cur
2007 5036 2236 5105 primum
2277 5034 2544 5090 animale?
2579 5034 2658 5088 An
2687 5035 2814 5104 quia
2851 5036 3026 5090 adhuc
3054 5036 3272 5102 deerat,
3306 5040 3451 5108 quod

1873 5128 1922 5182 ei
1952 5135 2170 5198 propter
2203 5127 2471 5197 praecepti
2497 5127 2795 5182 custodiam
2826 5128 2999 5183 fuerat
3027 5129 3360 5194 addendum,
3396 5129 3450 5184 id

264 5201 354 5260 Ill.
390 5202 623 5264 Proinde
645 5206 788 5261 Deus
815 5206 1056 5262 omnium
1085 5208 1262 5280 opifex
1300 5211 1476 5281 primo
1503 5217 1771 5272 univcrsi-
1875 5225 1959 5272 est
1989 5217 2287 5288 spirituale,
2317 5231 2382 5271 ac
2419 5231 2515 5288 per
2537 5218 2638 5272 hoc
2663 5232 2729 5274 ex
2755 5233 2842 5284 eo,
2873 5219 3014 5288 quod
3043 5219 3242 5288 aliquid
3264 5234 3293 5272 a
3321 5233 3448 5288 pcr-

1465 5327 1718 5382 VARIAE
1757 5328 2156 5384 LECTIONES.

267 5407 557 5484 '_Sic‘cod.
629 5412 1006 5484 'multociens,
1060 5413 1382 5484 sicnhique.
1458 5415 1632 5471 'Cod.
1682 5419 2000 5472 accedentia.
2079 5419 2217 5473 "Sic
2241 5417 2362 5474 cod.
2441 5418 2579 5474 “Sic
2635 5419 2789 5479 ch.,
2852 5418 2921 5471 M.
2955 5419 3222 5474 rationali.
3299 5419 3444 5477 “Sic

197 5479 546 5558 coda-Mam
576 5483 1044 5558 considerandum.
1123 5485 1255 5558 'Sic
1278 5479 1519 5548 cod.,M.
1573 5489 1638 5540 ad
1685 5503 1857 5558 marg.
1896 5490 2101 5556 adscr.,
2137 5491 2271 5548 forte
2316 5491 2670 5554 institutione;
2714 5491 2805 5544 sed
2848 5487 3066 5554 frustra,
3117 5505 3242 5544 nam
3283 5489 3442 5546 lectio

196 5551 559 5604 substitutione
595 5561 649 5604 et
689 5552 790 5607 hoc
833 5553 951 5607 loco
1017 5564 1074 5608 et
1116 5555 1278 5624 paulo
1317 5565 1439 5626 post
1481 5558 1758 5612 retinenda
1806 5551 1906 5612 cst.

1675 5647 1925 5704 NOTAE.

265 5741 292 5768 ι
332 5728 616 5798 Augustin.
649 5727 686 5781 Ι.
714 5728 752 5781 ι.
778 5729 842 5794 Π,
873 5729 942 5786 20
968 5731 1144 5786 initio.

593 5823 868 5886 Parnon.
913 5824 1175 5889 CXXII.

1976 5738 2002 5778 δ
2042 5737 2324 5811 Augustin.
2359 5740 2593 5810 Confess.
2625 5738 2764 5806 XIII,
2801 5741 2880 5793 II.

2891 5831 2964 5892 13
3129 5889 3133 5892 .
