4028 6280
622 528 727 584 587

2014 522 2294 581 JOANNIS
2335 526 2530 583 SCOTI

3765 530 3841 587 588

612 645 855 699 ductione
882 650 1107 695 naturae
1148 639 1336 702 defuit,
1384 647 1501 693 erat
1545 639 1798 704 animale,
1828 655 1891 694 ex
1918 655 1982 695 eo
2004 682 2017 709 ,
2064 645 2205 710 quod
2233 653 2279 706 Λ
2312 654 2510 699 motum
2537 645 2653 699 ﬁeri
2689 645 2812 715 quis
2852 644 3099 700 dubitare
3123 645 3373 701 audeat?
3398 642 3631 700 Proinde
3654 647 3759 717 quia
3794 652 3840 704 de

570 735 591 759 ⁶
621 735 755 793 nihil
781 734 829 788 ei
875 734 1104 796 deesset,
1133 731 1370 785 futurum
1406 730 1705 800 Spirituale.
1741 729 1876 786 Hinc
1917 732 2076 786 datur
2120 733 2199 785 in—

624 825 807 895 telligi,
841 824 1068 894 primam
1097 821 1333 877 hominis
1362 821 1691 876 voluntatem
1722 823 1946 876 liberam
1983 832 2202 877 natura-

620 916 745 973 liter
771 917 935 971 fuisse
959 922 1217 976 creatam,
1251 912 1335 967 cui
1367 922 1543 967 tamen
1586 913 1785 981 aliquid
1815 913 2123 977 adderetur,
2154 914 2199 967 si

626 1016 970 1081 praeceptum
993 1005 1086 1061 Dei
1114 1018 1333 1060 servare
1364 1003 1635 1069 vellet,ut,
1665 1004 1803 1059 sicut
1827 1003 2057 1058 animale
2083 1019 2204 1058 cor-

623 1117 726 1172 pus
753 1101 927 1171 potuit
955 1097 1113 1162 mori,
1141 1097 1263 1166 quia
1292 1096 1467 1151 adhuc
1498 1111 1602 1150 non
1632 1105 1746 1149 erat
1778 1096 2094 1165 perlectum,
2130 1096 2202 1149 ita

630 1193 876 1249 voluntas
905 1191 1069 1246 libera
1097 1189 1271 1244 adlmc
1296 1187 1543 1242 animalis
1597 1186 1810 1251 merito,
1846 1188 1971 1256 quia
2002 1197 2203 1241 morta-

612 1287 708 1348 ‘lis,
739 1286 909 1356 potuit
935 1282 1447 1355 peccare,quoniam
1462 1281 1639 1336 adhuc
1668 1297 1773 1335 non
1801 1290 1916 1336 erat
1946 1281 2202 1352 perfecta,

624 1391 764 1445 quae
794 1374 977 1443 utique
1004 1371 1263 1444 perfectio
1304 1370 1568 1426 libertatis
1596 1381 1718 1439 post
1760 1371 1995 1425 mandati
2027 1380 2206 1425 custo-

611 1469 767 1524 diam
805 1466 1134 1536 impleretur,
1166 1464 1293 1519 dum
1320 1479 1381 1519 ea
1414 1462 1677 1534 peccandi
1705 1462 1953 1517 voluntas
1993 1462 2206 1532 penitus

625 1560 946 1623 auferretur,
989 1558 1162 1627 qualis
1204 1556 1311 1612 erit
1353 1554 1443 1611 illa
1487 1554 1692 1619 futura,
1740 1570 1900 1623 quam
1948 1554 2207 1609 Dominus

618 1661 808 1707 noster
825 1648 980 1706 Jesus
999 1648 1246 1705 Christus
1270 1646 1494 1701 daturus
1513 1656 1596 1700 est
1618 1644 1966 1714 diligentibus
1992 1660 2071 1701 se.
2099 1644 2205 1700 Sed

626 1750 682 1798 ut
708 1743 840 1798 haec
864 1743 999 1797 ratio
1024 1742 1326 1804 roboretur,
1348 1748 1667 1810 argumento
1693 1747 1908 1792 utamur
1930 1737 2040 1803 illo,
2064 1738 2208 1807 quod

624 1832 857 1888 sumitur
881 1848 913 1887 a
945 1830 1139 1888 minori
1170 1831 1236 1885 ad
1276 1828 1471 1899 majus.
1503 1828 1559 1884 Si
1599 1828 1914 1883 naturaliter
1944 1827 2207 1884 habemus

627 1923 852 1980 liberum
896 1938 1112 1993 sensum
1139 1923 1195 1977 in
1221 1922 1391 1977 oculis
1423 1922 1594 1975 nostri
1624 1920 1889 1990 corporis,
1935 1929 1992 1974 ut
2019 1936 2205 1975 eorum

624 2014 827 2069 lumine
857 2021 1075 2069 utamur
1099 2012 1165 2067 ad
1193 2011 1420 2066 videnda
1453 2012 1676 2066 honesta
1704 2025 1799 2065 seu
1830 2010 2004 2080 turpia
2033 2028 2047 2065 :
2079 2010 2207 2080 quid

625 2105 820 2159 mirum
841 2144 856 2169 ,
883 2104 928 2159 si
960 2102 1098 2158 Deus
1125 2101 1285 2157 talem
1326 2101 1379 2154 in
1407 2100 1625 2154 homine
1651 2099 1980 2154 voluntatem
2010 2099 2210 2154 substi.

625 2196 840 2260 tuisset,
866 2210 1006 2265 quae
1034 2209 1130 2247 sua
1155 2190 1383 2247 naturali
1414 2190 1665 2245 libertate
1695 2198 1939 2244 uteretur
1962 2191 2208 2255 honeste,

628 2289 673 2343 si
704 2302 809 2342 non
836 2293 1106 2357 peccaret,
1131 2292 1224 2337 aut
1246 2282 1495 2351 turpiter,
1523 2281 1568 2336 si
1597 2280 1882 2350 peccaret?
1905 2279 2057 2347 Quod
2080 2295 2209 2351 ergo

628 2376 809 2447 agitur
851 2374 1168 2429 naturaliter
1199 2374 1253 2427 in
1293 2386 1523 2443 corpore
1565 2379 1774 2433 nostro,
1805 2386 1905 2425 cur
1946 2371 1999 2425 in
2029 2372 2208 2426 anima

629 2476 814 2523 nostra
844 2480 948 2520 non
984 2473 1255 2535 ageretur,
1276 2465 1592 2534 praesertim
1622 2447 1790 2535 {cum}
1822 2464 1859 2527 ¹,
1889 2461 1981 2517 ubi
2008 2471 2093 2519 est
2118 2479 2207 2517 ra-

632 2556 986 2619 tionabilitas,
1020 2554 1093 2609 ibi
1125 2553 1434 2609 necessario
1461 2553 1564 2607 erit
1594 2553 1854 2608 libertas?
1893 2553 1988 2608 Est
2028 2561 2208 2607 autem

630 2641 967 2697 rationabilis
1023 2639 1448 2695 substantialiter
1502 2638 1752 2694 voluntas
1807 2640 2060 2695 humana.
2113 2639 2210 2694 Est

630 2732 799 2807 igitur
826 2731 1253 2787 substantialiter
1281 2730 1474 2786 libera.

710 2826 793 2882 Vl.
824 2826 971 2894 Quae
993 2840 1113 2879 cum
1137 2824 1211 2878 ita
1239 2824 1369 2888 sint,
1402 2822 1714 2892 diligentius
1738 2819 2209 2885 considerandum,

631 2919 758 2988 quid
808 2926 893 2972 est
940 2916 1166 2969 liberum
1200 2914 1525 2970 arbitrium?
1573 2911 1725 2979 Quod
1755 2911 1939 2981 procul
1968 2910 2130 2965 dubio
2180 2926 2209 2963 a

632 3012 743 3067 Deo
768 3019 852 3067 cst
874 3012 1139 3065 humanae
1168 3017 1393 3063 naturae
1417 3022 1732 3064 concessum
1759 3008 1797 3057 ’.
1827 3006 2039 3062 Eisdem
2067 3007 2210 3060 enim

629 3101 811 3154 verbis
853 3108 908 3154 et
949 3097 1323 3153 substantiam
1352 3096 1609 3160 hominis,
1655 3104 1710 3150 et
1750 3097 1947 3149 donum
1979 3095 2212 3150 solemus

630 3191 933 3253 enuntiare,
962 3190 1117 3244 itaut
1152 3187 1372 3242 dubium
1399 3187 1490 3252 sit,
1521 3186 1647 3256 quid
1672 3186 1726 3239 in
1746 3184 1829 3240 eis
1854 3193 2048 3240 natura
2077 3184 2204 3239 insi-

633 3292 786 3347 nuet,
812 3281 939 3351 quid
970 3281 1187 3335 donum.
1219 3278 1355 3345 Quid
1403 3278 1546 3331 enim
1591 3275 1738 3329 aliud
1775 3276 2058 3341 sentimus,
2112 3291 2210 3328 au-

632 3376 843 3429 dientes
886 3372 1109 3425 liberum
1169 3368 1457 3424 voluntatis
1505 3366 1827 3431 arbitrium,
1859 3366 1961 3421 nisi
2007 3365 2211 3421 liberae

634 3465 928 3522 voluntatis
950 3473 1175 3527 motum,
1192 3477 1331 3531 quae
1355 3460 1532 3514 omnia
1548 3469 1795 3514 naturam
1827 3460 2093 3513 humanae
2122 3474 2214 3512 vo-

636 3558 861 3613 luntatis
894 3555 1225 3626 exprimunt.
1261 3554 1350 3607 Est
1376 3552 1518 3607 extim
1545 3552 1794 3606 voluntas
1817 3550 2010 3614 libera,
2044 3550 2211 3603 ratio-

636 3648 794 3712 nalis,
831 3645 1123 3701 mutabilis.
1178 3644 1259 3696 An
1304 3640 1462 3705 forte,
1512 3641 1557 3696 si
1602 3639 1877 3694 mutabilis
1919 3647 2020 3699 est,
2069 3638 2212 3708 quod

634 3740 857 3793 omnino
905 3735 1201 3797 fatendum,
1253 3733 1297 3787 si
1347 3731 1492 3786 solus
1536 3730 1679 3784 Deus
1712 3729 2061 3783 immutabilis
2093 3742 2215 3781 esse

640 3829 940 3885 rectissime
960 3826 1216 3890 creditur,
1237 3823 1431 3894 quaeri.
1447 3831 1642 3892 potest,
1659 3820 1799 3874 unde
1813 3819 2084 3874 mutabilis
2097 3830 2171 3871 est
2189 3818 2213 3871 ?

635 3920 716 3975 Ad
747 3918 887 3989 quod
911 3915 1186 3971 verissime
1208 3913 1583 3983 respondetur,
1607 3911 1749 3965 unde
1770 3919 1855 3964 eSt
1872 3909 2058 3973 libera,
2091 3910 2214 3962 inde

637 4007 925 4063 tnumbilis.
953 4004 1050 4060 Est
1076 4011 1257 4059 autem
1285 4017 1347 4059 ex
1379 4012 1571 4057 natura
1609 4001 1796 4056 libera.
1825 4000 1923 4055 Est
1947 4000 2108 4071 igitur
2145 4015 2215 4055 ex

634 4108 830 4153 natura
862 4095 1152 4151 mutabilis.

712 4188 816 4245 VII.
850 4185 1050 4241 Deinde
1084 4185 1384 4255 quaeritur,
1420 4182 1559 4237 unde
1588 4180 1867 4236 movetur?
1910 4179 2006 4235 Cui
2038 4179 2216 4233 reddi-

636 4291 725 4336 tur
767 4298 779 4334 :
831 4295 861 4332 a
891 4294 950 4334 se
981 4278 1113 4347 ipsa,
1147 4276 1269 4347 quia
1300 4275 1467 4330 libera
1493 4283 1596 4327 est.
1625 4272 1812 4327 Potest
1833 4270 2081 4326 aliunde?
2108 4270 2212 4323 Po-

639 4379 767 4435 test,
823 4369 948 4440 quia
998 4384 1060 4421 ea
1111 4365 1283 4433 maior
1310 4364 1602 4432 meliorque
1629 4362 1875 4417 voluntas
1918 4371 2021 4424 est,
2057 4378 2162 4431 qua
2194 4362 2214 4392 ³

639 4464 842 4515 moveri
876 4468 1066 4530 potest.
1100 4457 1248 4524 Quae
1277 4466 1359 4511 est
1387 4455 1514 4509 illa?
1549 4454 1664 4510 Non
1694 4454 1817 4518 alia,
1867 4454 1970 4508 nisi
2005 4470 2213 4507 summa

638 4552 946 4619 divinaque,
995 4563 1133 4617 quae
1177 4561 1298 4600 eam
1345 4544 1549 4600 creavit
1608 4554 1664 4599 et
1717 4552 1913 4598 movet.
1962 4541 2218 4597 Potestne

642 4641 846 4698 moveri
895 4656 922 4693 a
972 4639 1108 4708 pari,
1148 4645 1240 4691 aut
1292 4635 1484 4690 minori
1518 4634 1573 4688 ⁸2
1606 4634 1719 4689 Non
1752 4642 1946 4704 potest.
1984 4634 2042 4689 Si
2071 4635 2215 4688 enim

636 4747 817 4792 omne,
847 4729 988 4799 quoi
1035 4736 1233 4791 movet,
1289 4726 1405 4796 plus
1433 4735 1535 4788 est,
1584 4741 1745 4794 quam
1776 4725 1917 4795 quod
1948 4733 2214 4788 movetur,

637 4821 941 4878 necessario
958 4818 1156 4889 majora
1183 4816 1513 4872 tniuoribus'
1547 4818 1748 4870 moveri
1778 4831 1882 4870 non
1901 4815 2104 4869 sinunt.
2131 4814 2215 4869 Si-

639 4912 750 4967 mili
776 4910 982 4966 ratione
1009 4908 1158 4978 paria
1195 4923 1299 4961 non
1336 4914 1561 4977 possunt
1592 4906 1742 4976 paria
1785 4920 2033 4970 movere;
2079 4904 2214 4959 alio-

637 5005 767 5074 quin
797 5018 902 5056 non
946 5008 1105 5056 erunt
1131 4998 1277 5069 paria
1306 4998 1644 5053 moventibus
1673 5006 1851 5061 mota;
1893 5012 1957 5051 ac
1985 5010 2082 5066 per
2115 4996 2218 5051 boc

643 5095 849 5151 tortiori
897 5092 920 5125 ⁸
951 5108 1010 5147 se
1058 5106 1223 5146 causa
1266 5101 1550 5145 moventur
1596 5089 1765 5158 paria.
1824 5087 2010 5142 Restat
2039 5087 2214 5158 plane,

639 5190 928 5242 humanam
971 5183 1300 5240 voluntatem
1328 5190 1420 5235 aut
1470 5197 1499 5234 a
1539 5198 1597 5235 se
1626 5182 1740 5251 ipsa
1776 5180 2003 5245 moveri,
2030 5188 2123 5233 aut
2149 5180 2218 5235 ab

638 5297 723 5342 ea,
741 5292 880 5347 quae
907 5291 1027 5331 eam
1056 5273 1310 5329 condidit.
1342 5271 1505 5339 Quid,
1529 5288 1651 5327 cum
1671 5288 1700 5324 a
1729 5285 1786 5326 se
1808 5271 1919 5340 ipsa
1951 5280 2215 5349 movetur,

638 5376 884 5439 potestne
927 5376 982 5422 et
1039 5373 1183 5421 recte
1235 5372 1290 5418 et
1322 5377 1577 5433 perverse
1601 5362 1620 5391 ⁷
1651 5360 1890 5415 moveri?
1921 5350 2218 5439 Utrumque

639 5434 837 5529 potest,
870 5470 930 5515 ut
957 5458 1102 5523 velit,
1133 5455 1258 5526 quia
1290 5455 1527 5527 liberum
1573 5452 1741 5521 habet
1779 5462 2015 5519 motum.
2036 5434 2216 5519 Quid,

637 5555 685 5609 si
727 5553 795 5608 ab
820 5568 885 5608 ea
904 5558 1203 5613 moveatur,
1251 5562 1391 5617 quae
1437 5561 1557 5601 eam
1585 5543 1821 5610 creavit,
1860 5544 1984 5599 inde
2012 5555 2219 5599 rectum

2303 735 2537 790 hominis
2563 735 2838 791 voluntate
2860 745 2985 791 ante
3013 745 3303 805 peccatum
3359 736 3659 805 quaeritur,
3696 754 3842 793 cance-

2302 824 2533 878 dendum
2555 832 2658 889 est,
2688 811 2832 878 motu
2880 839 2978 880 suo
3004 826 3223 899 preprio
3252 827 3507 894 potuisse
3536 834 3590 879 et
3627 827 3686 881 ad
3713 826 3836 882 Deum

2302 929 2457 970 suum
2478 915 2615 971 velle
2640 916 2905 981 converti,
2936 931 3002 971 ne
3026 926 3304 987 peccaret,
3334 925 3393 972 et
3431 918 3501 971 ab
3526 932 3591 971 eo
3617 920 3779 983 averti,
3800 931 3839 973 at

2302 1017 2584 1075 peccaret;
2636 1024 2665 1061 a
2694 1009 2957 1078 superiori
2988 1017 3165 1064 autem
3209 1024 3411 1070 causa,
3431 1010 3630 1064 moveri
3661 1019 3838 1079 tantum,

2306 1110 2371 1149 ne
2398 1096 2555 1149 vellet
2577 1111 2821 1166 peccare.
2852 1097 2908 1152 Si
2934 1112 3082 1169 ergo,
3108 1107 3168 1152 ut
3188 1099 3515 1168 praedictae
3530 1100 3734 1155 rationis
3755 1101 3841 1155 edo-

2304 1194 2391 1239 cet
2416 1187 2777 1258 investigatio,
2810 1188 3080 1243 humanae
3102 1190 3456 1246 substantiae
3485 1198 3655 1246 motus
3674 1202 3840 1248 natura-

2304 1276 2390 1341 lis,
2428 1294 2535 1348 quo
2563 1277 2810 1334 videlicet
2830 1268 2913 1334 ad
2936 1281 3102 1334 Deum
3130 1297 3293 1336 suum
3345 1284 3755 1354 cognoscendum
3784 1285 3840 1338 di-

2304 1370 2685 1442 ligendamque
2728 1372 2906 1441 primo
2959 1383 3417 1440 converteretur,
3470 1376 3657 1431 deinde
3699 1379 3753 1431 ad
3799 1391 3839 1431 se

2308 1463 2503 1532 ipsam,
2536 1462 2731 1531 duplici
2781 1478 2943 1519 causa
2977 1463 3112 1519 edici
3162 1480 3494 1536 persuasum
3539 1476 3635 1531 cst,
3665 1484 3837 1538 quarum

2307 1567 2414 1605 una
2430 1554 2697 1624 superior,
2714 1569 2851 1622 quae
2868 1563 3180 1609 naturarum
3202 1558 3521 1612 communis
3540 1569 3619 1613 est
3636 1560 3835 1623 omnium,

2308 1641 2477 1697 altera
2510 1657 2635 1698 vera
2680 1644 2924 1710 inferior,
2952 1659 3092 1714 quae
3123 1646 3176 1700 in
3229 1648 3355 1717 ipsa
3382 1648 3613 1702 humana
3649 1650 3838 1703 substan-

2308 1732 2383 1786 tia
2414 1741 2498 1789 est
2517 1734 2808 1789 constituta
2836 1753 2849 1789 :
2885 1735 3013 1806 quid
3039 1751 3137 1791 nos
3158 1737 3444 1807 prohibet,
3468 1752 3651 1792 omnes
3669 1737 3691 1770 ⁸
3711 1747 3837 1791 rectos

2309 1834 2487 1878 motus
2537 1824 2702 1878 animi
2754 1827 2924 1880 nostri
2977 1827 3245 1882 conditori
3301 1836 3496 1883 nostro
3545 1828 3743 1891 referre,
3773 1829 3833 1896 qui

2308 1926 2511 1967 cumse
2538 1912 2713 1982 ipsum
2760 1923 2976 1969 moveat
3012 1915 3129 1971 sine
3155 1926 3409 1985 tempore
3450 1927 3507 1972 et
3537 1916 3668 1981 loco,
3706 1927 3835 1969 movet

2240 1998 2283 2057 Β
2310 2003 2584 2058 conditum
2638 2012 2879 2059 nostrum
2910 2005 3157 2075 spiritum
3200 2022 3302 2078 per
3356 2015 3567 2078 tempus
3598 2008 3700 2063 sine
3733 2009 3831 2069 loco,

2312 2104 2491 2149 movet
2519 2110 2744 2166 corpora
2768 2106 2951 2152 nostra
2976 2113 3074 2168 per
3101 2107 3322 2172 tempus
3356 2110 3414 2155 et
3449 2101 3638 2156 locum.
3662 2098 3834 2156 Nostrae

2310 2201 2526 2258 quoque
2562 2200 2789 2244 naturae
2832 2191 3063 2246 inseruit
3109 2208 3355 2260 causam,
3396 2210 3503 2265 qua
3546 2196 3832 2264 nosmetipsos

2310 2278 2817 2346 possemusmovere
2840 2281 3029 2348 libere,
3084 2284 3511 2350 rationabiliter,
3556 2282 3833 2339 voluntaric’

2310 2371 2377 2423 ad
2424 2385 2524 2436 ea,
2559 2388 2699 2442 quae
2740 2375 2895 2453 nobis
2939 2376 3212 2444 sequenda
3255 2375 3498 2442 fuerant,
3540 2376 3827 2447 assequcnda.

2311 2466 2409 2534 Qui
2435 2476 2612 2522 motus
2638 2469 2833 2523 merito
2857 2478 3080 2524 vocatur
3112 2468 3347 2525 liberum
3374 2470 3650 2525 arbitrium
3672 2477 3831 2523 nostrae

2311 2556 2619 2621 voluntatis,
2646 2558 2901 2627 quoniam
2942 2559 3195 2628 potestati
3226 2569 3451 2616 nostrae
3480 2560 3724 2629 subjectus
3754 2564 3823 2610 est.

2310 2645 2598 2702 Posscmus
2618 2648 2817 2718 quippe
2844 2664 2941 2719 pro
2964 2658 3150 2704 nostro
3171 2647 3388 2718 judicio
3412 2657 3571 2709 recto,
3586 2663 3726 2703 cursu
3743 2659 3828 2700 eum

2311 2736 2562 2807 dirigere,
2587 2752 2872 2807 possemus
2896 2739 3171 2793 cohibere.
3208 2738 3364 2795 Unde
3391 2739 3554 2810 igitur
3580 2737 3828 2791 haberemus

2313 2825 2473 2879 talem
2498 2837 2701 2880 motum
2750 2816 3025 2897 talemque
3052 2829 3373 2896 potentiam,
3430 2827 3532 2882 nisi
3572 2842 3599 2879 a
3637 2825 3743 2886 Deo,
3766 2820 3828 2889 qui

2312 2913 2467 2968 nobis
2491 2913 2714 2984 largitus
2739 2917 2935 2969 esthoc
2951 2917 3246 2986 proprium,
3268 2918 3420 2987 quod
3441 2923 3579 2971 esset
3602 2922 3652 2969 et
3674 2920 3831 2965 nostum

2312 3010 2538 3057 naturae
2562 3017 2666 3056 non
2690 3002 2972 3057 minimum
3005 3005 3228 3069 bonum,
3255 3015 3319 3061 et
3341 3003 3607 3061 Creatoris
3630 2998 3830 3054 laudabile

2313 3092 2548 3147 donum?
2597 3080 2697 3149 Cui
2748 3094 3008 3151 debemus
3048 3095 3354 3154 inelfabiles
3406 3097 3601 3168 gratias
3648 3090 3828 3147 reddere.

2313 3200 2419 3240 non
2449 3184 2622 3239 solum
2664 3185 2808 3255 quod
2852 3194 3100 3241 naturam
3138 3197 3364 3243 nostrae
3407 3187 3594 3242 mentis
3636 3178 3827 3238 bonitatis

2313 3290 2443 3331 suae
2481 3276 2635 3345 copia
2667 3275 2969 3331 condiderit
2995 3277 3335 3344 rationalem,
3364 3278 3602 3338 liberam,
3639 3273 3827 3327 volunta-

2239 3350 2282 3411 C
2315 3367 2469 3449 riam,
2498 3366 2769 3431 mobilem,
2789 3368 2881 3421 sed
2896 3366 3037 3437 quod
3062 3369 3217 3424 nobis
3239 3368 3645 3441 largitatissuae
3664 3370 3826 3416 tnuaere

2312 3458 2602 3521 concessit,
2630 3460 2848 3528 proprio
2878 3467 3062 3514 nostro
3090 3469 3223 3515 nutu
3252 3459 3660 3520 rationabiliter,
3685 3453 3824 3506 libere.

2314 3547 2613 3602 voluntarie
2661 3562 2818 3618 posse
2858 3563 2956 3602 nos
2987 3563 3225 3604 movere.
3266 3548 3374 3616 Qui
3420 3559 3587 3603 motus
3614 3535 3824 3598 nullianr

2313 3636 2552 3702 malium,
2581 3648 2795 3706 praeter
2824 3637 3117 3704 hominem,
3144 3654 3448 3695 concessus
3472 3638 3513 3669 ¹⁰
3535 3645 3630 3690 cst.
3656 3632 3702 3686 Si
3723 3625 3822 3681 enim

2313 3727 2676 3796 praecipimur
2689 3743 2807 3781 eam
2838 3726 3057 3782 laudare
3079 3729 3478 3799 pulchritudine
3499 3728 3538 3758 “
3558 3726 3821 3781 naturarum.

2314 3832 2451 3884 quas
2500 3818 2616 3872 sine
2668 3818 2977 3873 rationabili
3034 3821 3330 3877 voluntatis
3375 3821 3611 3876 libertate
3656 3803 3822 3867 creatil.

2313 3917 2517 3978 quanto
2544 3911 2716 3980 magis
2738 3912 2807 3965 de
2838 3921 3020 3966 nostra
3066 3912 3391 3979 substantia,
3439 3911 3522 3967 cui
3565 3907 3658 3962 tale
3681 3909 3821 3955 manus

2313 4002 2553 4066 donavit,
2586 4010 2644 4056 ut
2668 4018 2767 4057 suo
2797 4004 3015 4073 proprio
3045 4013 3190 4059 motu
3220 4004 3487 4059 conditori
3516 4014 3604 4055 suo
3624 3994 3819 4050 adimere

2316 4102 2420 4156 ret,
2450 4094 2729 4163 ipsumque
2752 4103 2952 4147 motum
2975 4096 3228 4151 cohibere
3250 4104 3451 4167 posset,
3477 4095 3518 4148 si
3542 4089 3695 4144 vellet,
3718 4074 3822 4133 ηοειῦ

2314 4200 2380 4237 eo
2413 4186 2718 4239 recederet!
2756 4185 2855 4252 Qui
2886 4186 3103 4255 quidem
3146 4197 3347 4254 motus,
3386 4186 3430 4242 si
3462 4186 3511 4239 in
3539 4176 3722 4252 propria
3743 4172 3815 4221 Ιιτιο

2316 4292 2507 4331 manae
2538 4266 2825 4332 voluntatis
2876 4286 3140 4349 potestate
3203 4295 3307 4333 non
3363 4282 3531 4341 tieret,
3573 4271 3677 4342 quis
3720 4266 3822 4349 recte

2316 4366 2497 4421 vivere
2531 4376 2735 4437 posset,
2758 4368 2880 4437 quis
2909 4369 3101 4424 deinde
3124 4381 3522 4441 peccaret,eum
3546 4364 3605 4418 ad
3637 4360 3744 4414 bene
3766 4347 3817 4441 τίς

2315 4454 2544 4509 vendunt
2561 4470 2590 4508 a
2610 4456 2719 4511 Deo
2730 4457 2886 4512 datus
2897 4458 2987 4524 sit,
3004 4458 3313 4515 nullomodo
3329 4461 3395 4514 ad
3417 4457 3549 4512 male
3571 4435 3816 4533 vivendo":

2390 4545 2519 4599 Vlll.
2564 4545 2698 4602 llinc
2743 4557 2990 4602 sanctum
3032 4550 3318 4606 audiamus
3354 4524 3815 4620 AugustinumztSi

2320 4638 2482 4692 homo
2506 4638 2720 4708 aliquod
2766 4640 2962 4694 bonum
2985 4650 3149 4705 esset,
3180 4652 3366 4696 etnon
3407 4646 3596 4709 posset,
3624 4627 3707 4683 nisi
3733 4630 3816 4674 cum

2246 4703 2296 4761 υ
2327 4727 2504 4792 vellet,
2533 4703 2679 4782 recte
2708 4726 2910 4794 facere,
2955 4703 3141 4784 debuit
3181 4731 3379 4785 habere
3405 4703 3612 4782 liberam
3637 4712 3815 4769 volunta-

2322 4808 2455 4883 tem,
2488 4819 2605 4873 sine
2645 4835 2749 4888 qua
2797 4829 2942 4875 recte
2982 4820 3292 4877 facerenon
3320 4828 3515 4893 posset.
3560 4811 3659 4867 Non
3696 4798 3813 4893 ἐηῖιηι

2319 4909 2444 4979 quia
2498 4925 2595 4978 per
2642 4909 2787 4964 illam
2835 4912 2995 4965 etiam
3032 4891 3402 4980 peccaturpad
3432 4912 3525 4963 hoc
3559 4913 3661 4957 eam
3696 4891 3813 4944 001""

2322 5000 2534 5054 dedisse
2561 5000 2886 5055 credendum
2917 5012 3017 5056 est.
3058 5001 3204 5056 Satis
3248 5017 3377 5071 ergo
3412 5008 3596 5056 causae
3633 4991 3715 5043 es"
3749 4982 3816 5025 (υτ

2321 5094 2436 5148 dari
2462 5096 2729 5158 debuerit,
2751 5097 3004 5164 quoniam
3031 5097 3146 5151 sine
3170 5097 3256 5150 illa
3287 5098 3442 5151 homo
3467 5098 3598 5145 recte
3618 5092 3702 5135 non

2320 5193 2403 5239 set
2428 5186 2630 5240 vivere.
2667 5187 2746 5240 Ad
2780 5188 2882 5241 hoc
2921 5197 3102 5241 autem
3150 5188 3329 5241 datam
3379 5184 3459 5239 vel
3512 5177 3622 5234 hinc
3648 5157 3810 5250 lmen?"

2320 5284 2515 5345 potest,
2543 5277 2692 5345 quia,
2716 5278 2761 5331 si
2790 5277 2911 5345 quis
2932 5292 2994 5331 ea
3019 5292 3148 5331 usus
3170 5276 3329 5333 fuerit
3349 5276 3413 5330 ad
3435 5261 3735 5343 peccandum,

2320 5342 2521 5420 vinitus
2552 5342 2604 5420 in
2631 5382 2755 5422 eum
2784 5342 3125 5431 vindicatur,-
3154 5367 3298 5436 quod
3324 5380 3426 5421 non
3445 5363 3577 5432 juste
3614 5345 3751 5402 ﬁeret.
3773 5342 3807 5436 ξι

2321 5470 2429 5509 non
2454 5445 2647 5516 solum,
2680 5464 2740 5510 ut
2766 5466 2912 5511 recte
2943 5457 3231 5522 viveretur,
3268 5456 3360 5511 sed
3385 5454 3556 5510 etiam,
3576 5448 3628 5494 ul

2322 5554 2495 5611 τθιιιτν
2526 5545 2691 5600 libera
2741 5556 2885 5602 esset
2935 5546 3186 5602 voluntas
3219 5519 3375 5603 data.
3429 5525 3672 5609 Quomodo
3702 5519 3803 5570 clm“

1917 5655 2172 5711 VARIAE
2208 5657 2606 5713 LECTIONES.

714 5758 730 5788 ¹
772 5771 889 5810 cum
929 5769 1036 5809 om.
1075 5751 1218 5811 co;l.,
1265 5750 1386 5803 add.
1425 5756 1489 5801 ex
1520 5747 1659 5814 conj.
1738 5748 1758 5777 '
1793 5738 2255 5819 Cotl._concesunt.
2330 5747 2356 5819 ξ
2396 5746 2486 5819 Sic
2513 5749 2659 5807 cod.,
2716 5748 2781 5801 Μ.
2816 5766 2968 5819 quae.
3056 5750 3077 5781 ‘
3117 5746 3205 5805 Sic
3229 5751 3366 5809 θοή..
3405 5744 3613 5800 M.auttt
3640 5740 3666 5778 η

1569 5819 1589 5849 ⁸
1630 5819 1717 5870 Sic
1742 5818 1886 5876 cod,
1914 5816 1982 5869 Μ.
2013 5815 2247 5884 fortiore.

1624 5890 1662 5919 “
1707 5888 1963 5947 Sieeml.,
1992 5889 2057 5939 Μ.
2087 5887 2304 5939 laudare
2491 5888 2498 5897 '
2542 5890 2547 5895 ί

643 5828 665 5861 ⁸
705 5827 796 5881 Sic
840 5825 985 5888 eod.,
1015 5821 1083 5876 Μ.
1117 5824 1155 5873 ιιι
1176 5820 1492 5873 minoribus.

712 5896 983 5947 ’μηθἰινὶηε,
1064 5893 1103 5923 ιο
1123 5893 1253 5946 Cod.
1278 5906 1543 5942 ronccsns.

3666 5706 3797 5771 timui.

2396 5778 2486 5809 ιςῖῑμ
2513 5778 2659 5807 ιῑυη.,
2716 5778 2781 5801 ΠΙ.
2816 5778 2968 5819 ιμυηῖ.
3065 5778 3071 5781 ⁷
3117 5778 3205 5805 ι)ΙΕ
3229 5778 3366 5809 BINL.
3405 5778 3467 5800 tu.
3488 5778 3568 5791 ειη*
3588 5778 3610 5783 "
3668 5791 3684 5819 '

2327 5817 2345 5847 ⁷
2384 5818 2498 5897 (lml
2539 5834 2824 5897 perversae.
2906 5823 2925 5853 ⁸
2964 5820 3055 5875 Sic
3078 5823 3221 5883 co.l.,
3262 5821 3327 5873 Μ.
3352 5832 3395 5872 et
3425 5820 3605 5867 omnes.
3765 5812 3795 5828 δ’
