4028 6280
214 384 336 471 asa

1323 407 1525 464 LIBER
1564 407 1652 464 DE
1689 370 2420 467 PRAEDESTINATIONE.‘

3393 408 3500 464 590

206 534 370 604 iuste
399 529 762 586 vindicaretur
814 528 867 585 in
917 544 1064 593 eum,
1112 530 1204 600 qui
1230 529 1298 586 ad
1336 530 1482 586 hanc
1523 544 1637 585 rem
1680 542 1809 583 usus
1840 533 1884 589 Λ
1918 528 2057 583 trina
2087 529 2334 585 sit—est
2356 528 2522 596 enim,
2546 536 2600 586 et
2614 527 2746 595 vult,
2773 537 2827 585 et
2849 529 3036 585 scit—
3058 530 3132 584 ita
3160 539 3215 586 et
3241 528 3371 586 illud
3402 532 3499 587 tri-

210 631 376 678 esset
408 620 700 687 voluntate,
725 621 793 674 ad
827 636 987 691 quam
1022 635 1135 676 rem
1181 620 1304 675 data
1349 619 1467 675 est?
1496 619 1651 676 Nunc
1680 633 1810 674 vero

210 715 374 770 Deus
402 728 524 768 cum
551 721 864 783 peccantem
892 711 1066 782 punit,
1115 711 1245 782 quid
1283 709 1428 766 aliud
1459 711 1554 767 tibi
1597 710 1809 767 videtur

212 796 433 869 dicere,
461 801 589 866 nisi,
611 817 709 857 cur
737 816 843 856 non
876 801 944 855 ad
972 815 1092 856 eam
1122 816 1238 855 rem
1264 816 1396 856 usus
1417 816 1477 856 es
1510 801 1678 856 libera
1712 815 1806 855 vo-

213 889 457 958 luntate,
486 890 555 946 ad
588 905 748 960 quam
779 888 874 945 tibi
903 904 1025 944 eam
1068 889 1214 956 dedi,
1263 889 1368 947 hoc
1406 897 1513 957 est,
1548 889 1616 944 ad
1661 897 1808 946 recte

216 980 571 1037 faciendum?
604 979 807 1036 Deinde
831 978 961 1034 illud
1010 979 1235 1047 bonum,
1258 994 1367 1050 quo
1396 980 1808 1047 commendatur

214 1074 341 1145 ipsa
359 1072 572 1144 justitia
598 1071 652 1126 in
676 1071 997 1127 damnandis
1036 1072 1297 1142 peccatis,
1346 1078 1601 1142 recteque
1653 1070 1809 1127 factis

211 1162 582 1228 honorandis,
610 1161 878 1231 quomodo
911 1170 1076 1228 esset,
1127 1161 1174 1217 si
1212 1162 1374 1218 homo
1400 1170 1613 1219 careret
1637 1162 1808 1219 libero

211 1253 521 1310 voluntatis
564 1251 827 1307 arbitrio?
861 1249 980 1306 Non
1031 1250 1179 1308 enim
1206 1260 1302 1307 aut
1329 1260 1611 1322 peccatum
1638 1261 1805 1318 esset,

210 1355 318 1400 aut
336 1352 486 1400 recte
517 1345 739 1409 laetum,
769 1341 913 1412 quod
941 1357 1049 1397 non
1077 1341 1234 1398 ﬁeret
1267 1342 1575 1409 voluntate;
1607 1356 1670 1398 ac
1712 1357 1841 1415 per.

210 1434 329 1490 hoc
348 1443 405 1490 et
430 1449 602 1504 poena
629 1430 827 1502 injusta
856 1439 1023 1496 esset,
1045 1439 1099 1487 et
1116 1432 1440 1502 praemium,
1461 1431 1509 1488 si
1531 1432 1691 1488 homo
1715 1447 1808 1488 vo-

210 1524 485 1580 luntatem
514 1513 738 1581 liberam
782 1538 887 1578 non
917 1522 1162 1577 haberet.
1196 1522 1391 1578 Debuit
1438 1522 1456 1553 ¹
1483 1530 1539 1579 et
1594 1521 1649 1577 in
1683 1537 1808 1592 sup-

212 1616 385 1687 plicio
407 1622 464 1671 et
480 1615 534 1670 in
558 1613 801 1686 praemio
830 1628 951 1668 esse
970 1611 1208 1682 justitia,
1231 1611 1486 1682 quoniam
1512 1611 1617 1667 hoc
1641 1628 1805 1666 unum

208 1716 305 1763 est
330 1706 617 1772 bonorum,
648 1719 787 1776 quae
808 1712 934 1760 sunt
961 1718 1028 1759 ex
1055 1702 1190 1758 Deo.
1240 1702 1435 1758 Debuit
1462 1702 1626 1773 igitur
1664 1701 1808 1758 Deus

207 1797 357 1853 dare
385 1797 591 1853 homini
615 1794 842 1851 liberam
866 1794 1199 1851 voluntatem
1216 1806 1243 1835 ι
1272 1812 1317 1847 ι.
1334 1788 1605 1864 ln'quibus
1629 1793 1809 1850 verbis

1913 632 2041 675 num
2065 617 2179 685 fiat,
2209 618 2365 685 liber,
2415 628 2612 686 motus,
2638 619 2945 691 intelligens
2976 638 2990 675 :
3036 629 3251 677 constat
3295 630 3495 688 tamen,

1910 715 2191 775 peccatum
2219 724 2400 776 omne,
2417 724 2726 781 poenasque
2753 710 2960 779 peccati
2982 725 3238 781 perverso
3259 713 3376 784 ejus
3398 728 3501 770 usu

1910 794 2174 866 originem
2205 797 2445 865 duxisse,
2474 805 2529 855 et
2554 798 2607 853 in
2654 798 2805 871 omni
2836 809 3123 869 peccatore
3151 802 3216 855 ad
3248 802 3389 859 male
3416 803 3500 859 vi-

1909 886 2143 941 vendum
2170 886 2371 958 vigere.

2437 1044 2837 1101 CAPITULUM
2869 1045 2958 1100 IX.

1908 1173 1987 1231 De
2020 1193 2081 1249 eo
2116 1178 2257 1249 quod
2295 1194 2398 1232 non
2422 1179 2648 1248 proprie,
2680 1178 3175 1249 seditemporalium
3206 1194 3381 1235 rerum
3416 1182 3492 1236 si-

1979 1246 2275 1322 militudine
2294 1246 2750 1319 praedicanturde
2776 1248 2880 1302 Deo
2902 1246 3247 1319 praescientia
3271 1259 3320 1305 et
3340 1267 3499 1322 prae-

1980 1317 2288 1373 destinatio.

1979 1426 2018 1480 l.
2040 1427 2160 1482 Jam
2174 1443 2314 1484 nunc
2330 1437 2509 1485 textus
2521 1429 2833 1500 principalis
2844 1430 3178 1501 quaestionis
3191 1431 3383 1502 exigit,
3400 1445 3500 1486 nos

1909 1520 2272 1585 considerare,
2300 1530 2481 1576 utrum
2507 1522 2744 1593 pr0prie,
2767 1536 2839 1576 an
2866 1522 3089 1578 abusive
3125 1522 3180 1578 in
3208 1524 3379 1578 sacris
3409 1523 3501 1578 lit-

1911 1608 2041 1663 teris
2074 1616 2129 1663 et
2159 1618 2382 1665 sanctae
2404 1609 2738 1681 Scripturac,
2765 1618 2821 1666 et
2838 1618 3149 1667 sanctorum
3174 1609 3396 1667 Patrum
3418 1612 3501 1668 di-

1909 1709 2065 1755 catur
2080 1700 2221 1757 Deus
2234 1702 2555 1771 praescisse,
2572 1686 2654 1757 vel
2668 1703 3120 1774 praedestinasse,
3146 1704 3261 1761 sive
3280 1719 3498 1761 omnem

1908 1792 2342 1861 universitatem,
2380 1807 2541 1864 quam
2595 1793 2712 1865 ipse
2759 1794 3000 1849 condidit
3044 1794 3495 1862 substantialiter,

210 1889 483 1945 debemus
529 1888 828 1954 intendere,
859 1902 929 1943 ne
958 1886 1081 1959 quis
1110 1885 1470 1942 substantiam
1514 1884 1808 1942 confundat
1838 1883 1883 1944 Β
1910 1884 2025 1941 sive
2053 1884 2312 1955 quidquid
2356 1885 2843 1942 administrationis
2869 1883 3087 1942 divinae
3124 1886 3499 1957 temporaliter

206 1991 274 2038 et
296 1990 527 2049 motum,
559 1982 783 2037 audiens
808 1979 1035 2037 liberam
1062 1979 1418 2043 voluntatem,
1449 1993 1592 2049 quae
1619 1980 1807 2050 procul

209 2069 385 2127 dubio
414 2068 787 2127 substantialis
832 2077 937 2125 est.
984 2068 1063 2124 Eo
1107 2068 1292 2138 itaque
1334 2067 1620 2124 locutionis
1649 2070 1808 2125 modo

206 2169 445 2218 sanctus
471 2170 630 2233 pater
657 2161 990 2230 Augustinus
1021 2175 1154 2216 usus
1188 2168 1294 2227 est,
1322 2159 1548 2214 dicendo
1581 2159 1806 2216 liberam

204 2255 550 2311 voluntatem
579 2269 679 2325 pro
715 2268 802 2321 eo,
832 2253 977 2325 quod
1021 2260 1105 2308 est
1136 2251 1342 2309 liberae
1371 2250 1661 2309 voluntatis
1696 2268 1809 2310 mo-

215 2359 364 2417 tum,
386 2350 502 2405 sive
529 2347 837 2415 arbitrium,
867 2361 974 2418 quo
1003 2345 1237 2402 solemus
1262 2345 1362 2415 uti,
1400 2346 1527 2401 dum
1555 2361 1654 2416 per
1679 2361 1807 2402 cau-

207 2459 310 2501 sas
330 2441 714 2500 substantiales
750 2454 940 2496 earum
982 2437 1351 2510 signiﬁcamus
1391 2436 1636 2493 eﬂ‘ectus.
1668 2436 1809 2494 Hinc

206 2544 303 2593 est
331 2550 498 2592 verae
525 2533 751 2590 rationis
771 2533 1052 2599 circuitus,
1069 2546 1168 2603 pro
1190 2544 1349 2587 verae
1379 2529 1809 2587 ratiocinationis

206 2627 457 2682 circuitu
473 2656 543 2666 —
562 2640 691 2681 vera
729 2623 996 2694 siquidem
1026 2622 1165 2677 ratio
1198 2620 1624 2677 substantialiter
1642 2629 1726 2676 est
1752 2621 1806 2676 in

210 2716 465 2783 homine,
483 2713 637 2784 cujus
657 2723 836 2770 motus
860 2712 1475 2769 ratiocinatio—manus
1502 2727 1601 2784 pro
1619 2727 1804 2785 opere,

207 2820 316 2877 pes
358 2820 458 2876 pro
508 2804 804 2871 ambulato,
847 2804 1026 2876 lingua
1054 2817 1155 2874 pro
1193 2802 1396 2869 verbis,
1427 2809 1714 2873 ceteraque
1754 2802 1807 2858 id

208 2913 413 2970 genus.

287 2983 385 3044 IX.
434 2987 547 3045 Hoc
587 3003 737 3060 ergo,
772 2988 873 3045 nisi
898 2986 1074 3055 fallor,
1104 2986 1348 3058 prolixae
1378 2986 1807 3043 ratiocinationis

211 3080 431 3136 ambitu
459 3078 764 3137 confectum
809 3086 918 3147 est,
950 3094 1146 3135 causas
1190 3078 1433 3134 omnium
1464 3086 1610 3134 recte
1638 3077 1806 3134 facto-

211 3188 366 3240 rum,
394 3172 591 3244 quibus
633 3172 702 3228 ad
727 3186 980 3228 coronam
1017 3169 1199 3240 iustae
1225 3169 1574 3226 beatitudinis
1606 3184 1801 3240 perve-

1908 1984 2129 2045 apparet
2157 1975 2211 2031 in
2237 1975 2348 2043 illa,
2379 1975 2434 2031 in
2478 1976 2563 2032 his
2587 1975 2859 2042 videlicet,
2892 1991 3033 2046 quae
3059 1979 3173 2047 ipse
3208 1974 3358 2044 facit,
3387 1992 3497 2032 non

1908 2082 2048 2136 quae
2077 2065 2196 2124 ﬁeri
2216 2067 2364 2125 sinit.
2397 2066 2499 2123 Ubi
2528 2067 2703 2139 primo
2732 2066 3047 2135 notandum,
3077 2069 3335 2139 quoniam
3360 2066 3499 2123 nihil

1908 2156 2068 2227 digne
2095 2156 2162 2212 de
2191 2158 2301 2213 Deo
2331 2156 2550 2224 dicitur,
2586 2155 2768 2213 omnia
2800 2171 2973 2227 paene
3001 2157 3022 2189 ³
3052 2158 3165 2212 sive
3189 2157 3493 2223 nominum,

1909 2244 2022 2301 sive
2042 2246 2354 2313 verborum,
2404 2246 2744 2317 aliarumque
2786 2246 3050 2322 orationis
3078 2249 3312 2318 partium
3342 2248 3497 2319 signa

1907 2322 2127 2405 proprie
2154 2335 2222 2391 de
2249 2336 2362 2391 Deo
2384 2337 2489 2392 diei
2514 2352 2621 2392 non
2648 2351 2824 2408 posse.
2858 2336 3139 2406 Quomodo
3167 2336 3314 2394 enim
3345 2337 3499 2409 signa

1908 2425 2205 2494 sensibilia,
2253 2426 2308 2482 id
2354 2434 2457 2494 est,
2506 2428 2824 2498 corporibus
2852 2428 3202 2484 adhaerentia
3232 2439 3501 2484 remotam

1908 2518 2054 2574 illam
2099 2520 2246 2576 omni
2285 2536 2448 2577 sensu
2491 2536 2754 2592 corporeo
2800 2529 3049 2577 naturam
3111 2522 3180 2577 ad
3232 2520 3499 2595 liquidum

1909 2608 2215 2681 signiﬁcare
2264 2621 2500 2681 possent,
2542 2626 2681 2682 quae
2738 2612 2829 2666 vix
2882 2610 3266 2684 purgatissima
3317 2621 3503 2667 mente

1908 2703 2231 2773 attingitur,
2289 2718 2505 2758 onmem
2558 2702 2947 2759 transcendens
2995 2702 3364 2758 intellectum?
3405 2701 3501 2759 Eis

1909 2806 2088 2849 tamen
2142 2794 2315 2849 utitur
2365 2796 2633 2850 humanae
2681 2793 3111 2850 ratiocinationis
3156 2803 3276 2865 post
3310 2808 3502 2866 pecca-

1910 2891 2022 2937 tum
2075 2883 2235 2954 primi
2265 2883 2498 2939 hominis
2546 2882 2816 2939 laboriosa
2857 2892 3091 2952 egestas,
3142 2891 3202 2937 ut
3242 2883 3501 2953 quodam-

1909 2972 2068 3027 modo
2091 2972 2344 3026 credatur
2370 2981 2424 3025 et
2450 2972 2708 3026 innuatur
2749 2971 2972 3043 cepiosa
3003 2971 3300 3027 conditoris
3330 2973 3499 3029 subli-

1910 3064 2093 3119 mitas.
2139 3063 2382 3134 Amplius
2424 3064 2471 3119 si
2519 3063 2699 3119 omnia
2759 3077 2952 3119 vocum
2993 3063 3149 3135 signa
3201 3065 3498 3121 secundum

1908 3169 2159 3214 naturam
2216 3173 2324 3213 non
2384 3167 2530 3224 sunt,
2590 3158 2684 3212 sed
2728 3173 2797 3213 ex
2850 3157 3174 3229 complacito
3214 3158 3497 3213 hominum

213 3265 393 3332 nitur,
410 3235 484 3319 in
503 3263 675 3320 libero
705 3263 973 3319 humanae
988 3260 1279 3317 voluntatis
1299 3260 1548 3327 arbitrio,
1576 3276 1803 3332 praepa—
1831 3235 1876 3296 (ἶ
1910 3251 2147 3316 inventa,
2172 3250 2302 3321 quid
2331 3250 2555 3318 mirum,
2586 3249 2632 3304 si
2663 3265 2767 3304 non
2796 3248 2863 3305 ad
2885 3248 3029 3304 illam
3058 3258 3329 3316 naturam,
3358 3263 3500 3319 quae

212 3366 379 3412 rante
434 3356 631 3427 ipsum,
672 3356 881 3426 ipsique
931 3364 1261 3425 cooperante
1305 3352 1543 3423 gratuito
1593 3352 1808 3408 divinae

211 3449 432 3521 gratiae
455 3446 842 3518 multiplicique
864 3446 1029 3513 dono,
1054 3445 1376 3502 constitutas
1397 3459 1550 3511 esse;
1579 3442 1806 3499 malefa-

213 3550 435 3595 ctorum
458 3553 607 3605 vero,
647 3538 919 3608 quibusin
948 3537 1325 3594 contumeliam
1347 3534 1527 3606 justae
1554 3537 1807 3593 miseriae

213 3633 422 3697 ruitur,
443 3630 499 3687 in
530 3645 786 3702 perverso
816 3639 962 3687 motu
991 3629 1146 3686 liberi
1174 3629 1387 3686 arbitrii
1413 3628 1674 3685 Suadente
1694 3629 1808 3685 dia-

214 3720 347 3776 bolo
372 3721 724 3791 principalem
752 3721 989 3776 radicem
1014 3733 1137 3775 esse
1176 3719 1359 3774 lixam.
1406 3717 1620 3786 Quanta
1644 3719 1809 3791 igitur

215 3810 497 3865 dementia
521 3818 831 3876 esteorum,
882 3809 974 3880 qui
1018 3809 1205 3865 talium
1235 3824 1428 3865 causas
1468 3809 1808 3866 inevitabiles

213 3902 601 3974 coactivasque
627 3901 978 3959 necessitates
1011 3902 1065 3956 in
1096 3901 1591 3973 praedestinatione
1627 3902 1808 3957 divina

218 3993 514 4050 falsissime
562 3993 791 4066 lingunt,
828 3993 1293 4065 impudentissime
1344 3994 1657 4060 adstruunt,
1708 4007 1806 4063 po-

216 4096 449 4151 stremo,
481 4088 624 4156 quod
654 4087 808 4144 valde
835 4087 1152 4154 dolendum,
1187 4102 1247 4144 se
1290 4087 1436 4158 ipsos
1465 4088 1807 4142 consentien-

218 4186 414 4247 tesque
433 4176 536 4233 sibi
566 4177 631 4233 ad
646 4186 937 4248 perpetuac
964 4177 1157 4233 mortis
1182 4177 1461 4233 interitum
1490 4178 1685 4232 merito
1716 4193 1805 4231 er-

218 4269 367 4323 roris
387 4266 680 4322 detrudunt
698 4268 711 4321 l
729 4266 853 4323 Sive
876 4267 1058 4339 itaque
1089 4267 1213 4323 talis
1233 4265 1535 4322 dili‘erentia
1562 4267 1807 4323 invenia:

219 4371 311 4414 tur
334 4358 478 4414 inter
494 4356 722 4415 liberum
743 4359 1027 4413 arbitrium
1048 4357 1284 4414 hominis
1321 4366 1375 4414 et
1417 4357 1536 4427 ejus
1559 4360 1807 4414 substan-

218 4451 377 4517 tiam,
425 4450 500 4504 ita
533 4457 592 4505 ut
630 4458 821 4506 natura
859 4449 912 4505 in
941 4449 1215 4506 voluntate
1256 4451 1528 4517 rationali,
1577 4451 1806 4506 liberum

215 4557 357 4598 vero
369 4543 651 4599 arbitrium
680 4543 733 4598 in
753 4542 868 4613 ejus
890 4543 962 4598 sit
982 4541 1229 4598 libertate
1244 4543 1597 4597 constitutum
1616 4542 1663 4607 1-,
1692 4542 1806 4597 sive

1909 3342 2022 3398 sola
2050 3356 2177 3397 vere
2207 3341 2404 3397 dicitur
2431 3356 2572 3407 esse,
2610 3339 2882 3395 sulliciant
2905 3340 3351 3410 exprimendam?

1975 3432 2039 3488 ll.
2086 3433 2316 3490 Proinde
2336 3432 2612 3503 signorum
2639 3430 2956 3497 verbalium,
2985 3430 3182 3500 quibus
3226 3431 3497 3486 humanae

1909 3523 2205 3581 locutionis
2260 3523 2648 3580 consuetudine
2706 3521 2773 3577 ad
2831 3520 3247 3593 signiﬁcandum
3320 3518 3497 3593 ipsum

1909 3616 2077 3671 Deum
2108 3623 2202 3669 aut
2227 3614 2342 3686 ejus
2369 3613 2894 3669 administrationem
2951 3612 3004 3666 in
3056 3612 3309 3668 universa
3347 3628 3500 3668 crea-

1911 3716 2030 3762 tura
2085 3708 2254 3763 utitur
2301 3705 2488 3761 divina
2533 3705 2879 3774 humanaque
2914 3703 3203 3770 industria,
3231 3705 3499 3773 quaedam

1909 3807 2037 3853 sunt
2085 3798 2243 3869 quasi
2284 3797 2527 3868 propria,
2560 3811 2791 3867 quorum
2829 3794 3075 3865 exempla
3128 3782 3261 3852 sunt.
3293 3795 3346 3851 in
3379 3811 3500 3850 ver-

1910 3888 1994 3943 bis
2023 3890 2240 3958 quidem
2272 3902 2411 3954 sum,
2442 3902 2518 3950 es,
2565 3897 2702 3951 erat,
2734 3901 2876 3953 esse,
2928 3885 2980 3940 in
3030 3886 3340 3941 nominibus
3370 3900 3501 3945 veto

1908 3981 2165 4047 essentia,
2198 3979 2418 4045 veritas,
2445 3979 2636 4043 virtus,
2670 3976 2955 4046 sapientia,
2988 3978 3233 4041 scientia,
3260 3977 3504 4033 destina-

1911 4074 1986 4126 tio
2023 4081 2311 4142 ceteraque
2359 4068 2693 4138 hujusmodi,
2723 4082 2863 4140 quae
2892 4069 3149 4140 quoniam
3199 4069 3255 4124 in
3300 4078 3497 4125 natura

1911 4173 2092 4220 nostra
2125 4162 2385 4234 quidquid
2429 4162 2666 4234 primum
2712 4161 3084 4231 optimumque
3140 4162 3229 4226 sit,
3282 4160 3498 4232 signiti-

1910 4265 2056 4323 cant,
2083 4256 2134 4312 id
2160 4264 2245 4312 est
2285 4255 2458 4325 ipsam
2490 4252 2870 4318 substantiam,
2904 4263 2957 4306 et
2982 4250 3099 4321 ejus
3130 4250 3354 4322 optima,
3381 4252 3501 4308 sine

1907 4349 2104 4420 quibus
2150 4345 2470 4403 immortalis
2533 4360 2654 4401 esse
2709 4358 2814 4399 non
2865 4352 3063 4415 potest,
3110 4344 3410 4399 accidentia
3452 4342 3497 4411 ",

1908 4456 2016 4495 non
2040 4440 2271 4496 absurde
2302 4438 2610 4494 referuntur
2647 4437 2715 4492 ad
2763 4452 2928 4491 unum
2956 4436 3328 4506 optimumque
3349 4435 3498 4507 prin-

1909 4532 2109 4600 cipium
2148 4530 2389 4585 omnimn
2420 4529 2688 4585 bonorum
2716 4527 2861 4598 quod
2890 4536 2973 4583 est
3005 4528 3180 4594 Deus;
3229 4528 3498 4599 quaedam

219 4633 276 4687 in
292 4642 444 4688 motu
469 4632 672 4689 liberae
691 4592 1011 4687 naturaliter
1032 4630 1342 4697 voluntatis,
1365 4631 1480 4688 sive
1498 4630 1551 4685 in
1581 4644 1805 4687 munere
1835 4592 1884 4650 Β
1917 4638 2044 4677 VCI‘O
2072 4621 2269 4688 aliena.
2300 4622 2405 4678 1100
2442 4628 2526 4677 θεοί
2564 4618 2845 4686 ῑνίιηδὶδιίι,
2876 4634 3015 4689 quae
3058 4618 3233 4674 “ibus
3281 4618 3499 4673 Sedibus

217 4723 630 4795 intelligentiae,
666 4724 811 4793 quod
853 4722 1105 4777 omnibus
1131 4722 1183 4775 in
1223 4736 1508 4778 commune
1546 4722 1803 4776 donatum

216 4825 330 4883 est,
359 4818 497 4882 sive,
527 4825 588 4872 ut
634 4814 966 4887 probabilius
1009 4814 1349 4880 aestimatur,
1403 4813 1537 4869 haec
1592 4813 1697 4867 tria
1751 4813 1803 4866 in

216 4921 390 4961 unum
414 4905 662 4970 collecta,
680 4904 731 4959 id
746 4911 848 4970 est,
872 4903 1040 4958 Iiber’
1061 4910 1241 4957 motus
1263 4900 1648 4973 intelligentiae
1674 4901 1803 4957 libe-

216 5010 342 5050 rum
366 4993 650 5049 arbitrium
678 4994 818 5046 inter
839 5007 897 5047 se
922 4998 1271 5059 componunt,
1319 4982 1380 5045 ea
1416 4990 1669 5045 videlicet
1714 5006 1802 5043 ra-

215 5085 397 5155 tione,
418 5092 497 5150 ut,
528 5083 980 5156 quemadmodum
1001 5080 1303 5137 substantia
1333 5081 1470 5152 ipsa,
1496 5082 1548 5135 in
1580 5090 1803 5151 quaest,

1916 4715 2104 4770 venire
2134 4713 2340 4778 solent,
2381 4728 2410 4765 a
2441 4710 2795 4766 similitudine
2840 4709 3107 4774 videlicet,
3136 4724 3166 4763 a
3197 4708 3496 4770 contrario,

1913 4820 1943 4859 a
1981 4803 2305 4861 differentia.
2330 4803 2544 4859 Primae
2566 4802 2710 4857 sedis
2739 4801 2983 4870 exempla
3014 4807 3139 4855 sunt
3173 4818 3184 4853 :
3210 4799 3501 4854 Brachium

1911 4902 2144 4965 Domini,
2172 4899 2256 4954 cui
2284 4897 2566 4952 revelatum
2595 4906 2668 4951 est
2702 4897 2795 4961 I"3;
2824 4895 2952 4949 item
2983 4914 2996 4948 :
3030 4893 3222 4948 Manus
3260 4903 3381 4949 tuae
3421 4894 3501 4962 fc-

1912 5000 2091 5047 cerunt
2119 4988 2277 5053 med;
2309 4986 2594 5042 similiter:
2621 4984 2775 5039 Oculi
2802 4983 3014 5038 Domini
3037 5000 3194 5054 super
3222 4982 3417 5053 justas,
3447 4992 3496 5035 et

1914 5098 2066 5136 aures
2083 5079 2197 5149 ejus
2218 5080 2270 5131 in
2293 5092 2466 5147 preces
2487 5090 2667 5130 eorum
2687 5085 2732 5128 θ.
2749 5073 2900 5141 Quae
2914 5075 3109 5129 merito
3122 5071 3293 5126 aliena
3307 5071 3495 5126 dicun-

1534 5200 1617 5255 VA
1629 5201 1785 5256 ltIAE
1825 5195 2222 5254 LECTIONES.

292 5316 311 5350 ⁸
335 5315 432 5371 Sic
454 5318 599 5379 codl,
634 5315 703 5371 Μ.
725 5315 902 5370 debuit
933 5324 1106 5369 autem
1135 5322 1190 5369 et
1214 5318 1347 5369 etc.‘
1399 5314 1419 5344 ²
1443 5313 1535 5368 Sic
1554 5312 1701 5378 cod.,
1730 5313 1798 5367 M.
1829 5312 1979 5377 liber,
2004 5320 2177 5374 notus,
2199 5305 2562 5377 intelligentia.
2640 5306 2660 5337 ³
2699 5304 2832 5361 Cod.
2859 5319 3039 5374 poene.
3118 5303 3140 5333 ⁸
3160 5299 3341 5366 Corn,
3368 5298 3494 5355 cod.

213 5395 275 5444 et
295 5384 370 5441 Μ.
398 5387 719 5442 accedentia.
796 5386 817 5417 ⁸
845 5386 935 5441 Sic
964 5386 1111 5452 cod.,
1142 5396 1216 5439 est
1247 5399 1356 5439 om.
1384 5383 1455 5437 M.

1764 5490 2012 5547 NOTAE.

546 5552 559 5561 ς

290 5628 318 5656 ι
366 5615 654 5675 Augustin.
694 5615 758 5668 de
779 5613 939 5669 libero
959 5612 1126 5666 Arbit.
1154 5610 1218 5675 ll,
1249 5611 1301 5664 l.

290 5630 318 5656 ι
366 5630 450 5669 Att
489 5630 654 5669 usun.
694 5630 758 5668 ae
779 5630 1126 5669 ttoeroarou.
1154 5630 1218 5675 tl,
1249 5630 1301 5664 ι.

290 5686 320 5725 b
379 5630 529 5741 Tafis
551 5684 854 5740 dill'erentia
884 5684 1061 5737 minus
1097 5697 1223 5736 vera
1255 5694 1377 5735 esse
1406 5680 1640 5736 videtur.
1667 5677 1803 5732 Nam

217 5753 475 5811 voluntas
504 5754 785 5809 rationalis
806 5768 994 5822 reapse
1034 5752 1204 5807 libera
1245 5761 1349 5816 est,
1398 5749 1651 5822 liberum_
1674 5763 1801 5822 vero

202 5824 509 5879 rarbitrium
537 5824 669 5881 nihil
700 5825 848 5880 aliud
876 5819 978 5879 nisi
1007 5823 1127 5881 boni
1159 5820 1605 5889 maliveellgendi
1628 5819 1797 5873 facul-

1917 5615 2019 5661 tas.
2057 5605 2138 5660 Cf.
2184 5605 2439 5661 Prudent.

1989 5688 2008 5714 ε
2058 5676 2179 5729 Isai.
2211 5675 2341 5738 Llll,
2374 5676 2424 5727 l.

1986 5747 2010 5786 ἀ
2053 5745 2171 5799 .lult.
2206 5746 2274 5807 Χ,
2305 5746 2358 5800 8.
2436 5756 2452 5769 '

1987 5832 2008 5856 υ
2050 5815 2247 5872 l’salm.
2284 5814 2452 5881 XXX,
2486 5814 2570 5867 16.
