4028 6280
538 357 639 415 $91

1920 349 2198 407 JOANNIS
2233 349 2431 408 SCOTI

3681 356 3786 416 ΞΩ

540 482 649 535 tur,
675 483 794 524 cum
819 465 995 520 divina
1020 463 1320 518 substantia
1345 461 1539 518 talibus
1562 462 1923 533 corporalium
1949 477 2114 515 mem-
2147 467 2190 524 Α
2218 454 2533 516 Maledictus
2574 464 2742 518 omnis
2787 464 2878 535 qui
2923 466 3159 537 pependit
3205 467 3260 523 in
3302 466 3444 539 ligno
3464 466 3518 521 ἀ.
3565 465 3676 524 Hoc
3719 469 3786 525 de

540 562 761 616 brorum
806 555 1115 611 omnimodo
1157 560 1340 608 careat
1366 552 1724 607 lineamentis.
1754 551 2115 607 Similitudine

542 660 720 705 tamen
743 646 973 717 quadam
1000 646 1065 699 de
1085 658 1149 697 ea
1172 657 1278 697 non
1305 642 1596 713 incongrue
1625 642 2021 711 praedicantur.
2057 642 2114 696 lu

536 739 777 801 brachiis
814 737 1013 807 quippe
1068 734 1210 789 vires
1252 747 1562 803 corporum,
1600 732 1652 787 in
1698 732 1945 787 manibus
1990 747 2118 801 ope-

541 832 826 893 rationem,
881 828 937 882 in
990 825 1161 881 oculis
1216 824 1423 889 visum,
1476 824 1717 879 auditum
1778 824 1834 878 in
1898 824 2118 880 auribus

543 933 797 991 tanquam
820 919 874 974 in
895 917 1114 973 sedibus
1142 914 1254 971 suis
1276 923 1470 969 natura
1497 913 1714 969 locavit.
1729 913 1915 983 Itaque
1936 913 2116 968 divina

540 1014 716 1068 virtus
755 1019 811 1066 et
852 1009 1117 1079 operatio,
1150 1006 1290 1063 visio
1337 1020 1552 1075 quoque
1622 1006 1739 1075 ejus
1790 1014 1845 1059 et
1898 1005 2119 1076 largitas

544 1102 824 1173 aptissime
879 1098 1086 1155 sedium
1138 1095 1351 1151 illarum
1421 1095 1732 1151 nominibus
1786 1095 2112 1152 vocitantur.

545 1192 767 1247 Tertiae
794 1189 938 1246 sedis
984 1185 1229 1257 exemplo
1256 1185 1409 1252 ﬁunt,
1438 1201 1575 1255 quae
1601 1186 1669 1242 ab
1698 1186 1998 1240 animorum
2025 1202 2120 1242 no-

545 1292 779 1339 strormn
833 1276 1326 1350 perturbationibus
1381 1284 1669 1330 sumuntur
1706 1276 1774 1331 ad
1813 1276 2120 1346 signiﬁcan-

543 1373 667 1427 dam
697 1367 1185 1427 incommutabilem
1244 1367 1262 1397 ί
1308 1365 1684 1429 substantiam.
1728 1375 1788 1421 ut
1840 1376 1967 1422 sunt
2017 1368 2115 1431 ira,

543 1464 716 1527 furor,
734 1442 1045 1532 indignatio,
1071 1458 1250 1521 timor,
1269 1455 1512 1521 tristitia,
1536 1465 1847 1525 ceteraque,
1889 1471 2029 1526 quae.
2056 1457 2121 1510 de

544 1554 882 1610 dill'erentiae
912 1552 1028 1607 loco
1058 1550 1362 1615 trahuntur,
1396 1564 1625 1618 quorum
1654 1549 1797 1604 nulla
1827 1551 2120 1605 similitudo

545 1663 668 1703 cum
699 1645 877 1701 divina
901 1652 1090 1698 natura
1113 1642 1403 1707 invenitur,
1432 1641 1525 1696 sed
1551 1640 1661 1697 sola
1694 1642 2018 1697 necessitate
2048 1642 2121 1697 si-

544 1734 904 1809 gnificationis
915 1731 1182 1789 remotissi
1190 1746 1278 1787 mo
1298 1730 1571 1787 abusionis
1584 1732 1740 1787 modo
1753 1730 1924 1786 solent
1944 1740 2120 1787 traus~

544 1827 697 1883 ferri.

615 1917 699 1973 Ill.
736 1917 959 1973 Restant
977 1932 1061 1981 ea,
1088 1931 1226 1987 quae
1249 1915 1647 1972 contrarietatis
1668 1914 1788 1972 loco
1809 1922 2114 1972 sumuntur.

543 2005 748 2075 Quibus
775 2015 921 2063 tanta
942 2008 1024 2062 vis
1048 2007 1187 2062 inest
1217 2004 1582 2076 signiﬁcandi,
1610 2014 1666 2059 ut
1693 2006 1926 2074 quodam
1957 2005 2119 2076 privi-

540 2096 684 2168 legio
711 2096 1065 2151 excellentiae
1112 2110 1242 2150 suae
1282 2095 1474 2149 merito
1507 2109 1539 2148 a
1576 2093 1798 2149 Graecis
1839 2096 2120 2166 enthyme-

540 2196 688 2240 mata
758 2186 781 2217 ³
828 2186 1112 2249 dicantur,
1164 2184 1266 2239 hoc
1308 2191 1432 2246 est,
1483 2184 1863 2253 eonceptiones
1900 2184 2115 2240 mentis.

544 2277 803 2345 Quamvis
848 2277 992 2332 enim
1038 2292 1237 2339 omne,
1271 2276 1415 2346 quod
1461 2290 1594 2330 voce
1638 2274 1933 2345 profertur,
1950 2278 2120 2346 oprius

542 2376 726 2422 mente
755 2367 1091 2437 concipiatur
1114 2407 1129 2431 ,
1172 2381 1277 2422 non
1332 2373 1509 2420 tamen
1553 2380 1736 2432 omne,
1762 2367 1909 2436 quod
1940 2376 2120 2422 mente

543 2457 866 2526 concipitur,
896 2456 1122 2511 eandem
1174 2456 1281 2510 vim
1336 2454 1765 2526 signiﬁcationis,
1793 2456 1919 2512 dum
1956 2457 2121 2511 sensi-

542 2545 646 2601 bus
676 2543 888 2601 fervore
914 2544 935 2576 ⁸
958 2542 1280 2609 infunditur,
1306 2543 1507 2599 habere
1555 2544 1786 2599 videtur.
1823 2542 2121 2616 Sicutergo

546 2644 984 2707 argumentorum
1013 2633 1253 2689 omnium
1288 2632 1645 2689 fortissimum
1673 2641 1758 2689 est
1798 2633 1946 2701 illud,
1978 2635 2121 2704 quod

546 2727 778 2782 sumitur
798 2741 828 2781 a
850 2725 1143 2791 contrario,
1168 2724 1241 2779 ita
1270 2723 1510 2779 omnium
1542 2723 1824 2793 signorum
1851 2724 2120 2779 vocalium

544 2816 883 2888 aptissimum
905 2826 1007 2881 est,
1034 2815 1178 2886 quod
1198 2815 1413 2869 ducitur
1434 2814 1504 2869 ab
1532 2814 1719 2869 eodem
1758 2815 2119 2870 contrarieta-

545 2908 613 2963 tis
645 2908 780 2962 loco.
811 2906 1049 2975 Quorum
1088 2906 1350 2976 quaedam
1385 2905 1631 2961 absolute
1659 2905 1929 2971 dicuntur,
1958 2922 2122 2976 quae-

546 2998 668 3054 dam
698 2997 999 3067 coujunete.
1024 2996 1405 3051 Absolulorum
1435 2994 1608 3050 forma
1630 3003 1713 3050 est
1738 3013 1751 3049 :
1782 2995 2011 3050 Perdam
2035 3012 2121 3050 sa-

543 3088 793 3158 pientiam
827 3089 1143 3157 sapientum,
1169 3097 1215 3142 et
1236 3086 1567 3157 prudentiam
1588 3086 1903 3157 prudentum
1943 3104 2120 3158 repro-

546 3156 676 3233 t'abo
706 3191 752 3233 ι.
781 3156 936 3246 Quod
978 3186 1124 3234 recte
1174 3156 1488 3249 intelligitur
1533 3195 1562 3233 a
1609 3180 1921 3245 contrario,
1963 3156 2027 3236 ac
2076 3181 2121 3236 si
2150 3156 2192 3219 (ἶ

546 3280 730 3341 aperte
772 3270 975 3326 diceret
1018 3288 1031 3323 :
1078 3269 1306 3325 Perdam
1338 3270 1702 3339 insipientiam
1754 3271 2118 3340 insipientum,

548 3362 966 3432 imprudentiam
996 3361 1392 3431 imprudentum
1412 3362 1731 3432 reprobabo.
1760 3361 1912 3430 Quod
1939 3372 2125 3431 aperte

546 3453 863 3523 intelligitur
904 3467 969 3507 ex
1022 3451 1201 3507 verbis
1244 3451 1480 3522 Apostoli
1531 3453 1759 3507 dicentis
1801 3468 1815 3507 :
1850 3452 2125 3524 Sapientia

548 3543 708 3613 hujus
737 3542 919 3595 mundi
940 3540 1160 3596 stultitia
1185 3552 1258 3597 est
1287 3543 1428 3613 apud
1454 3542 1618 3597 Deum
1647 3542 1696 3596 ιι.
1730 3543 1786 3597 Si
1829 3544 1976 3597 enim
2005 3560 2124 3598 om-

552 3634 635 3686 nis
666 3631 930 3702 sapientia
952 3645 981 3684 a
1011 3630 1235 3685 Domino
1266 3632 1375 3686 Deo
1417 3640 1521 3697 est,
1553 3648 1657 3701 qua
1694 3633 1899 3688 ratione
1929 3633 2126 3687 intelli-

549 3733 708 3797 getur
743 3724 886 3778 Deus
915 3724 1214 3787 destruere,
1244 3721 1387 3792 quod
1409 3723 1478 3775 ab
1508 3737 1574 3778 eo
1608 3723 1728 3778 est?
1762 3724 1914 3791 Quod
1942 3734 2127 3777 autem

548 3815 617 3869 dc
645 3813 906 3884 sapientia
937 3812 1197 3879 creditur,
1234 3812 1298 3866 de
1327 3811 1604 3881 prudentia
1625 3812 1875 3866 similiter
1901 3815 2127 3869 creden—

549 3907 697 3961 dum.
734 3905 945 3961 Nullam
982 3906 1178 3976 quippe
1203 3906 1454 3959 virtutem
1488 3905 1541 3959 in
1581 3904 1797 3961 homine
1826 3905 1968 3962 Deus
1997 3923 2123 3977 per-

548 3998 645 4064 dit,
694 3997 848 4068 cujus
874 3998 1079 4054 formae
1106 3996 1441 4053 absolutivae
1481 3997 1785 4069 exemplum
1817 4014 1921 4054 non
1970 3998 2125 4056 facile

548 4090 616 4145 de
648 4089 757 4146 Deo
785 4089 1012 4145 inveniri
1044 4097 1236 4160 potest.

618 4179 705 4235 IV.
748 4179 856 4236 Nec
896 4181 1116 4244 mirum,
1171 4194 1290 4233 eum
1336 4179 1468 4234 nihil
1512 4179 1623 4235 Deo
1669 4180 2001 4235 contrarium
2033 4182 2123 4247 sit,

549 4268 654 4323 nisi
678 4284 781 4325 non
806 4282 948 4334 esse,
974 4269 1227 4337 quoniam
1252 4268 1365 4338 ipse
1386 4268 1531 4324 solus
1553 4278 1659 4335 est,
1685 4269 1777 4339 qui
1806 4269 1979 4324 dixit:
2014 4270 2125 4340 Ego

547 4378 664 4417 sum
685 4361 774 4433 qui
804 4377 920 4415 sum
953 4371 1000 4425 ο,
1028 4368 1204 4415 cetera
1234 4374 1381 4425 vero,
1418 4373 1557 4429 quae
1584 4360 1837 4415 dicuntur
1857 4373 1996 4425 esse,
2027 4376 2126 4416 nec

550 4452 769 4506 omnino
794 4459 940 4514 sunt,
969 4450 1093 4519 quia
1125 4463 1229 4503 non
1258 4457 1405 4513 sunt,
1438 4449 1579 4517 quod
1604 4449 1716 4519 ipse
1743 4458 1846 4515 est,
1878 4465 1977 4505 nec
2006 4465 2124 4504 om-

2214 551 2429 609 Christo
2459 555 2643 624 procul
2668 555 2831 610 dubio
2858 556 3057 611 dictum
3088 566 3189 623 est,
3220 557 3310 629 qui
3337 568 3413 613 est
3435 574 3593 629 super
3616 560 3785 615 omnia

2223 644 2517 699 benedictus
2545 645 2600 699 in
2626 646 2803 700 secula
2862 658 2908 700 ο.
2954 645 3062 702 Nos
3091 648 3261 712 enim,
3303 648 3395 718 qui
3422 648 3478 702 in
3510 648 3673 719 primi
3697 648 3789 703 ho-

2216 735 2377 791 minis
2400 745 2622 806 pcccato
2647 738 2837 792 mortis
2861 744 2914 792 et
2943 737 3218 794 servitutis
3241 738 3542 795 meruimus
3568 739 3787 794 maledi-

2216 825 2468 891 ctionem,
2504 827 2557 881 in
2601 829 2819 883 secundi
2850 830 3087 885 hominis
3108 827 3316 897 iustitia
3359 831 3504 885 vitae
3531 836 3589 886 et
3628 830 3789 885 liber-

2217 916 2345 970 tatis
2372 916 2677 988 accepimus
2702 917 3149 974 benedictionem.
3179 917 3315 973 Nam
3353 919 3497 989 quod
3540 919 3791 990 pendenti

2217 1003 2433 1061 Christo
2464 1006 2517 1060 in
2556 1022 2718 1062 cruce
2749 1005 2936 1063 Judaei
2966 1007 3380 1074 maledixernnt,
3415 1009 3539 1078 plus
3568 1010 3791 1064 benedi-

2217 1096 2411 1152 ctionis
2444 1097 2718 1163 insinuat,
2764 1114 2925 1169 quam
2970 1098 3385 1154 maledictionis.
3434 1098 3583 1155 Haec
3631 1099 3795 1171 igitur

2219 1186 2391 1242 forma
2430 1186 2718 1243 locutionis
2754 1187 2999 1244 absolute
3039 1188 3445 1245 contrarietatis
3488 1188 3612 1245 loco
3639 1190 3796 1245 dedu-

2219 1287 2301 1332 cta
2343 1288 2446 1344 est,
2487 1293 2595 1347 quo
2628 1278 2792 1333 etiam
2818 1278 3106 1348 Apostolus
3152 1280 3418 1350 sumpsit,
3467 1280 3615 1349 quod
3662 1280 3737 1333 ait
3772 1297 3792 1332 :

2220 1369 2378 1436 Eum,
2411 1370 2501 1439 qui
2529 1385 2631 1423 non
2658 1379 2865 1423 noverat
2896 1370 2918 1400 ³
2946 1379 3231 1440 peccatum,
3268 1387 3364 1440 pro
3409 1370 3559 1425 nobis
3612 1387 3797 1441 pecea-

2219 1467 2327 1511 tum
2360 1458 2480 1528 feeit
2516 1456 2560 1511 ί.
2596 1457 2726 1525 Quis
2752 1457 2893 1513 enim
2924 1459 3153 1526 dubitat,
3181 1460 3411 1515 hostiam
3434 1468 3488 1516 et
3513 1471 3799 1531 peccatum

2222 1546 2363 1601 inter
2387 1561 2448 1601 se
2468 1560 2587 1602 esse
2612 1547 2905 1611 contraria,
2939 1563 3061 1603 cum
3086 1548 3262 1603 hostia
3286 1549 3422 1604 nihil
3447 1560 3667 1620 agatur,
3692 1550 3797 1604 nisi

2220 1646 2276 1691 ut
2299 1647 2578 1707 peccatum
2609 1638 2869 1693 deleatur.
2908 1638 3157 1696 Christus
3193 1640 3370 1695 hostia
3400 1642 3675 1712 generalis
3715 1651 3802 1697 est

2219 1745 2317 1799 pro
2339 1739 2561 1798 peccato
2605 1729 2773 1784 totius
2813 1729 3018 1784 mundi.
3050 1728 3216 1787 Recte
3256 1730 3421 1803 igitur
3455 1746 3489 1786 e
3515 1732 3796 1787 contrario

2146 1811 2193 1872 B
2222 1836 2316 1892 per
2345 1831 2626 1890 peccatum
2656 1820 3012 1892 significatur.

2295 1914 2354 1969 V.
2397 1913 2599 1969 Deinde
2623 1912 2894 1983 conjuncti
2915 1914 3170 1971 contrarii
3200 1914 3804 1973 consideremusexem-

2219 2003 2326 2075 pla.
2382 2003 2531 2071 Quae
2579 2003 2797 2074 quidem
2849 2006 3135 2076 conjuncta
3179 2016 3466 2076 propterea
3523 2008 3803 2073 dicuntur,

2219 2095 2361 2166 quod
2390 2095 2599 2151 duobus
2630 2094 2761 2151 locis
2790 2096 3139 2163 conveniant,
3161 2096 3498 2153 similitudini
3527 2098 3805 2163 videlicet,

2220 2193 2381 2254 atque
2427 2185 2821 2240 contrarietati.
2860 2186 3066 2241 Partim
3114 2187 3310 2257 quippe
3354 2187 3545 2244 eadem
3579 2189 3808 2245 nomina

2219 2292 2312 2331 seu
2338 2277 2501 2331 verba
2532 2275 2904 2342 similitudine,
2932 2277 3129 2348 partim
3164 2287 3453 2333 sumuntur
3496 2281 3808 2335 contraries-

2221 2377 2351 2433 tate,
2385 2383 2612 2437 quorum
2642 2377 2923 2440 pragmata
2945 2378 3071 2424 sunt
3092 2370 3449 2440 praescientia
3488 2380 3544 2425 et
3574 2371 3810 2442 praede-

2220 2460 2461 2526 stinatio,
2499 2460 2716 2530 quando
2742 2461 2809 2515 de
2856 2460 2966 2517 Deo
3006 2463 3405 2532 praedicantur.
3454 2463 3522 2519 Et
3563 2466 3809 2535 primum

2220 2550 2435 2622 quidem
2463 2550 2938 2613 considerandum.
2970 2552 3103 2607 haec
3133 2561 3188 2608 et
3211 2551 3516 2621 huiusmodi
3567 2567 3667 2609 seu
3701 2570 3807 2608 nuo

2220 2640 2399 2706 mina,
2452 2655 2547 2695 seu
2583 2638 2750 2694 verba
2796 2640 2862 2695 de
2911 2639 3021 2695 Deo
3071 2643 3287 2712 proprie
3334 2642 3640 2711 praedicari
3694 2658 3807 2697 non

2219 2743 2398 2799 posse.
2445 2727 2561 2794 Qua
2600 2730 2745 2785 enim
2790 2729 3002 2801 ratione
3044 2728 3318 2784 diceretur
3350 2729 3492 2785 Deus
3523 2731 3810 2801 praescia:

2221 2822 2421 2892 aliquid
2451 2820 2837 2892 praescientia,
2872 2820 2955 2876 vel
2988 2823 3393 2892 praedestinare
3432 2821 3811 2893 praedestina-

2220 2912 2387 2976 tione,
2417 2912 2503 2966 cui
2550 2911 2684 2967 nihil
2721 2910 2981 2977 futurum,
3021 2911 3148 2981 quia
3192 2912 3323 2967 nihil
3351 2920 3620 2983 expectat,
3668 2912 3811 2966 nihil

2220 2999 2595 3071 praeteritum,
2626 3000 2752 3070 quia
2788 2999 2921 3055 nihil
2945 3000 2995 3055 ei
3033 3010 3287 3055 transeat.
3322 3001 3380 3055 In
3408 3001 3639 3056 eoenim
3660 3002 3813 3055 sicut

2224 3089 2367 3143 nulla
2389 3088 2629 3144 locorum
2658 3090 2828 3159 spatia
2860 3097 3005 3154 sunt,
3035 3088 3107 3143 ita
3142 3089 3283 3144 nulla
3311 3098 3610 3160 temporum
3636 3089 3811 3143 inter-

2225 3179 2381 3234 valla.
2418 3181 2496 3235 Ac
2519 3195 2614 3251 per
2636 3181 2738 3235 hoc
2761 3179 2902 3235 nulla
2926 3189 3072 3235 recta
3099 3181 3238 3235 ratio
3266 3181 3547 3250 permittit,
3579 3179 3721 3234 talia
3747 3181 3813 3234 de

2226 3271 2335 3326 Deo
2385 3268 2507 3338 jure
2565 3271 2914 3342 proprietatis
2976 3270 3223 3342 intelligi.
3275 3270 3552 3339 Quomodo
3602 3272 3812 3340 quippe

2225 3362 2579 3433 praescientia
2607 3363 2724 3433 ejus
2742 3362 2959 3428 dicitur,
2988 3362 3075 3417 cui
3102 3362 3243 3417 nulla
3260 3362 3437 3416 futura
3463 3362 3631 3416 sunt?
3656 3362 3813 3415 Sicut

2226 3454 2368 3508 enim
2401 3453 2545 3507 nulla
2586 3453 2704 3522 ejus
2742 3449 3002 3506 memoria
3044 3451 3259 3521 proprie
3286 3450 3503 3513 dicitur,
3545 3449 3637 3503 cui
3674 3447 3810 3502 nihl

2226 3552 2309 3599 est
2336 3543 2709 3614 praeteritum,
2739 3543 2809 3597 ita
2837 3540 2980 3595 nulla
3018 3542 3397 3610 praescientia,
3433 3540 3556 3610 quia
3587 3538 3805 3593 nullum

2228 3633 2487 3688 futurum.
2526 3632 2593 3687 Et
2621 3643 2797 3687 tamen
2827 3631 3062 3688 dicitur:
3097 3630 3164 3685 In
3188 3632 3438 3685 memoria
3464 3640 3681 3683 aeterna
3710 3629 3810 3681 erit

2219 3725 2399 3795 justus
2427 3726 2471 3778 ⁸.
2503 3723 2700 3779 Eodem
2731 3738 2963 3793 namque
2991 3724 3150 3777 modo
3171 3723 3310 3778 Deus
3338 3721 3486 3786 vidit,
3511 3720 3811 3790 praevidit,

2227 3816 2405 3880 scivit,
2443 3814 2734 3884 praescivit
2754 3814 2933 3870 omnia
2958 3812 3220 3878 facienda,
3249 3813 3558 3882 priusquam
3586 3809 3813 3873 ﬁerent,

2228 3927 2335 3981 quo
2364 3910 2509 3963 videt
2541 3917 2593 3964 et
2624 3910 2727 3964 scit
2767 3908 2974 3972 eadem,
3016 3916 3303 3976 postquam
3330 3905 3633 3962 factasnnt,
3666 3918 3813 3972 quo-

2228 4003 2395 4066 niam,
2424 4001 2564 4055 sicut
2589 4000 2702 4069 ipse
2727 4014 2942 4069 semper
2964 4007 3216 4053 aeternus
3237 4004 3338 4061 est,
3357 3996 3427 4049 ita
3457 3994 3811 4057 universitas,

2226 4106 2385 4161 quam
2414 4088 2563 4155 fecit,
2593 4103 2808 4159 semper
2838 4088 2893 4142 in
2923 4087 3043 4157 ipso
3071 4095 3292 4142 aeterna
3326 4093 3426 4141 est.

2301 4180 2385 4237 Vl.
2423 4179 2500 4235 De
2525 4178 3014 4250 praedestinatione
3045 4191 3258 4247 quoque
3285 4174 3400 4245 ejus
3441 4174 3626 4231 eadem
3676 4187 3813 4227 sen-

2230 4270 2408 4326 tienda
2447 4278 2594 4336 sunt,
2644 4269 2958 4339 praesertim
3003 4283 3124 4323 cum
3167 4267 3344 4322 omnis
3387 4264 3814 4336 praedestinatio

2228 4359 2583 4429 praescientia
2610 4345 2700 4414 sit.
2733 4358 2849 4425 Quo
2870 4356 2993 4427 jure
3022 4366 3197 4429 potest
3223 4356 3328 4411 dici
3364 4354 3810 4425 praedestinatio.

2231 4453 2284 4508 id
2304 4456 2407 4517 est,
2433 4452 2775 4523 praeparatio
2823 4452 2876 4507 in
2908 4466 2996 4517 eo,
3035 4452 3127 4521 qui
3159 4449 3302 4505 nullo
3333 4447 3587 4520 temporis
3635 4447 3810 4502 inter-

549 4540 681 4595 nino
709 4555 815 4594 non
841 4548 987 4601 sunt,
1015 4539 1140 4609 quia
1172 4539 1240 4593 ab
1268 4540 1383 4609 ipso
1411 4548 1555 4604 sunt,
1592 4540 1685 4609 qui
1711 4540 1856 4596 solus
1883 4549 2121 4596 estesse.
2150 4521 2203 4584 Ῑ)
2230 4544 2365 4599 vallo
2399 4521 2696 4615 praecessit
2740 4543 2783 4609 ⁵,
2814 4557 2921 4612 quo
2946 4542 3256 4611 disponeret
3284 4555 3371 4607 ea,
3400 4556 3536 4610 quae
3559 4537 3813 4594 facturus

550 4631 664 4685 Nisi
694 4629 831 4685 forte
852 4630 1111 4695 dicamus,
1139 4645 1224 4695 ea,
1255 4643 1397 4700 quae
1424 4630 1491 4686 de
1521 4630 1747 4687 Domino
1785 4639 1973 4687 nostro
1994 4632 2123 4688 Jesu

548 4719 768 4776 Christo
806 4720 946 4775 dicta
976 4728 1099 4775 sunt
1126 4722 1416 4776 secundum
1448 4721 1801 4777 humanitatis
1834 4736 1965 4777 suae
2002 4712 2130 4794 pro-'

552 4812 835 4881 prictatem
862 4852 877 4877 ,
920 4812 987 4867 de
1043 4812 1321 4869 divinitate
1369 4813 1618 4871 similiter
1659 4815 1777 4885 ejus
1820 4815 1924 4871 dici
1968 4831 2128 4886 posse

551 4909 774 4972 propter
796 4902 953 4956 unius
974 4917 1235 4973 personae
1261 4903 1313 4958 in
1336 4904 1543 4960 duabus
1567 4906 1881 4961 substantiis
1907 4906 2125 4978 insepa-

552 4990 780 5044 rabilem
812 4991 1092 5046 unitatem.
1124 4992 1182 5046 Si
1224 5001 1405 5047 autem
1454 4994 1580 5048 illud
1610 5011 1713 5050 non
1751 4994 1980 5053 absurde
2006 5013 2126 5054 cre-

552 5082 698 5137 ditur
738 5079 876 5149 fieri,
914 5081 1206 5146 videamus,
1253 5087 1396 5153 quod
1430 5085 1692 5154 scriptum
1736 5095 1822 5143 est
1859 5089 1914 5143 in
1964 5088 2120 5160 lege:

2228 4634 2412 4689 esset?
2439 4632 2592 4703 cujus
2613 4633 2981 4703 Operationem
3003 4647 3110 4688 non
3140 4633 3415 4703 praecedit
3441 4631 3810 4701 praeparatio.

2228 4726 2344 4782 Non
2366 4727 2508 4782 enim
2530 4726 2674 4780 aliud
2711 4726 2760 4780 ei
2788 4734 2874 4780 est
2916 4740 3241 4795 praeparare
3272 4734 3326 4781 et
3366 4723 3611 4794 operari;
3646 4733 3812 4791 utque

2229 4817 2503 4887 proprium
2531 4816 2764 4872 hominis
2788 4823 2873 4872 est
2894 4830 3240 4887 praeparare,
3272 4830 3412 4884 quae
3433 4813 3701 4878 facturus,
3738 4814 3811 4866 ita

2230 4907 2339 4961 Deo
2368 4906 2603 4961 alienum
2633 4916 2739 4971 est,
2765 4907 3196 4975 praedestinare,
3233 4920 3373 4975 quae
3418 4919 3700 4972 nunquam
3732 4902 3809 4955 fa-

2231 5004 2436 5053 cturus.
2469 4998 2746 5064 Quomodo
2773 5005 2954 5052 autem
2993 4997 3236 5052 facturus
3280 5005 3426 5052 esset
3457 4996 3688 5064 aliquid,
3717 4993 3811 5063 qui

2230 5088 2410 5150 omnia
2440 5088 2461 5119 ⁸
2483 5088 2650 5144 semel
2680 5099 2735 5144 et
2758 5088 2921 5145 simul
2948 5088 3111 5144 fecit?
3134 5088 3244 5145 Aut
3263 5087 3531 5159 quomodo
3555 5101 3666 5143 non
3694 5099 3811 5141 om-

1827 5198 2083 5254 VARIAE
2116 5197 2517 5257 LECTIONES.

626 5284 654 5362 ξ·
684 5284 815 5362 Cod.
851 5284 1341 5362 incommotabilent.
1402 5287 1586 5362 _’_Cod.
1615 5290 1965 5362 e‘ntimemata.
2042 5291 2062 5321 ³
2096 5290 2185 5347 Sic
2218 5291 2282 5345 Μ.
2315 5294 2435 5348 cod.
2470 5292 2700 5362 feruore.
2780 5293 2802 5325 ⁸
2830 5293 2961 5351 Cod.
2986 5311 3052 5350 no
3086 5309 3149 5349 ue
3183 5310 3264 5348 ra.

555 5354 577 5386 ⁸
601 5352 689 5408 Sic
717 5356 863 5420 cod.,
906 5372 1007 5425 pro
1044 5359 1133 5428 qui
1163 5359 1360 5425 omnia,
1400 5356 1467 5410 Μ.
1493 5358 1757 5427 quoniam.

3363 5292 3386 5326 ⁸
3410 5292 3538 5349 Cod.
3567 5290 3806 5352 pret-ait.

2068 5451 2318 5508 NOTAE.

626 5550 651 5579 α
688 5537 706 5590 1
738 5537 862 5592 Cor.
894 5538 933 5595 Ι.
964 5540 1048 5595 19.

630 5608 657 5647 ιι
697 5608 713 5661 |
742 5608 865 5662 Cor.
898 5609 1087 5672 Ill,19.

627 5688 651 5715 ε
696 5679 867 5734 Exod.
908 5680 987 5741 ΙΙΙ,
1016 5681 1101 5733 14.

626 5745 653 5787 ⁸
695 5749 908 5804 Denter.
942 5750 1081 5814 ΚΜ,
1113 5751 1199 5804 25.

2315 5554 2337 5581 θ
2375 5543 2492 5597 Gal.
2523 5545 2605 5605 Ill,
2633 5545 2720 5602 i3.

2308 5612 2326 5649 ί
2370 5614 2409 5667 ll
2434 5615 2558 5669 Cor.
2596 5616 2771 5678 v.12.

2306 5685 2330 5722 3
2366 5684 2556 5739 Psahn.
2592 5685 2725 5752 CXI,
2759 5687 2811 5739 7.
