  <div class='ocr_page' id='page_1' title='image "/cluster/home/n/w/nwhite01/storage/ocr_20150623/122/hvd.32044015471659/234.png"; bbox 0 0 4028 6280; ppageno 0'>
   <div class='ocr_carea' id='block_1_1' title="bbox 225 418 359 475">
    <p class='ocr_par' dir='ltr' id='par_1_1' title="bbox 225 418 359 475">
     <span class='ocr_line' id='line_1_1' title="bbox 225 418 359 475; baseline -0.007 -1"><span class='ocrx_word' id='word_1_1' title='bbox 225 418 359 475; x_wconf 78' lang='lat'><strong>593</strong></span> 
     </span>
    </p>
   </div>
   <div class='ocr_carea' id='block_1_2' title="bbox 1356 415 2428 476">
    <p class='ocr_par' dir='ltr' id='par_1_2' title="bbox 1356 415 2428 476">
     <span class='ocr_line' id='line_1_2' title="bbox 1356 415 2428 476; baseline 0.004 -5"><span class='ocrx_word' id='word_1_2' title='bbox 1356 417 1554 472; x_wconf 77' lang='lat' dir='ltr'><strong>LIBER</strong></span> <span class='ocrx_word' id='word_1_3' title='bbox 1597 415 1684 471; x_wconf 87' lang='lat' dir='ltr'><strong>DE</strong></span> <span class='ocrx_word' id='word_1_4' title='bbox 1722 416 2428 476; x_wconf 75' lang='lat' dir='ltr'><strong>PRAEDESTINATIONE.</strong></span> 
     </span>
    </p>
   </div>
   <div class='ocr_carea' id='block_1_3' title="bbox 3408 423 3515 479">
    <p class='ocr_par' dir='ltr' id='par_1_3' title="bbox 3408 423 3515 479">
     <span class='ocr_line' id='line_1_3' title="bbox 3408 423 3515 479; baseline 0.019 -2"><span class='ocrx_word' id='word_1_5' title='bbox 3408 423 3515 479; x_wconf 74' lang='lat' dir='ltr'><strong>5M</strong></span> 
     </span>
    </p>
   </div>
   <div class='ocr_carea' id='block_1_4' title="bbox 229 526 3513 613">
    <p class='ocr_par' dir='ltr' id='par_1_4' title="bbox 229 526 3513 613">
     <span class='ocr_line' id='line_1_4' title="bbox 229 526 3513 613; baseline 0.003 -27"><span class='ocrx_word' id='word_1_6' title='bbox 229 530 507 595; x_wconf 81' lang='lat' dir='ltr'><strong>nial‘eeit,</strong></span> <span class='ocrx_word' id='word_1_7' title='bbox 539 545 628 600; x_wconf 88' lang='lat' dir='ltr'><strong>qm</strong></span> <span class='ocrx_word' id='word_1_8' title='bbox 656 530 1065 601; x_wconf 86' lang='lat' dir='ltr'><strong>semperomnia</strong></span> <span class='ocrx_word' id='word_1_9' title='bbox 1086 530 1828 602; x_wconf 84' lang='lat' dir='ltr'><strong>habuit?quisempersuum</strong></span> <span class='ocrx_word' id='word_1_10' title='bbox 1857 533 1906 591; x_wconf 80' lang='grc' dir='ltr'>Α</span> <span class='ocrx_word' id='word_1_11' title='bbox 1936 547 2057 585; x_wconf 89' lang='lat' dir='ltr'><strong>nem</strong></span> <span class='ocrx_word' id='word_1_12' title='bbox 2103 542 2158 587; x_wconf 90' lang='lat' dir='ltr'><strong>et</strong></span> <span class='ocrx_word' id='word_1_13' title='bbox 2204 526 2508 604; x_wconf 90' lang='lat' dir='ltr'><strong>hujusmodi</strong></span> <span class='ocrx_word' id='word_1_14' title='bbox 2555 536 2869 594; x_wconf 88' lang='lat' dir='ltr'><strong>translative</strong></span> <span class='ocrx_word' id='word_1_15' title='bbox 2911 538 3143 613; x_wconf 74' lang='lat' dir='ltr'><strong>deIDeo</strong></span> <span class='ocrx_word' id='word_1_16' title='bbox 3185 543 3513 611; x_wconf 79' lang='lat' dir='ltr'><strong>praedicari,</strong></span> 
     </span>
    </p>
   </div>
   <div class='ocr_carea' id='block_1_5' title="bbox 228 619 1832 691">
    <p class='ocr_par' dir='ltr' id='par_1_5' title="bbox 228 619 1832 691">
     <span class='ocr_line' id='line_1_5' title="bbox 228 619 1832 691; baseline 0.001 -17"><span class='ocrx_word' id='word_1_17' title='bbox 228 621 479 675; x_wconf 75' lang='lat' dir='ltr'><strong>verbum</strong></span> <span class='ocrx_word' id='word_1_18' title='bbox 504 619 761 675; x_wconf 80' lang='lat' dir='ltr'><strong>habuisse</strong></span> <span class='ocrx_word' id='word_1_19' title='bbox 785 620 1048 685; x_wconf 73' lang='lat' dir='ltr'><strong>creditur,</strong></span> <span class='ocrx_word' id='word_1_20' title='bbox 1087 636 1185 691; x_wconf 89' lang='lat' dir='ltr'><strong>per</strong></span> <span class='ocrx_word' id='word_1_21' title='bbox 1223 624 1364 690; x_wconf 89' lang='lat' dir='ltr'><strong>quod</strong></span> <span class='ocrx_word' id='word_1_22' title='bbox 1394 621 1534 677; x_wconf 82' lang='lat' dir='ltr'><strong>facta</strong></span> <span class='ocrx_word' id='word_1_23' title='bbox 1564 631 1689 676; x_wconf 91' lang='lat' dir='ltr'><strong>sunt</strong></span> <span class='ocrx_word' id='word_1_24' title='bbox 1718 636 1832 676; x_wconf 90' lang='lat' dir='ltr'><strong>om-</strong></span> 
     </span>
    </p>
   </div>
   <div class='ocr_carea' id='block_1_6' title="bbox 228 711 1829 782">
    <p class='ocr_par' dir='ltr' id='par_1_6' title="bbox 228 711 1829 782">
     <span class='ocr_line' id='line_1_6' title="bbox 228 711 1829 782; baseline -0.001 -15"><span class='ocrx_word' id='word_1_25' title='bbox 228 713 366 777; x_wconf 79' lang='lat' dir='ltr'><strong>nia,</strong></span> <span class='ocrx_word' id='word_1_26' title='bbox 392 719 449 767; x_wconf 92' lang='lat' dir='ltr'><strong>et</strong></span> <span class='ocrx_word' id='word_1_27' title='bbox 477 711 531 766; x_wconf 90' lang='lat' dir='ltr'><strong>in</strong></span> <span class='ocrx_word' id='word_1_28' title='bbox 572 726 683 782; x_wconf 89' lang='lat' dir='ltr'><strong>quo</strong></span> <span class='ocrx_word' id='word_1_29' title='bbox 724 711 1247 767; x_wconf 87' lang='lat' dir='ltr'><strong>incommutabiliter</strong></span> <span class='ocrx_word' id='word_1_30' title='bbox 1275 713 1461 768; x_wconf 91' lang='lat' dir='ltr'><strong>vivunt</strong></span> <span class='ocrx_word' id='word_1_31' title='bbox 1487 712 1692 779; x_wconf 84' lang='lat' dir='ltr'><strong>omnia,</strong></span> <span class='ocrx_word' id='word_1_32' title='bbox 1723 726 1829 768; x_wconf 91' lang='lat' dir='ltr'><strong>non</strong></span> 
     </span>
    </p>
   </div>
   <div class='ocr_carea' id='block_1_7' title="bbox 227 801 1832 872">
    <p class='ocr_par' dir='ltr' id='par_1_7' title="bbox 227 801 1832 872">
     <span class='ocr_line' id='line_1_7' title="bbox 227 801 1832 872; baseline 0.001 -17"><span class='ocrx_word' id='word_1_33' title='bbox 227 801 428 856; x_wconf 86' lang='lat' dir='ltr'><strong>solum</strong></span> <span class='ocrx_word' id='word_1_34' title='bbox 454 815 595 870; x_wconf 90' lang='lat' dir='ltr'><strong>quae</strong></span> <span class='ocrx_word' id='word_1_35' title='bbox 630 801 871 866; x_wconf 83' lang='lat' dir='ltr'><strong>fuerunt,</strong></span> <span class='ocrx_word' id='word_1_36' title='bbox 900 801 997 856; x_wconf 91' lang='lat' dir='ltr'><strong>sed</strong></span> <span class='ocrx_word' id='word_1_37' title='bbox 1018 802 1183 857; x_wconf 89' lang='lat' dir='ltr'><strong>etiam</strong></span> <span class='ocrx_word' id='word_1_38' title='bbox 1207 818 1347 872; x_wconf 91' lang='lat' dir='ltr'><strong>quae</strong></span> <span class='ocrx_word' id='word_1_39' title='bbox 1374 802 1573 858; x_wconf 81' lang='lat' dir='ltr'><strong>futura.</strong></span> <span class='ocrx_word' id='word_1_40' title='bbox 1609 803 1720 859; x_wconf 88' lang='lat' dir='ltr'><strong>Nec</strong></span> <span class='ocrx_word' id='word_1_41' title='bbox 1757 813 1832 859; x_wconf 90' lang='lat' dir='ltr'><strong>ta-</strong></span> 
     </span>
    </p>
   </div>
   <div class='ocr_carea' id='block_1_8' title="bbox 229 888 1834 957">
    <p class='ocr_par' dir='ltr' id='par_1_8' title="bbox 229 888 1834 957">
     <span class='ocr_line' id='line_1_8' title="bbox 229 888 1834 957; baseline 0.003 -13"><span class='ocrx_word' id='word_1_42' title='bbox 229 906 377 946; x_wconf 89' lang='lat' dir='ltr'><strong>men</strong></span> <span class='ocrx_word' id='word_1_43' title='bbox 405 890 458 945; x_wconf 87' lang='lat' dir='ltr'><strong>in</strong></span> <span class='ocrx_word' id='word_1_44' title='bbox 487 889 579 945; x_wconf 83' lang='lat' dir='ltr'><strong>illo</strong></span> <span class='ocrx_word' id='word_1_45' title='bbox 602 888 845 957; x_wconf 79' lang='lat' dir='ltr'><strong>fuerunt,</strong></span> <span class='ocrx_word' id='word_1_46' title='bbox 873 906 975 947; x_wconf 87' lang='lat' dir='ltr'><strong>nec</strong></span> <span class='ocrx_word' id='word_1_47' title='bbox 997 890 1173 946; x_wconf 83' lang='lat' dir='ltr'><strong>futura</strong></span> <span class='ocrx_word' id='word_1_48' title='bbox 1200 901 1346 956; x_wconf 89' lang='lat' dir='ltr'><strong>sunt,</strong></span> <span class='ocrx_word' id='word_1_49' title='bbox 1381 893 1475 948; x_wconf 90' lang='lat' dir='ltr'><strong>sed</strong></span> <span class='ocrx_word' id='word_1_50' title='bbox 1502 902 1834 949; x_wconf 82' lang='lat' dir='ltr'><strong>tantummo-</strong></span> 
     </span>
    </p>
   </div>
   <div class='ocr_carea' id='block_1_9' title="bbox 227 982 1832 1055">
    <p class='ocr_par' dir='ltr' id='par_1_9' title="bbox 227 982 1832 1055">
     <span class='ocr_line' id='line_1_9' title="bbox 227 982 1832 1055; baseline -0.001 -15"><span class='ocrx_word' id='word_1_51' title='bbox 227 984 320 1040; x_wconf 85' lang='lat' dir='ltr'><strong>do</strong></span> <span class='ocrx_word' id='word_1_52' title='bbox 339 991 488 1048; x_wconf 89' lang='lat' dir='ltr'><strong>sunt,</strong></span> <span class='ocrx_word' id='word_1_53' title='bbox 511 990 568 1039; x_wconf 89' lang='lat' dir='ltr'><strong>et</strong></span> <span class='ocrx_word' id='word_1_54' title='bbox 592 982 776 1039; x_wconf 87' lang='lat' dir='ltr'><strong>omnia</strong></span> <span class='ocrx_word' id='word_1_55' title='bbox 799 998 963 1038; x_wconf 88' lang='lat' dir='ltr'><strong>unum</strong></span> <span class='ocrx_word' id='word_1_56' title='bbox 989 990 1136 1040; x_wconf 91' lang='lat' dir='ltr'><strong>sunt.</strong></span> <span class='ocrx_word' id='word_1_57' title='bbox 1155 983 1387 1039; x_wconf 85' lang='lat' dir='ltr'><strong>Proinde</strong></span> <span class='ocrx_word' id='word_1_58' title='bbox 1410 986 1661 1055; x_wconf 89' lang='lat' dir='ltr'><strong>quoniam</strong></span> <span class='ocrx_word' id='word_1_59' title='bbox 1676 985 1832 1040; x_wconf 89' lang='lat' dir='ltr'><strong>aliter</strong></span> 
     </span>
    </p>
   </div>
   <div class='ocr_carea' id='block_1_10' title="bbox 232 1075 1830 1144">
    <p class='ocr_par' dir='ltr' id='par_1_10' title="bbox 232 1075 1830 1144">
     <span class='ocr_line' id='line_1_10' title="bbox 232 1075 1830 1144; baseline 0.001 -14"><span class='ocrx_word' id='word_1_60' title='bbox 232 1076 352 1131; x_wconf 84' lang='lat' dir='ltr'><strong>sub</strong></span> <span class='ocrx_word' id='word_1_61' title='bbox 376 1075 468 1130; x_wconf 88' lang='lat' dir='ltr'><strong>illo</strong></span> <span class='ocrx_word' id='word_1_62' title='bbox 487 1083 616 1131; x_wconf 90' lang='lat' dir='ltr'><strong>sunt</strong></span> <span class='ocrx_word' id='word_1_63' title='bbox 644 1088 731 1141; x_wconf 87' lang='lat' dir='ltr'><strong>ea,</strong></span> <span class='ocrx_word' id='word_1_64' title='bbox 753 1090 893 1144; x_wconf 88' lang='lat' dir='ltr'><strong>quae</strong></span> <span class='ocrx_word' id='word_1_65' title='bbox 924 1090 1021 1144; x_wconf 88' lang='lat' dir='ltr'><strong>per</strong></span> <span class='ocrx_word' id='word_1_66' title='bbox 1049 1075 1204 1131; x_wconf 91' lang='lat' dir='ltr'><strong>illum</strong></span> <span class='ocrx_word' id='word_1_67' title='bbox 1232 1075 1373 1132; x_wconf 79' lang='lat' dir='ltr'><strong>facta</strong></span> <span class='ocrx_word' id='word_1_68' title='bbox 1412 1084 1560 1143; x_wconf 88' lang='lat' dir='ltr'><strong>sunt,</strong></span> <span class='ocrx_word' id='word_1_69' title='bbox 1593 1076 1750 1131; x_wconf 90' lang='lat' dir='ltr'><strong>aliter</strong></span> <span class='ocrx_word' id='word_1_70' title='bbox 1777 1077 1830 1131; x_wconf 88' lang='lat' dir='ltr'><strong>in</strong></span> 
     </span>
    </p>
   </div>
   <div class='ocr_carea' id='block_1_11' title="bbox 230 1168 1826 1239">
    <p class='ocr_par' dir='ltr' id='par_1_11' title="bbox 230 1168 1826 1239">
     <span class='ocr_line' id='line_1_11' title="bbox 230 1168 1826 1239; baseline 0 -17"><span class='ocrx_word' id='word_1_71' title='bbox 230 1183 314 1222; x_wconf 81' lang='lat' dir='ltr'><strong>eo</strong></span> <span class='ocrx_word' id='word_1_72' title='bbox 339 1176 470 1223; x_wconf 89' lang='lat' dir='ltr'><strong>sunt</strong></span> <span class='ocrx_word' id='word_1_73' title='bbox 492 1182 577 1231; x_wconf 82' lang='lat' dir='ltr'><strong>ea,</strong></span> <span class='ocrx_word' id='word_1_74' title='bbox 603 1182 747 1238; x_wconf 82' lang='lat' dir='ltr'><strong>quae</strong></span> <span class='ocrx_word' id='word_1_75' title='bbox 773 1168 886 1239; x_wconf 87' lang='lat' dir='ltr'><strong>ipsa</strong></span> <span class='ocrx_word' id='word_1_76' title='bbox 921 1176 1003 1223; x_wconf 89' lang='lat' dir='ltr'><strong>est</strong></span> <span class='ocrx_word' id='word_1_77' title='bbox 1034 1168 1088 1223; x_wconf 92' lang='lat' dir='ltr'><strong>in</strong></span> <span class='ocrx_word' id='word_1_78' title='bbox 1121 1168 1220 1235; x_wconf 91' lang='lat' dir='ltr'><strong>eis,</strong></span> <span class='ocrx_word' id='word_1_79' title='bbox 1267 1184 1406 1239; x_wconf 82' lang='lat' dir='ltr'><strong>quae</strong></span> <span class='ocrx_word' id='word_1_80' title='bbox 1432 1169 1532 1226; x_wconf 87' lang='lat' dir='ltr'><strong>sub</strong></span> <span class='ocrx_word' id='word_1_81' title='bbox 1560 1169 1650 1225; x_wconf 89' lang='lat' dir='ltr'><strong>illo</strong></span> <span class='ocrx_word' id='word_1_82' title='bbox 1680 1177 1826 1233; x_wconf 89' lang='lat' dir='ltr'><strong>sunt,</strong></span> 
     </span>
    </p>
   </div>
   <div class='ocr_carea' id='block_1_12' title="bbox 233 1256 1831 1327">
    <p class='ocr_par' dir='ltr' id='par_1_12' title="bbox 233 1256 1831 1327">
     <span class='ocr_line' id='line_1_12' title="bbox 233 1256 1831 1327; baseline 0.003 -16"><span class='ocrx_word' id='word_1_83' title='bbox 233 1258 382 1327; x_wconf 81' lang='lat' dir='ltr'><strong>quia</strong></span> <span class='ocrx_word' id='word_1_84' title='bbox 409 1256 546 1313; x_wconf 90' lang='lat' dir='ltr'><strong>locis</strong></span> <span class='ocrx_word' id='word_1_85' title='bbox 590 1257 1034 1327; x_wconf 75' lang='lat' dir='ltr'><strong>temporibusque</strong></span> <span class='ocrx_word' id='word_1_86' title='bbox 1064 1259 1179 1314; x_wconf 85' lang='lat' dir='ltr'><strong>suis</strong></span> <span class='ocrx_word' id='word_1_87' title='bbox 1221 1269 1277 1315; x_wconf 88' lang='lat' dir='ltr'><strong>et</strong></span> <span class='ocrx_word' id='word_1_88' title='bbox 1301 1270 1482 1315; x_wconf 84' lang='lat' dir='ltr'><strong>creata</strong></span> <span class='ocrx_word' id='word_1_89' title='bbox 1509 1269 1563 1314; x_wconf 89' lang='lat' dir='ltr'><strong>et</strong></span> <span class='ocrx_word' id='word_1_90' title='bbox 1585 1260 1831 1315; x_wconf 89' lang='lat' dir='ltr'><strong>ordinata</strong></span> 
     </span>
    </p>
   </div>
   <div class='ocr_carea' id='block_1_13' title="bbox 234 1347 1836 1421">
    <p class='ocr_par' dir='ltr' id='par_1_13' title="bbox 234 1347 1836 1421">
     <span class='ocr_line' id='line_1_13' title="bbox 234 1347 1836 1421; baseline 0 -17"><span class='ocrx_word' id='word_1_91' title='bbox 234 1356 399 1412; x_wconf 74' lang='lat' dir='ltr'><strong>sunt,</strong></span> <span class='ocrx_word' id='word_1_92' title='bbox 428 1347 649 1419; x_wconf 86' lang='lat' dir='ltr'><strong>proprie</strong></span> <span class='ocrx_word' id='word_1_93' title='bbox 678 1347 995 1404; x_wconf 87' lang='lat' dir='ltr'><strong>ﬁuntverba</strong></span> <span class='ocrx_word' id='word_1_94' title='bbox 1022 1348 1264 1405; x_wconf 82' lang='lat' dir='ltr'><strong>locorum</strong></span> <span class='ocrx_word' id='word_1_95' title='bbox 1308 1360 1718 1421; x_wconf 71' lang='lat' dir='ltr'><strong>temporumque</strong></span> <span class='ocrx_word' id='word_1_96' title='bbox 1764 1352 1836 1407; x_wconf 83' lang='lat' dir='ltr'><strong>si-</strong></span> 
     </span>
    </p>
   </div>
   <div class='ocr_carea' id='block_1_14' title="bbox 233 1440 1833 1514">
    <p class='ocr_par' dir='ltr' id='par_1_14' title="bbox 233 1440 1833 1514">
     <span class='ocr_line' id='line_1_14' title="bbox 233 1440 1833 1514; baseline 0.001 -18"><span class='ocrx_word' id='word_1_97' title='bbox 233 1442 586 1514; x_wconf 77' lang='lat' dir='ltr'><strong>gniﬁcativa,</strong></span> <span class='ocrx_word' id='word_1_98' title='bbox 611 1440 666 1496; x_wconf 92' lang='lat' dir='ltr'><strong>in</strong></span> <span class='ocrx_word' id='word_1_99' title='bbox 687 1441 767 1497; x_wconf 90' lang='lat' dir='ltr'><strong>eis</strong></span> <span class='ocrx_word' id='word_1_100' title='bbox 793 1456 944 1508; x_wconf 87' lang='lat' dir='ltr'><strong>vero,</strong></span> <span class='ocrx_word' id='word_1_101' title='bbox 966 1456 1105 1511; x_wconf 88' lang='lat' dir='ltr'><strong>quae</strong></span> <span class='ocrx_word' id='word_1_102' title='bbox 1126 1442 1470 1498; x_wconf 90' lang='lat' dir='ltr'><strong>aeternaliter</strong></span> <span class='ocrx_word' id='word_1_103' title='bbox 1491 1444 1545 1498; x_wconf 92' lang='lat' dir='ltr'><strong>in</strong></span> <span class='ocrx_word' id='word_1_104' title='bbox 1574 1444 1665 1498; x_wconf 92' lang='lat' dir='ltr'><strong>illo</strong></span> <span class='ocrx_word' id='word_1_105' title='bbox 1686 1454 1833 1508; x_wconf 89' lang='lat' dir='ltr'><strong>sunt,</strong></span> 
     </span>
    </p>
   </div>
   <div class='ocr_carea' id='block_1_15' title="bbox 238 1535 1839 1608">
    <p class='ocr_par' dir='ltr' id='par_1_15' title="bbox 238 1535 1839 1608">
     <span class='ocr_line' id='line_1_15' title="bbox 238 1535 1839 1608; baseline -0.001 -14"><span class='ocrx_word' id='word_1_106' title='bbox 238 1538 576 1595; x_wconf 80' lang='lat' dir='ltr'><strong>translative</strong></span> <span class='ocrx_word' id='word_1_107' title='bbox 619 1535 852 1607; x_wconf 72' lang='lat' dir='ltr'><strong>proferri</strong></span> <span class='ocrx_word' id='word_1_108' title='bbox 884 1545 1131 1608; x_wconf 90' lang='lat' dir='ltr'><strong>possunt.</strong></span> <span class='ocrx_word' id='word_1_109' title='bbox 1168 1538 1247 1592; x_wconf 85' lang='lat' dir='ltr'><strong>Ac</strong></span> <span class='ocrx_word' id='word_1_110' title='bbox 1280 1551 1377 1606; x_wconf 86' lang='lat' dir='ltr'><strong>per</strong></span> <span class='ocrx_word' id='word_1_111' title='bbox 1414 1538 1518 1593; x_wconf 90' lang='lat' dir='ltr'><strong>hoc</strong></span> <span class='ocrx_word' id='word_1_112' title='bbox 1563 1538 1704 1592; x_wconf 87' lang='lat' dir='ltr'><strong>sicut</strong></span> <span class='ocrx_word' id='word_1_113' title='bbox 1749 1538 1839 1593; x_wconf 82' lang='lat' dir='ltr'><strong>ab-</strong></span> 
     </span>
    </p>
   </div>
   <div class='ocr_carea' id='block_1_16' title="bbox 240 1626 1838 1692">
    <p class='ocr_par' dir='ltr' id='par_1_16' title="bbox 240 1626 1838 1692">
     <span class='ocr_line' id='line_1_16' title="bbox 240 1626 1838 1692; baseline -0.001 -9"><span class='ocrx_word' id='word_1_114' title='bbox 240 1628 415 1683; x_wconf 76' lang='lat' dir='ltr'><strong>usive</strong></span> <span class='ocrx_word' id='word_1_115' title='bbox 447 1627 514 1684; x_wconf 91' lang='lat' dir='ltr'><strong>de</strong></span> <span class='ocrx_word' id='word_1_116' title='bbox 538 1628 648 1683; x_wconf 88' lang='lat' dir='ltr'><strong>Deo</strong></span> <span class='ocrx_word' id='word_1_117' title='bbox 664 1627 862 1682; x_wconf 90' lang='lat' dir='ltr'><strong>dicitur</strong></span> <span class='ocrx_word' id='word_1_118' title='bbox 875 1626 1087 1692; x_wconf 79' lang='lat' dir='ltr'><strong>fecisse,</strong></span> <span class='ocrx_word' id='word_1_119' title='bbox 1112 1627 1197 1681; x_wconf 86' lang='lat' dir='ltr'><strong>vel</strong></span> <span class='ocrx_word' id='word_1_120' title='bbox 1223 1627 1491 1683; x_wconf 81' lang='lat' dir='ltr'><strong>facturum</strong></span> <span class='ocrx_word' id='word_1_121' title='bbox 1515 1643 1657 1692; x_wconf 92' lang='lat' dir='ltr'><strong>esse,</strong></span> <span class='ocrx_word' id='word_1_122' title='bbox 1675 1629 1746 1682; x_wconf 88' lang='lat' dir='ltr'><strong>ita</strong></span> <span class='ocrx_word' id='word_1_123' title='bbox 1772 1629 1838 1684; x_wconf 88' lang='lat' dir='ltr'><strong>de</strong></span> 
     </span>
    </p>
   </div>
   <div class='ocr_carea' id='block_1_17' title="bbox 240 1719 1838 1791">
    <p class='ocr_par' dir='ltr' id='par_1_17' title="bbox 240 1719 1838 1791">
     <span class='ocr_line' id='line_1_17' title="bbox 240 1719 1838 1791; baseline -0.001 -15"><span class='ocrx_word' id='word_1_124' title='bbox 240 1734 321 1776; x_wconf 88' lang='lat' dir='ltr'><strong>eo</strong></span> <span class='ocrx_word' id='word_1_125' title='bbox 350 1720 550 1776; x_wconf 88' lang='lat' dir='ltr'><strong>dicitur</strong></span> <span class='ocrx_word' id='word_1_126' title='bbox 574 1719 796 1774; x_wconf 86' lang='lat' dir='ltr'><strong>abusive</strong></span> <span class='ocrx_word' id='word_1_127' title='bbox 847 1719 1170 1790; x_wconf 88' lang='lat' dir='ltr'><strong>praesciisse</strong></span> <span class='ocrx_word' id='word_1_128' title='bbox 1202 1720 1242 1785; x_wconf 86' lang='grc'><strong>¹,</strong></span> <span class='ocrx_word' id='word_1_129' title='bbox 1276 1720 1566 1789; x_wconf 81' lang='lat' dir='ltr'><strong>praescire,</strong></span> <span class='ocrx_word' id='word_1_130' title='bbox 1600 1720 1838 1791; x_wconf 86' lang='lat' dir='ltr'><strong>praesci-</strong></span> 
     </span>
    </p>
   </div>
   <div class='ocr_carea' id='block_1_18' title="bbox 243 1806 1837 1880">
    <p class='ocr_par' dir='ltr' id='par_1_18' title="bbox 243 1806 1837 1880">
     <span class='ocr_line' id='line_1_18' title="bbox 243 1806 1837 1880; baseline 0.001 -17"><span class='ocrx_word' id='word_1_131' title='bbox 243 1818 440 1863; x_wconf 77' lang='lat' dir='ltr'><strong>torum</strong></span> <span class='ocrx_word' id='word_1_132' title='bbox 466 1821 605 1873; x_wconf 88' lang='lat' dir='ltr'><strong>esse,</strong></span> <span class='ocrx_word' id='word_1_133' title='bbox 649 1806 812 1864; x_wconf 90' lang='lat' dir='ltr'><strong>simili</strong></span> <span class='ocrx_word' id='word_1_134' title='bbox 857 1808 1020 1863; x_wconf 90' lang='lat' dir='ltr'><strong>modo</strong></span> <span class='ocrx_word' id='word_1_135' title='bbox 1060 1807 1511 1877; x_wconf 88' lang='lat' dir='ltr'><strong>praedestinasse,</strong></span> <span class='ocrx_word' id='word_1_136' title='bbox 1540 1807 1837 1880; x_wconf 86' lang='lat' dir='ltr'><strong>praedesti-</strong></span> 
     </span>
    </p>
   </div>
   <div class='ocr_carea' id='block_1_19' title="bbox 244 1898 1128 1968">
    <p class='ocr_par' dir='ltr' id='par_1_19' title="bbox 244 1898 1128 1968">
     <span class='ocr_line' id='line_1_19' title="bbox 244 1898 1128 1968; baseline -0.002 -13"><span class='ocrx_word' id='word_1_137' title='bbox 244 1915 411 1964; x_wconf 87' lang='lat' dir='ltr'><strong>nare,</strong></span> <span class='ocrx_word' id='word_1_138' title='bbox 433 1898 962 1968; x_wconf 83' lang='lat' dir='ltr'><strong>praedestinaturum</strong></span> <span class='ocrx_word' id='word_1_139' title='bbox 988 1912 1128 1955; x_wconf 87' lang='lat' dir='ltr'><strong>esse.</strong></span> 
     </span>
    </p>
   </div>
   <div class='ocr_carea' id='block_1_20' title="bbox 264 1985 1839 2061">
    <p class='ocr_par' dir='ltr' id='par_1_20' title="bbox 264 1985 1839 2061">
     <span class='ocr_line' id='line_1_20' title="bbox 264 1985 1839 2061; baseline 0.003 -20"><span class='ocrx_word' id='word_1_140' title='bbox 264 2012 269 2013; x_wconf 51' lang='grc' dir='ltr'>ί</span> <span class='ocrx_word' id='word_1_141' title='bbox 328 1986 442 2042; x_wconf 75' lang='lat' dir='ltr'><strong>VII.</strong></span> <span class='ocrx_word' id='word_1_142' title='bbox 483 1985 781 2042; x_wconf 89' lang='lat' dir='ltr'><strong>Conﬁcitur</strong></span> <span class='ocrx_word' id='word_1_143' title='bbox 814 2001 965 2059; x_wconf 90' lang='lat' dir='ltr'><strong>ergo,</strong></span> <span class='ocrx_word' id='word_1_144' title='bbox 1012 1988 1430 2058; x_wconf 89' lang='lat' dir='ltr'><strong>praescientiam</strong></span> <span class='ocrx_word' id='word_1_145' title='bbox 1458 1998 1514 2045; x_wconf 80' lang='lat' dir='ltr'><strong>et</strong></span> <span class='ocrx_word' id='word_1_146' title='bbox 1540 1991 1839 2061; x_wconf 85' lang='lat' dir='ltr'><strong>praedesti-</strong></span> 
     </span>
    </p>
   </div>
   <div class='ocr_carea' id='block_1_21' title="bbox 246 2074 1836 2150">
    <p class='ocr_par' dir='ltr' id='par_1_21' title="bbox 246 2074 1836 2150">
     <span class='ocr_line' id='line_1_21' title="bbox 246 2074 1836 2150; baseline 0.005 -21"><span class='ocrx_word' id='word_1_147' title='bbox 246 2074 534 2130; x_wconf 83' lang='lat' dir='ltr'><strong>nationem</strong></span> <span class='ocrx_word' id='word_1_148' title='bbox 563 2074 917 2131; x_wconf 83' lang='lat' dir='ltr'><strong>similitudine</strong></span> <span class='ocrx_word' id='word_1_149' title='bbox 944 2092 1126 2132; x_wconf 89' lang='lat' dir='ltr'><strong>rerum</strong></span> <span class='ocrx_word' id='word_1_150' title='bbox 1157 2080 1529 2150; x_wconf 86' lang='lat' dir='ltr'><strong>temporalium</strong></span> <span class='ocrx_word' id='word_1_151' title='bbox 1566 2080 1631 2136; x_wconf 90' lang='lat' dir='ltr'><strong>ad</strong></span> <span class='ocrx_word' id='word_1_152' title='bbox 1668 2081 1836 2137; x_wconf 91' lang='lat' dir='ltr'><strong>Deum</strong></span> 
     </span>
    </p>
   </div>
   <div class='ocr_carea' id='block_1_22' title="bbox 246 2165 1837 2242">
    <p class='ocr_par' dir='ltr' id='par_1_22' title="bbox 246 2165 1837 2242">
     <span class='ocr_line' id='line_1_22' title="bbox 246 2165 1837 2242; baseline 0.008 -22"><span class='ocrx_word' id='word_1_153' title='bbox 246 2165 568 2223; x_wconf 72' lang='lat' dir='ltr'><strong>transferri.</strong></span> <span class='ocrx_word' id='word_1_154' title='bbox 600 2167 703 2236; x_wconf 82' lang='lat' dir='ltr'><strong>Qui</strong></span> <span class='ocrx_word' id='word_1_155' title='bbox 734 2169 884 2226; x_wconf 90' lang='lat' dir='ltr'><strong>locus</strong></span> <span class='ocrx_word' id='word_1_156' title='bbox 909 2185 939 2225; x_wconf 91' lang='lat' dir='ltr'><strong>a</strong></span> <span class='ocrx_word' id='word_1_157' title='bbox 973 2166 1248 2229; x_wconf 87' lang='lat' dir='ltr'><strong>contrario</strong></span> <span class='ocrx_word' id='word_1_158' title='bbox 1280 2168 1574 2242; x_wconf 80' lang='lat' dir='ltr'><strong>videretur,</strong></span> <span class='ocrx_word' id='word_1_159' title='bbox 1622 2177 1666 2232; x_wconf 88' lang='lat' dir='ltr'><strong>si</strong></span> <span class='ocrx_word' id='word_1_160' title='bbox 1700 2186 1837 2233; x_wconf 87' lang='lat' dir='ltr'><strong>tem-</strong></span> 
     </span>
    </p>
   </div>
   <div class='ocr_carea' id='block_1_23' title="bbox 244 2252 1834 2339">
    <p class='ocr_par' dir='ltr' id='par_1_23' title="bbox 244 2252 1834 2339">
     <span class='ocr_line' id='line_1_23' title="bbox 244 2252 1834 2339; baseline 0.007 -27"><span class='ocrx_word' id='word_1_161' title='bbox 244 2258 466 2328; x_wconf 86' lang='lat' dir='ltr'><strong>poralia</strong></span> <span class='ocrx_word' id='word_1_162' title='bbox 513 2262 825 2318; x_wconf 83' lang='lat' dir='ltr'><strong>aeternitati</strong></span> <span class='ocrx_word' id='word_1_163' title='bbox 884 2252 1308 2323; x_wconf 84' lang='lat' dir='ltr'><strong>contradictorie</strong></span> <span class='ocrx_word' id='word_1_164' title='bbox 1348 2268 1369 2298; x_wconf 83' lang='grc'><em>³</em></span> <span class='ocrx_word' id='word_1_165' title='bbox 1411 2278 1834 2339; x_wconf 90' lang='lat' dir='ltr'><strong>opponerentur.</strong></span> 
     </span>
    </p>
   </div>
   <div class='ocr_carea' id='block_1_24' title="bbox 246 2351 1840 2431">
    <p class='ocr_par' dir='ltr' id='par_1_24' title="bbox 246 2351 1840 2431">
     <span class='ocr_line' id='line_1_24' title="bbox 246 2351 1840 2431; baseline 0.005 -24"><span class='ocrx_word' id='word_1_166' title='bbox 246 2351 383 2408; x_wconf 78' lang='lat' dir='ltr'><strong>Jam</strong></span> <span class='ocrx_word' id='word_1_167' title='bbox 442 2369 600 2422; x_wconf 83' lang='lat' dir='ltr'><strong>vero,</strong></span> <span class='ocrx_word' id='word_1_168' title='bbox 650 2357 906 2426; x_wconf 89' lang='lat' dir='ltr'><strong>quoniam</strong></span> <span class='ocrx_word' id='word_1_169' title='bbox 968 2360 1306 2416; x_wconf 86' lang='lat' dir='ltr'><strong>aeternitatis</strong></span> <span class='ocrx_word' id='word_1_170' title='bbox 1360 2361 1623 2431; x_wconf 86' lang='lat' dir='ltr'><strong>quaedam</strong></span> <span class='ocrx_word' id='word_1_171' title='bbox 1692 2362 1840 2416; x_wconf 84' lang='lat' dir='ltr'><strong>simi-</strong></span> 
     </span>
    </p>
   </div>
   <div class='ocr_carea' id='block_1_25' title="bbox 249 2444 1841 2523">
    <p class='ocr_par' dir='ltr' id='par_1_25' title="bbox 249 2444 1841 2523">
     <span class='ocr_line' id='line_1_25' title="bbox 249 2444 1841 2523; baseline 0.006 -24"><span class='ocrx_word' id='word_1_172' title='bbox 249 2444 438 2500; x_wconf 78' lang='lat' dir='ltr'><strong>litudo</strong></span> <span class='ocrx_word' id='word_1_173' title='bbox 462 2447 852 2517; x_wconf 87' lang='lat' dir='ltr'><strong>temporalibus</strong></span> <span class='ocrx_word' id='word_1_174' title='bbox 887 2458 972 2504; x_wconf 91' lang='lat' dir='ltr'><strong>est</strong></span> <span class='ocrx_word' id='word_1_175' title='bbox 996 2450 1181 2517; x_wconf 87' lang='lat' dir='ltr'><strong>insita,</strong></span> <span class='ocrx_word' id='word_1_176' title='bbox 1206 2466 1309 2506; x_wconf 88' lang='lat' dir='ltr'><strong>non</strong></span> <span class='ocrx_word' id='word_1_177' title='bbox 1342 2453 1538 2519; x_wconf 90' lang='lat' dir='ltr'><strong>solum,</strong></span> <span class='ocrx_word' id='word_1_178' title='bbox 1584 2454 1728 2523; x_wconf 90' lang='lat' dir='ltr'><strong>quod</strong></span> <span class='ocrx_word' id='word_1_179' title='bbox 1772 2455 1841 2509; x_wconf 92' lang='lat' dir='ltr'><strong>ab</strong></span> 
     </span>
    </p>
   </div>
   <div class='ocr_carea' id='block_1_26' title="bbox 250 2534 1837 2615">
    <p class='ocr_par' dir='ltr' id='par_1_26' title="bbox 250 2534 1837 2615">
     <span class='ocr_line' id='line_1_26' title="bbox 250 2534 1837 2615; baseline 0.007 -27"><span class='ocrx_word' id='word_1_180' title='bbox 250 2550 327 2589; x_wconf 81' lang='lat' dir='ltr'><strong>ea</strong></span> <span class='ocrx_word' id='word_1_181' title='bbox 354 2534 497 2590; x_wconf 83' lang='lat' dir='ltr'><strong>facta</strong></span> <span class='ocrx_word' id='word_1_182' title='bbox 523 2545 672 2605; x_wconf 90' lang='lat' dir='ltr'><strong>sunt,</strong></span> <span class='ocrx_word' id='word_1_183' title='bbox 694 2540 792 2594; x_wconf 88' lang='lat' dir='ltr'><strong>sed</strong></span> <span class='ocrx_word' id='word_1_184' title='bbox 817 2539 981 2594; x_wconf 88' lang='lat' dir='ltr'><strong>etiam</strong></span> <span class='ocrx_word' id='word_1_185' title='bbox 1005 2543 1149 2610; x_wconf 87' lang='lat' dir='ltr'><strong>quod</strong></span> <span class='ocrx_word' id='word_1_186' title='bbox 1171 2543 1543 2613; x_wconf 78' lang='lat' dir='ltr'><strong>temporalium</strong></span> <span class='ocrx_word' id='word_1_187' title='bbox 1576 2543 1663 2598; x_wconf 89' lang='lat' dir='ltr'><strong>illa</strong></span> <span class='ocrx_word' id='word_1_188' title='bbox 1694 2558 1837 2615; x_wconf 89' lang='lat' dir='ltr'><strong>pars,</strong></span> 
     </span>
    </p>
   </div>
   <div class='ocr_carea' id='block_1_27' title="bbox 254 2627 1841 2700">
    <p class='ocr_par' dir='ltr' id='par_1_27' title="bbox 254 2627 1841 2700">
     <span class='ocr_line' id='line_1_27' title="bbox 254 2627 1841 2700; baseline 0.007 -20"><span class='ocrx_word' id='word_1_189' title='bbox 254 2627 332 2681; x_wconf 81' lang='lat' dir='ltr'><strong>de</strong></span> <span class='ocrx_word' id='word_1_190' title='bbox 359 2641 466 2698; x_wconf 90' lang='lat' dir='ltr'><strong>qua</strong></span> <span class='ocrx_word' id='word_1_191' title='bbox 494 2640 784 2686; x_wconf 81' lang='lat' dir='ltr'><strong>sumuntur</strong></span> <span class='ocrx_word' id='word_1_192' title='bbox 831 2633 967 2687; x_wconf 86' lang='lat' dir='ltr'><strong>haec</strong></span> <span class='ocrx_word' id='word_1_193' title='bbox 1013 2635 1231 2688; x_wconf 88' lang='lat' dir='ltr'><strong>nomina</strong></span> <span class='ocrx_word' id='word_1_194' title='bbox 1258 2675 1274 2700; x_wconf 89' lang='lat'><strong>,</strong></span> <span class='ocrx_word' id='word_1_195' title='bbox 1321 2635 1568 2691; x_wconf 85' lang='lat' dir='ltr'><strong>videlicet</strong></span> <span class='ocrx_word' id='word_1_196' title='bbox 1605 2638 1841 2691; x_wconf 88' lang='lat' dir='ltr'><strong>humana</strong></span> 
     </span>
    </p>
   </div>
   <div class='ocr_carea' id='block_1_28' title="bbox 252 2719 1842 2796">
    <p class='ocr_par' dir='ltr' id='par_1_28' title="bbox 252 2719 1842 2796">
     <span class='ocr_line' id='line_1_28' title="bbox 252 2719 1842 2796; baseline 0.006 -23"><span class='ocrx_word' id='word_1_197' title='bbox 252 2728 480 2785; x_wconf 80' lang='lat' dir='ltr'><strong>natura,</strong></span> <span class='ocrx_word' id='word_1_198' title='bbox 508 2719 563 2775; x_wconf 90' lang='lat' dir='ltr'><strong>in</strong></span> <span class='ocrx_word' id='word_1_199' title='bbox 598 2720 1002 2779; x_wconf 88' lang='lat' dir='ltr'><strong>similitudinem</strong></span> <span class='ocrx_word' id='word_1_200' title='bbox 1029 2725 1300 2796; x_wconf 89' lang='lat' dir='ltr'><strong>quandam</strong></span> <span class='ocrx_word' id='word_1_201' title='bbox 1327 2741 1489 2783; x_wconf 82' lang='lat' dir='ltr'><strong>verae</strong></span> <span class='ocrx_word' id='word_1_202' title='bbox 1503 2729 1842 2783; x_wconf 84' lang='lat' dir='ltr'><strong>aeternitatis</strong></span> 
     </span>
    </p>
   </div>
   <div class='ocr_carea' id='block_1_29' title="bbox 257 2811 1840 2885">
    <p class='ocr_par' dir='ltr' id='par_1_29' title="bbox 257 2811 1840 2885">
     <span class='ocr_line' id='line_1_29' title="bbox 257 2811 1840 2885; baseline 0.006 -21"><span class='ocrx_word' id='word_1_203' title='bbox 257 2811 570 2867; x_wconf 86' lang='lat' dir='ltr'><strong>transitura</strong></span> <span class='ocrx_word' id='word_1_204' title='bbox 594 2813 666 2868; x_wconf 89' lang='lat' dir='ltr'><strong>sit</strong></span> <span class='ocrx_word' id='word_1_205' title='bbox 693 2832 708 2869; x_wconf 88' lang='lat'><strong>:</strong></span> <span class='ocrx_word' id='word_1_206' title='bbox 739 2817 1011 2885; x_wconf 86' lang='lat' dir='ltr'><strong>quomodo</strong></span> <span class='ocrx_word' id='word_1_207' title='bbox 1041 2833 1071 2872; x_wconf 91' lang='lat' dir='ltr'><strong>a</strong></span> <span class='ocrx_word' id='word_1_208' title='bbox 1109 2818 1386 2874; x_wconf 89' lang='lat' dir='ltr'><strong>contrario</strong></span> <span class='ocrx_word' id='word_1_209' title='bbox 1432 2820 1681 2883; x_wconf 90' lang='lat' dir='ltr'><strong>sumitur,</strong></span> <span class='ocrx_word' id='word_1_210' title='bbox 1715 2821 1840 2875; x_wconf 87' lang='lat' dir='ltr'><strong>dum</strong></span> 
     </span>
    </p>
   </div>
   <div class='ocr_carea' id='block_1_30' title="bbox 255 2905 1846 2982">
    <p class='ocr_par' dir='ltr' id='par_1_30' title="bbox 255 2905 1846 2982">
     <span class='ocr_line' id='line_1_30' title="bbox 255 2905 1846 2982; baseline 0.008 -26"><span class='ocrx_word' id='word_1_211' title='bbox 255 2917 292 2956; x_wconf 82' lang='lat' dir='ltr'><strong>a</strong></span> <span class='ocrx_word' id='word_1_212' title='bbox 320 2905 604 2974; x_wconf 88' lang='lat' dir='ltr'><strong>temporali</strong></span> <span class='ocrx_word' id='word_1_213' title='bbox 634 2906 703 2962; x_wconf 92' lang='lat' dir='ltr'><strong>ad</strong></span> <span class='ocrx_word' id='word_1_214' title='bbox 738 2906 1095 2981; x_wconf 88' lang='lat' dir='ltr'><strong>intemporale</strong></span> <span class='ocrx_word' id='word_1_215' title='bbox 1122 2910 1502 2982; x_wconf 73' lang='lat' dir='ltr'><strong>alia&#39;quaedam</strong></span> <span class='ocrx_word' id='word_1_216' title='bbox 1524 2912 1846 2982; x_wconf 89' lang='lat' dir='ltr'><strong>signiﬁcatio</strong></span> 
     </span>
    </p>
   </div>
   <div class='ocr_carea' id='block_1_31' title="bbox 256 2994 1844 3071">
    <p class='ocr_par' dir='ltr' id='par_1_31' title="bbox 256 2994 1844 3071">
     <span class='ocr_line' id='line_1_31' title="bbox 256 2994 1844 3071; baseline 0.009 -24"><span class='ocrx_word' id='word_1_217' title='bbox 256 2994 666 3053; x_wconf 78' lang='lat' dir='ltr'><strong>transferatur?</strong></span> <span class='ocrx_word' id='word_1_218' title='bbox 696 2998 840 3056; x_wconf 85' lang='lat' dir='ltr'><strong>Loco</strong></span> <span class='ocrx_word' id='word_1_219' title='bbox 869 3001 1034 3071; x_wconf 87' lang='lat' dir='ltr'><strong>igitur</strong></span> <span class='ocrx_word' id='word_1_220' title='bbox 1052 3004 1425 3060; x_wconf 87' lang='lat' dir='ltr'><strong>similitudinis</strong></span> <span class='ocrx_word' id='word_1_221' title='bbox 1452 3006 1700 3061; x_wconf 88' lang='lat' dir='ltr'><strong>veniunt.</strong></span> <span class='ocrx_word' id='word_1_222' title='bbox 1737 3006 1844 3062; x_wconf 83' lang='lat' dir='ltr'><strong>Sed</strong></span> 
     </span>
    </p>
   </div>
   <div class='ocr_carea' id='block_1_32' title="bbox 252 3085 1848 3166">
    <p class='ocr_par' dir='ltr' id='par_1_32' title="bbox 252 3085 1848 3166">
     <span class='ocr_line' id='line_1_32' title="bbox 252 3085 1848 3166; baseline 0.01 -30"><span class='ocrx_word' id='word_1_223' title='bbox 252 3085 390 3154; x_wconf 80' lang='lat' dir='ltr'><strong>quis</strong></span> <span class='ocrx_word' id='word_1_224' title='bbox 416 3095 504 3142; x_wconf 86' lang='lat' dir='ltr'><strong>est</strong></span> <span class='ocrx_word' id='word_1_225' title='bbox 527 3087 614 3143; x_wconf 87' lang='lat' dir='ltr'><strong>ille</strong></span> <span class='ocrx_word' id='word_1_226' title='bbox 635 3089 1005 3149; x_wconf 84' lang='lat' dir='ltr'><strong>similitudinis</strong></span> <span class='ocrx_word' id='word_1_227' title='bbox 1030 3094 1241 3160; x_wconf 88' lang='lat' dir='ltr'><strong>modus,</strong></span> <span class='ocrx_word' id='word_1_228' title='bbox 1280 3096 1468 3164; x_wconf 87' lang='lat' dir='ltr'><strong>quaeri</strong></span> <span class='ocrx_word' id='word_1_229' title='bbox 1511 3105 1745 3166; x_wconf 86' lang='lat' dir='ltr'><strong>oportet.</strong></span> <span class='ocrx_word' id='word_1_230' title='bbox 1781 3096 1848 3151; x_wconf 86' lang='lat' dir='ltr'><strong>Et</strong></span> 
     </span>
    </p>
   </div>
   <div class='ocr_carea' id='block_1_33' title="bbox 256 3176 1846 3256">
    <p class='ocr_par' dir='ltr' id='par_1_33' title="bbox 256 3176 1846 3256">
     <span class='ocr_line' id='line_1_33' title="bbox 256 3176 1846 3256; baseline 0.008 -28"><span class='ocrx_word' id='word_1_231' title='bbox 256 3176 484 3244; x_wconf 89' lang='lat' dir='ltr'><strong>quidem</strong></span> <span class='ocrx_word' id='word_1_232' title='bbox 506 3177 734 3236; x_wconf 86' lang='lat' dir='ltr'><strong>dicimus</strong></span> <span class='ocrx_word' id='word_1_233' title='bbox 747 3190 874 3238; x_wconf 88' lang='lat' dir='ltr'><strong>ante</strong></span> <span class='ocrx_word' id='word_1_234' title='bbox 889 3190 1145 3253; x_wconf 85' lang='lat' dir='ltr'><strong>quattuor</strong></span> <span class='ocrx_word' id='word_1_235' title='bbox 1159 3184 1362 3250; x_wconf 85' lang='lat' dir='ltr'><strong>modis;</strong></span> <span class='ocrx_word' id='word_1_236' title='bbox 1385 3199 1617 3255; x_wconf 91' lang='lat' dir='ltr'><strong>quorum</strong></span> <span class='ocrx_word' id='word_1_237' title='bbox 1640 3187 1846 3256; x_wconf 88' lang='lat' dir='ltr'><strong>primus</strong></span> 
     </span>
    </p>
   </div>
   <div class='ocr_carea' id='block_1_34' title="bbox 258 3266 1842 3348">
    <p class='ocr_par' dir='ltr' id='par_1_34' title="bbox 258 3266 1842 3348">
     <span class='ocr_line' id='line_1_34' title="bbox 258 3266 1842 3348; baseline 0.009 -29"><span class='ocrx_word' id='word_1_238' title='bbox 258 3266 466 3323; x_wconf 87' lang='lat' dir='ltr'><strong>dicitur</strong></span> <span class='ocrx_word' id='word_1_239' title='bbox 492 3279 619 3326; x_wconf 85' lang='lat' dir='ltr'><strong>ante</strong></span> <span class='ocrx_word' id='word_1_240' title='bbox 648 3274 925 3342; x_wconf 88' lang='lat' dir='ltr'><strong>temporis,</strong></span> <span class='ocrx_word' id='word_1_241' title='bbox 950 3277 1216 3331; x_wconf 90' lang='lat' dir='ltr'><strong>secundus</strong></span> <span class='ocrx_word' id='word_1_242' title='bbox 1254 3287 1381 3331; x_wconf 87' lang='lat' dir='ltr'><strong>ante</strong></span> <span class='ocrx_word' id='word_1_243' title='bbox 1407 3277 1706 3348; x_wconf 73' lang='lat' dir='ltr'><strong>dignitatis,</strong></span> <span class='ocrx_word' id='word_1_244' title='bbox 1739 3286 1842 3332; x_wconf 88' lang='lat' dir='ltr'><strong>ter-</strong></span> 
     </span>
    </p>
   </div>
   <div class='ocr_carea' id='block_1_35' title="bbox 260 3354 1844 3433">
    <p class='ocr_par' dir='ltr' id='par_1_35' title="bbox 260 3354 1844 3433">
     <span class='ocr_line' id='line_1_35' title="bbox 260 3354 1844 3433; baseline 0.007 -24"><span class='ocrx_word' id='word_1_245' title='bbox 260 3354 374 3411; x_wconf 88' lang='lat' dir='ltr'><strong>tius</strong></span> <span class='ocrx_word' id='word_1_246' title='bbox 408 3364 536 3413; x_wconf 87' lang='lat' dir='ltr'><strong>ante</strong></span> <span class='ocrx_word' id='word_1_247' title='bbox 578 3359 823 3431; x_wconf 75' lang='lat' dir='ltr'><strong>originis,</strong></span> <span class='ocrx_word' id='word_1_248' title='bbox 859 3371 1086 3433; x_wconf 90' lang='lat' dir='ltr'><strong>quartus</strong></span> <span class='ocrx_word' id='word_1_249' title='bbox 1106 3372 1230 3418; x_wconf 87' lang='lat' dir='ltr'><strong>ante</strong></span> <span class='ocrx_word' id='word_1_250' title='bbox 1250 3366 1608 3421; x_wconf 88' lang='lat' dir='ltr'><strong>aeternitatis.</strong></span> <span class='ocrx_word' id='word_1_251' title='bbox 1632 3366 1844 3422; x_wconf 80' lang='lat' dir='ltr'><strong>Illorum</strong></span> 
     </span>
    </p>
   </div>
   <div class='ocr_carea' id='block_1_36' title="bbox 258 3448 1845 3526">
    <p class='ocr_par' dir='ltr' id='par_1_36' title="bbox 258 3448 1845 3526">
     <span class='ocr_line' id='line_1_36' title="bbox 258 3448 1845 3526; baseline 0.007 -24"><span class='ocrx_word' id='word_1_252' title='bbox 258 3448 511 3519; x_wconf 76' lang='lat' dir='ltr'><strong>exempla</strong></span> <span class='ocrx_word' id='word_1_253' title='bbox 535 3450 668 3506; x_wconf 89' lang='lat' dir='ltr'><strong>ﬁunt</strong></span> <span class='ocrx_word' id='word_1_254' title='bbox 686 3454 826 3509; x_wconf 81' lang='lat' dir='ltr'><strong>haec</strong></span> <span class='ocrx_word' id='word_1_255' title='bbox 851 3472 865 3507; x_wconf 91' lang='lat'><strong>:</strong></span> <span class='ocrx_word' id='word_1_256' title='bbox 895 3455 1159 3526; x_wconf 88' lang='lat' dir='ltr'><strong>Tempore</strong></span> <span class='ocrx_word' id='word_1_257' title='bbox 1173 3457 1449 3525; x_wconf 87' lang='lat' dir='ltr'><strong>praecedit</strong></span> <span class='ocrx_word' id='word_1_258' title='bbox 1464 3456 1561 3514; x_wconf 86' lang='lat' dir='ltr'><strong>ﬂos</strong></span> <span class='ocrx_word' id='word_1_259' title='bbox 1589 3457 1845 3525; x_wconf 85' lang='lat' dir='ltr'><strong>fructum,</strong></span> 
     </span>
    </p>
   </div>
   <div class='ocr_carea' id='block_1_37' title="bbox 259 3540 1847 3621">
    <p class='ocr_par' dir='ltr' id='par_1_37' title="bbox 259 3540 1847 3621">
     <span class='ocr_line' id='line_1_37' title="bbox 259 3540 1847 3621; baseline 0.008 -28"><span class='ocrx_word' id='word_1_260' title='bbox 259 3540 531 3611; x_wconf 83' lang='lat' dir='ltr'><strong>dignitate</strong></span> <span class='ocrx_word' id='word_1_261' title='bbox 547 3545 829 3612; x_wconf 84' lang='lat' dir='ltr'><strong>praecedit</strong></span> <span class='ocrx_word' id='word_1_262' title='bbox 853 3545 1065 3603; x_wconf 82' lang='lat' dir='ltr'><strong>fructus</strong></span> <span class='ocrx_word' id='word_1_263' title='bbox 1095 3546 1302 3614; x_wconf 77' lang='lat' dir='ltr'><strong>liorem,</strong></span> <span class='ocrx_word' id='word_1_264' title='bbox 1333 3564 1435 3605; x_wconf 78' lang='lat' dir='ltr'><strong>vox</strong></span> <span class='ocrx_word' id='word_1_265' title='bbox 1461 3551 1672 3621; x_wconf 79' lang='lat' dir='ltr'><strong>origine</strong></span> <span class='ocrx_word' id='word_1_266' title='bbox 1692 3565 1847 3621; x_wconf 84' lang='lat' dir='ltr'><strong>prae-</strong></span> 
     </span>
    </p>
   </div>
   <div class='ocr_carea' id='block_1_38' title="bbox 259 3629 1841 3700">
    <p class='ocr_par' dir='ltr' id='par_1_38' title="bbox 259 3629 1841 3700">
     <span class='ocr_line' id='line_1_38' title="bbox 259 3629 1841 3700; baseline 0.006 -15"><span class='ocrx_word' id='word_1_267' title='bbox 259 3629 411 3685; x_wconf 84' lang='lat' dir='ltr'><strong>cedit</strong></span> <span class='ocrx_word' id='word_1_268' title='bbox 428 3632 676 3700; x_wconf 84' lang='lat' dir='ltr'><strong>verbum,</strong></span> <span class='ocrx_word' id='word_1_269' title='bbox 705 3634 846 3692; x_wconf 88' lang='lat' dir='ltr'><strong>Deus</strong></span> <span class='ocrx_word' id='word_1_270' title='bbox 878 3638 1203 3692; x_wconf 86' lang='lat' dir='ltr'><strong>aeternitate</strong></span> <span class='ocrx_word' id='word_1_271' title='bbox 1225 3647 1529 3694; x_wconf 84' lang='lat' dir='ltr'><strong>creaturam</strong></span> <span class='ocrx_word' id='word_1_272' title='bbox 1556 3643 1841 3697; x_wconf 82' lang='lat' dir='ltr'><strong>antecedit.</strong></span> 
     </span>
    </p>
   </div>
   <div class='ocr_carea' id='block_1_39' title="bbox 257 3720 1842 3801">
    <p class='ocr_par' dir='ltr' id='par_1_39' title="bbox 257 3720 1842 3801">
     <span class='ocr_line' id='line_1_39' title="bbox 257 3720 1842 3801; baseline 0.008 -26"><span class='ocrx_word' id='word_1_273' title='bbox 257 3720 361 3775; x_wconf 84' lang='lat' dir='ltr'><strong>Illo</strong></span> <span class='ocrx_word' id='word_1_274' title='bbox 387 3722 552 3793; x_wconf 83' lang='lat' dir='ltr'><strong>igitur</strong></span> <span class='ocrx_word' id='word_1_275' title='bbox 580 3726 760 3792; x_wconf 90' lang='lat' dir='ltr'><strong>modo,</strong></span> <span class='ocrx_word' id='word_1_276' title='bbox 790 3742 899 3797; x_wconf 91' lang='lat' dir='ltr'><strong>quo</strong></span> <span class='ocrx_word' id='word_1_277' title='bbox 926 3728 1068 3784; x_wconf 87' lang='lat' dir='ltr'><strong>Deus</strong></span> <span class='ocrx_word' id='word_1_278' title='bbox 1093 3730 1299 3795; x_wconf 86' lang='lat' dir='ltr'><strong>omnia,</strong></span> <span class='ocrx_word' id='word_1_279' title='bbox 1339 3747 1480 3801; x_wconf 88' lang='lat' dir='ltr'><strong>quae</strong></span> <span class='ocrx_word' id='word_1_280' title='bbox 1508 3731 1659 3799; x_wconf 80' lang='lat' dir='ltr'><strong>fecit,</strong></span> <span class='ocrx_word' id='word_1_281' title='bbox 1688 3743 1842 3790; x_wconf 84' lang='lat' dir='ltr'><strong>ante-</strong></span> 
     </span>
    </p>
   </div>
   <div class='ocr_carea' id='block_1_40' title="bbox 258 3808 1846 3893">
    <p class='ocr_par' dir='ltr' id='par_1_40' title="bbox 258 3808 1846 3893">
     <span class='ocr_line' id='line_1_40' title="bbox 258 3808 1846 3893; baseline 0.01 -30"><span class='ocrx_word' id='word_1_282' title='bbox 258 3808 432 3876; x_wconf 84' lang='lat' dir='ltr'><strong>cedit,</strong></span> <span class='ocrx_word' id='word_1_283' title='bbox 476 3812 531 3867; x_wconf 88' lang='lat' dir='ltr'><strong>id</strong></span> <span class='ocrx_word' id='word_1_284' title='bbox 560 3824 662 3880; x_wconf 88' lang='lat' dir='ltr'><strong>est,</strong></span> <span class='ocrx_word' id='word_1_285' title='bbox 711 3819 1057 3885; x_wconf 80' lang='lat' dir='ltr'><strong>aeternitate,</strong></span> <span class='ocrx_word' id='word_1_286' title='bbox 1102 3833 1168 3875; x_wconf 87' lang='lat' dir='ltr'><strong>eo</strong></span> <span class='ocrx_word' id='word_1_287' title='bbox 1209 3820 1416 3877; x_wconf 90' lang='lat' dir='ltr'><strong>scilicet</strong></span> <span class='ocrx_word' id='word_1_288' title='bbox 1469 3824 1760 3893; x_wconf 82' lang='lat' dir='ltr'><strong>praescivit</strong></span> <span class='ocrx_word' id='word_1_289' title='bbox 1792 3834 1846 3879; x_wconf 77' lang='lat' dir='ltr'><strong>ct</strong></span> 
     </span>
    </p>
   </div>
   <div class='ocr_carea' id='block_1_41' title="bbox 259 3902 1845 3978">
    <p class='ocr_par' dir='ltr' id='par_1_41' title="bbox 259 3902 1845 3978">
     <span class='ocr_line' id='line_1_41' title="bbox 259 3902 1845 3978; baseline 0.009 -24"><span class='ocrx_word' id='word_1_290' title='bbox 259 3902 689 3970; x_wconf 88' lang='lat' dir='ltr'><strong>praedestinavit</strong></span> <span class='ocrx_word' id='word_1_291' title='bbox 709 3922 794 3974; x_wconf 91' lang='lat' dir='ltr'><strong>ea,</strong></span> <span class='ocrx_word' id='word_1_292' title='bbox 836 3924 976 3978; x_wconf 88' lang='lat' dir='ltr'><strong>quae</strong></span> <span class='ocrx_word' id='word_1_293' title='bbox 1022 3908 1267 3966; x_wconf 81' lang='lat' dir='ltr'><strong>facturus</strong></span> <span class='ocrx_word' id='word_1_294' title='bbox 1309 3920 1471 3967; x_wconf 85' lang='lat' dir='ltr'><strong>esset.</strong></span> <span class='ocrx_word' id='word_1_295' title='bbox 1519 3912 1656 3969; x_wconf 84' lang='lat' dir='ltr'><strong>ilinc</strong></span> <span class='ocrx_word' id='word_1_296' title='bbox 1697 3915 1845 3970; x_wconf 90' lang='lat' dir='ltr'><strong>colli-</strong></span> 
     </span>
    </p>
   </div>
   <div class='ocr_carea' id='block_1_42' title="bbox 261 3989 1844 4076">
    <p class='ocr_par' dir='ltr' id='par_1_42' title="bbox 261 3989 1844 4076">
     <span class='ocr_line' id='line_1_42' title="bbox 261 3989 1844 4076; baseline 0.013 -35"><span class='ocrx_word' id='word_1_297' title='bbox 261 3989 433 4060; x_wconf 89' lang='lat' dir='ltr'><strong>gitur,</strong></span> <span class='ocrx_word' id='word_1_298' title='bbox 466 3993 592 4049; x_wconf 86' lang='lat' dir='ltr'><strong>talia</strong></span> <span class='ocrx_word' id='word_1_299' title='bbox 619 3997 784 4052; x_wconf 81' lang='lat' dir='ltr'><strong>verba</strong></span> <span class='ocrx_word' id='word_1_300' title='bbox 816 3998 1097 4056; x_wconf 86' lang='lat' dir='ltr'><strong>transferri</strong></span> <span class='ocrx_word' id='word_1_301' title='bbox 1128 4016 1157 4055; x_wconf 91' lang='lat' dir='ltr'><strong>a</strong></span> <span class='ocrx_word' id='word_1_302' title='bbox 1192 4003 1369 4070; x_wconf 89' lang='lat' dir='ltr'><strong>primo</strong></span> <span class='ocrx_word' id='word_1_303' title='bbox 1397 4004 1556 4058; x_wconf 92' lang='lat' dir='ltr'><strong>modo</strong></span> <span class='ocrx_word' id='word_1_304' title='bbox 1580 4006 1649 4059; x_wconf 92' lang='lat' dir='ltr'><strong>ad</strong></span> <span class='ocrx_word' id='word_1_305' title='bbox 1682 4022 1844 4076; x_wconf 88' lang='lat' dir='ltr'><strong>quar-</strong></span> 
     </span>
    </p>
   </div>
   <div class='ocr_carea' id='block_1_43' title="bbox 260 4087 1843 4166">
    <p class='ocr_par' dir='ltr' id='par_1_43' title="bbox 260 4087 1843 4166">
     <span class='ocr_line' id='line_1_43' title="bbox 260 4087 1843 4166; baseline 0.014 -33"><span class='ocrx_word' id='word_1_306' title='bbox 260 4090 415 4149; x_wconf 87' lang='lat' dir='ltr'><strong>tum,</strong></span> <span class='ocrx_word' id='word_1_307' title='bbox 455 4100 487 4141; x_wconf 90' lang='lat' dir='ltr'><strong>a</strong></span> <span class='ocrx_word' id='word_1_308' title='bbox 528 4087 646 4145; x_wconf 89' lang='lat' dir='ltr'><strong>loco</strong></span> <span class='ocrx_word' id='word_1_309' title='bbox 690 4090 943 4150; x_wconf 87' lang='lat' dir='ltr'><strong>videlicet</strong></span> <span class='ocrx_word' id='word_1_310' title='bbox 990 4096 1249 4166; x_wconf 84' lang='lat' dir='ltr'><strong>temporis</strong></span> <span class='ocrx_word' id='word_1_311' title='bbox 1278 4098 1345 4151; x_wconf 89' lang='lat' dir='ltr'><strong>ad</strong></span> <span class='ocrx_word' id='word_1_312' title='bbox 1385 4095 1561 4153; x_wconf 84' lang='lat' dir='ltr'><strong>locum</strong></span> <span class='ocrx_word' id='word_1_313' title='bbox 1610 4101 1843 4155; x_wconf 88' lang='lat' dir='ltr'><strong>aeterni-</strong></span> 
     </span>
    </p>
   </div>
   <div class='ocr_carea' id='block_1_44' title="bbox 260 4173 412 4231">
    <p class='ocr_par' dir='ltr' id='par_1_44' title="bbox 260 4173 412 4231">
     <span class='ocr_line' id='line_1_44' title="bbox 260 4173 412 4231; baseline 0.013 -4"><span class='ocrx_word' id='word_1_314' title='bbox 260 4173 412 4231; x_wconf 84' lang='lat' dir='ltr'><strong>tatis.</strong></span> 
     </span>
    </p>
   </div>
   <div class='ocr_carea' id='block_1_45' title="bbox 797 4273 1307 4335">
    <p class='ocr_par' dir='ltr' id='par_1_45' title="bbox 797 4273 1307 4335">
     <span class='ocr_line' id='line_1_45' title="bbox 797 4273 1307 4335; baseline 0.006 -5"><span class='ocrx_word' id='word_1_315' title='bbox 797 4273 1198 4335; x_wconf 78' lang='lat' dir='ltr'><strong>CAPITULUM</strong></span> <span class='ocrx_word' id='word_1_316' title='bbox 1236 4278 1307 4333; x_wconf 83' lang='lat' dir='ltr'><strong>X.</strong></span> 
     </span>
    </p>
   </div>
   <div class='ocr_carea' id='block_1_46' title="bbox 255 4374 1840 4464">
    <p class='ocr_par' dir='ltr' id='par_1_46' title="bbox 255 4374 1840 4464">
     <span class='ocr_line' id='line_1_46' title="bbox 255 4374 1840 4464; baseline 0.013 -35"><span class='ocrx_word' id='word_1_317' title='bbox 255 4374 459 4464; x_wconf 24' lang='lat' dir='ltr'><strong>Deﬂeo‘</strong></span> <span class='ocrx_word' id='word_1_318' title='bbox 493 4382 631 4464; x_wconf 53' lang='lat' dir='ltr'><strong>quod</strong></span> <span class='ocrx_word' id='word_1_319' title='bbox 666 4401 699 4437; x_wconf 89' lang='lat' dir='ltr'><strong>a</strong></span> <span class='ocrx_word' id='word_1_320' title='bbox 738 4389 1004 4464; x_wconf 77' lang='lat' dir='ltr'><strong>contrario</strong></span> <span class='ocrx_word' id='word_1_321' title='bbox 1052 4388 1447 4464; x_wconf 72' lang='lat' dir='ltr'><strong>intelligendum</strong></span> <span class='ocrx_word' id='word_1_322' title='bbox 1495 4393 1582 4458; x_wconf 85' lang='lat' dir='ltr'><strong>sit,</strong></span> <span class='ocrx_word' id='word_1_323' title='bbox 1630 4394 1840 4464; x_wconf 83' lang='lat' dir='ltr'><strong>quando</strong></span> 
     </span>
    </p>
   </div>
   <div class='ocr_carea' id='block_1_47' title="bbox 331 4451 1836 4534">
    <p class='ocr_par' dir='ltr' id='par_1_47' title="bbox 331 4451 1836 4534">
     <span class='ocr_line' id='line_1_47' title="bbox 331 4451 1836 4534; baseline 0.012 -34"><span class='ocrx_word' id='word_1_324' title='bbox 331 4451 532 4534; x_wconf 61' lang='lat' dir='ltr'><strong>dicitur</strong></span> <span class='ocrx_word' id='word_1_325' title='bbox 562 4451 723 4534; x_wconf 70' lang='lat' dir='ltr'><strong>_Deus</strong></span> <span class='ocrx_word' id='word_1_326' title='bbox 751 4458 1031 4534; x_wconf 71' lang='lat' dir='ltr'><strong>praescire,</strong></span> <span class='ocrx_word' id='word_1_327' title='bbox 1051 4451 1579 4534; x_wconf 63' lang='lat' dir='ltr'><strong>autpraedestinare</strong></span> <span class='ocrx_word' id='word_1_328' title='bbox 1604 4451 1836 4534; x_wconf 53' lang='lat' dir='ltr'><strong>precata,</strong></span> 
     </span>
    </p>
   </div>
   <div class='ocr_carea' id='block_1_48' title="bbox 1933 621 3513 701">
    <p class='ocr_par' dir='ltr' id='par_1_48' title="bbox 1933 621 3513 701">
     <span class='ocr_line' id='line_1_48' title="bbox 1933 621 3513 701; baseline 0.008 -26"><span class='ocrx_word' id='word_1_329' title='bbox 1933 621 2250 695; x_wconf 88' lang='lat' dir='ltr'><strong>duabusque</strong></span> <span class='ocrx_word' id='word_1_330' title='bbox 2285 626 2505 681; x_wconf 86' lang='lat' dir='ltr'><strong>sedibus</strong></span> <span class='ocrx_word' id='word_1_331' title='bbox 2527 626 2982 697; x_wconf 86' lang='lat' dir='ltr'><strong>signiﬁcationum</strong></span> <span class='ocrx_word' id='word_1_332' title='bbox 3016 645 3174 700; x_wconf 88' lang='lat' dir='ltr'><strong>posse</strong></span> <span class='ocrx_word' id='word_1_333' title='bbox 3199 631 3513 701; x_wconf 85' lang='lat' dir='ltr'><strong>transferri,</strong></span> 
     </span>
    </p>
   </div>
   <div class='ocr_carea' id='block_1_49' title="bbox 1933 714 3515 790">
    <p class='ocr_par' dir='ltr' id='par_1_49' title="bbox 1933 714 3515 790">
     <span class='ocr_line' id='line_1_49' title="bbox 1933 714 3515 790; baseline 0.008 -24"><span class='ocrx_word' id='word_1_334' title='bbox 1933 714 2235 784; x_wconf 89' lang='lat' dir='ltr'><strong>meritoque</strong></span> <span class='ocrx_word' id='word_1_335' title='bbox 2260 717 2546 786; x_wconf 87' lang='lat' dir='ltr'><strong>conjuncta</strong></span> <span class='ocrx_word' id='word_1_336' title='bbox 2577 718 2704 784; x_wconf 90' lang='lat' dir='ltr'><strong>dici,</strong></span> <span class='ocrx_word' id='word_1_337' title='bbox 2749 722 3005 790; x_wconf 89' lang='lat' dir='ltr'><strong>quoniam</strong></span> <span class='ocrx_word' id='word_1_338' title='bbox 3031 731 3086 777; x_wconf 88' lang='lat' dir='ltr'><strong>et</strong></span> <span class='ocrx_word' id='word_1_339' title='bbox 3110 722 3232 778; x_wconf 87' lang='lat' dir='ltr'><strong>loco</strong></span> <span class='ocrx_word' id='word_1_340' title='bbox 3262 725 3515 778; x_wconf 85' lang='lat' dir='ltr'><strong>similitu-</strong></span> 
     </span>
    </p>
   </div>
   <div class='ocr_carea' id='block_1_50' title="bbox 1932 803 3513 887">
    <p class='ocr_par' dir='ltr' id='par_1_50' title="bbox 1932 803 3513 887">
     <span class='ocr_line' id='line_1_50' title="bbox 1932 803 3513 887; baseline 0.009 -30"><span class='ocrx_word' id='word_1_341' title='bbox 1932 803 2091 868; x_wconf 90' lang='lat' dir='ltr'><strong>diuis,</strong></span> <span class='ocrx_word' id='word_1_342' title='bbox 2121 815 2175 858; x_wconf 93' lang='lat' dir='ltr'><strong>et</strong></span> <span class='ocrx_word' id='word_1_343' title='bbox 2206 805 2344 873; x_wconf 88' lang='lat' dir='ltr'><strong>loco,</strong></span> <span class='ocrx_word' id='word_1_344' title='bbox 2378 808 2471 877; x_wconf 92' lang='lat' dir='ltr'><strong>qui</strong></span> <span class='ocrx_word' id='word_1_345' title='bbox 2502 807 2702 863; x_wconf 87' lang='lat' dir='ltr'><strong>dicitur</strong></span> <span class='ocrx_word' id='word_1_346' title='bbox 2749 824 2778 863; x_wconf 91' lang='lat' dir='ltr'><strong>a</strong></span> <span class='ocrx_word' id='word_1_347' title='bbox 2827 812 3123 887; x_wconf 84' lang='lat' dir='ltr'><strong>contrario,</strong></span> <span class='ocrx_word' id='word_1_348' title='bbox 3170 814 3357 869; x_wconf 82' lang='lat' dir='ltr'><strong>venire</strong></span> <span class='ocrx_word' id='word_1_349' title='bbox 3388 830 3513 884; x_wconf 85' lang='lat' dir='ltr'><strong>pro-</strong></span> 
     </span>
    </p>
   </div>
   <div class='ocr_carea' id='block_1_51' title="bbox 1932 894 3514 972">
    <p class='ocr_par' dir='ltr' id='par_1_51' title="bbox 1932 894 3514 972">
     <span class='ocr_line' id='line_1_51' title="bbox 1932 894 3514 972; baseline 0.009 -24"><span class='ocrx_word' id='word_1_350' title='bbox 1932 894 2146 950; x_wconf 89' lang='lat' dir='ltr'><strong>bantur.</strong></span> <span class='ocrx_word' id='word_1_351' title='bbox 2181 896 2279 953; x_wconf 76' lang='lat' dir='ltr'><strong>Ehi</strong></span> <span class='ocrx_word' id='word_1_352' title='bbox 2309 900 2649 969; x_wconf 88' lang='lat' dir='ltr'><strong>apertissime</strong></span> <span class='ocrx_word' id='word_1_353' title='bbox 2676 901 2995 972; x_wconf 84' lang='lat' dir='ltr'><strong>intelligitur</strong></span> <span class='ocrx_word' id='word_1_354' title='bbox 3015 912 3072 959; x_wconf 88' lang='lat' dir='ltr'><strong>et</strong></span> <span class='ocrx_word' id='word_1_355' title='bbox 3092 905 3400 962; x_wconf 87' lang='lat' dir='ltr'><strong>ﬁrmissime</strong></span> <span class='ocrx_word' id='word_1_356' title='bbox 3435 914 3514 961; x_wconf 88' lang='lat' dir='ltr'><strong>te—</strong></span> 
     </span>
    </p>
   </div>
   <div class='ocr_carea' id='block_1_52' title="bbox 1935 989 3512 1062">
    <p class='ocr_par' dir='ltr' id='par_1_52' title="bbox 1935 989 3512 1062">
     <span class='ocr_line' id='line_1_52' title="bbox 1935 989 3512 1062; baseline 0.007 -21"><span class='ocrx_word' id='word_1_357' title='bbox 1935 996 2114 1052; x_wconf 90' lang='lat' dir='ltr'><strong>netur,</strong></span> <span class='ocrx_word' id='word_1_358' title='bbox 2145 989 2197 1042; x_wconf 91' lang='lat' dir='ltr'><strong>in</strong></span> <span class='ocrx_word' id='word_1_359' title='bbox 2236 990 2321 1045; x_wconf 91' lang='lat' dir='ltr'><strong>his</strong></span> <span class='ocrx_word' id='word_1_360' title='bbox 2346 992 2543 1056; x_wconf 83' lang='lat' dir='ltr'><strong>verbis,</strong></span> <span class='ocrx_word' id='word_1_361' title='bbox 2576 994 2795 1062; x_wconf 89' lang='lat' dir='ltr'><strong>quando</strong></span> <span class='ocrx_word' id='word_1_362' title='bbox 2825 993 3174 1049; x_wconf 90' lang='lat' dir='ltr'><strong>similitudine</strong></span> <span class='ocrx_word' id='word_1_363' title='bbox 3200 1008 3512 1062; x_wconf 85' lang='lat' dir='ltr'><strong>sumuntur,</strong></span> 
     </span>
    </p>
   </div>
   <div class='ocr_carea' id='block_1_53' title="bbox 1932 1078 3559 1157">
    <p class='ocr_par' dir='ltr' id='par_1_53' title="bbox 1932 1078 3559 1157">
     <span class='ocr_line' id='line_1_53' title="bbox 1932 1078 3559 1157; baseline 0.007 -27"><span class='ocrx_word' id='word_1_364' title='bbox 1932 1078 2066 1132; x_wconf 87' lang='lat' dir='ltr'><strong>nihil</strong></span> <span class='ocrx_word' id='word_1_365' title='bbox 2110 1078 2254 1134; x_wconf 89' lang='lat' dir='ltr'><strong>aliud</strong></span> <span class='ocrx_word' id='word_1_366' title='bbox 2296 1080 2589 1151; x_wconf 88' lang='lat' dir='ltr'><strong>signiﬁcari</strong></span> <span class='ocrx_word' id='word_1_367' title='bbox 2619 1094 2835 1153; x_wconf 89' lang='lat' dir='ltr'><strong>praeter</strong></span> <span class='ocrx_word' id='word_1_368' title='bbox 2879 1085 2901 1117; x_wconf 76' lang='grc'>⁸</span> <span class='ocrx_word' id='word_1_369' title='bbox 2943 1086 3087 1155; x_wconf 88' lang='lat' dir='ltr'><strong>quod</strong></span> <span class='ocrx_word' id='word_1_370' title='bbox 3136 1086 3249 1157; x_wconf 88' lang='lat' dir='ltr'><strong>ipse</strong></span> <span class='ocrx_word' id='word_1_371' title='bbox 3290 1087 3517 1143; x_wconf 90' lang='lat' dir='ltr'><strong>Creator</strong></span> <span class='ocrx_word' id='word_1_372' title='bbox 3554 1096 3559 1102; x_wconf 85' lang='lat'><em>&#39;</em></span> 
     </span>
    </p>
   </div>
   <div class='ocr_carea' id='block_1_54' title="bbox 1933 1170 3520 1239">
    <p class='ocr_par' dir='ltr' id='par_1_54' title="bbox 1933 1170 3520 1239">
     <span class='ocr_line' id='line_1_54' title="bbox 1933 1170 3520 1239; baseline 0.006 -15"><span class='ocrx_word' id='word_1_373' title='bbox 1933 1170 2171 1224; x_wconf 88' lang='lat' dir='ltr'><strong>omnium</strong></span> <span class='ocrx_word' id='word_1_374' title='bbox 2205 1170 2444 1228; x_wconf 84' lang='lat' dir='ltr'><strong>facturus</strong></span> <span class='ocrx_word' id='word_1_375' title='bbox 2479 1182 2585 1239; x_wconf 91' lang='lat' dir='ltr'><strong>est,</strong></span> <span class='ocrx_word' id='word_1_376' title='bbox 2614 1181 2671 1228; x_wconf 89' lang='lat' dir='ltr'><strong>et</strong></span> <span class='ocrx_word' id='word_1_377' title='bbox 2722 1176 2837 1230; x_wconf 85' lang='lat' dir='ltr'><strong>sive</strong></span> <span class='ocrx_word' id='word_1_378' title='bbox 2861 1176 2915 1232; x_wconf 93' lang='lat' dir='ltr'><strong>in</strong></span> <span class='ocrx_word' id='word_1_379' title='bbox 2941 1178 3318 1233; x_wconf 89' lang='lat' dir='ltr'><strong>constituenda</strong></span> <span class='ocrx_word' id='word_1_380' title='bbox 3349 1179 3370 1210; x_wconf 83' lang='grc'>⁶</span> <span class='ocrx_word' id='word_1_381' title='bbox 3396 1180 3520 1233; x_wconf 88' lang='lat' dir='ltr'><strong>uni-</strong></span> 
     </span>
    </p>
   </div>
   <div class='ocr_carea' id='block_1_55' title="bbox 1932 1262 3514 1339">
    <p class='ocr_par' dir='ltr' id='par_1_55' title="bbox 1932 1262 3514 1339">
     <span class='ocr_line' id='line_1_55' title="bbox 1932 1262 3514 1339; baseline 0.008 -26"><span class='ocrx_word' id='word_1_382' title='bbox 1932 1262 2207 1317; x_wconf 86' lang='lat' dir='ltr'><strong>versitatis</strong></span> <span class='ocrx_word' id='word_1_383' title='bbox 2219 1264 2540 1329; x_wconf 86' lang='lat' dir='ltr'><strong>substantia,</strong></span> <span class='ocrx_word' id='word_1_384' title='bbox 2560 1266 3000 1337; x_wconf 87' lang='lat' dir='ltr'><strong>naturalibusque</strong></span> <span class='ocrx_word' id='word_1_385' title='bbox 3011 1267 3128 1337; x_wconf 88' lang='lat' dir='ltr'><strong>ejus</strong></span> <span class='ocrx_word' id='word_1_386' title='bbox 3140 1268 3514 1339; x_wconf 87' lang='lat' dir='ltr'><strong>qualitatibus,</strong></span> 
     </span>
    </p>
   </div>
   <div class='ocr_carea' id='block_1_56' title="bbox 1934 1348 3515 1425">
    <p class='ocr_par' dir='ltr' id='par_1_56' title="bbox 1934 1348 3515 1425">
     <span class='ocr_line' id='line_1_56' title="bbox 1934 1348 3515 1425; baseline 0.007 -21"><span class='ocrx_word' id='word_1_387' title='bbox 1934 1348 2049 1404; x_wconf 88' lang='lat' dir='ltr'><strong>sive</strong></span> <span class='ocrx_word' id='word_1_388' title='bbox 2091 1350 2144 1404; x_wconf 90' lang='lat' dir='ltr'><strong>in</strong></span> <span class='ocrx_word' id='word_1_389' title='bbox 2183 1351 2300 1421; x_wconf 89' lang='lat' dir='ltr'><strong>ejus</strong></span> <span class='ocrx_word' id='word_1_390' title='bbox 2352 1353 2842 1421; x_wconf 89' lang='lat' dir='ltr'><strong>administratione,</strong></span> <span class='ocrx_word' id='word_1_391' title='bbox 2894 1357 2946 1410; x_wconf 92' lang='lat' dir='ltr'><strong>in</strong></span> <span class='ocrx_word' id='word_1_392' title='bbox 2994 1358 3078 1412; x_wconf 91' lang='lat' dir='ltr'><strong>his</strong></span> <span class='ocrx_word' id='word_1_393' title='bbox 3121 1359 3515 1425; x_wconf 86' lang='lat' dir='ltr'><strong>tantummodo,</strong></span> 
     </span>
    </p>
   </div>
   <div class='ocr_carea' id='block_1_57' title="bbox 1934 1443 3516 1521">
    <p class='ocr_par' dir='ltr' id='par_1_57' title="bbox 1934 1443 3516 1521">
     <span class='ocr_line' id='line_1_57' title="bbox 1934 1443 3516 1521; baseline 0.008 -27"><span class='ocrx_word' id='word_1_394' title='bbox 1934 1457 2064 1512; x_wconf 86' lang='lat' dir='ltr'><strong>quos</strong></span> <span class='ocrx_word' id='word_1_395' title='bbox 2086 1443 2381 1509; x_wconf 74' lang='lat' dir='ltr'><strong>praesciuit,</strong></span> <span class='ocrx_word' id='word_1_396' title='bbox 2418 1453 2467 1498; x_wconf 84' lang='lat' dir='ltr'><strong>et</strong></span> <span class='ocrx_word' id='word_1_397' title='bbox 2512 1445 2917 1515; x_wconf 78' lang='lat' dir='ltr'><strong>praedestinavit</strong></span> <span class='ocrx_word' id='word_1_398' title='bbox 2965 1449 3249 1503; x_wconf 86' lang='lat' dir='ltr'><strong>secundum</strong></span> <span class='ocrx_word' id='word_1_399' title='bbox 3274 1451 3516 1521; x_wconf 68' lang='lat' dir='ltr'><strong>proposi-</strong></span> 
     </span>
    </p>
   </div>
   <div class='ocr_carea' id='block_1_58' title="bbox 1935 1532 3519 1606">
    <p class='ocr_par' dir='ltr' id='par_1_58' title="bbox 1935 1532 3519 1606">
     <span class='ocr_line' id='line_1_58' title="bbox 1935 1532 3519 1606; baseline 0.009 -23"><span class='ocrx_word' id='word_1_400' title='bbox 1935 1540 2046 1585; x_wconf 85' lang='lat' dir='ltr'><strong>tum</strong></span> <span class='ocrx_word' id='word_1_401' title='bbox 2074 1532 2275 1601; x_wconf 77' lang='lat' dir='ltr'><strong>gratiae</strong></span> <span class='ocrx_word' id='word_1_402' title='bbox 2299 1548 2450 1598; x_wconf 85' lang='lat' dir='ltr'><strong>suae,</strong></span> <span class='ocrx_word' id='word_1_403' title='bbox 2471 1534 2763 1605; x_wconf 84' lang='lat' dir='ltr'><strong>conformes</strong></span> <span class='ocrx_word' id='word_1_404' title='bbox 2803 1536 3047 1606; x_wconf 82' lang='lat' dir='ltr'><strong>imaginis</strong></span> <span class='ocrx_word' id='word_1_405' title='bbox 3079 1535 3208 1592; x_wconf 83' lang='lat' dir='ltr'><strong>Filii</strong></span> <span class='ocrx_word' id='word_1_406' title='bbox 3232 1541 3315 1593; x_wconf 79' lang='lat' dir='ltr'><strong>sui</strong></span> <span class='ocrx_word' id='word_1_407' title='bbox 3338 1550 3364 1579; x_wconf 79' lang='grc' dir='ltr'>ι</span> <span class='ocrx_word' id='word_1_408' title='bbox 3398 1554 3519 1597; x_wconf 72' lang='lat' dir='ltr'><strong>esse</strong></span> 
     </span>
    </p>
   </div>
   <div class='ocr_carea' id='block_1_59' title="bbox 1936 1622 3515 1696">
    <p class='ocr_par' dir='ltr' id='par_1_59' title="bbox 1936 1622 3515 1696">
     <span class='ocr_line' id='line_1_59' title="bbox 1936 1622 3515 1696; baseline 0.004 -20"><span class='ocrx_word' id='word_1_409' title='bbox 1936 1622 2182 1690; x_wconf 81' lang='lat' dir='ltr'><strong>futuros;</strong></span> <span class='ocrx_word' id='word_1_410' title='bbox 2214 1626 2431 1694; x_wconf 85' lang='lat' dir='ltr'><strong>quando</strong></span> <span class='ocrx_word' id='word_1_411' title='bbox 2458 1640 2587 1681; x_wconf 86' lang='lat' dir='ltr'><strong>vero</strong></span> <span class='ocrx_word' id='word_1_412' title='bbox 2630 1626 2698 1681; x_wconf 91' lang='lat' dir='ltr'><strong>de</strong></span> <span class='ocrx_word' id='word_1_413' title='bbox 2725 1626 2863 1691; x_wconf 87' lang='lat' dir='ltr'><strong>loco,</strong></span> <span class='ocrx_word' id='word_1_414' title='bbox 2905 1628 2998 1696; x_wconf 87' lang='lat' dir='ltr'><strong>qui</strong></span> <span class='ocrx_word' id='word_1_415' title='bbox 3028 1639 3114 1684; x_wconf 81' lang='lat' dir='ltr'><strong>est</strong></span> <span class='ocrx_word' id='word_1_416' title='bbox 3148 1644 3177 1683; x_wconf 89' lang='lat' dir='ltr'><strong>a</strong></span> <span class='ocrx_word' id='word_1_417' title='bbox 3213 1632 3515 1695; x_wconf 82' lang='lat' dir='ltr'><strong>contrario,</strong></span> 
     </span>
    </p>
   </div>
   <div class='ocr_carea' id='block_1_60' title="bbox 1939 1714 3523 1788">
    <p class='ocr_par' dir='ltr' id='par_1_60' title="bbox 1939 1714 3523 1788">
     <span class='ocr_line' id='line_1_60' title="bbox 1939 1714 3523 1788; baseline 0.004 -20"><span class='ocrx_word' id='word_1_418' title='bbox 1939 1714 2343 1772; x_wconf 80' lang='lat' dir='ltr'><strong>transferuntur</strong></span> <span class='ocrx_word' id='word_1_419' title='bbox 2373 1719 2563 1773; x_wconf 85' lang='lat' dir='ltr'><strong>eadem</strong></span> <span class='ocrx_word' id='word_1_420' title='bbox 2593 1719 2707 1788; x_wconf 91' lang='lat' dir='ltr'><strong>ipsa</strong></span> <span class='ocrx_word' id='word_1_421' title='bbox 2738 1719 2924 1786; x_wconf 87' lang='lat' dir='ltr'><strong>verba,</strong></span> <span class='ocrx_word' id='word_1_422' title='bbox 2952 1719 3086 1775; x_wconf 88' lang='lat' dir='ltr'><strong>nihil</strong></span> <span class='ocrx_word' id='word_1_423' title='bbox 3128 1720 3183 1775; x_wconf 90' lang='lat' dir='ltr'><strong>in</strong></span> <span class='ocrx_word' id='word_1_424' title='bbox 3217 1722 3298 1775; x_wconf 91' lang='lat' dir='ltr'><strong>eis</strong></span> <span class='ocrx_word' id='word_1_425' title='bbox 3324 1722 3523 1777; x_wconf 84' lang='lat' dir='ltr'><strong>intelli-</strong></span> 
     </span>
    </p>
   </div>
   <div class='ocr_carea' id='block_1_61' title="bbox 1937 1805 3522 1880">
    <p class='ocr_par' dir='ltr' id='par_1_61' title="bbox 1937 1805 3522 1880">
     <span class='ocr_line' id='line_1_61' title="bbox 1937 1805 3522 1880; baseline 0.003 -21"><span class='ocrx_word' id='word_1_426' title='bbox 1937 1806 2191 1878; x_wconf 88' lang='lat' dir='ltr'><strong>gendum,</strong></span> <span class='ocrx_word' id='word_1_427' title='bbox 2220 1807 2321 1862; x_wconf 85' lang='lat' dir='ltr'><strong>nisi</strong></span> <span class='ocrx_word' id='word_1_428' title='bbox 2350 1808 2493 1877; x_wconf 89' lang='lat' dir='ltr'><strong>quod</strong></span> <span class='ocrx_word' id='word_1_429' title='bbox 2511 1808 2651 1864; x_wconf 87' lang='lat' dir='ltr'><strong>Deus</strong></span> <span class='ocrx_word' id='word_1_430' title='bbox 2672 1809 2727 1864; x_wconf 86' lang='lat' dir='ltr'><strong>in</strong></span> <span class='ocrx_word' id='word_1_431' title='bbox 2758 1818 3026 1874; x_wconf 85' lang='lat' dir='ltr'><strong>creatura,</strong></span> <span class='ocrx_word' id='word_1_432' title='bbox 3056 1825 3218 1879; x_wconf 86' lang='lat' dir='ltr'><strong>quam</strong></span> <span class='ocrx_word' id='word_1_433' title='bbox 3253 1805 3366 1880; x_wconf 81' lang='lat' dir='ltr'><strong>ipse</strong></span> <span class='ocrx_word' id='word_1_434' title='bbox 3391 1824 3522 1864; x_wconf 81' lang='lat' dir='ltr'><strong>con-</strong></span> 
     </span>
    </p>
   </div>
   <div class='ocr_carea' id='block_1_62' title="bbox 1940 1897 3527 1970">
    <p class='ocr_par' dir='ltr' id='par_1_62' title="bbox 1940 1897 3527 1970">
     <span class='ocr_line' id='line_1_62' title="bbox 1940 1897 3527 1970; baseline 0.001 -17"><span class='ocrx_word' id='word_1_435' title='bbox 1940 1897 2092 1962; x_wconf 88' lang='lat' dir='ltr'><strong>didit,</strong></span> <span class='ocrx_word' id='word_1_436' title='bbox 2135 1897 2252 1952; x_wconf 89' lang='lat' dir='ltr'><strong>ﬁeri</strong></span> <span class='ocrx_word' id='word_1_437' title='bbox 2293 1898 2427 1953; x_wconf 83' lang='lat' dir='ltr'><strong>sinit</strong></span> <span class='ocrx_word' id='word_1_438' title='bbox 2465 1908 2611 1954; x_wconf 91' lang='lat' dir='ltr'><strong>motu</strong></span> <span class='ocrx_word' id='word_1_439' title='bbox 2658 1898 3189 1970; x_wconf 84' lang='lat' dir='ltr'><strong>proprioliheroque</strong></span> <span class='ocrx_word' id='word_1_440' title='bbox 3238 1899 3527 1954; x_wconf 70' lang='lat' dir='ltr'><strong>rationalia</strong></span> 
     </span>
    </p>
   </div>
   <div class='ocr_carea' id='block_1_63' title="bbox 1938 1989 3518 2063">
    <p class='ocr_par' dir='ltr' id='par_1_63' title="bbox 1938 1989 3518 2063">
     <span class='ocr_line' id='line_1_63' title="bbox 1938 1989 3518 2063; baseline 0.003 -21"><span class='ocrx_word' id='word_1_441' title='bbox 1938 1997 2164 2043; x_wconf 87' lang='lat' dir='ltr'><strong>naturae</strong></span> <span class='ocrx_word' id='word_1_442' title='bbox 2188 2002 2447 2059; x_wconf 88' lang='lat' dir='ltr'><strong>perverse</strong></span> <span class='ocrx_word' id='word_1_443' title='bbox 2470 1989 2672 2045; x_wconf 91' lang='lat' dir='ltr'><strong>utentis</strong></span> <span class='ocrx_word' id='word_1_444' title='bbox 2700 1990 3037 2046; x_wconf 88' lang='lat' dir='ltr'><strong>naturalibus</strong></span> <span class='ocrx_word' id='word_1_445' title='bbox 3066 1992 3242 2056; x_wconf 89' lang='lat' dir='ltr'><strong>bonis,</strong></span> <span class='ocrx_word' id='word_1_446' title='bbox 3265 2006 3407 2063; x_wconf 85' lang='lat' dir='ltr'><strong>quae</strong></span> <span class='ocrx_word' id='word_1_447' title='bbox 3433 1990 3518 2047; x_wconf 80' lang='lat' dir='ltr'><strong>sui</strong></span> 
     </span>
    </p>
   </div>
   <div class='ocr_carea' id='block_1_64' title="bbox 1938 2077 3523 2152">
    <p class='ocr_par' dir='ltr' id='par_1_64' title="bbox 1938 2077 3523 2152">
     <span class='ocr_line' id='line_1_64' title="bbox 1938 2077 3523 2152; baseline 0.002 -19"><span class='ocrx_word' id='word_1_448' title='bbox 1938 2077 2212 2135; x_wconf 87' lang='lat' dir='ltr'><strong>Creatoris</strong></span> <span class='ocrx_word' id='word_1_449' title='bbox 2249 2079 2498 2150; x_wconf 80' lang='lat' dir='ltr'><strong>largitate</strong></span> <span class='ocrx_word' id='word_1_450' title='bbox 2535 2080 2789 2151; x_wconf 88' lang='lat' dir='ltr'><strong>suscepit.</strong></span> <span class='ocrx_word' id='word_1_451' title='bbox 2820 2081 2884 2136; x_wconf 83' lang='lat' dir='ltr'><strong>Et</strong></span> <span class='ocrx_word' id='word_1_452' title='bbox 2912 2082 3015 2137; x_wconf 90' lang='lat' dir='ltr'><strong>hoc</strong></span> <span class='ocrx_word' id='word_1_453' title='bbox 3039 2090 3123 2137; x_wconf 85' lang='lat' dir='ltr'><strong>est</strong></span> <span class='ocrx_word' id='word_1_454' title='bbox 3152 2090 3343 2148; x_wconf 92' lang='lat' dir='ltr'><strong>totum,</strong></span> <span class='ocrx_word' id='word_1_455' title='bbox 3375 2081 3523 2152; x_wconf 86' lang='lat' dir='ltr'><strong>quod</strong></span> 
     </span>
    </p>
   </div>
   <div class='ocr_carea' id='block_1_65' title="bbox 1939 2169 3524 2243">
    <p class='ocr_par' dir='ltr' id='par_1_65' title="bbox 1939 2169 3524 2243">
     <span class='ocr_line' id='line_1_65' title="bbox 1939 2169 3524 2243; baseline 0.001 -18"><span class='ocrx_word' id='word_1_456' title='bbox 1939 2170 2134 2225; x_wconf 88' lang='lat' dir='ltr'><strong>dicitur</strong></span> <span class='ocrx_word' id='word_1_457' title='bbox 2159 2170 2380 2235; x_wconf 87' lang='lat' dir='ltr'><strong>malum,</strong></span> <span class='ocrx_word' id='word_1_458' title='bbox 2417 2180 2473 2226; x_wconf 90' lang='lat' dir='ltr'><strong>et</strong></span> <span class='ocrx_word' id='word_1_459' title='bbox 2501 2185 2673 2242; x_wconf 91' lang='lat' dir='ltr'><strong>poena</strong></span> <span class='ocrx_word' id='word_1_460' title='bbox 2699 2169 2816 2241; x_wconf 85' lang='lat' dir='ltr'><strong>ejus</strong></span> <span class='ocrx_word' id='word_1_461' title='bbox 2862 2172 3007 2227; x_wconf 89' lang='lat' dir='ltr'><strong>varia</strong></span> <span class='ocrx_word' id='word_1_462' title='bbox 3030 2212 3043 2239; x_wconf 97' lang='lat'><strong>,</strong></span> <span class='ocrx_word' id='word_1_463' title='bbox 3094 2171 3524 2243; x_wconf 74' lang='lat' dir='ltr'><strong>multimodaquo</strong></span> 
     </span>
    </p>
   </div>
   <div class='ocr_carea' id='block_1_66' title="bbox 1932 2260 2179 2317">
    <p class='ocr_par' dir='ltr' id='par_1_66' title="bbox 1932 2260 2179 2317">
     <span class='ocr_line' id='line_1_66' title="bbox 1932 2260 2179 2317; baseline 0 0"><span class='ocrx_word' id='word_1_464' title='bbox 1932 2260 2179 2317; x_wconf 63' lang='lat' dir='ltr'><strong>&#39;miseria.</strong></span> 
     </span>
    </p>
   </div>
   <div class='ocr_carea' id='block_1_67' title="bbox 2010 2352 3519 2427">
    <p class='ocr_par' dir='ltr' id='par_1_67' title="bbox 2010 2352 3519 2427">
     <span class='ocr_line' id='line_1_67' title="bbox 2010 2352 3519 2427; baseline 0.004 -21"><span class='ocrx_word' id='word_1_465' title='bbox 2010 2352 2072 2407; x_wconf 93' lang='lat' dir='ltr'><strong>ll.</strong></span> <span class='ocrx_word' id='word_1_466' title='bbox 2115 2353 2249 2409; x_wconf 90' lang='lat' dir='ltr'><strong>Cum</strong></span> <span class='ocrx_word' id='word_1_467' title='bbox 2275 2368 2405 2426; x_wconf 79' lang='lat' dir='ltr'><strong>ergo</strong></span> <span class='ocrx_word' id='word_1_468' title='bbox 2435 2357 2684 2412; x_wconf 90' lang='lat' dir='ltr'><strong>audimus</strong></span> <span class='ocrx_word' id='word_1_469' title='bbox 2714 2374 2725 2410; x_wconf 90' lang='lat'>:</span> <span class='ocrx_word' id='word_1_470' title='bbox 2757 2356 3048 2426; x_wconf 87' lang='lat' dir='ltr'><strong>praescivit</strong></span> <span class='ocrx_word' id='word_1_471' title='bbox 3072 2357 3230 2421; x_wconf 87' lang='lat' dir='ltr'><strong>Deus,</strong></span> <span class='ocrx_word' id='word_1_472' title='bbox 3256 2356 3340 2411; x_wconf 87' lang='lat' dir='ltr'><strong>vel</strong></span> <span class='ocrx_word' id='word_1_473' title='bbox 3366 2370 3519 2427; x_wconf 82' lang='lat' dir='ltr'><strong>prae-</strong></span> 
     </span>
    </p>
   </div>
   <div class='ocr_carea' id='block_1_68' title="bbox 1940 2444 3520 2518">
    <p class='ocr_par' dir='ltr' id='par_1_68' title="bbox 1940 2444 3520 2518">
     <span class='ocr_line' id='line_1_68' title="bbox 1940 2444 3520 2518; baseline 0.003 -20"><span class='ocrx_word' id='word_1_474' title='bbox 1940 2444 2267 2510; x_wconf 88' lang='lat' dir='ltr'><strong>destinavit,</strong></span> <span class='ocrx_word' id='word_1_475' title='bbox 2307 2447 2388 2500; x_wconf 88' lang='lat' dir='ltr'><strong>vel</strong></span> <span class='ocrx_word' id='word_1_476' title='bbox 2437 2452 2782 2518; x_wconf 84' lang='lat' dir='ltr'><strong>praeparavit</strong></span> <span class='ocrx_word' id='word_1_477' title='bbox 2821 2458 3075 2518; x_wconf 88' lang='lat' dir='ltr'><strong>peccata,</strong></span> <span class='ocrx_word' id='word_1_478' title='bbox 3126 2464 3218 2504; x_wconf 89' lang='lat' dir='ltr'><strong>seu</strong></span> <span class='ocrx_word' id='word_1_479' title='bbox 3270 2458 3520 2515; x_wconf 88' lang='lat' dir='ltr'><strong>mortem,</strong></span> 
     </span>
    </p>
   </div>
   <div class='ocr_carea' id='block_1_69' title="bbox 1942 2537 3525 2609">
    <p class='ocr_par' dir='ltr' id='par_1_69' title="bbox 1942 2537 3525 2609">
     <span class='ocr_line' id='line_1_69' title="bbox 1942 2537 3525 2609; baseline 0.004 -18"><span class='ocrx_word' id='word_1_480' title='bbox 1942 2537 2054 2591; x_wconf 86' lang='lat' dir='ltr'><strong>sive</strong></span> <span class='ocrx_word' id='word_1_481' title='bbox 2078 2552 2281 2607; x_wconf 87' lang='lat' dir='ltr'><strong>poenas</strong></span> <span class='ocrx_word' id='word_1_482' title='bbox 2307 2554 2518 2605; x_wconf 84' lang='lat' dir='ltr'><strong>eorum,</strong></span> <span class='ocrx_word' id='word_1_483' title='bbox 2559 2554 2694 2609; x_wconf 89' lang='lat' dir='ltr'><strong>quos</strong></span> <span class='ocrx_word' id='word_1_484' title='bbox 2718 2539 2865 2609; x_wconf 90' lang='lat' dir='ltr'><strong>juste</strong></span> <span class='ocrx_word' id='word_1_485' title='bbox 2896 2541 3153 2606; x_wconf 88' lang='lat' dir='ltr'><strong>deseruit,</strong></span> <span class='ocrx_word' id='word_1_486' title='bbox 3190 2542 3240 2595; x_wconf 91' lang='lat' dir='ltr'><strong>id</strong></span> <span class='ocrx_word' id='word_1_487' title='bbox 3291 2550 3394 2604; x_wconf 87' lang='lat' dir='ltr'><strong>est,</strong></span> <span class='ocrx_word' id='word_1_488' title='bbox 3426 2557 3525 2597; x_wconf 81' lang='lat' dir='ltr'><strong>sua</strong></span> 
     </span>
    </p>
   </div>
   <div class='ocr_carea' id='block_1_70' title="bbox 1944 2627 3524 2699">
    <p class='ocr_par' dir='ltr' id='par_1_70' title="bbox 1944 2627 3524 2699">
     <span class='ocr_line' id='line_1_70' title="bbox 1944 2627 3524 2699; baseline 0.003 -19"><span class='ocrx_word' id='word_1_489' title='bbox 1944 2627 2154 2697; x_wconf 88' lang='lat' dir='ltr'><strong>propria</strong></span> <span class='ocrx_word' id='word_1_490' title='bbox 2175 2628 2530 2697; x_wconf 81' lang='lat' dir='ltr'><strong>perversitate</strong></span> <span class='ocrx_word' id='word_1_491' title='bbox 2549 2629 2727 2698; x_wconf 89' lang='lat' dir='ltr'><strong>puniri</strong></span> <span class='ocrx_word' id='word_1_492' title='bbox 2773 2629 3022 2699; x_wconf 83' lang='lat' dir='ltr'><strong>permisit</strong></span> <span class='ocrx_word' id='word_1_493' title='bbox 3047 2630 3092 2695; x_wconf 82' lang='lat'><strong>&#39;,</strong></span> <span class='ocrx_word' id='word_1_494' title='bbox 3107 2630 3374 2685; x_wconf 90' lang='lat' dir='ltr'><strong>omniuoe</strong></span> <span class='ocrx_word' id='word_1_495' title='bbox 3394 2645 3524 2685; x_wconf 88' lang='lat' dir='ltr'><strong>con-</strong></span> 
     </span>
    </p>
   </div>
   <div class='ocr_carea' id='block_1_71' title="bbox 1946 2714 3526 2789">
    <p class='ocr_par' dir='ltr' id='par_1_71' title="bbox 1946 2714 3526 2789">
     <span class='ocr_line' id='line_1_71' title="bbox 1946 2714 3526 2789; baseline 0.003 -21"><span class='ocrx_word' id='word_1_496' title='bbox 1946 2715 2115 2770; x_wconf 90' lang='lat' dir='ltr'><strong>trario</strong></span> <span class='ocrx_word' id='word_1_497' title='bbox 2135 2716 2433 2788; x_wconf 85' lang='lat' dir='ltr'><strong>intelligere</strong></span> <span class='ocrx_word' id='word_1_498' title='bbox 2457 2714 2739 2783; x_wconf 86' lang='lat' dir='ltr'><strong>debemus,</strong></span> <span class='ocrx_word' id='word_1_499' title='bbox 2769 2732 2838 2774; x_wconf 94' lang='lat' dir='ltr'><strong>ne</strong></span> <span class='ocrx_word' id='word_1_500' title='bbox 2858 2734 2958 2773; x_wconf 88' lang='lat' dir='ltr'><strong>nos</strong></span> <span class='ocrx_word' id='word_1_501' title='bbox 2990 2719 3259 2774; x_wconf 83' lang='lat' dir='ltr'><strong>haeretica</strong></span> <span class='ocrx_word' id='word_1_502' title='bbox 3288 2719 3526 2789; x_wconf 80' lang='lat' dir='ltr'><strong>pravitas</strong></span> 
     </span>
    </p>
   </div>
   <div class='ocr_carea' id='block_1_72' title="bbox 1945 2807 3525 2876">
    <p class='ocr_par' dir='ltr' id='par_1_72' title="bbox 1945 2807 3525 2876">
     <span class='ocr_line' id='line_1_72' title="bbox 1945 2807 3525 2876; baseline -0.001 -15"><span class='ocrx_word' id='word_1_503' title='bbox 1945 2808 2197 2873; x_wconf 88' lang='lat' dir='ltr'><strong>seducat,</strong></span> <span class='ocrx_word' id='word_1_504' title='bbox 2228 2821 2369 2876; x_wconf 91' lang='lat' dir='ltr'><strong>quae</strong></span> <span class='ocrx_word' id='word_1_505' title='bbox 2411 2807 2607 2863; x_wconf 90' lang='lat' dir='ltr'><strong>talibus</strong></span> <span class='ocrx_word' id='word_1_506' title='bbox 2635 2808 2815 2863; x_wconf 89' lang='lat' dir='ltr'><strong>verbis</strong></span> <span class='ocrx_word' id='word_1_507' title='bbox 2865 2808 3006 2863; x_wconf 86' lang='lat' dir='ltr'><strong>male</strong></span> <span class='ocrx_word' id='word_1_508' title='bbox 3055 2817 3214 2863; x_wconf 91' lang='lat' dir='ltr'><strong>utens</strong></span> <span class='ocrx_word' id='word_1_509' title='bbox 3259 2808 3525 2876; x_wconf 74' lang='lat' dir='ltr'><strong>originem</strong></span> 
     </span>
    </p>
   </div>
   <div class='ocr_carea' id='block_1_73' title="bbox 1945 2898 3526 2969">
    <p class='ocr_par' dir='ltr' id='par_1_73' title="bbox 1945 2898 3526 2969">
     <span class='ocr_line' id='line_1_73' title="bbox 1945 2898 3526 2969; baseline -0.002 -14"><span class='ocrx_word' id='word_1_510' title='bbox 1945 2898 2191 2969; x_wconf 90' lang='lat' dir='ltr'><strong>sumpsit.</strong></span> <span class='ocrx_word' id='word_1_511' title='bbox 2230 2899 2345 2954; x_wconf 81' lang='lat' dir='ltr'><strong>Non</strong></span> <span class='ocrx_word' id='word_1_512' title='bbox 2371 2899 2516 2953; x_wconf 90' lang='lat' dir='ltr'><strong>enim</strong></span> <span class='ocrx_word' id='word_1_513' title='bbox 2556 2898 2739 2954; x_wconf 88' lang='lat' dir='ltr'><strong>vident</strong></span> <span class='ocrx_word' id='word_1_514' title='bbox 2783 2898 2961 2953; x_wconf 91' lang='lat' dir='ltr'><strong>lumen</strong></span> <span class='ocrx_word' id='word_1_515' title='bbox 2989 2899 3269 2953; x_wconf 84' lang='lat' dir='ltr'><strong>oculorum</strong></span> <span class='ocrx_word' id='word_1_516' title='bbox 3300 2898 3526 2953; x_wconf 90' lang='lat' dir='ltr'><strong>interio-</strong></span> 
     </span>
    </p>
   </div>
   <div class='ocr_carea' id='block_1_74' title="bbox 1946 2989 3522 3060">
    <p class='ocr_par' dir='ltr' id='par_1_74' title="bbox 1946 2989 3522 3060">
     <span class='ocr_line' id='line_1_74' title="bbox 1946 2989 3522 3060; baseline 0 -16"><span class='ocrx_word' id='word_1_517' title='bbox 1946 3005 2065 3044; x_wconf 89' lang='lat' dir='ltr'><strong>rum</strong></span> <span class='ocrx_word' id='word_1_518' title='bbox 2092 2990 2411 3060; x_wconf 85' lang='lat' dir='ltr'><strong>pcndentes,</strong></span> <span class='ocrx_word' id='word_1_519' title='bbox 2438 2989 2581 3058; x_wconf 88' lang='lat' dir='ltr'><strong>quod</strong></span> <span class='ocrx_word' id='word_1_520' title='bbox 2610 3003 2772 3043; x_wconf 92' lang='lat' dir='ltr'><strong>omne</strong></span> <span class='ocrx_word' id='word_1_521' title='bbox 2804 2989 3002 3044; x_wconf 90' lang='lat' dir='ltr'><strong>malum</strong></span> <span class='ocrx_word' id='word_1_522' title='bbox 3037 3003 3290 3060; x_wconf 88' lang='lat' dir='ltr'><strong>perversa</strong></span> <span class='ocrx_word' id='word_1_523' title='bbox 3334 2990 3522 3044; x_wconf 89' lang='lat' dir='ltr'><strong>volun-</strong></span> 
     </span>
    </p>
   </div>
   <div class='ocr_carea' id='block_1_75' title="bbox 1951 3081 3522 3139">
    <p class='ocr_par' dir='ltr' id='par_1_75' title="bbox 1951 3081 3522 3139">
     <span class='ocr_line' id='line_1_75' title="bbox 1951 3081 3522 3139; baseline 0.001 -3"><span class='ocrx_word' id='word_1_524' title='bbox 1951 3092 2060 3137; x_wconf 86' lang='lat' dir='ltr'><strong>tate</strong></span> <span class='ocrx_word' id='word_1_525' title='bbox 2086 3083 2416 3137; x_wconf 88' lang='lat' dir='ltr'><strong>descendens</strong></span> <span class='ocrx_word' id='word_1_526' title='bbox 2443 3081 2575 3136; x_wconf 87' lang='lat' dir='ltr'><strong>nihil</strong></span> <span class='ocrx_word' id='word_1_527' title='bbox 2607 3082 2696 3136; x_wconf 91' lang='lat' dir='ltr'><strong>sit.</strong></span> <span class='ocrx_word' id='word_1_528' title='bbox 2728 3081 2799 3138; x_wconf 90' lang='lat' dir='ltr'><strong>Ut</strong></span> <span class='ocrx_word' id='word_1_529' title='bbox 2827 3084 3073 3136; x_wconf 88' lang='lat' dir='ltr'><strong>omittam</strong></span> <span class='ocrx_word' id='word_1_530' title='bbox 3100 3082 3227 3137; x_wconf 85' lang='lat' dir='ltr'><strong>illud</strong></span> <span class='ocrx_word' id='word_1_531' title='bbox 3258 3082 3522 3139; x_wconf 88' lang='lat' dir='ltr'><strong>malorum</strong></span> 
     </span>
    </p>
   </div>
   <div class='ocr_carea' id='block_1_76' title="bbox 1949 3172 3539 3243">
    <p class='ocr_par' dir='ltr' id='par_1_76' title="bbox 1949 3172 3539 3243">
     <span class='ocr_line' id='line_1_76' title="bbox 1949 3172 3539 3243; baseline 0.001 -16"><span class='ocrx_word' id='word_1_532' title='bbox 1949 3188 2149 3243; x_wconf 86' lang='lat' dir='ltr'><strong>genus,</strong></span> <span class='ocrx_word' id='word_1_533' title='bbox 2196 3174 2339 3243; x_wconf 87' lang='lat' dir='ltr'><strong>quod</strong></span> <span class='ocrx_word' id='word_1_534' title='bbox 2384 3172 2573 3228; x_wconf 89' lang='lat' dir='ltr'><strong>eadem</strong></span> <span class='ocrx_word' id='word_1_535' title='bbox 2616 3172 3015 3228; x_wconf 83' lang='lat' dir='ltr'><strong>contrarietatis</strong></span> <span class='ocrx_word' id='word_1_536' title='bbox 3058 3173 3240 3243; x_wconf 88' lang='lat' dir='ltr'><strong>regula</strong></span> <span class='ocrx_word' id='word_1_537' title='bbox 3279 3173 3478 3228; x_wconf 85' lang='lat' dir='ltr'><strong>malum</strong></span> <span class='ocrx_word' id='word_1_538' title='bbox 3503 3176 3539 3213; x_wconf 74' lang='grc' dir='ltr'>ἰ</span> 
     </span>
    </p>
   </div>
   <div class='ocr_carea' id='block_1_77' title="bbox 1950 3265 3528 3336">
    <p class='ocr_par' dir='ltr' id='par_1_77' title="bbox 1950 3265 3528 3336">
     <span class='ocr_line' id='line_1_77' title="bbox 1950 3265 3528 3336; baseline -0.001 -15"><span class='ocrx_word' id='word_1_539' title='bbox 1950 3267 2166 3330; x_wconf 87' lang='lat' dir='ltr'><strong>dicitur,</strong></span> <span class='ocrx_word' id='word_1_540' title='bbox 2193 3282 2317 3322; x_wconf 89' lang='lat' dir='ltr'><strong>cum</strong></span> <span class='ocrx_word' id='word_1_541' title='bbox 2352 3265 2674 3321; x_wconf 90' lang='lat' dir='ltr'><strong>naturaliter</strong></span> <span class='ocrx_word' id='word_1_542' title='bbox 2696 3266 2768 3321; x_wconf 89' lang='lat' dir='ltr'><strong>sit</strong></span> <span class='ocrx_word' id='word_1_543' title='bbox 2787 3265 3016 3330; x_wconf 88' lang='lat' dir='ltr'><strong>bonum;</strong></span> <span class='ocrx_word' id='word_1_544' title='bbox 3047 3277 3106 3319; x_wconf 89' lang='lat' dir='ltr'><strong>ut</strong></span> <span class='ocrx_word' id='word_1_545' title='bbox 3148 3275 3231 3321; x_wconf 90' lang='lat' dir='ltr'><strong>est</strong></span> <span class='ocrx_word' id='word_1_546' title='bbox 3260 3266 3399 3336; x_wconf 81' lang='lat' dir='ltr'><strong>ignis</strong></span> <span class='ocrx_word' id='word_1_547' title='bbox 3438 3265 3528 3320; x_wconf 79' lang='lat' dir='ltr'><strong>ille</strong></span> 
     </span>
    </p>
   </div>
   <div class='ocr_carea' id='block_1_78' title="bbox 1947 3350 3530 3429">
    <p class='ocr_par' dir='ltr' id='par_1_78' title="bbox 1947 3350 3530 3429">
     <span class='ocr_line' id='line_1_78' title="bbox 1947 3350 3530 3429; baseline -0.002 -16"><span class='ocrx_word' id='word_1_548' title='bbox 1947 3368 2219 3425; x_wconf 88' lang='lat' dir='ltr'><strong>aeternus,</strong></span> <span class='ocrx_word' id='word_1_549' title='bbox 2256 3359 2346 3428; x_wconf 91' lang='lat' dir='ltr'><strong>qni</strong></span> <span class='ocrx_word' id='word_1_550' title='bbox 2383 3350 2863 3429; x_wconf 86' lang='lat' dir='ltr'><strong>praeparatusest</strong></span> <span class='ocrx_word' id='word_1_551' title='bbox 2907 3355 3119 3412; x_wconf 86' lang='lat' dir='ltr'><strong>diabolo</strong></span> <span class='ocrx_word' id='word_1_552' title='bbox 3158 3355 3530 3426; x_wconf 86' lang='lat' dir='ltr'><strong>ministrisque</strong></span> 
     </span>
    </p>
   </div>
   <div class='ocr_carea' id='block_1_79' title="bbox 1946 3447 3537 3520">
    <p class='ocr_par' dir='ltr' id='par_1_79' title="bbox 1946 3447 3537 3520">
     <span class='ocr_line' id='line_1_79' title="bbox 1946 3447 3537 3520; baseline 0.001 -18"><span class='ocrx_word' id='word_1_553' title='bbox 1946 3451 2082 3520; x_wconf 85' lang='lat' dir='ltr'><strong>ejus.</strong></span> <span class='ocrx_word' id='word_1_554' title='bbox 2125 3451 2316 3506; x_wconf 86' lang='lat' dir='ltr'><strong>Cetera</strong></span> <span class='ocrx_word' id='word_1_555' title='bbox 2366 3450 2568 3514; x_wconf 88' lang='lat' dir='ltr'><strong>omnia,</strong></span> <span class='ocrx_word' id='word_1_556' title='bbox 2624 3463 2765 3519; x_wconf 88' lang='lat' dir='ltr'><strong>quae</strong></span> <span class='ocrx_word' id='word_1_557' title='bbox 2810 3448 3027 3519; x_wconf 87' lang='lat' dir='ltr'><strong>proprie</strong></span> <span class='ocrx_word' id='word_1_558' title='bbox 3055 3456 3320 3503; x_wconf 89' lang='lat' dir='ltr'><strong>vocantur</strong></span> <span class='ocrx_word' id='word_1_559' title='bbox 3356 3447 3537 3513; x_wconf 63' lang='lat' dir='ltr'><strong>mala,</strong></span> 
     </span>
    </p>
   </div>
   <div class='ocr_carea' id='block_1_80' title="bbox 1948 3538 3528 3611">
    <p class='ocr_par' dir='ltr' id='par_1_80' title="bbox 1948 3538 3528 3611">
     <span class='ocr_line' id='line_1_80' title="bbox 1948 3538 3528 3611; baseline -0.003 -13"><span class='ocrx_word' id='word_1_560' title='bbox 1948 3556 2160 3611; x_wconf 87' lang='lat' dir='ltr'><strong>unaque</strong></span> <span class='ocrx_word' id='word_1_561' title='bbox 2215 3540 2280 3595; x_wconf 88' lang='lat' dir='ltr'><strong>de</strong></span> <span class='ocrx_word' id='word_1_562' title='bbox 2324 3555 2489 3597; x_wconf 88' lang='lat' dir='ltr'><strong>causa</strong></span> <span class='ocrx_word' id='word_1_563' title='bbox 2534 3541 2810 3596; x_wconf 87' lang='lat' dir='ltr'><strong>nascentia</strong></span> <span class='ocrx_word' id='word_1_564' title='bbox 2835 3580 2850 3606; x_wconf 95' lang='lat'><strong>,</strong></span> <span class='ocrx_word' id='word_1_565' title='bbox 2907 3553 3163 3610; x_wconf 85' lang='lat' dir='ltr'><strong>perverso</strong></span> <span class='ocrx_word' id='word_1_566' title='bbox 3211 3538 3437 3605; x_wconf 86' lang='lat' dir='ltr'><strong>scilicet,</strong></span> <span class='ocrx_word' id='word_1_567' title='bbox 3468 3548 3528 3594; x_wconf 91' lang='lat' dir='ltr'><strong>ut</strong></span> 
     </span>
    </p>
   </div>
   <div class='ocr_carea' id='block_1_81' title="bbox 1945 3626 3524 3704">
    <p class='ocr_par' dir='ltr' id='par_1_81' title="bbox 1945 3626 3524 3704">
     <span class='ocr_line' id='line_1_81' title="bbox 1945 3626 3524 3704; baseline -0.003 -15"><span class='ocrx_word' id='word_1_568' title='bbox 1945 3649 2106 3704; x_wconf 84' lang='lat' dir='ltr'><strong>saepe</strong></span> <span class='ocrx_word' id='word_1_569' title='bbox 2125 3633 2329 3689; x_wconf 91' lang='lat' dir='ltr'><strong>dictum</strong></span> <span class='ocrx_word' id='word_1_570' title='bbox 2359 3641 2458 3698; x_wconf 89' lang='lat' dir='ltr'><strong>est,</strong></span> <span class='ocrx_word' id='word_1_571' title='bbox 2487 3626 2637 3689; x_wconf 81' lang='lat' dir='ltr'><strong>motu</strong></span> <span class='ocrx_word' id='word_1_572' title='bbox 2658 3633 2860 3691; x_wconf 88' lang='lat' dir='ltr'><strong>liberae</strong></span> <span class='ocrx_word' id='word_1_573' title='bbox 2891 3630 3204 3698; x_wconf 85' lang='lat' dir='ltr'><strong>voluntatis,</strong></span> <span class='ocrx_word' id='word_1_574' title='bbox 3232 3631 3524 3697; x_wconf 81' lang='lat' dir='ltr'><strong>mutabilis,</strong></span> 
     </span>
    </p>
   </div>
   <div class='ocr_carea' id='block_1_82' title="bbox 1946 3726 3518 3797">
    <p class='ocr_par' dir='ltr' id='par_1_82' title="bbox 1946 3726 3518 3797">
     <span class='ocr_line' id='line_1_82' title="bbox 1946 3726 3518 3797; baseline -0.002 -14"><span class='ocrx_word' id='word_1_575' title='bbox 1946 3729 2244 3785; x_wconf 85' lang='lat' dir='ltr'><strong>avertentis</strong></span> <span class='ocrx_word' id='word_1_576' title='bbox 2275 3743 2332 3785; x_wconf 89' lang='lat' dir='ltr'><strong>se</strong></span> <span class='ocrx_word' id='word_1_577' title='bbox 2363 3744 2392 3783; x_wconf 90' lang='lat' dir='ltr'><strong>a</strong></span> <span class='ocrx_word' id='word_1_578' title='bbox 2417 3727 2699 3795; x_wconf 89' lang='lat' dir='ltr'><strong>Creatore,</strong></span> <span class='ocrx_word' id='word_1_579' title='bbox 2731 3727 2981 3797; x_wconf 89' lang='lat' dir='ltr'><strong>maleque</strong></span> <span class='ocrx_word' id='word_1_580' title='bbox 3011 3726 3212 3782; x_wconf 88' lang='lat' dir='ltr'><strong>utentis</strong></span> <span class='ocrx_word' id='word_1_581' title='bbox 3245 3734 3518 3789; x_wconf 90' lang='lat' dir='ltr'><strong>creatura,</strong></span> 
     </span>
    </p>
   </div>
   <div class='ocr_carea' id='block_1_83' title="bbox 1945 3816 3528 3888">
    <p class='ocr_par' dir='ltr' id='par_1_83' title="bbox 1945 3816 3528 3888">
     <span class='ocr_line' id='line_1_83' title="bbox 1945 3816 3528 3888; baseline -0.003 -15"><span class='ocrx_word' id='word_1_582' title='bbox 1945 3820 2087 3874; x_wconf 89' lang='lat' dir='ltr'><strong>inter</strong></span> <span class='ocrx_word' id='word_1_583' title='bbox 2114 3819 2247 3874; x_wconf 90' lang='lat' dir='ltr'><strong>duos</strong></span> <span class='ocrx_word' id='word_1_584' title='bbox 2277 3817 2535 3874; x_wconf 86' lang='lat' dir='ltr'><strong>terminos</strong></span> <span class='ocrx_word' id='word_1_585' title='bbox 2560 3816 2918 3888; x_wconf 85' lang='lat' dir='ltr'><strong>colliguntur;</strong></span> <span class='ocrx_word' id='word_1_586' title='bbox 2959 3829 3190 3885; x_wconf 86' lang='lat' dir='ltr'><strong>quorum</strong></span> <span class='ocrx_word' id='word_1_587' title='bbox 3233 3828 3373 3869; x_wconf 80' lang='lat' dir='ltr'><strong>unus</strong></span> <span class='ocrx_word' id='word_1_588' title='bbox 3403 3828 3528 3884; x_wconf 84' lang='lat' dir='ltr'><strong>pec-</strong></span> 
     </span>
    </p>
   </div>
   <div class='ocr_carea' id='block_1_84' title="bbox 1944 3907 2783 3980">
    <p class='ocr_par' dir='ltr' id='par_1_84' title="bbox 1944 3907 2783 3980">
     <span class='ocr_line' id='line_1_84' title="bbox 1944 3907 2783 3980; baseline -0.004 -16"><span class='ocrx_word' id='word_1_589' title='bbox 1944 3918 2146 3975; x_wconf 87' lang='lat' dir='ltr'><strong>catum,</strong></span> <span class='ocrx_word' id='word_1_590' title='bbox 2178 3909 2316 3964; x_wconf 89' lang='lat' dir='ltr'><strong>alter</strong></span> <span class='ocrx_word' id='word_1_591' title='bbox 2341 3923 2514 3980; x_wconf 86' lang='lat' dir='ltr'><strong>poena</strong></span> <span class='ocrx_word' id='word_1_592' title='bbox 2538 3907 2655 3978; x_wconf 87' lang='lat' dir='ltr'><strong>ejus</strong></span> <span class='ocrx_word' id='word_1_593' title='bbox 2681 3915 2783 3964; x_wconf 90' lang='lat' dir='ltr'><strong>est.</strong></span> 
     </span>
    </p>
   </div>
   <div class='ocr_carea' id='block_1_85' title="bbox 2012 3998 3532 4070">
    <p class='ocr_par' dir='ltr' id='par_1_85' title="bbox 2012 3998 3532 4070">
     <span class='ocr_line' id='line_1_85' title="bbox 2012 3998 3532 4070; baseline -0.003 -16"><span class='ocrx_word' id='word_1_594' title='bbox 2012 3999 2097 4054; x_wconf 89' lang='lat' dir='ltr'><strong>lll.</strong></span> <span class='ocrx_word' id='word_1_595' title='bbox 2138 3999 2311 4056; x_wconf 86' lang='lat' dir='ltr'><strong>Omne</strong></span> <span class='ocrx_word' id='word_1_596' title='bbox 2364 4000 2530 4070; x_wconf 85' lang='lat' dir='ltr'><strong>igitur</strong></span> <span class='ocrx_word' id='word_1_597' title='bbox 2572 3998 2772 4054; x_wconf 89' lang='lat' dir='ltr'><strong>malum</strong></span> <span class='ocrx_word' id='word_1_598' title='bbox 2819 4006 2913 4053; x_wconf 90' lang='lat' dir='ltr'><strong>aut</strong></span> <span class='ocrx_word' id='word_1_599' title='bbox 2954 4006 3235 4069; x_wconf 89' lang='lat' dir='ltr'><strong>peccatum</strong></span> <span class='ocrx_word' id='word_1_600' title='bbox 3282 4004 3386 4062; x_wconf 90' lang='lat' dir='ltr'><strong>est,</strong></span> <span class='ocrx_word' id='word_1_601' title='bbox 3434 4004 3532 4050; x_wconf 72' lang='lat' dir='ltr'><strong>aut</strong></span> 
     </span>
    </p>
   </div>
   <div class='ocr_carea' id='block_1_86' title="bbox 1942 4084 3530 4161">
    <p class='ocr_par' dir='ltr' id='par_1_86' title="bbox 1942 4084 3530 4161">
     <span class='ocr_line' id='line_1_86' title="bbox 1942 4084 3530 4161; baseline -0.005 -16"><span class='ocrx_word' id='word_1_602' title='bbox 1942 4105 2113 4160; x_wconf 87' lang='lat' dir='ltr'><strong>poena</strong></span> <span class='ocrx_word' id='word_1_603' title='bbox 2138 4089 2366 4161; x_wconf 87' lang='lat' dir='ltr'><strong>peccati.</strong></span> <span class='ocrx_word' id='word_1_604' title='bbox 2413 4088 2565 4156; x_wconf 85' lang='lat' dir='ltr'><strong>Quae</strong></span> <span class='ocrx_word' id='word_1_605' title='bbox 2605 4090 2711 4143; x_wconf 92' lang='lat' dir='ltr'><strong>duo</strong></span> <span class='ocrx_word' id='word_1_606' title='bbox 2759 4089 2805 4143; x_wconf 92' lang='lat' dir='ltr'><strong>si</strong></span> <span class='ocrx_word' id='word_1_607' title='bbox 2850 4087 2995 4142; x_wconf 87' lang='lat' dir='ltr'><strong>nulla</strong></span> <span class='ocrx_word' id='word_1_608' title='bbox 3040 4088 3183 4142; x_wconf 84' lang='lat' dir='ltr'><strong>ratio</strong></span> <span class='ocrx_word' id='word_1_609' title='bbox 3225 4099 3352 4141; x_wconf 84' lang='lat' dir='ltr'><strong>vera</strong></span> <span class='ocrx_word' id='word_1_610' title='bbox 3398 4084 3530 4139; x_wconf 88' lang='lat' dir='ltr'><strong>sinit</strong></span> 
     </span>
    </p>
   </div>
   <div class='ocr_carea' id='block_1_87' title="bbox 1945 4175 3529 4252">
    <p class='ocr_par' dir='ltr' id='par_1_87' title="bbox 1945 4175 3529 4252">
     <span class='ocr_line' id='line_1_87' title="bbox 1945 4175 3529 4252; baseline -0.007 -12"><span class='ocrx_word' id='word_1_611' title='bbox 1945 4184 2111 4239; x_wconf 89' lang='lat' dir='ltr'><strong>Deum</strong></span> <span class='ocrx_word' id='word_1_612' title='bbox 2154 4181 2450 4252; x_wconf 87' lang='lat' dir='ltr'><strong>praescire,</strong></span> <span class='ocrx_word' id='word_1_613' title='bbox 2492 4188 2695 4249; x_wconf 87' lang='lat' dir='ltr'><strong>quanto</strong></span> <span class='ocrx_word' id='word_1_614' title='bbox 2740 4177 3363 4250; x_wconf 85' lang='lat' dir='ltr'><strong>magispraedestinare</strong></span> <span class='ocrx_word' id='word_1_615' title='bbox 3406 4175 3529 4243; x_wconf 83' lang='lat' dir='ltr'><strong>quis</strong></span> 
     </span>
    </p>
   </div>
   <div class='ocr_carea' id='block_1_88' title="bbox 1941 4264 3528 4337">
    <p class='ocr_par' dir='ltr' id='par_1_88' title="bbox 1941 4264 3528 4337">
     <span class='ocr_line' id='line_1_88' title="bbox 1941 4264 3528 4337; baseline -0.006 -9"><span class='ocrx_word' id='word_1_616' title='bbox 1941 4274 2138 4328; x_wconf 88' lang='lat' dir='ltr'><strong>audeat</strong></span> <span class='ocrx_word' id='word_1_617' title='bbox 2159 4272 2359 4336; x_wconf 89' lang='lat' dir='ltr'><strong>dicere,</strong></span> <span class='ocrx_word' id='word_1_618' title='bbox 2390 4271 2489 4326; x_wconf 88' lang='lat' dir='ltr'><strong>nisi</strong></span> <span class='ocrx_word' id='word_1_619' title='bbox 2518 4286 2549 4326; x_wconf 93' lang='lat' dir='ltr'><strong>e</strong></span> <span class='ocrx_word' id='word_1_620' title='bbox 2568 4269 2880 4326; x_wconf 84' lang='lat' dir='ltr'><strong>contrario?</strong></span> <span class='ocrx_word' id='word_1_621' title='bbox 2903 4268 3041 4337; x_wconf 78' lang='lat' dir='ltr'><strong>Quid</strong></span> <span class='ocrx_word' id='word_1_622' title='bbox 3068 4267 3248 4324; x_wconf 87' lang='lat' dir='ltr'><strong>enim?</strong></span> <span class='ocrx_word' id='word_1_623' title='bbox 3275 4264 3528 4334; x_wconf 83' lang='lat' dir='ltr'><strong>Nunquid</strong></span> 
     </span>
    </p>
   </div>
   <div class='ocr_carea' id='block_1_89' title="bbox 1939 4359 3525 4434">
    <p class='ocr_par' dir='ltr' id='par_1_89' title="bbox 1939 4359 3525 4434">
     <span class='ocr_line' id='line_1_89' title="bbox 1939 4359 3525 4434; baseline -0.005 -15"><span class='ocrx_word' id='word_1_624' title='bbox 1939 4378 2228 4434; x_wconf 90' lang='lat' dir='ltr'><strong>possumus</strong></span> <span class='ocrx_word' id='word_1_625' title='bbox 2267 4371 2415 4419; x_wconf 89' lang='lat' dir='ltr'><strong>recte</strong></span> <span class='ocrx_word' id='word_1_626' title='bbox 2457 4363 2660 4418; x_wconf 88' lang='lat' dir='ltr'><strong>sentire</strong></span> <span class='ocrx_word' id='word_1_627' title='bbox 2709 4362 2776 4418; x_wconf 87' lang='lat' dir='ltr'><strong>de</strong></span> <span class='ocrx_word' id='word_1_628' title='bbox 2801 4361 2937 4426; x_wconf 89' lang='lat' dir='ltr'><strong>Deo,</strong></span> <span class='ocrx_word' id='word_1_629' title='bbox 2964 4360 3055 4431; x_wconf 88' lang='lat' dir='ltr'><strong>qui</strong></span> <span class='ocrx_word' id='word_1_630' title='bbox 3098 4359 3243 4415; x_wconf 85' lang='lat' dir='ltr'><strong>solus</strong></span> <span class='ocrx_word' id='word_1_631' title='bbox 3266 4364 3371 4414; x_wconf 85' lang='lat' dir='ltr'><strong>est</strong></span> <span class='ocrx_word' id='word_1_632' title='bbox 3399 4372 3525 4412; x_wconf 88' lang='lat' dir='ltr'><strong>vera</strong></span> 
     </span>
    </p>
   </div>
   <div class='ocr_carea' id='block_1_90' title="bbox 1938 4451 3523 4525">
    <p class='ocr_par' dir='ltr' id='par_1_90' title="bbox 1938 4451 3523 4525">
     <span class='ocr_line' id='line_1_90' title="bbox 1938 4451 3523 4525; baseline -0.006 -13"><span class='ocrx_word' id='word_1_633' title='bbox 1938 4455 2194 4521; x_wconf 88' lang='lat' dir='ltr'><strong>essentia,</strong></span> <span class='ocrx_word' id='word_1_634' title='bbox 2246 4455 2339 4525; x_wconf 89' lang='lat' dir='ltr'><strong>qui</strong></span> <span class='ocrx_word' id='word_1_635' title='bbox 2387 4454 2517 4510; x_wconf 78' lang='lat' dir='ltr'><strong>fecit</strong></span> <span class='ocrx_word' id='word_1_636' title='bbox 2568 4453 2771 4519; x_wconf 92' lang='lat' dir='ltr'><strong>omnia,</strong></span> <span class='ocrx_word' id='word_1_637' title='bbox 2820 4467 2958 4523; x_wconf 87' lang='lat' dir='ltr'><strong>quae</strong></span> <span class='ocrx_word' id='word_1_638' title='bbox 2983 4458 3130 4516; x_wconf 89' lang='lat' dir='ltr'><strong>sunt,</strong></span> <span class='ocrx_word' id='word_1_639' title='bbox 3177 4451 3233 4505; x_wconf 90' lang='lat' dir='ltr'><strong>in</strong></span> <span class='ocrx_word' id='word_1_640' title='bbox 3260 4457 3523 4519; x_wconf 89' lang='lat' dir='ltr'><strong>quantum</strong></span> 
     </span>
    </p>
   </div>
   <div class='ocr_carea' id='block_1_91' title="bbox 330 4518 3524 4633">
    <p class='ocr_par' dir='ltr' id='par_1_91' title="bbox 330 4518 3524 4633">
     <span class='ocr_line' id='line_1_91' title="bbox 330 4518 3524 4633; baseline 0.003 -48"><span class='ocrx_word' id='word_1_641' title='bbox 330 4518 410 4572; x_wconf 76' lang='lat' dir='ltr'><strong>vel</strong></span> <span class='ocrx_word' id='word_1_642' title='bbox 437 4531 677 4589; x_wconf 68' lang='lat' dir='ltr'><strong>mortem.</strong></span> <span class='ocrx_word' id='word_1_643' title='bbox 709 4518 786 4578; x_wconf 74' lang='grc' dir='ltr'><strong>ι’ἐι</strong></span> <span class='ocrx_word' id='word_1_644' title='bbox 819 4518 1331 4595; x_wconf 7' lang='grc' dir='ltr'><strong>ροεηαεήιιοηιίὶηιηι.</strong></span> <span class='ocrx_word' id='word_1_645' title='bbox 1364 4531 1441 4584; x_wconf 74' lang='grc' dir='ltr'><strong>νει</strong></span> <span class='ocrx_word' id='word_1_646' title='bbox 1470 4518 1796 4603; x_wconf 48' lang='lat' dir='ltr'><strong>angelorum.</strong></span> <span class='ocrx_word' id='word_1_647' title='bbox 1824 4518 1836 4529; x_wconf 84' lang='grc'><em>’</em></span> <span class='ocrx_word' id='word_1_648' title='bbox 1870 4574 1921 4633; x_wconf 75' lang='lat' dir='ltr'><strong>D</strong></span> <span class='ocrx_word' id='word_1_649' title='bbox 1947 4555 2090 4612; x_wconf 83' lang='lat' dir='ltr'><strong>sunt,</strong></span> <span class='ocrx_word' id='word_1_650' title='bbox 2118 4518 2326 4610; x_wconf 76' lang='lat' dir='ltr'><strong>eorum,</strong></span> <span class='ocrx_word' id='word_1_651' title='bbox 2355 4561 2494 4615; x_wconf 88' lang='lat' dir='ltr'><strong>quae</strong></span> <span class='ocrx_word' id='word_1_652' title='bbox 2516 4560 2616 4600; x_wconf 91' lang='lat' dir='ltr'><strong>nec</strong></span> <span class='ocrx_word' id='word_1_653' title='bbox 2645 4545 2760 4615; x_wconf 90' lang='lat' dir='ltr'><strong>ipse</strong></span> <span class='ocrx_word' id='word_1_654' title='bbox 2787 4518 2894 4608; x_wconf 62' lang='lat' dir='ltr'><strong>es],</strong></span> <span class='ocrx_word' id='word_1_655' title='bbox 2916 4558 3015 4599; x_wconf 89' lang='lat' dir='ltr'><strong>nec</strong></span> <span class='ocrx_word' id='word_1_656' title='bbox 3041 4543 3109 4597; x_wconf 90' lang='lat' dir='ltr'><strong>ab</strong></span> <span class='ocrx_word' id='word_1_657' title='bbox 3135 4556 3200 4597; x_wconf 91' lang='lat' dir='ltr'><strong>eo</strong></span> <span class='ocrx_word' id='word_1_658' title='bbox 3223 4548 3367 4605; x_wconf 90' lang='lat' dir='ltr'><strong>sunt,</strong></span> <span class='ocrx_word' id='word_1_659' title='bbox 3399 4540 3524 4609; x_wconf 83' lang='lat' dir='ltr'><strong>quia</strong></span> 
     </span>
    </p>
   </div>
   <div class='ocr_carea' id='block_1_92' title="bbox 328 4624 1838 4709">
    <p class='ocr_par' dir='ltr' id='par_1_92' title="bbox 328 4624 1838 4709">
     <span class='ocr_line' id='line_1_92' title="bbox 328 4624 1838 4709; baseline 0.013 -29"><span class='ocrx_word' id='word_1_660' title='bbox 328 4624 369 4680; x_wconf 86' lang='grc' dir='ltr'><strong>Ι.</strong></span> <span class='ocrx_word' id='word_1_661' title='bbox 410 4625 598 4684; x_wconf 82' lang='lat' dir='ltr'><strong>Restat</strong></span> <span class='ocrx_word' id='word_1_662' title='bbox 619 4632 965 4689; x_wconf 86' lang='lat' dir='ltr'><strong>considerare</strong></span> <span class='ocrx_word' id='word_1_663' title='bbox 992 4635 1190 4703; x_wconf 91' lang='lat' dir='ltr'><strong>locum,</strong></span> <span class='ocrx_word' id='word_1_664' title='bbox 1222 4638 1334 4708; x_wconf 90' lang='lat' dir='ltr'><strong>qui,</strong></span> <span class='ocrx_word' id='word_1_665' title='bbox 1363 4648 1422 4694; x_wconf 91' lang='lat' dir='ltr'><strong>ut</strong></span> <span class='ocrx_word' id='word_1_666' title='bbox 1451 4643 1838 4709; x_wconf 79' lang='lat' dir='ltr'><strong>praediximus,</strong></span> 
     </span>
    </p>
   </div>
   <div class='ocr_carea' id='block_1_93' title="bbox 253 4716 1833 4799">
    <p class='ocr_par' dir='ltr' id='par_1_93' title="bbox 253 4716 1833 4799">
     <span class='ocr_line' id='line_1_93' title="bbox 253 4716 1833 4799; baseline 0.013 -31"><span class='ocrx_word' id='word_1_667' title='bbox 253 4729 285 4768; x_wconf 84' lang='lat' dir='ltr'><strong>a</strong></span> <span class='ocrx_word' id='word_1_668' title='bbox 324 4716 636 4776; x_wconf 85' lang='lat' dir='ltr'><strong>Dialecticis</strong></span> <span class='ocrx_word' id='word_1_669' title='bbox 677 4738 740 4777; x_wconf 85' lang='lat' dir='ltr'><strong>ac</strong></span> <span class='ocrx_word' id='word_1_670' title='bbox 763 4721 1071 4781; x_wconf 80' lang='lat' dir='ltr'><strong>Rhetoricis</strong></span> <span class='ocrx_word' id='word_1_671' title='bbox 1092 4728 1434 4798; x_wconf 78' lang='lat' dir='ltr'><strong>enthymema</strong></span> <span class='ocrx_word' id='word_1_672' title='bbox 1463 4730 1485 4763; x_wconf 84' lang='grc'><strong><em>⁸</em></strong></span> <span class='ocrx_word' id='word_1_673' title='bbox 1529 4742 1774 4799; x_wconf 87' lang='lat' dir='ltr'><strong>vocatur,</strong></span> <span class='ocrx_word' id='word_1_674' title='bbox 1803 4752 1833 4789; x_wconf 89' lang='lat' dir='ltr'><strong>a</strong></span> 
     </span>
    </p>
   </div>
   <div class='ocr_carea' id='block_1_94' title="bbox 252 4806 1841 4895">
    <p class='ocr_par' dir='ltr' id='par_1_94' title="bbox 252 4806 1841 4895">
     <span class='ocr_line' id='line_1_94' title="bbox 252 4806 1841 4895; baseline 0.012 -33"><span class='ocrx_word' id='word_1_675' title='bbox 252 4806 645 4868; x_wconf 81' lang='lat' dir='ltr'><strong>Grammaticis</strong></span> <span class='ocrx_word' id='word_1_676' title='bbox 674 4828 804 4869; x_wconf 90' lang='lat' dir='ltr'><strong>vero</strong></span> <span class='ocrx_word' id='word_1_677' title='bbox 831 4820 1247 4895; x_wconf 71' lang='grc' dir='ltr'><strong>καταντίφρασις,</strong></span> <span class='ocrx_word' id='word_1_678' title='bbox 1277 4829 1330 4875; x_wconf 89' lang='lat' dir='ltr'><strong>et</strong></span> <span class='ocrx_word' id='word_1_679' title='bbox 1360 4830 1445 4877; x_wconf 90' lang='lat' dir='ltr'><strong>est</strong></span> <span class='ocrx_word' id='word_1_680' title='bbox 1471 4824 1709 4879; x_wconf 88' lang='lat' dir='ltr'><strong>omnium</strong></span> <span class='ocrx_word' id='word_1_681' title='bbox 1754 4842 1841 4881; x_wconf 88' lang='lat' dir='ltr'><strong>ar-</strong></span> 
     </span>
    </p>
   </div>
   <div class='ocr_carea' id='block_1_95' title="bbox 253 4905 1835 4980">
    <p class='ocr_par' dir='ltr' id='par_1_95' title="bbox 253 4905 1835 4980">
     <span class='ocr_line' id='line_1_95' title="bbox 253 4905 1835 4980; baseline 0.011 -28"><span class='ocrx_word' id='word_1_682' title='bbox 253 4911 636 4970; x_wconf 89' lang='lat' dir='ltr'><strong>gumentorum</strong></span> <span class='ocrx_word' id='word_1_683' title='bbox 688 4905 1072 4980; x_wconf 88' lang='lat' dir='ltr'><strong>signorumque</strong></span> <span class='ocrx_word' id='word_1_684' title='bbox 1111 4911 1406 4967; x_wconf 88' lang='lat' dir='ltr'><strong>verbalium</strong></span> <span class='ocrx_word' id='word_1_685' title='bbox 1450 4914 1835 4972; x_wconf 88' lang='lat' dir='ltr'><strong>nobilissimus.</strong></span> 
     </span>
    </p>
   </div>
   <div class='ocr_carea' id='block_1_96' title="bbox 250 4987 1836 5075">
    <p class='ocr_par' dir='ltr' id='par_1_96' title="bbox 250 4987 1836 5075">
     <span class='ocr_line' id='line_1_96' title="bbox 250 4987 1836 5075; baseline 0.012 -32"><span class='ocrx_word' id='word_1_686' title='bbox 250 4987 521 5047; x_wconf 81' lang='lat' dir='ltr'><strong>ludictum</strong></span> <span class='ocrx_word' id='word_1_687' title='bbox 549 4992 571 5024; x_wconf 72' lang='grc'><strong>⁸</strong></span> <span class='ocrx_word' id='word_1_688' title='bbox 594 5003 679 5049; x_wconf 92' lang='lat' dir='ltr'><strong>est</strong></span> <span class='ocrx_word' id='word_1_689' title='bbox 705 5007 908 5063; x_wconf 87' lang='lat' dir='ltr'><strong>autem,</strong></span> <span class='ocrx_word' id='word_1_690' title='bbox 940 5000 1383 5067; x_wconf 86' lang='lat' dir='ltr'><strong>praescieutiam,</strong></span> <span class='ocrx_word' id='word_1_691' title='bbox 1430 5011 1487 5057; x_wconf 89' lang='lat' dir='ltr'><strong>et</strong></span> <span class='ocrx_word' id='word_1_692' title='bbox 1532 5007 1836 5075; x_wconf 83' lang='lat' dir='ltr'><strong>praedesti-</strong></span> 
     </span>
    </p>
   </div>
   <div class='ocr_carea' id='block_1_97' title="bbox 252 5079 1837 5165">
    <p class='ocr_par' dir='ltr' id='par_1_97' title="bbox 252 5079 1837 5165">
     <span class='ocr_line' id='line_1_97' title="bbox 252 5079 1837 5165; baseline 0.013 -33"><span class='ocrx_word' id='word_1_693' title='bbox 252 5079 555 5150; x_wconf 83' lang='lat' dir='ltr'><strong>nationem,</strong></span> <span class='ocrx_word' id='word_1_694' title='bbox 586 5085 743 5141; x_wconf 86' lang='lat' dir='ltr'><strong>sicuti</strong></span> <span class='ocrx_word' id='word_1_695' title='bbox 782 5096 839 5143; x_wconf 92' lang='lat' dir='ltr'><strong>et</strong></span> <span class='ocrx_word' id='word_1_696' title='bbox 881 5091 1356 5160; x_wconf 82' lang='lat' dir='ltr'><strong>praeparationem</strong></span> <span class='ocrx_word' id='word_1_697' title='bbox 1380 5133 1396 5159; x_wconf 92' lang='lat'><strong>,</strong></span> <span class='ocrx_word' id='word_1_698' title='bbox 1441 5102 1497 5148; x_wconf 90' lang='lat' dir='ltr'><strong>et</strong></span> <span class='ocrx_word' id='word_1_699' title='bbox 1542 5097 1837 5165; x_wconf 88' lang='lat' dir='ltr'><strong>praevisio-</strong></span> 
     </span>
    </p>
   </div>
   <div class='ocr_carea' id='block_1_98' title="bbox 1946 4633 3523 4708">
    <p class='ocr_par' dir='ltr' id='par_1_98' title="bbox 1946 4633 3523 4708">
     <span class='ocr_line' id='line_1_98' title="bbox 1946 4633 3523 4708; baseline -0.004 -15"><span class='ocrx_word' id='word_1_700' title='bbox 1946 4638 2079 4693; x_wconf 88' lang='lat' dir='ltr'><strong>nihil</strong></span> <span class='ocrx_word' id='word_1_701' title='bbox 2104 4648 2247 4703; x_wconf 91' lang='lat' dir='ltr'><strong>sunt,</strong></span> <span class='ocrx_word' id='word_1_702' title='bbox 2280 4638 2691 4708; x_wconf 83' lang='lat' dir='ltr'><strong>praescientiam</strong></span> <span class='ocrx_word' id='word_1_703' title='bbox 2728 4651 2822 4692; x_wconf 90' lang='lat' dir='ltr'><strong>seu</strong></span> <span class='ocrx_word' id='word_1_704' title='bbox 2847 4635 3393 4707; x_wconf 84' lang='lat' dir='ltr'><strong>praedestinationem</strong></span> <span class='ocrx_word' id='word_1_705' title='bbox 3420 4633 3523 4686; x_wconf 83' lang='lat' dir='ltr'><strong>ba-</strong></span> 
     </span>
    </p>
   </div>
   <div class='ocr_carea' id='block_1_99' title="bbox 1945 4724 3521 4790">
    <p class='ocr_par' dir='ltr' id='par_1_99' title="bbox 1945 4724 3521 4790">
     <span class='ocr_line' id='line_1_99' title="bbox 1945 4724 3521 4790; baseline -0.004 -7"><span class='ocrx_word' id='word_1_706' title='bbox 1945 4730 2075 4784; x_wconf 91' lang='lat' dir='ltr'><strong>bere</strong></span> <span class='ocrx_word' id='word_1_707' title='bbox 2103 4728 2165 4781; x_wconf 70' lang='lat' dir='ltr'><strong>b?</strong></span> <span class='ocrx_word' id='word_1_708' title='bbox 2194 4728 2251 4782; x_wconf 86' lang='lat' dir='ltr'><strong>Si</strong></span> <span class='ocrx_word' id='word_1_709' title='bbox 2282 4728 2425 4783; x_wconf 89' lang='lat' dir='ltr'><strong>enim</strong></span> <span class='ocrx_word' id='word_1_710' title='bbox 2462 4726 2597 4782; x_wconf 90' lang='lat' dir='ltr'><strong>nihil</strong></span> <span class='ocrx_word' id='word_1_711' title='bbox 2625 4726 2769 4781; x_wconf 88' lang='lat' dir='ltr'><strong>aliud</strong></span> <span class='ocrx_word' id='word_1_712' title='bbox 2795 4734 2880 4781; x_wconf 89' lang='lat' dir='ltr'><strong>est</strong></span> <span class='ocrx_word' id='word_1_713' title='bbox 2908 4725 3152 4788; x_wconf 84' lang='lat' dir='ltr'><strong>scientia,</strong></span> <span class='ocrx_word' id='word_1_714' title='bbox 3184 4724 3286 4778; x_wconf 89' lang='lat' dir='ltr'><strong>nisi</strong></span> <span class='ocrx_word' id='word_1_715' title='bbox 3319 4738 3521 4790; x_wconf 83' lang='lat' dir='ltr'><strong>rerum,</strong></span> 
     </span>
    </p>
   </div>
   <div class='ocr_carea' id='block_1_100' title="bbox 1944 4806 3521 4888">
    <p class='ocr_par' dir='ltr' id='par_1_100' title="bbox 1944 4806 3521 4888">
     <span class='ocr_line' id='line_1_100' title="bbox 1944 4806 3521 4888; baseline -0.003 -15"><span class='ocrx_word' id='word_1_716' title='bbox 1944 4835 2083 4888; x_wconf 89' lang='lat' dir='ltr'><strong>quae</strong></span> <span class='ocrx_word' id='word_1_717' title='bbox 2112 4825 2258 4879; x_wconf 82' lang='lat' dir='ltr'><strong>sunt,</strong></span> <span class='ocrx_word' id='word_1_718' title='bbox 2285 4806 2654 4887; x_wconf 86' lang='lat' dir='ltr'><strong>intelligentia,</strong></span> <span class='ocrx_word' id='word_1_719' title='bbox 2673 4831 2780 4885; x_wconf 88' lang='lat' dir='ltr'><strong>qua</strong></span> <span class='ocrx_word' id='word_1_720' title='bbox 2810 4816 3026 4870; x_wconf 87' lang='lat' dir='ltr'><strong>ratione</strong></span> <span class='ocrx_word' id='word_1_721' title='bbox 3056 4815 3110 4867; x_wconf 90' lang='lat' dir='ltr'><strong>in</strong></span> <span class='ocrx_word' id='word_1_722' title='bbox 3140 4813 3245 4876; x_wconf 88' lang='lat' dir='ltr'><strong>his,</strong></span> <span class='ocrx_word' id='word_1_723' title='bbox 3263 4828 3402 4882; x_wconf 89' lang='lat' dir='ltr'><strong>quae</strong></span> <span class='ocrx_word' id='word_1_724' title='bbox 3419 4829 3521 4869; x_wconf 90' lang='lat' dir='ltr'><strong>non</strong></span> 
     </span>
    </p>
   </div>
   <div class='ocr_carea' id='block_1_101' title="bbox 1942 4902 3521 4976">
    <p class='ocr_par' dir='ltr' id='par_1_101' title="bbox 1942 4902 3521 4976">
     <span class='ocr_line' id='line_1_101' title="bbox 1942 4902 3521 4976; baseline -0.006 -11"><span class='ocrx_word' id='word_1_725' title='bbox 1942 4918 2091 4973; x_wconf 87' lang='lat' dir='ltr'><strong>sunt,</strong></span> <span class='ocrx_word' id='word_1_726' title='bbox 2136 4909 2359 4963; x_wconf 85' lang='lat' dir='ltr'><strong>scientia</strong></span> <span class='ocrx_word' id='word_1_727' title='bbox 2387 4907 2472 4961; x_wconf 89' lang='lat' dir='ltr'><strong>vel</strong></span> <span class='ocrx_word' id='word_1_728' title='bbox 2519 4906 2879 4976; x_wconf 87' lang='lat' dir='ltr'><strong>praescientia</strong></span> <span class='ocrx_word' id='word_1_729' title='bbox 2910 4905 3137 4960; x_wconf 88' lang='lat' dir='ltr'><strong>dicenda</strong></span> <span class='ocrx_word' id='word_1_730' title='bbox 3185 4903 3303 4958; x_wconf 78' lang='lat' dir='ltr'><strong>est?</strong></span> <span class='ocrx_word' id='word_1_731' title='bbox 3348 4902 3521 4956; x_wconf 85' lang='lat' dir='ltr'><strong>Simili</strong></span> 
     </span>
    </p>
   </div>
   <div class='ocr_carea' id='block_1_102' title="bbox 1944 4993 3519 5068">
    <p class='ocr_par' dir='ltr' id='par_1_102' title="bbox 1944 4993 3519 5068">
     <span class='ocr_line' id='line_1_102' title="bbox 1944 4993 3519 5068; baseline -0.007 -13"><span class='ocrx_word' id='word_1_732' title='bbox 1944 5003 2123 5065; x_wconf 86' lang='lat' dir='ltr'><strong>modo,</strong></span> <span class='ocrx_word' id='word_1_733' title='bbox 2163 5000 2208 5055; x_wconf 89' lang='lat' dir='ltr'><strong>si</strong></span> <span class='ocrx_word' id='word_1_734' title='bbox 2248 4998 2382 5053; x_wconf 87' lang='lat' dir='ltr'><strong>nihil</strong></span> <span class='ocrx_word' id='word_1_735' title='bbox 2412 4998 2557 5053; x_wconf 87' lang='lat' dir='ltr'><strong>aliud</strong></span> <span class='ocrx_word' id='word_1_736' title='bbox 2585 5005 2669 5052; x_wconf 90' lang='lat' dir='ltr'><strong>est</strong></span> <span class='ocrx_word' id='word_1_737' title='bbox 2698 4996 3142 5068; x_wconf 88' lang='lat' dir='ltr'><strong>praedestinatio,</strong></span> <span class='ocrx_word' id='word_1_738' title='bbox 3170 4993 3273 5049; x_wconf 89' lang='lat' dir='ltr'><strong>nisi</strong></span> <span class='ocrx_word' id='word_1_739' title='bbox 3309 5007 3519 5056; x_wconf 84' lang='lat' dir='ltr'><strong>eorum,</strong></span> 
     </span>
    </p>
   </div>
   <div class='ocr_carea' id='block_1_103' title="bbox 1944 5085 3519 5161">
    <p class='ocr_par' dir='ltr' id='par_1_103' title="bbox 1944 5085 3519 5161">
     <span class='ocr_line' id='line_1_103' title="bbox 1944 5085 3519 5161; baseline -0.004 -16"><span class='ocrx_word' id='word_1_740' title='bbox 1944 5105 2083 5161; x_wconf 86' lang='lat' dir='ltr'><strong>quae</strong></span> <span class='ocrx_word' id='word_1_741' title='bbox 2110 5090 2251 5144; x_wconf 91' lang='lat' dir='ltr'><strong>Deus</strong></span> <span class='ocrx_word' id='word_1_742' title='bbox 2282 5088 2523 5143; x_wconf 80' lang='lat' dir='ltr'><strong>facienda</strong></span> <span class='ocrx_word' id='word_1_743' title='bbox 2552 5086 2841 5158; x_wconf 87' lang='lat' dir='ltr'><strong>praevidit,</strong></span> <span class='ocrx_word' id='word_1_744' title='bbox 2863 5086 3231 5159; x_wconf 88' lang='lat' dir='ltr'><strong>praeparatio:</strong></span> <span class='ocrx_word' id='word_1_745' title='bbox 3252 5085 3519 5158; x_wconf 84' lang='lat' dir='ltr'><strong>quomodo</strong></span> 
     </span>
    </p>
   </div>
   <div class='ocr_carea' id='block_1_104' title="bbox 1550 5225 2246 5284">
    <p class='ocr_par' dir='ltr' id='par_1_104' title="bbox 1550 5225 2246 5284">
     <span class='ocr_line' id='line_1_104' title="bbox 1550 5225 2246 5284; baseline -0.001 -4"><span class='ocrx_word' id='word_1_746' title='bbox 1550 5226 1637 5280; x_wconf 80' lang='lat' dir='ltr'><strong>VA</strong></span> <span class='ocrx_word' id='word_1_747' title='bbox 1647 5225 1806 5283; x_wconf 79' lang='lat' dir='ltr'><strong>RIAE</strong></span> <span class='ocrx_word' id='word_1_748' title='bbox 1846 5225 2246 5284; x_wconf 69' lang='lat' dir='ltr'><strong>LEC&#39;l‘iONES.</strong></span> 
     </span>
    </p>
   </div>
   <div class='ocr_carea' id='block_1_105' title="bbox 331 5330 3521 5406">
    <p class='ocr_par' dir='ltr' id='par_1_105' title="bbox 331 5330 3521 5406">
     <span class='ocr_line' id='line_1_105' title="bbox 331 5330 3521 5406; baseline 0.001 -20"><span class='ocrx_word' id='word_1_749' title='bbox 331 5330 502 5406; x_wconf 80' lang='lat' dir='ltr'><strong>&#39;_Co_d.</strong></span> <span class='ocrx_word' id='word_1_750' title='bbox 534 5335 807 5406; x_wconf 80' lang='lat' dir='ltr'><strong>presciise.</strong></span> <span class='ocrx_word' id='word_1_751' title='bbox 827 5334 897 5389; x_wconf 77' lang='grc' dir='ltr'><strong>Μ.</strong></span> <span class='ocrx_word' id='word_1_752' title='bbox 938 5338 1242 5406; x_wconf 81' lang='lat' dir='ltr'><strong>praescisse.</strong></span> <span class='ocrx_word' id='word_1_753' title='bbox 1319 5338 1340 5368; x_wconf 77' lang='lat'><strong>’</strong></span> <span class='ocrx_word' id='word_1_754' title='bbox 1364 5338 1496 5394; x_wconf 85' lang='lat' dir='ltr'><strong>Cod.</strong></span> <span class='ocrx_word' id='word_1_755' title='bbox 1528 5341 1984 5395; x_wconf 82' lang='lat' dir='ltr'><strong>contradictoriae.</strong></span> <span class='ocrx_word' id='word_1_756' title='bbox 2064 5341 2084 5371; x_wconf 88' lang='grc'>³</span> <span class='ocrx_word' id='word_1_757' title='bbox 2107 5340 2237 5396; x_wconf 88' lang='lat' dir='ltr'><strong>Cod.</strong></span> <span class='ocrx_word' id='word_1_758' title='bbox 2267 5341 2565 5394; x_wconf 81' lang='lat' dir='ltr'><strong>entimema.</strong></span> <span class='ocrx_word' id='word_1_759' title='bbox 2645 5338 2666 5370; x_wconf 79' lang='grc'><strong>⁸</strong></span> <span class='ocrx_word' id='word_1_760' title='bbox 2694 5338 2786 5395; x_wconf 90' lang='lat' dir='ltr'><strong>Sic</strong></span> <span class='ocrx_word' id='word_1_761' title='bbox 2820 5338 2966 5403; x_wconf 85' lang='lat' dir='ltr'><strong>cod.,</strong></span> <span class='ocrx_word' id='word_1_762' title='bbox 2996 5337 3066 5391; x_wconf 84' lang='lat' dir='ltr'><strong>M.</strong></span> <span class='ocrx_word' id='word_1_763' title='bbox 3092 5335 3311 5392; x_wconf 69' lang='lat' dir='ltr'><strong>dictum.</strong></span> <span class='ocrx_word' id='word_1_764' title='bbox 3432 5331 3521 5391; x_wconf 69' lang='lat' dir='ltr'><strong>Sic</strong></span> 
     </span>
    </p>
   </div>
   <div class='ocr_carea' id='block_1_106' title="bbox 255 5402 3001 5481">
    <p class='ocr_par' dir='ltr' id='par_1_106' title="bbox 255 5402 3001 5481">
     <span class='ocr_line' id='line_1_106' title="bbox 255 5402 3001 5481; baseline 0.002 -26"><span class='ocrx_word' id='word_1_765' title='bbox 255 5402 406 5469; x_wconf 88' lang='lat' dir='ltr'><strong>cod.,</strong></span> <span class='ocrx_word' id='word_1_766' title='bbox 437 5402 507 5457; x_wconf 77' lang='grc' dir='ltr'><strong>Μ.</strong></span> <span class='ocrx_word' id='word_1_767' title='bbox 532 5415 717 5470; x_wconf 82' lang='lat' dir='ltr'><strong>potest.</strong></span> <span class='ocrx_word' id='word_1_768' title='bbox 793 5405 816 5438; x_wconf 79' lang='grc'><strong>⁸</strong></span> <span class='ocrx_word' id='word_1_769' title='bbox 838 5402 1099 5472; x_wconf 74' lang='grc' dir='ltr'><strong>5ἱοόοά.,</strong></span> <span class='ocrx_word' id='word_1_770' title='bbox 1128 5406 1199 5460; x_wconf 76' lang='grc' dir='ltr'><strong>Μ.</strong></span> <span class='ocrx_word' id='word_1_771' title='bbox 1222 5410 1586 5462; x_wconf 76' lang='lat' dir='ltr'><strong>construenda.</strong></span> <span class='ocrx_word' id='word_1_772' title='bbox 1669 5413 1687 5442; x_wconf 90' lang='grc'><strong>⁷</strong></span> <span class='ocrx_word' id='word_1_773' title='bbox 1716 5411 1848 5467; x_wconf 83' lang='lat' dir='ltr'><strong>Cod.</strong></span> <span class='ocrx_word' id='word_1_774' title='bbox 1881 5411 2159 5481; x_wconf 81' lang='lat' dir='ltr'><strong>pcrmissit.</strong></span> <span class='ocrx_word' id='word_1_775' title='bbox 2237 5411 2261 5443; x_wconf 80' lang='grc'>⁸</span> <span class='ocrx_word' id='word_1_776' title='bbox 2284 5409 2443 5464; x_wconf 81' lang='lat' dir='ltr'><strong>Corr.</strong></span> <span class='ocrx_word' id='word_1_777' title='bbox 2473 5409 2546 5476; x_wconf 84' lang='lat' dir='ltr'><strong>M,</strong></span> <span class='ocrx_word' id='word_1_778' title='bbox 2577 5409 2695 5464; x_wconf 88' lang='lat' dir='ltr'><strong>cod.</strong></span> <span class='ocrx_word' id='word_1_779' title='bbox 2722 5402 3001 5463; x_wconf 81' lang='lat' dir='ltr'><strong>malorum.</strong></span> 
     </span>
    </p>
   </div>
   <div class='ocr_carea' id='block_1_107' title="bbox 1785 5525 2036 5582">
    <p class='ocr_par' dir='ltr' id='par_1_107' title="bbox 1785 5525 2036 5582">
     <span class='ocr_line' id='line_1_107' title="bbox 1785 5525 2036 5582; baseline 0.004 -2"><span class='ocrx_word' id='word_1_780' title='bbox 1785 5525 2036 5582; x_wconf 75' lang='lat' dir='ltr'><strong>NOTAE.</strong></span> 
     </span>
    </p>
   </div>
   <div class='ocr_carea' id='block_1_108' title="bbox 330 5607 1837 5675">
    <p class='ocr_par' dir='ltr' id='par_1_108' title="bbox 330 5607 1837 5675">
     <span class='ocr_line' id='line_1_108' title="bbox 330 5607 1837 5675; baseline 0.005 -11"><span class='ocrx_word' id='word_1_781' title='bbox 330 5623 357 5651; x_wconf 69' lang='grc' dir='ltr'>ι</span> <span class='ocrx_word' id='word_1_782' title='bbox 398 5607 557 5665; x_wconf 83' lang='lat' dir='ltr'><strong>Rom.</strong></span> <span class='ocrx_word' id='word_1_783' title='bbox 586 5609 720 5675; x_wconf 83' lang='lat' dir='ltr'><strong>Vlll,</strong></span> <span class='ocrx_word' id='word_1_784' title='bbox 748 5612 841 5668; x_wconf 72' lang='lat'><strong>29.</strong></span> <span class='ocrx_word' id='word_1_785' title='bbox 1402 5607 1411 5614; x_wconf 83' lang='grc'><em>’</em></span> <span class='ocrx_word' id='word_1_786' title='bbox 1834 5646 1837 5649; x_wconf 96' lang='grc'><strong>-</strong></span> 
     </span>
    </p>
   </div>
   <div class='ocr_carea' id='block_1_109' title="bbox 328 5679 1834 5754">
    <p class='ocr_par' dir='ltr' id='par_1_109' title="bbox 328 5679 1834 5754">
     <span class='ocr_line' id='line_1_109' title="bbox 328 5679 1834 5754; baseline 0.005 -21"><span class='ocrx_word' id='word_1_787' title='bbox 328 5683 362 5720; x_wconf 74' lang='lat' dir='ltr'><strong>b</strong></span> <span class='ocrx_word' id='word_1_788' title='bbox 393 5679 633 5737; x_wconf 85' lang='lat' dir='ltr'><strong>Pessime</strong></span> <span class='ocrx_word' id='word_1_789' title='bbox 659 5683 840 5747; x_wconf 87' lang='lat' dir='ltr'><strong>docet,</strong></span> <span class='ocrx_word' id='word_1_790' title='bbox 874 5690 1154 5754; x_wconf 89' lang='lat' dir='ltr'><strong>peccatum</strong></span> <span class='ocrx_word' id='word_1_791' title='bbox 1185 5694 1238 5740; x_wconf 91' lang='lat' dir='ltr'><strong>et</strong></span> <span class='ocrx_word' id='word_1_792' title='bbox 1265 5698 1492 5753; x_wconf 83' lang='lat' dir='ltr'><strong>poenam</strong></span> <span class='ocrx_word' id='word_1_793' title='bbox 1533 5686 1665 5741; x_wconf 88' lang='lat' dir='ltr'><strong>nihil</strong></span> <span class='ocrx_word' id='word_1_794' title='bbox 1692 5700 1834 5751; x_wconf 83' lang='lat' dir='ltr'><strong>esse,</strong></span> 
     </span>
    </p>
   </div>
   <div class='ocr_carea' id='block_1_110' title="bbox 258 5750 1837 5825">
    <p class='ocr_par' dir='ltr' id='par_1_110' title="bbox 258 5750 1837 5825">
     <span class='ocr_line' id='line_1_110' title="bbox 258 5750 1837 5825; baseline 0.004 -20"><span class='ocrx_word' id='word_1_795' title='bbox 258 5750 488 5820; x_wconf 82' lang='lat' dir='ltr'><strong>ideoque</strong></span> <span class='ocrx_word' id='word_1_796' title='bbox 499 5768 598 5807; x_wconf 89' lang='lat' dir='ltr'><strong>nec</strong></span> <span class='ocrx_word' id='word_1_797' title='bbox 611 5754 867 5823; x_wconf 85' lang='lat' dir='ltr'><strong>praesciri</strong></span> <span class='ocrx_word' id='word_1_798' title='bbox 878 5750 991 5810; x_wconf 59' lang='lat' dir='ltr'><strong>&#39;nec</strong></span> <span class='ocrx_word' id='word_1_799' title='bbox 1004 5750 1418 5824; x_wconf 55' lang='lat' dir='ltr'><strong>praedesti&#39;nari.</strong></span> <span class='ocrx_word' id='word_1_800' title='bbox 1437 5757 1576 5812; x_wconf 82' lang='lat' dir='ltr'><strong>Deus</strong></span> <span class='ocrx_word' id='word_1_801' title='bbox 1603 5750 1837 5825; x_wconf 84' lang='lat' dir='ltr'><strong>praescit</strong></span> 
     </span>
    </p>
   </div>
   <div class='ocr_carea' id='block_1_111' title="bbox 258 5825 1836 5896">
    <p class='ocr_par' dir='ltr' id='par_1_111' title="bbox 258 5825 1836 5896">
     <span class='ocr_line' id='line_1_111' title="bbox 258 5825 1836 5896; baseline 0.004 -20"><span class='ocrx_word' id='word_1_802' title='bbox 258 5829 315 5876; x_wconf 91' lang='lat' dir='ltr'><strong>et</strong></span> <span class='ocrx_word' id='word_1_803' title='bbox 340 5832 626 5892; x_wconf 85' lang='lat' dir='ltr'><strong>peccatum</strong></span> <span class='ocrx_word' id='word_1_804' title='bbox 654 5831 708 5879; x_wconf 89' lang='lat' dir='ltr'><strong>et</strong></span> <span class='ocrx_word' id='word_1_805' title='bbox 732 5838 953 5893; x_wconf 85' lang='lat' dir='ltr'><strong>poenas.</strong></span> <span class='ocrx_word' id='word_1_806' title='bbox 996 5825 1177 5894; x_wconf 59' lang='lat' dir='ltr'><strong>hcque</strong></span> <span class='ocrx_word' id='word_1_807' title='bbox 1206 5840 1376 5896; x_wconf 81' lang='lat' dir='ltr'><strong>poena</strong></span> <span class='ocrx_word' id='word_1_808' title='bbox 1419 5828 1550 5882; x_wconf 89' lang='lat' dir='ltr'><strong>nihil</strong></span> <span class='ocrx_word' id='word_1_809' title='bbox 1592 5837 1694 5894; x_wconf 83' lang='lat' dir='ltr'><strong>est,</strong></span> <span class='ocrx_word' id='word_1_810' title='bbox 1742 5828 1836 5883; x_wconf 87' lang='lat' dir='ltr'><strong>sed</strong></span> 
     </span>
    </p>
   </div>
   <div class='ocr_carea' id='block_1_112' title="bbox 1944 5614 3517 5686">
    <p class='ocr_par' dir='ltr' id='par_1_112' title="bbox 1944 5614 3517 5686">
     <span class='ocr_line' id='line_1_112' title="bbox 1944 5614 3517 5686; baseline 0.001 -16"><span class='ocrx_word' id='word_1_811' title='bbox 1944 5617 2145 5686; x_wconf 85' lang='lat' dir='ltr'><strong>aliquid</strong></span> <span class='ocrx_word' id='word_1_812' title='bbox 2186 5625 2289 5678; x_wconf 87' lang='lat' dir='ltr'><strong>est.</strong></span> <span class='ocrx_word' id='word_1_813' title='bbox 2319 5618 2373 5673; x_wconf 91' lang='lat' dir='ltr'><strong>id</strong></span> <span class='ocrx_word' id='word_1_814' title='bbox 2398 5627 2483 5673; x_wconf 89' lang='lat' dir='ltr'><strong>est</strong></span> <span class='ocrx_word' id='word_1_815' title='bbox 2508 5625 2791 5674; x_wconf 88' lang='lat' dir='ltr'><strong>creaturae</strong></span> <span class='ocrx_word' id='word_1_816' title='bbox 2817 5614 2933 5681; x_wconf 85' lang='lat' dir='ltr'><strong>Dei,</strong></span> <span class='ocrx_word' id='word_1_817' title='bbox 2970 5631 3109 5685; x_wconf 90' lang='lat' dir='ltr'><strong>quae</strong></span> <span class='ocrx_word' id='word_1_818' title='bbox 3140 5615 3517 5686; x_wconf 80' lang='lat' dir='ltr'><strong>peccatoribus</strong></span> 
     </span>
    </p>
   </div>
   <div class='ocr_carea' id='block_1_113' title="bbox 1943 5687 3514 5758">
    <p class='ocr_par' dir='ltr' id='par_1_113' title="bbox 1943 5687 3514 5758">
     <span class='ocr_line' id='line_1_113' title="bbox 1943 5687 3514 5758; baseline 0.002 -18"><span class='ocrx_word' id='word_1_819' title='bbox 1943 5687 2194 5758; x_wconf 80' lang='lat' dir='ltr'><strong>poenales</strong></span> <span class='ocrx_word' id='word_1_820' title='bbox 2217 5688 2788 5757; x_wconf 77' lang='lat' dir='ltr'><strong>eﬂiciuntur,exceptis</strong></span> <span class='ocrx_word' id='word_1_821' title='bbox 2804 5687 2869 5741; x_wconf 77' lang='lat' dir='ltr'><strong>iis</strong></span> <span class='ocrx_word' id='word_1_822' title='bbox 2893 5687 3150 5758; x_wconf 75' lang='lat' dir='ltr'><strong>peccatis,</strong></span> <span class='ocrx_word' id='word_1_823' title='bbox 3165 5702 3304 5758; x_wconf 81' lang='lat' dir='ltr'><strong>quae</strong></span> <span class='ocrx_word' id='word_1_824' title='bbox 3316 5700 3514 5757; x_wconf 67' lang='lat' dir='ltr'><strong>poenae</strong></span> 
     </span>
    </p>
   </div>
   <div class='ocr_carea' id='block_1_114' title="bbox 1942 5756 3352 5828">
    <p class='ocr_par' dir='ltr' id='par_1_114' title="bbox 1942 5756 3352 5828">
     <span class='ocr_line' id='line_1_114' title="bbox 1942 5756 3352 5828; baseline -0.002 -14"><span class='ocrx_word' id='word_1_825' title='bbox 1942 5756 2193 5814; x_wconf 82' lang='lat' dir='ltr'><strong>dicuntur</strong></span> <span class='ocrx_word' id='word_1_826' title='bbox 2222 5759 2658 5828; x_wconf 80' lang='lat' dir='ltr'><strong>praecedentium</strong></span> <span class='ocrx_word' id='word_1_827' title='bbox 2683 5756 3043 5828; x_wconf 64' lang='lat' dir='ltr'><strong>peccatorum.</strong></span> <span class='ocrx_word' id='word_1_828' title='bbox 3076 5756 3159 5813; x_wconf 79' lang='lat' dir='ltr'><strong>Cf.</strong></span> <span class='ocrx_word' id='word_1_829' title='bbox 3191 5756 3352 5812; x_wconf 86' lang='lat' dir='ltr'><strong>Prud.</strong></span> 
     </span>
    </p>
   </div>
  </div>
