4028 6280
544 390 649 447 395

1922 378 2208 445 JOANNIS
2242 387 2439 447 SCOTl
3678 399 3759 456 396

539 516 748 566 eorum,
771 512 909 569 quae
931 495 1073 551 Deus
1098 509 1198 552 nec
1213 496 1354 559 fecit,
1379 512 1478 552 nec
1492 496 1736 553 facienda
1758 497 2118 568 praeparavit,
2149 507 2199 567 Α
2228 497 2328 552 ria.
2357 497 2452 553 llla
2477 506 2619 562 sunt,
2651 497 2748 552 ista
2773 478 2989 569 penitus
3012 513 3120 555 non
3146 506 3299 567 sunt;
3335 500 3424 557 illa
3452 516 3648 557 sursum
3670 520 3762 561 ver-

474 623 477 626 ν
539 591 765 649 dicenda
792 596 876 644 est
902 587 1360 658 praedestinatio?
1388 589 1611 655 Deinde,
1638 590 1684 644 si
1710 589 1843 645 nihil
1872 589 2018 644 aliud
2044 596 2130 644 est.

542 679 766 742 malum,
812 677 919 733 nisi
957 677 1084 733 boni
1129 678 1437 747 corruptio,
1474 687 1530 734 et
1578 694 1741 736 omne
1786 680 1989 735 bonum
2035 686 2130 735 aut

543 769 688 827 Deus
714 775 819 832 est,
841 765 986 837 quod
1022 766 1298 836 corrumpi
1336 781 1444 822 non
1474 776 1672 838 potest,
1701 776 1796 824 aut
1823 783 1855 823 a
1882 768 1994 824 Deo
2021 776 2126 833 est,

543 862 689 933 quod
719 859 991 930 corrumpi
1020 867 1220 929 potest,
1250 859 1428 915 omnis
1462 868 1645 915 autem
1684 861 1962 930 corruptio
1994 861 2127 916 nihil

540 952 770 1025 appetit,
800 951 905 1007 nisi
933 958 994 1006 ut
1020 949 1219 1007 bonum
1251 965 1357 1007 non
1387 951 1461 1006 sit
1485 967 1501 1005 :
1528 952 1651 1021 quis
1677 951 1927 1009 dubitare
1950 960 2129 1023 potest

539 1060 661 1102 esse
704 1044 926 1110 malum,
977 1044 1123 1115 quod
1165 1044 1371 1115 appetit
1416 1045 1619 1101 bonum
1665 1045 1868 1112 delere,
1912 1059 1982 1102 ne
2018 1045 2127 1102 sit?

542 1137 743 1194 Malum
778 1136 943 1209 igitur
969 1151 1070 1193 nec
1097 1136 1261 1204 Deus,
1303 1151 1405 1192 nec
1439 1152 1469 1192 a
1498 1138 1609 1193 Deo
1636 1144 1738 1194 est.
1767 1137 1846 1195 Ac
1878 1153 1975 1209 per
2000 1138 2123 1206 hoc,

544 1228 686 1284 sicut
706 1229 850 1284 Deus
889 1228 1016 1285 mali
1064 1237 1253 1284 auctor
1287 1242 1394 1284 non
1438 1236 1544 1293 est,
1588 1228 1662 1285 ita
1709 1243 1814 1285 nec
1849 1229 2126 1299 praescius

538 1321 686 1388 mali,
715 1336 816 1378 nec
837 1321 1246 1392 praedestinans
1266 1327 1372 1376 est.
1397 1318 1504 1375 Sed
1532 1320 1578 1376 si
1602 1319 1726 1391 quis
1740 1320 1969 1387 dubitat,
1993 1318 2128 1375 nihil

538 1426 660 1468 esse
705 1412 930 1477 malum,
978 1411 1085 1467 nisi
1132 1410 1258 1468 boni
1291 1411 1717 1482 corruptionem,
1761 1410 1965 1475 videat,
1998 1410 2127 1481 quid

544 1503 611 1559 de
654 1503 756 1559 hac
808 1503 1020 1560 ratione
1057 1504 1389 1575 Augustinus
1433 1503 1619 1571 dicat,
1668 1503 1915 1561 scribens
1935 1513 2126 1559 contra

544 1593 826 1663 epistolam
872 1592 1270 1652 Fundamenti:
1319 1613 1338 1648 ς
1377 1594 1597 1659 Discite,
1628 1609 1737 1651 non
1764 1594 2125 1650 substantiam

541 1684 745 1742 malum
789 1699 931 1752 esse,
976 1684 1072 1742 sed
1117 1686 1258 1741 sicut
1302 1686 1355 1741 in
1384 1700 1614 1756 corpore
1659 1684 2124 1741 commutatione‘

535 1767 751 1834 formae
774 1778 827 1833 in
848 1778 1088 1834 deterius
1133 1778 1309 1833 amitti
1334 1779 1567 1849 speciem
1584 1820 1599 1844 ,
1622 1777 1708 1834 vel
1734 1778 1913 1849 potius
1934 1777 2126 1845 minui,

2228 603 2323 645 sus
2347 596 2609 659 appetunt
2650 602 2816 643 unum
2855 589 3098 645 omnium
3141 589 3485 660 principium,
3525 592 3619 647 ista
3643 591 3765 651 dese

2228 687 2376 746 runt,
2418 679 2781 750 deorsumque
2827 678 2882 735 in
2929 678 3159 736 nihilum
3203 680 3370 747 bona,
3401 697 3537 753 quae
3564 697 3763 739 corrum-

2227 778 2381 840 punt,
2430 770 2608 827 redire
2647 772 3010 839 contendunt;
3059 772 3274 828 illarum
3324 788 3488 829 causa
3516 774 3647 830 Deus
3682 787 3761 842 est,

2227 859 2456 916 istarum
2492 860 2675 928 nulla;
2720 861 2811 917 illa
2855 862 3001 918 intra
3044 862 3309 920 terminos
3342 863 3656 919 naturalium
3680 863 3762 919 lor-

2226 966 2436 1007 marum
2481 952 2874 1023 intelliguntur,
2923 954 3028 1011 ista
3063 953 3119 1008 in
3150 968 3341 1009 earum
3393 952 3598 1009 delectu
3637 962 3763 1024 atque

2226 1044 2526 1117 privatione
2583 1046 2875 1103 nesciendo
2915 1047 3177 1103 sciuntur.
3253 1045 3413 1103 Sicut
3456 1047 3593 1103 enim
3633 1061 3761 1104 causa

2225 1136 2400 1195 malae
2433 1138 2729 1195 voluntatis
2756 1152 2932 1210 neque
2971 1137 3223 1206 inveniri,
3254 1152 3435 1209 neque
3465 1137 3585 1193 sciri
3607 1146 3761 1207 potest,

2226 1227 2301 1285 ita
2331 1228 2574 1285 omnium
2599 1228 2959 1285 defectionum
2987 1229 3185 1286 merito
3208 1244 3333 1285 eam
3365 1228 3763 1300 consequentium

2226 1333 2402 1389 neque
2442 1333 2640 1375 causae
2659 1317 2956 1376 efﬁcientes
2974 1319 3104 1377 sciri
3145 1328 3398 1391 possunt,
3440 1334 3607 1390 neque
3648 1320 3763 1389 ipsae

2228 1408 2576 1478 defectiones,
2608 1411 2740 1481 quia.
2765 1411 2899 1467 nihil
2941 1421 3087 1468 sunt.
3131 1411 3227 1469 Cui
3274 1412 3399 1469 loco
3433 1413 3598 1468 sancti
3620 1413 3764 1482 Augu-

2228 1499 2353 1554 stini
2416 1490 2786 1556 testimonium
2840 1501 3205 1557 adhibendum
3251 1516 3377 1558 esse
3422 1500 3667 1568 arbitror;
3705 1503 3763 1556 ait

2228 1590 2374 1645 enim
2413 1589 2470 1645 in
2511 1590 2652 1646 libro
2689 1607 2768 1647 xu
2804 1594 2872 1648 de
2908 1592 3133 1649 civitate
3172 1592 3269 1648 Dei
3299 1610 3314 1647 :
3345 1610 3364 1645 ι
3394 1590 3559 1647 Nemo
3583 1602 3762 1662 quaerat

2229 1683 2547 1742 efﬁcientem
2585 1700 2809 1742 causam
2849 1686 3025 1742 malae
3061 1686 3394 1754 voluntatis;
3425 1700 3530 1740 non
3556 1693 3631 1740 est
3652 1684 3763 1740 enim

2229 1776 2500 1846 elliciens,
2548 1778 2643 1834 sed
2688 1776 2920 1833 defectio
2968 1777 3012 1831 ⁸.
3040 1776 3286 1834 Deﬁcere
3331 1791 3563 1847 namque
3600 1775 3659 1831 ab
3695 1789 3760 1840 eo,

535 1876 593 1921 et
620 1866 838 1924 foedum
866 1868 1083 1932 dicitur,
1114 1869 1258 1939 quod
1306 1869 1592 1940 pulchrum
1614 1876 1774 1926 antea
1822 1869 2121 1935 dicebatur,
2153 1879 2198 1939 Β
2226 1870 2369 1940 quod
2398 1884 2608 1925 summe
2633 1877 2737 1936 est,
2766 1869 2837 1923 ad
2860 1868 2936 1935 id,
2966 1868 3109 1939 quod
3142 1869 3323 1924 minus
3350 1875 3460 1930 est,
3483 1866 3580 1922 hoc
3603 1873 3675 1920 est
3701 1865 3763 1920 in-

534 1965 590 2012 et
617 1958 902 2030 displicere
939 1975 1162 2030 corpus,
1205 1960 1350 2031 quod
1399 1967 1557 2017 antea
1602 1960 1920 2032 placuerat:
1958 1960 2122 2016 sicin

536 2050 718 2106 animo
748 2059 894 2105 recte
925 2050 1216 2106 voluntatis
1243 2051 1430 2116 decus,
1464 2065 1572 2121 quo
1610 2052 1698 2122 pie
1732 2050 1985 2122 justeque
2043 2050 2131 2105 vis

536 2139 705 2206 vitur,
738 2149 1007 2197 commota
1038 2141 1090 2195 in
1119 2142 1360 2197 deterius
1381 2141 1655 2197 voluntate
1678 2142 1987 2211 depravari,
2013 2155 2122 2211 quo

534 2238 762 2298 peccato
785 2230 919 2285 effici
935 2232 1172 2286 animam
1189 2231 1463 2296 miseram,
1480 2244 1618 2300 quae
1639 2232 1921 2287 honestate
1941 2240 2124 2287 rectae

543 2318 835 2374 voluntatis
894 2318 1285 2374 beatitudinem
1328 2321 1352 2351 ⁸
1392 2320 1700 2385 obtinebat,
1749 2320 1894 2376 nulla
1941 2320 2122 2376 addita

540 2409 850 2480 detractave
876 2410 1196 2465 substantia.
1214 2410 1346 2477 Quis
1372 2411 1582 2466 dubitet
1607 2419 1775 2467 totum
1800 2411 1953 2478 illud,
1976 2412 2122 2481 quod

536 2501 738 2557 dicitur
760 2500 982 2567 malum,
1006 2500 1141 2556 nihil
1165 2515 1289 2557 esse
1310 2501 1654 2572 aliud,quam
1675 2502 2119 2572 corruptionem?

536 2593 771 2650 Possunt
795 2593 1013 2665 quidem
1043 2592 1164 2649 aliis
1192 2602 1356 2664 atque
1379 2594 1500 2650 aliis
1523 2594 1799 2651 vocabulis
1827 2594 1931 2649 alia
1958 2604 2122 2665 atque

539 2687 647 2743 alia
686 2685 828 2742 mala
869 2686 1084 2752 vocari;
1123 2685 1218 2741 sed
1243 2686 1385 2755 quod
1421 2686 1663 2742 omnium
1701 2701 1884 2741 rerum
1918 2685 2119 2740 malum

539 2778 629 2840 sit,
663 2777 716 2833 in
745 2777 943 2848 quibus
969 2777 1096 2832 mali
1131 2776 1336 2845 aliquid
1384 2776 1744 2832 animadverti
1773 2784 1971 2846 potest,
2001 2790 2121 2832 cor-

540 2870 722 2940 ruptio
747 2875 852 2924 est.
896 2867 1003 2925 Sed
1032 2868 1309 2938 corruptio
1335 2868 1542 2939 peritae
1587 2867 1805 2922 animae
1850 2866 2120 2937 imperitia

536 2975 787 3028 vocatur,
814 2961 1090 3031 corruptio
1113 2961 1397 3032 prudentis
1425 2960 1813 3031 imprudentia,
1844 2959 2123 3029 corruptio

536 3052 779 3122 iustitiae
806 3052 828 3084 ³
853 3051 1135 3123 lnjustitia,
1170 3050 1446 3120 corruptio
1482 3049 1817 3104 fortitudinis
1842 3047 2117 3119 "ignavia,

539 3143 814 3214 corruptio
844 3143 1042 3213 quietis
1069 3151 1234 3212 atque
1270 3141 1677 3212 tranquillitatis
1715 3139 2002 3210 cupiditas,
2030 3137 2121 3193 vel

539 3247 738 3301 metus,
765 3233 850 3291 vel
881 3234 1127 3301 tristitia,
1156 3249 1242 3289 vet
1260 3232 1542 3301 iactantia.
1572 3231 1775 3287 Deinde
1802 3231 1855 3285 in
1892 3242 2121 3300 corpore
2150 3226 2194 3288 C

540 3328 782 3382 animato
807 3325 1085 3394 corruptio
1113 3324 1364 3380 sanitatis
1390 3322 1543 3377 dolor
1568 3329 1623 3377 et
1646 3321 1898 3385 morbus;
1930 3333 2122 3374 corru-

541 3419 654 3490 ptio
683 3418 878 3472 virinm
914 3415 1175 3472 lassitudo
1202 3415 1262 3481 ';
1302 3413 1579 3484 corruptio
1600 3412 1800 3483 quietis
1827 3410 1998 3465 labor.
2023 3407 2126 3463 De-

544 3509 670 3564 inde
688 3508 741 3562 in
760 3508 877 3576 ipso
896 3521 1126 3576 corpore
1139 3504 1413 3574 corruptio
1434 3500 1850 3575 pulchritudinis
1866 3497 2116 3563 foeditas;

547 3598 828 3669 corruptio
875 3596 1218 3653 rectitudinis
1246 3596 1526 3666 pravitas;
1600 3592 1874 3664 corruptio
1919 3589 2127 3648 ordinis

548 3690 909 3762 perversitas;
981 3680 1261 3759 corruptio
1301 3686 1625 3758 integritatis
1663 3682 1912 3740 discissio
1937 3681 1981 3745 ⁸,
2036 3687 2128 3735 aut

546 3781 810 3847 fractura,
839 3790 935 3835 aut
970 3778 1254 3835 diminutio
1284 3779 1327 3831 ⁷.
1360 3776 1607 3847 Longum
1661 3783 1764 3840 est,
1803 3782 1860 3829 et
1890 3771 2124 3836 dillicile,

545 3880 602 3927 et
643 3872 835 3929 harum
881 3885 1087 3937 rerum,
1133 3886 1268 3942 quas
1318 3869 1764 3936 commemoravi,
1806 3876 1860 3924 ct
1893 3868 2125 3924 aliarum

548 3962 1022 4019 innumerabilium
1096 3976 1286 4017 omnes
1359 3960 1734 4031 corruptiones
1807 3960 2127 4016 nominatim

546 4054 864 4122 enuntiare,
895 4071 1017 4112 cum
1044 4056 1207 4112 etiam
1229 4054 1453 4118 multae,
1483 4067 1624 4124 quae
1643 4053 1895 4109 dicuntur
1924 4053 1978 4108 in
2009 4068 2129 4109 cor-

546 4159 699 4214 pore,
748 4146 955 4215 possint
980 4156 1036 4202 et
1090 4146 1144 4200 in
1197 4145 1377 4201 anima
1419 4145 1564 4210 dici,
1613 4151 1669 4198 et
1716 4143 2130 4199 innumerabilia

546 4245 715 4301 sunt,
765 4236 818 4290 in
867 4236 1064 4307 quibus
1123 4236 1343 4308 propria
1393 4234 1656 4292 vocabula
1718 4234 1999 4309 corruptio
2045 4242 2128 4290 te-

550 4336 682 4382 neat
710 4338 738 4366 ι
777 4346 820 4381 ι.

619 4414 709 4470 ιν.
750 4415 900 4482 Quae
927 4430 1051 4472 cum
1096 4416 1170 4470 ita
1204 4415 1334 4480 sint,
1364 4413 1489 4484 quis
1526 4428 1633 4469 non
1667 4413 1865 4480 videat,
1911 4414 2014 4468 nisi
2039 4413 2132 4483 qui

549 4524 713 4566 sensu
742 4518 914 4575 caret,
945 4517 1139 4574 totum,
1173 4508 1319 4579 quod
1344 4507 1542 4564 dicitur
1567 4515 1871 4577 peccatum,
1907 4503 2131 4575 eiusque

2225 1961 2407 2032 cipere
2433 1960 2634 2017 habere
2661 1960 2992 2017 voluntatem
3023 1960 3243 2015 malam.
3259 1957 3468 2015 Causas
3479 1971 3631 2029 porro
3651 1954 3762 2011 defe-

2223 2052 2462 2107 etionum
2510 2052 2760 2118 istarum,
2810 2066 2934 2108 eum
2985 2049 3285 2107 efﬁcientes
3334 2065 3442 2107 non
3511 2049 3631 2113 sint,
3688 2044 3759 2100 sed

2222 2145 2554 2209 deﬁcientes,
2586 2143 2723 2200 velle
2761 2143 3028 2210 invenire,
3056 2142 3166 2199 tale
3204 2150 3312 2208 est,
3344 2154 3412 2196 ac
3453 2138 3498 2194 si
3525 2137 3761 2208 quisquam

2222 2234 2353 2290 velit
2396 2234 2581 2290 videre
2630 2233 2903 2298 tenebras,
2951 2232 3039 2289 vel
3086 2232 3278 2288 audire
3325 2230 3609 2291 silentium,
3649 2221 3760 2293 quod

2223 2333 2406 2382 tamen
2449 2333 2738 2394 utrumque
2779 2323 2937 2379 nobis
2970 2335 3154 2378 notum
3187 2330 3293 2388 est,
3327 2334 3501 2392 neque
3529 2314 3645 2373 illud
3679 2312 3759 2369 nisi

2221 2430 2319 2485 per
2355 2414 2561 2477 oculos,
2598 2429 2773 2487 neque
2810 2413 2914 2469 hoc
2952 2412 3059 2467 nisi
3086 2406 3197 2482 per
3224 2425 3407 2477 aures,
3439 2424 3542 2464 non
3576 2420 3687 2462 sane
3715 2402 3756 2456 in

2222 2507 2425 2578 specie,
2457 2506 2551 2561 sed
2585 2506 2640 2561 in
2670 2504 2868 2576 speciei
2913 2503 3239 2574 privatione.
3282 2502 3454 2557 Nemo
3498 2492 3755 2555 autem’ex

2221 2613 2309 2654 me
2339 2599 2478 2653 scire
2506 2606 2755 2668 quaerat,
2786 2597 2931 2668 quod
2957 2611 3043 2652 me
3080 2595 3294 2651 nescire
3322 2595 3469 2658 scio,
3500 2589 3594 2647 nisi
3630 2587 3752 2647 forte.

2222 2698 2281 2744 ut
2308 2689 2518 2745 nescire
2542 2688 2738 2755 discat,
2769 2690 2909 2758 quod
2950 2688 3079 2745 sciri
3119 2704 3226 2744 non
3255 2701 3417 2757 posse
3443 2682 3690 2740 sciendum
3708 2676 3757 2729 ¹⁶.

2221 2782 2296 2839 Ea
2323 2782 2541 2852 quippe,
2565 2795 2706 2851 quae
2728 2796 2836 2837 non
2861 2781 2920 2835 in‘
2935 2780 3137 2850 specie,
3164 2780 3259 2835 sed
3288 2781 3343 2834 in
3370 2777 3483 2847 ejus
3507 2771 3757 2846 privatione

2222 2875 2488 2940 sciuntur,
2533 2874 2578 2929 si
2619 2874 2726 2930 dici
2767 2882 2862 2929 aut
2906 2872 3132 2944 intelligi
3181 2881 3381 2942 potest,
3415 2859 3757 2941 quodammodo

2223 2967 2511 3024 nesciendo
2565 2966 2845 3030 sciuntur,
2905 2974 2966 3020 ut
3010 2963 3232 3021 sciendo
3281 2962 3603 3019 nesciantur.
3653 2952 3756 3007 Cum

2219 3059 2364 3115 enim
2390 3058 2538 3114 acies
2574 3058 2737 3113 etiam
2767 3053 2909 3112 oculi
2946 3054 3249 3125 corporalis
3275 3053 3451 3111 currit
3476 3064 3567 3121 per
3592 3040 3758 3115 species

2219 3150 2543 3220 Corporales.
2573 3162 2838 3217 nusquam
2856 3146 3108 3203 tenebras
3130 3144 3298 3210 videt,
3329 3141 3432 3198 nisi
3460 3139 3541 3194 ubi
3565 3128 3759 3203 coeperit

2226 3258 2333 3298 non
2386 3243 2590 3298 videre.
2640 3242 2817 3298 Etiam
2850 3241 2890 3272 ¹¹
2936 3254 3043 3295 non
3084 3239 3154 3294 ad
3198 3237 3437 3306 aliquem
3478 3231 3627 3287 alium
3665 3236 3758 3278 sen—

2227 3349 2369 3400 sum,
2396 3335 2493 3391 sed
2529 3333 2598 3390 ad
2628 3333 2771 3389 solas
2799 3346 2964 3388 aures
2988 3329 3227 3400 pertinet
3270 3327 3479 3385 sentire
3509 3316 3758 3377 silentium,

2227 3424 2369 3494 quod
2401 3433 2580 3481 tamen
2610 3422 2949 3487 nullomodo,
2981 3419 3088 3476 nisi
3124 3434 3232 3475 non
3263 3413 3528 3474 audiendo
3554 3405 3756 3494 sentitur.

2230 3489 2323 3571 Sic
2353 3514 2564 3584 species
2593 3512 2960 3583 intelligibiles
2986 3524 3140 3566 mens
3165 3507 3387 3579 quidem
3434 3509 3606 3560 nostra
3630 3489 3757 3588 inte}:

2225 3578 2443 3677 Πεθηᾶο
2488 3578 2795 3674 (ιοηευὶεἱι,⁷
2815 3601 2909 3657 sed
2955 3600 3047 3656 ubi
3095 3578 3376 3663 deficiunt,
3417 3585 3676 3650 nesciendo
3704 3578 3760 3635 di-
3845 3605 3851 3615 ι

2228 3695 2331 3751 scit
2361 3695 2425 3748 ".
2449 3693 2653 3749 Delicta
2678 3692 2816 3748 enim
2842 3692 2956 3762 quis
2994 3688 3233 3759 intelligit
3269 3707 3290 3740 ι
3324 3686 3353 3728 b
3380 3686 3393 3739 l

2300 3784 2366 3839 γ.
2409 3783 2505 3838 llis
2542 3782 2723 3853 itaque
2758 3759 3056 3836 rationibus
3103 3778 3428 3833 inconcusse
3451 3770 3493 3803 ¹³
3517 3759 3758 3857 colligitur.

2228 3888 2443 3931 omnem
2472 3886 2763 3944 perversae
2797 3868 3091 3926 voluntatis
3132 3865 3406 3923 defectum
3438 3857 3518 3917 vel
3544 3854 3756 3944 privatio:

2230 3980 2355 4020 nem
2389 3938 2491 4019 vel-
2519 3971 2824 4033 peccatum,
2858 3959 2945 4014 vel
2973 3973 3189 4030 quoquo
3224 3956 3386 4011 modo
3413 3946 3581 4008 vocari

2231 4063 2410 4110 motus
2446 4053 2535 4108 ille
2564 4051 2745 4109 letifer
2768 4050 2835 4118 ",
2859 4065 2967 4123 quo
2997 4062 3266 4105 summum
3295 4047 3493 4103 bonum
3521 4034 3757 4131 deseritur,

2231 4145 2566 4215 etIiciturque
2608 4144 2830 4214 spiritus
2853 4142 3076 4207 vadens,
3104 4149 3160 4197 et
3184 4154 3290 4194 non
3321 4136 3546 4193 rediens,
3576 4124 3757 4185 θιιίειιυθ

2232 4237 2421 4309 ipsius,
2441 4251 2588 4291 mors
2607 4232 3128 4305 plane,miseriaque
3157 4226 3535 4300 suppliciorum
3561 4216 3756 4309 acterna-

2231 4306 2382 4397 lium,
2412 4329 2633 4387 omnino
2657 4326 2792 4383 nihil
2824 4340 2965 4381 esse.
2995 4322 3167 4380 Omne
3214 4320 3413 4390 quippe
3462 4317 3635 4368 carens
3672 4306 3758 4397 till:

2236 4394 2392 4485 teriav,
2419 4416 2612 4484 forma,
2636 4416 2921 4488 specieque
2941 4408 3316 4485 proculdubio
3339 4402 3468 4462 nihil
3491 4404 3592 4461 est;
3620 4394 3757 4488 09"”?

2233 4476 2416 4564 autem
2465 4476 2971 4570 rerum-absentia,
3020 4512 3318 4568 earumque
3366 4492 3589 4552 defectus
3625 4476 3757 4534 tribus

547 4572 968 4672 consequentias
990 4602 1044 4656 in
1093 4572 1269 4655 morte
1317 4607 1481 4669 atque
1531 4572 1748 4654 miseria
1794 4572 2137 4659 constitutas,
2164 4604 2212 4664 ο
2236 4597 2531 4669 praedictis
2555 4610 2742 4651 carere
2770 4592 3113 4650 manifestum
3139 4598 3242 4644 est.
3273 4584 3498 4642 Omnino
3516 4572 3755 4672 igilul‘.

554 4708 662 4752 non
678 4664 822 4747 aliud
846 4704 986 4756 esse,
1016 4691 1433 4762 quamintegrae
1448 4690 1591 4745 vitae
1621 4689 1917 4759 beataeque
1939 4701 2131 4742 corru-
2236 4664 2385 4745 sunt.
2410 4688 2492 4743 Ac
2516 4702 2613 4760 per
2646 4688 2748 4742 hoc
2791 4700 2891 4740 nec
2920 4681 3182 4755 praesciri
3217 4681 3280 4747 η,
3304 4693 3405 4733 nec
3428 4664 3758 4762 praericslilli‘:l

555 4782 799 4852 ptiones;
826 4782 922 4847 ita,
948 4790 1006 4836 ut
1025 4780 1235 4852 singula
1263 4779 1490 4852 singulis
1517 4788 1880 4849 opponantur,
1910 4777 2133 4848 integri-

552 4873 650 4930 tati
683 4872 898 4945 quidem
927 4882 1232 4945 peccatum,
1258 4872 1401 4930 vitae
1428 4887 1598 4937 mors,
1624 4870 1944 4927 beatitudini
1972 4871 2134 4926 mise-

2239 4779 2309 4837 ab
2336 4793 2424 4846 eo,
2455 4744 2548 4848 qu‘i
2596 4792 2806 4834 summe
2848 4785 2952 4841 est,
2984 4781 3213 4846 possunt
3239 4782 3288 4823 ο.
3311 4769 3368 4828 ,Ο
3397 4755 3658 4848 miranda,”
3677 4751 3759 4848 “ll?

2240 4840 2489 4924 dolenda-
2506 4870 2741 4927 caecitas
2766 4840 3098 4938 eorumiqui
3141 4878 3174 4919 e
3219 4857 3486 4918 contrario
3518 4840 3760 4907 intellil‘re

1834 5021 2088 5078 VARIAE
2122 5016 2520 5078 LECTIONES.

630 5169 644 5198 ¹
669 5165 823 5221 Corr.
856 5164 925 5226 M,
959 5163 1081 5219 cod.
1106 5162 1533 5219 commutatione.

558 5240 644 5291 ris.
745 5235 768 5268 ⁸
806 5236 939 5291 Cod.
987 5233 1238 5289 lusitudo.
1336 5232 1510 5286 ‘Cod.
1568 5232 1802 5286 discisie.

557 5377 731 5433 discit.
762 5370 773 5377 ’
813 5376 856 5408 ³³
877 5376 1008 5431 Cod.
1048 5370 1346 5429 inconcuse.
1428 5372 1479 5442 ³⁵η
1502 5370 1635 5430 Cod.
1664 5370 1885 5438 loeti/“er.

1628 5162 1649 5192 ι
1676 5162 1831 5217 Corr.
1856 5159 1915 5223 Β,
1941 5158 2073 5215 Cod.
2098 5158 2416 5213 bealilalem.
2496 5156 2632 5213 'Sic
2658 5158 2799 5223 cod.,
2851 5156 2921 5211 al.
2956 5157 3159 5226 justas.
3234 5155 3255 5184 ι
3286 5151 3378 5233 Sic
3404 5142 3539 5204 cod.,
3578 5131 3639 5212 al;
3673 5122 3755 5240 [σε

1628 5232 1802 5281 scisia.
1894 5230 1915 5261 "
1955 5229 2086 5281 Cod.
2141 5230 2491 5281 dimminutio.
2573 5230 2596 5261 ⁸
2628 5228 2701 5281 al.
2747 5227 2993 5281 deficiens
3038 5226 3160 5281 auia
3217 5239 3309 5279 nec
3356 5220 3446 5275 illa
3484 5208 3659 5281 εΙῙςειξο
3696 5206 3740 5281 ξ,

558 5240 644 5291 ris.
745 5235 768 5268 ⁸
806 5236 939 5291 Cod.
987 5233 1238 5289 lusitudo.
1336 5232 1510 5286 ‘Cod.
1568 5232 1802 5286 discisie.
1894 5230 1915 5261 "
1955 5229 2086 5284 Cod.
2141 5230 2491 5283 dimminutio.
2573 5230 2596 5261 ⁸
2628 5228 2701 5283 al.
2747 5227 2993 5295 deﬁciens
3038 5227 3160 5296 quia
3217 5239 3309 5279 nec
3356 5227 3446 5275 illa

558 5308 649 5363 sed
698 5308 936 5377 defectio.
1014 5307 1034 5339 θ
1057 5306 1125 5359 al.
1150 5320 1294 5373 ergo.
1371 5298 1417 5334 ¹⁶
1438 5301 1529 5356 Sic
1555 5301 1704 5365 cod.,
1736 5301 1804 5355 lli.
1834 5314 1977 5354 corr.
2015 5300 2290 5372 sciendum
2315 5309 2410 5354 est.
2491 5301 2531 5332 “
2558 5298 2650 5355 Sic
2678 5299 2824 5364 eod.,
2856 5297 2928 5353 Μ.
2953 5297 3153 5361 videre,
3180 5295 3255 5349 ita
3279 5293 3458 5349 etiam.

558 5377 731 5425 discit-
813 5376 856 5408 ³³
877 5376 1008 5425 Cod.
1048 5377 1346 5425 incoucuse.
1428 5372 1469 5403 “
1502 5370 1635 5425 Cod.
1664 5370 1885 5425 luctifer.
1987 5370 2030 5402 "
2052 5371 2206 5425 Corr.
2246 5368 2313 5423 M.
2344 5372 2589 5425 nrescire.

2095 5386 2206 5424 orr.
2246 5386 2313 5423 Μ.
2343 5386 2589 5438 presctre.

2089 5480 2337 5537 NOTAE.

632 5622 656 5648 ιι
688 5606 972 5678 Augustin.
1000 5614 1188 5678 contra
1207 5600 1777 5678 episrglqmulj‘umlnm:
1813 5618 1868 5678 c_._

634 5680 664 5720 ι›
694 5671 976 5745 Augustin.
996 5678 1060 5729 de
1081 5671 1299 5745 civitate
1324 5672 1422 5728 Dei
1452 5671 1622 5745 xn,7.
1656 5672 1798 5727 Psal.
1832 5673 2012 5745 xvut,
2046 5672 2132 5745 is.

636 5762 656 5787 ε
690 5743 827 5801 Male
883 5747 1060 5801 docet.
1121 5744 1409 5799 Peccatum
1467 5744 1682 5811 quidem
1726 5744 1936 5812 propria
1967 5743 2136 5796 homi-

565 5821 652 5876 nis
678 5818 947 5873 voluntate
996 5816 1255 5881 nascitur,
1305 5814 1397 5871 sed
1444 5829 1473 5868 a
1506 5816 1613 5870 Deo
1655 5822 1705 5869 et
1747 5814 2046 5884 pt'ucscilur
2085 5820 2138 5866 et

2234 5604 2472 5684 punitur.
2500 5604 2641 5658 Mors
2668 5604 2815 5684 item,
2845 5609 3082 5684 quaeest
3100 5598 3374 5684 separatio
3397 5577 3755 5684 αηξξξξξξξξᾏξξιξξ

2501 5641 2641 5658 "“M
2845 5641 2983 5671 ’ν’-’ν
2999 5641 3368 5680 ””·⁸’νν···.“ῖ·ν
3398 5641 3496 5670 “·’ί“
3551 5652 3563 5665 δ
3634 5641 3739 5696 ﬁunt

2239 5690 2405 5753 puris,
2423 5686 2475 5728 et
2505 5689 2710 5753 [mentae
2735 5673 3056 5753 gehennales
3074 5685 3321 5753 actumst
3336 5668 3441 5723 Deo
3463 5655 3620 5731 ιυὼεθ
3740 5668 3755 5694 ’

2239 5740 2464 5843 ideoque
2485 5740 2550 5800 ab
2575 5758 2640 5798 eo
2660 5740 3055 5814 praesciuntur.
3076 5742 3156 5797 Cl'.
3181 5740 3344 5794 Prud.
