4028 6280
208 369 359 424 397
1333 370 1532 424 LIBER
1579 372 1663 426 DE
1703 369 2413 426 PllAEDES'l‘lNATlONE.
3423 373 3524 428 593

211 482 476 548 nolunt,
519 482 562 535 si
608 482 824 550 quando
868 484 921 537 iu
953 484 1153 549 divina,
1195 498 1288 540 seu
1331 488 1561 542 humana
1613 489 1840 558 legerint
1870 498 1914 556 Α
1943 488 2356 558 praescietitiam
2397 495 2454 543 et
2497 487 3044 558 praedestinationem
3079 488 3293 560 proprie
3323 489 3436 545 fieri
3471 491 3525 546 in

218 575 1132 644 auctoritate,Deumpraeseiisse
1149 578 1230 632 vel
1260 581 1689 646 praedestiuasse
1720 596 1842 649 pec-
1953 580 2060 646 his,
2092 596 2231 650 quae
2270 581 2462 636 ordine
2500 589 2798 651 temporum
2837 581 3165 651 praecedunt
3189 596 3272 647 ea,
3302 597 3443 652 quae
3471 591 3528 638 et

219 677 405 732 cata,
456 676 707 731 mortem,
757 668 1041 737 supplicia,
1077 683 1224 736 quae
1263 672 1474 738 penitus
1525 672 1656 726 nihil
1696 679 1842 736 sunt,
1947 672 2768 742 praesciumetpraedestinant
2817 672 2860 736 ",
2906 671 3126 728 abusive
3163 686 3292 727 vero
3317 673 3424 727 dici
3471 673 3527 728 in

222 763 384 830 quia
413 763 659 816 defectus
707 761 862 815 sunt!
915 762 1052 828 Quid
1088 763 1232 817 enim
1280 773 1364 817 cst
1409 774 1692 833 peccatum
1740 763 1840 818 nisi

225 851 505 906 defectus
523 850 800 920 iustitiae?
828 853 955 920 quid
975 869 1115 908 mors
1157 855 1257 908 nisi
1291 855 1463 909 vitae?
1492 855 1619 924 quid
1635 853 1841 924 suppli-

227 943 404 997 cium
455 942 560 998 nisi
610 943 997 998 beatitudinis?
1045 944 1146 1010 Qui
1188 946 1230 999 si
1259 946 1565 1016 diligentius
1610 947 1844 999 attende-

232 1035 628 1100 rent,omnia,
656 1048 797 1104 quae
829 1045 983 1100 sunt,
1017 1051 1123 1089 non
1139 1036 1208 1089 ob
1235 1037 1378 1090 aliud
1410 1052 1550 1102 esse,
1590 1037 1693 1090 nisi
1719 1036 1843 1105 quia

233 1126 531 1194 praescita
562 1134 618 1179 et
663 1126 1060 1194 praedestinata
1109 1136 1264 1193 sunt,
1301 1130 1483 1182 omnia
1525 1144 1673 1192 vero,
1707 1143 1846 1198 quae

236 1230 364 1268 non
381 1224 533 1278 sunt,
555 1229 664 1270 non
690 1216 758 1270 ob
784 1215 929 1270 aliud
961 1233 1064 1271 non
1095 1231 1234 1280 esse,
1266 1218 1364 1272 nisi
1391 1219 1532 1288 quod
1563 1234 1662 1274 nee
1689 1234 1844 1288 prae-

235 1304 423 1370 scita,
448 1319 546 1359 nec
575 1306 973 1374 praedestinata
995 1316 1142 1372 sunt,
1160 1309 1403 1364 fortassis
1431 1310 1638 1379 seipsos
1667 1325 1845 1364 cmen-

237 1395 478 1460 darent,
503 1403 556 1451 et
583 1397 984 1466 resipiscerent,
1015 1398 1362 1470 animumque
1392 1417 1545 1455 suum
1578 1401 1641 1454 ad
1669 1402 1842 1454 iuccm

236 1488 510 1544 veritatis
534 1499 930 1556 converterent,
961 1501 1018 1545 ut
1043 1492 1097 1546 in
1126 1508 1209 1556 ea,
1237 1501 1292 1546 et
1330 1508 1427 1562 per
1453 1507 1571 1546 eam
1590 1492 1605 1522 ¹
1623 1506 1844 1546 cernere

239 1590 486 1649 possent
521 1581 574 1635 in
605 1582 752 1635 omni
784 1596 963 1636 rerum
995 1591 1210 1647 natura,
1241 1584 1503 1652 quidquid
1555 1598 1683 1638 vere
1709 1585 1729 1613 ²
1761 1584 1843 1637 ἰη-

239 1672 481 1727 venitur
521 1687 662 1738 esse,
711 1689 816 1727 non
833 1661 989 1727 .aliud
1027 1674 1079 1728 id
1113 1688 1256 1740 esse,
1289 1674 1391 1728 nisi
1419 1690 1604 1739 unam,
1636 1689 1846 1728 veram-

243 1781 368 1835 que
398 1766 715 1830 essentiam,
758 1782 896 1835 quae
933 1766 1133 1836 ubique
1174 1768 1225 1821 in
1261 1782 1320 1822 se
1362 1767 1473 1836 ipsa
1507 1775 1616 1820 tota
1644 1773 1748 1819 est.
1778 1765 1844 1818 Et

1945 778 2027 824 eo,
2059 763 2144 816 cui
2177 761 2320 816 nulla
2346 763 2367 794 ⁸
2391 761 2570 817 futura
2619 771 2766 828 sttnt,
2794 763 3048 832 quoniam
3083 761 3228 818 nullo
3259 772 3522 832 tempore,

1945 852 2147 906 sedsua
2163 851 2482 908 aeternitate
2505 851 2996 921 praeeeditonmia,
3021 865 3159 921 quae
3188 852 3255 907 ab
3281 865 3346 907 eo
3364 853 3526 907 sunt?

1945 944 2052 997 Aut
2082 943 2352 1012 quomodo
2394 959 2424 998 a
2452 944 2678 1000 veritate
2725 944 3030 1008 abhorreat,
3071 943 3114 998 si
3147 943 3356 998 dicatur
3397 958 3426 996 a
3455 944 3528 998 si-

1946 1036 2090 1100 mili,
2121 1035 2408 1104 praescivit
2435 1036 2577 1092 Dcits
2605 1036 2808 1100 omnia,
2840 1050 2980 1104 quae
3012 1033 3254 1090 facturus
3276 1043 3439 1098 esset,
3469 1043 3527 1089 et

1946 1127 2156 1182 dicatur
2205 1142 2236 1182 a
2281 1126 2554 1183 contrario
2581 1166 2594 1190 ,
2617 1125 2930 1198 praescivit,
2965 1140 3104 1196 quae
3151 1125 3390 1179 facturus
3422 1138 3529 1178 non

1943 1228 2106 1284 esset,
2133 1233 2232 1288 pro
2256 1218 2520 1274 nescivit?
2554 1217 2816 1274 Similiter
2844 1217 2910 1272 de
2940 1215 3527 1287 praedestiuationein-

1946 1307 2530 1379 telligendumasimili.
2565 1307 2988 1364 Pracdestiuavit
3019 1305 3180 1368 Deus,
3207 1320 3342 1375 quos
3375 1319 3531 1374 prae-

1945 1401 2156 1471 paravit
2205 1401 2271 1456 ad
2320 1415 2473 1456 suam
2521 1399 2810 1471 gratuitam
2856 1399 3085 1470 gratiam
3136 1397 3528 1466 accipiendam.

1943 1490 1987 1544 A
2016 1491 2292 1546 contrario
2322 1489 2746 1562 praedestinavit
2791 1489 2983 1559 impios
3018 1488 3082 1543 ad
3116 1487 3414 1552 interitum,
3449 1488 3534 1540 vel

1943 1583 2262 1652 supplicium
2278 1591 2577 1647 aeternum,
2603 1597 2741 1654 quos
2765 1591 2941 1637 tamen
2960 1597 3064 1636 non
3090 1580 3527 1650 praedestinavit.

1946 1677 2003 1733 Si
2035 1677 2188 1759 ⁵(ξιιὶιιι
2220 1677 2601 1748 praedestinati
2649 1687 2774 1734 sunt
2808 1716 2823 1739 ,
2870 1675 3176 1732 necessario
3217 1674 3464 1743 peribunt
3487 1677 3532 1736 ',

1949 1785 2258 1841 poenasque
2285 1770 2560 1840 patientur
2589 1769 2927 1826 inevitabiles
2957 1767 3020 1822 '°.
3060 1767 3212 1835 Quod
3242 1765 3285 1820 si
3325 1765 3398 1820 ita
3425 1779 3531 1829 οδε,

244 1871 405 1926 quae
429 1864 512 1911 est
527 1855 757 1922 illa,nisi
771 1858 1010 1911 omnium
1036 1868 1348 1912 naturarum
1367 1858 1670 1928 praeseieus
1696 1872 1846 1927 prae-
1881 1841 1926 1901 Β
1955 1862 2225 1933 quomodo
2252 1861 2398 1932 jusle
2440 1863 2771 1932 iudicabitur
2800 1862 3051 1925 mundus,
3091 1874 3250 1929 quem
3297 1859 3533 1914 necessi-

245 1951 572 2014 destinatio,
615 1959 671 2005 et
707 1951 1064 2020 praescicutia
1092 1951 1539 2021 praedestinans?
1567 1950 1623 2006 Si
1665 1961 1846 2006 autem

243 2044 605 2113 apertissime
671 2043 1009 2115 intelligitur,
1072 2045 1314 2099 omnium
1372 2053 1688 2099 naturarum
1738 2059 1846 2098 non

196 2128 204 2133 ’
244 2148 383 2188 esse
416 2150 684 2188 summam
720 2135 1184 2205 principalemque
1211 2137 1594 2203 substantiam,
1627 2146 1848 2208 praeter

249 2225 501 2280 divinam
531 2228 944 2297 praeseientiam
972 2228 993 2260 ³
1019 2237 1072 2283 et
1099 2229 1643 2298 praedestinationem
1671 2247 1684 2284 :
1709 2245 1846 2298 quo-

249 2318 427 2371 modo
462 2318 784 2373 credendum
824 2326 925 2384 est,
956 2320 1008 2373 in
1045 2320 1123 2374 eis
1148 2335 1288 2387 esse,
1321 2336 1460 2390 quae
1493 2321 1710 2375 omnino
1741 2337 1844 2376 non

247 2412 426 2464 sunt?
455 2410 508 2464 Si
542 2411 684 2466 enim
731 2413 782 2465 in
809 2412 888 2468 eis
915 2421 1118 2479 essent,
1145 2413 1331 2482 procul
1361 2413 1522 2468 dubio
1553 2429 1656 2468 non
1691 2414 1844 2478 nihil,

253 2505 360 2555 sed
397 2501 600 2571 aliquid
633 2504 1024 2558 substitissent.
1064 2503 1132 2557 At
1162 2519 1290 2559 vero
1319 2503 1451 2558 nihil
1478 2513 1622 2558 sunt.
1680 2504 1735 2558 In
1768 2503 1848 2558 eis

248 2595 430 2664 igitur
481 2610 581 2651 nec
625 2596 1016 2665 praescientia,
1064 2611 1163 2652 nec
1207 2595 1630 2667 praedestinatio
1667 2595 1844 2650 divina

250 2692 412 2738 sunt.

779 2779 1175 2837 CAPITULUM
1225 2780 1315 2836 XI.

257 2888 422 2962 Quod
452 2891 629 2943 divina
661 2892 993 2962 humanaque
1026 2892 1342 2945 auctoritate
1381 2892 1704 2960 comprobari
1732 2910 1847 2960 pos-

332 2960 422 3021 sit,
452 2977 554 3012 non
585 2977 694 3014 esse
727 2963 817 3014 Dei
848 2960 1394 3031 praedestinationem,
1415 2963 1516 3015 nisi
1541 2964 1604 3015 de
1627 2964 1729 3027 his,
1759 2964 1850 3032 qui

328 3032 632 3096 praeparati
653 3041 774 3086 sunt
795 3035 863 3085 ad
885 3043 1152 3087 aeternam
1179 3031 1498 3102 felicitatem.

328 3139 370 3193 l.
412 3139 676 3206 Quoniam
707 3158 833 3198 vero
864 3144 1021 3214 hujus
1046 3153 1267 3199 nostrae
1297 3144 1524 3200 actionis
1539 3144 1848 3217 principalis

253 3234 512 3301 quaestio
559 3238 826 3304 proposita
876 3246 959 3291 est
1005 3239 1072 3292 de
1116 3238 1294 3292 divina
1350 3238 1748 3307 praescientia‘
1791 3248 1846 3292 et

255 3325 774 3394 praedestinatione,
823 3338 1044 3399 propter
1079 3345 1239 3398 quam
1272 3330 1576 3384 necessario
1617 3329 1844 3400 diligen—

258 3416 368 3469 tius
398 3417 420 3447 ⁸
449 3419 783 3471 tractandam
813 3419 1109 3474 incidentes
1145 3422 1847 3491 quaestionesintroductae

256 3514 406 3566 sunt,
446 3507 638 3562 eadem
671 3510 828 3577 paulo
856 3511 1094 3579 apertius
1123 3511 1492 3580 exemplorum
1551 3512 1845 3568 luminibus

257 3596 619 3652 discutienda.
638 3600 745 3654 Sed
758 3601 904 3670 prius
921 3610 1223 3655 nostrarum
1244 3602 1848 3659 litterarumlectoribus

258 3689 494 3742 suadere
524 3691 855 3756 curavimus,
887 3693 931 3746 si
970 3701 1149 3746 tamen
1179 3693 1318 3758 sint,
1348 3694 1437 3763 qui
1464 3709 1556 3748 eas
1595 3695 1848 3765 legendas

249 3777 621 3845 judicaverint
651 3823 665 3846 ,
719 3792 882 3851 atque
925 3784 1132 3838 utinam
1187 3798 1372 3838 eorum
1410 3787 1609 3839 caritas
1650 3787 1716 3840 ad
1757 3801 1849 3841 cas

257 3871 613 3939 perlegendas
641 3873 1014 3944 accedat,plus
1045 3874 1095 3926 in
1129 3874 1258 3942 ipsis
1282 3875 1847 3931 nostracobedientiae

259 3959 603 4013 devotionem
635 3961 1046 4025 consideraturi,
1074 3979 1236 4030 quam
1269 3963 1586 4019 utilissimae
1601 3965 1845 4034 disputa-

262 4052 446 4116 tionis,
481 4054 523 4108 si
560 4062 737 4110 tamen
769 4056 944 4126 aliqua
982 4058 1184 4113 utilitas
1226 4059 1277 4112 in
1306 4073 1367 4113 ea
1397 4061 1486 4122 sit,
1520 4060 1841 4130 despecturi,

261 4158 330 4198 ne
373 4143 511 4197 forte
547 4147 698 4214 quasi
737 4149 991 4201 commoti
1039 4149 1090 4202 in
1129 4165 1223 4202 nos
1265 4149 1474 4204 irritant
1503 4138 1718 4213 dicturi,
1749 4167 1846 4206 nos

258 4248 382 4288 esse
399 4235 760 4292 destructorcs
775 4249 826 4293 et
843 4241 1252 4309 praescientiae,
1275 4249 1326 4295 et
1341 4243 1845 4311 praedestinationis

265 4321 505 4385 divinae,
535 4325 684 4391 quia,
719 4327 762 4380 si
805 4329 1098 4381 studiosius
1146 4329 1496 4398 inspexerint,
1531 4331 1845 4385 assertionis

258 4426 448 4465 earum.
480 4413 767 4482 plurimum
797 4417 846 4470 in
878 4419 956 4472 eis
985 4419 1278 4484 invenient,
1310 4419 1691 4476 destructionis
1717 4435 1846 4476 vero

1954 1964 2033 2010 tas
2055 1954 2566 2025 praedestinationis
2603 1954 2747 2026 cogit
2785 1953 3000 2025 perire?
3035 1952 3186 2020 Quod
3240 1949 3534 2019 impietatis

1947 2047 2222 2116 proprium
2253 2056 2336 2101 est
2361 2047 2664 2102 aestimari.

2018 2137 2081 2192 ll.
2124 2137 2356 2194 Proinde
2403 2153 2472 2194 ne
2523 2149 2706 2196 nostra
2757 2139 2859 2195 ista
2909 2139 3254 2198 ratiocinatio
3281 2142 3534 2198 videatur

1949 2231 2093 2286 nulla
2125 2231 2340 2286 divinae
2367 2246 2462 2287 seu
2494 2231 2760 2286 humanae
2783 2230 3124 2288 auctoritatis
3157 2231 3384 2288 formula
3413 2247 3535 2289 esse

1947 2322 2187 2387 suffulta,
2214 2324 2343 2393 quid
2359 2324 2572 2380 divinae
2601 2322 2914 2394 Scripturae
2944 2324 3172 2394 paginis.
3202 2326 3330 2394 quid
3359 2327 3536 2381 sancti

1949 2414 2124 2482 patris
2149 2413 2435 2484 Augustini
2463 2413 2624 2470 dictis
2656 2423 2833 2484 potest
2879 2414 3042 2477 etlici.
3091 2415 3415 2484 investigare
3444 2417 3534 2471 de-

1947 2505 2157 2570 bemus,
2187 2521 2292 2561 non
2327 2505 2470 2575 quod
2519 2504 2558 2537 "
2603 2505 2829 2560 aliorum
2877 2506 3266 2562 catholicorum
3313 2507 3534 2562 Patrum

1945 2595 2208 2666 exemplis
2237 2598 2371 2652 haec
2403 2597 2588 2654 eadem
2615 2597 2938 2653 concludere
2967 2612 3069 2652 non
3102 2600 3398 2668 possimus,
3440 2599 3536 2654 sed

1948 2686 2094 2756 quod
2145 2687 2512 2742 necessarium
2543 2686 2816 2752 duximus,
2851 2694 2904 2740 et
2939 2685 3145 2741 utiliter
3173 2688 3240 2741 ad
3274 2703 3384 2743 rem
3415 2701 3534 2758 per-

1949 2777 2122 2833 tinere
2170 2778 2413 2834 videmus
2442 2779 2508 2844 ",
2541 2777 2684 2833 illius
2710 2777 2949 2832 auctoris
2981 2777 3121 2833 dicta
3175 2791 3392 2848 ponere.
3445 2779 3532 2834 cui

1949 2866 2595 2940 maximeﬂ[0tcscalcus]
2615 2867 2918 2923 haereticus
2933 2867 3012 2922 sui
3033 2867 3245 2921 nefandi
3265 2868 3534 2937 tltlglllﬂlls

1949 2970 2141 3011 causas
2169 2956 2304 3011 solet
2343 2957 2564 3012 referre.
2595 2955 2747 3024 Nulla
2781 2957 2978 3012 etenim
3021 2956 3288 3026 scriptura
3323 2968 3432 3020 est,
3466 2959 3533 3012 de

1947 3063 2052 3118 qua
2087 3063 2192 3102 non
2224 3047 2382 3104 facile
2426 3063 2530 3104 non
2584 3047 2943 3117 intelligentes
2983 3062 3102 3103 eam
3130 3062 3291 3117 prava
3325 3047 3533 3115 possint

1949 3141 2172 3194 sentire.
2200 3139 2334 3196 lliuc
2357 3149 2460 3207 est,
2489 3140 2629 3212 quod
2653 3139 2955 3210 praedictus
2974 3149 3283 3194 sanctorum
3313 3138 3532 3194 Patrum

1952 3231 2241 3286 mendosus
2274 3231 2605 3286 adulterator
2652 3230 2878 3293 merito,
2910 3231 3035 3284 dum
3069 3229 3311 3286 veritatis
3358 3245 3534 3300 neque

1947 3321 2016 3375 sit
2050 3321 2422 3390 investigator,
2453 3335 2626 3390 neque
2657 3321 2925 3384 inventor,
2956 3335 3059 3374 non
3091 3333 3154 3374 ea
3178 3362 3190 3384 ,
3211 3337 3352 3390 quae
3381 3332 3534 3390 pater

1945 3413 2276 3484 Augustinus
2323 3414 2435 3469 suis
2480 3413 2656 3468 verbis
2706 3412 2983 3468 insinuare
3013 3411 3202 3469 voluit.
3245 3411 3528 3474 intellexit,

1948 3506 2041 3560 sed
2067 3516 2228 3569 utea,
2254 3519 2393 3576 quae
2415 3505 2528 3575 ipse
2556 3519 2586 3557 a
2614 3519 2673 3560 se
2699 3504 2815 3574 ipso
2841 3514 3003 3572 atque
3033 3502 3247 3558 diabolo
3282 3503 3322 3534 ³³
3353 3504 3529 3561 fluvit.

1947 3603 2216 3664 suaderet,
2234 3597 2490 3667 praedicti
2513 3595 2692 3652 Patris
2717 3611 2820 3650 non
2849 3596 3064 3665 quidem
3093 3597 3250 3650 verba
3282 3595 3334 3649 iu
3361 3595 3463 3649 sibi
3493 3595 3533 3624 ιδ

1948 3689 2365 3755 convenientia,
2419 3688 2514 3743 sed
2570 3687 2726 3757 plane
2781 3688 3088 3742 resistentia
3137 3685 3401 3741 violenter
3451 3700 3534 3740 re-

1951 3779 2126 3832 torsit.

2018 3869 2104 3924 lll.
2143 3869 2243 3925 Ubi
2271 3869 2774 3940 primonotandum,
2799 3868 2940 3937 quod
2969 3879 3187 3924 sanctae
3216 3868 3532 3937 Scripturae

1947 3962 2573 4018 auctoritasinconcussa
2607 3962 2650 3992 ¹⁸
2680 3961 3090 4031 praescieutiam
3115 3959 3275 4015 simul
3299 3971 3352 4014 et
3368 3974 3527 4028 prae-

1947 4054 2387 4121 destinationcm,
2436 4064 2531 4109 aut.
2582 4053 2749 4108 solam
2806 4052 3049 4107 absolute
3080 4051 3529 4122 pracilestinatio—

1946 4161 2089 4210 nem,
2126 4161 2231 4200 non
2262 4146 2365 4200 nisi
2404 4147 2457 4200 in
2485 4145 2587 4211 his,
2618 4160 2752 4214 quos
2787 4146 2924 4199 Deus
2955 4144 3113 4215 elegit
3145 4144 3212 4198 ad
3251 4152 3531 4198 aeternam

1947 4237 2336 4292 beatitudinem
2384 4236 2785 4307 possidendam,
2834 4233 3139 4288 inveniatur
3193 4233 3528 4304 posuisse”.

1945 4327 2026 4382 Ad
2053 4329 2194 4397 quod
2223 4329 2558 4399 probandum
2588 4326 2826 4398 Apostoli
2857 4325 2997 4381 dicta
3031 4324 3318 4380 sulliciunt.
3350 4324 3530 4394 Agens

1948 4419 2146 4490 quippe
2172 4420 2238 4474 ad
2274 4419 2586 4474 Romanos:
2613 4419 2843 4483 Scimus,
2897 4418 3090 4487 inquit,
3117 4418 3367 4488 quoniam
3402 4417 3529 4470 dili-

260 4504 418 4558 nihil.
451 4506 586 4571 Quid
643 4510 826 4562 enim?
874 4509 1122 4579 Nunquid
1169 4511 1250 4564 vel
1305 4513 1716 4580 praescietitiant
1750 4514 1840 4568 Dei
1879 4549 1922 4606 υ
1951 4513 2186 4583 gentibus
2212 4510 2376 4566 Deum
2399 4513 2575 4565 omnia
2613 4521 2966 4580 coeperantur
2995 4512 3048 4564 in
3074 4510 3284 4573 bonum,
3311 4510 3414 4572 Itis,
3441 4509 3531 4578 qui

259 4595 517 4660 destruit,
561 4599 643 4652 vel
680 4598 793 4666 eius
825 4600 1374 4668 praedestinatiouem
1404 4604 1718 4668 contenmit,
1752 4605 1841 4672 qui

259 4700 357 4741 cas
398 4689 656 4743 translate
684 4691 751 4744 de
782 4690 889 4745 Deo
915 4692 1215 4761 praedicari
1247 4693 1478 4747 asserit?
1501 4693 1665 4758 Quasi
1689 4695 1708 4726 °
1734 4709 1838 4748 non

257 4778 433 4847 possit
477 4794 507 4832 a
559 4781 944 4850 temporalibus
994 4783 1060 4838 ad
1110 4791 1328 4838 aeterna
1403 4784 1685 4838 translatio
1725 4785 1838 4839 fieri

260 4872 426 4925 modo
452 4873 684 4940 quodam
731 4876 1120 4941 similitudinis,
1152 4886 1242 4932 aut
1272 4878 1340 4932 ab
1371 4879 1474 4940 his,
1506 4893 1645 4947 quae
1691 4890 1840 4942 sunt,

255 4965 329 5018 ad
363 4979 450 5029 ea,
481 4981 622 5035 quae
651 4984 756 5022 non
783 4978 932 5032 sunt,
969 4971 1128 5024 modo
1155 4971 1517 5041 pulcherrimo
1545 4974 1842 5028 contrarie-

257 5058 424 5112 tatis?
460 5058 569 5112 Aut
609 5061 760 5128 quasi
796 5071 974 5117 rectae
1001 5062 1122 5116 fidei
1172 5064 1409 5129 resistat,
1444 5065 1486 5118 si
1519 5065 1640 5134 quis
1673 5065 1837 5126 dicat,

1949 4604 2235 4658 secundant
2279 4605 2601 4674 propositum
2646 4605 2812 4658 vocati
2859 4613 3020 4666 sunt;
3069 4604 3351 4672 quoniam,
3400 4619 3528 4671 quos

1949 4697 2354 4765 antepraescivtt
2373 4736 2388 4761 ,
2417 4706 2463 4749 et
2494 4695 2896 4765 praedestinavit
2919 4694 3212 4762 confornws
3236 4694 3350 4760 ﬁeri
3389 4696 3526 4747 ima-

1949 4787 2084 4856 ginis
2111 4784 2235 4840 Filii
2265 4787 2370 4851 sui,
2391 4796 2442 4839 at
2464 4787 2527 4840 sit
2549 4786 2656 4855 ipse
2677 4786 3049 4855 primogenita:
3075 4785 3128 4838 in
3152 4783 3327 4838 multis
3349 4783 3531 4852 [ratri-

1951 4882 2064 4935 bus.
2113 4880 2255 4946 Quos
2295 4889 2469 4934 autent
2493 4879 2915 4950 praedestinavit,
2965 4877 3083 4931 illos
3123 4887 3173 4930 et
3211 4877 3445 4939 vocarit;
3481 4883 3528 4927 et

1949 4987 2079 5043 quos
2113 4976 2331 5036 vocavit,
2371 4973 2510 5040 ipsos
2542 4980 2586 5024 et
2610 4969 2962 5040 justificavit;
3001 4983 3129 5024 mtas
3167 4977 3336 5020 (uitem
3365 4966 3530 5035 justi-

1950 5066 2155 5133 ﬁcauit,
2197 5066 2336 5134 ipsos
2380 5075 2426 5118 et
2471 5065 2780 5136 glori/ienuit
2812 5077 2860 5116 ι.
2907 5063 3038 5117 Item
3080 5063 3147 5117 ad
3179 5057 3522 5132 Ephesios”:

1505 5199 1756 5254 VARIAE
1792 5201 2188 5259 LECTIONES.

332 5311 349 5341 ¹
375 5309 464 5363 Sic
489 5310 638 5374 cod.,
662 5309 730 5363 M.
756 5327 836 5364 ea.

255 5380 586 5449 deligentius.

913 5313 932 5342 ¹
960 5311 1050 5367 Sie
1081 5312 1226 5374 cod.,
1254 5311 1323 5365 M.
1349 5328 1485 5366 vero.

689 5381 709 5411 ⁶
752 5383 878 5434 Cod.
912 5386 1110 5452 quossi.

1565 5312 1586 5386 ξ
1617 5310 1769 5366 Corr.
1800 5313 1890 5386 lli”
1918 5315 2039 5368 cod.
2069 5317 2402 5386 presentiam.

1189 5384 1319 5456 [Sic
1351 5385 1496 5446 cod.,
1535 5381 1602 5456 Μ.
1631 5385 1901 5456 praestitit
1953 5393 2001 5438 et
2045 5381 2468 5456 praedestinavit.

2479 5315 2501 5346 ⁸
2525 5315 2681 5370 Corr.
2714 5313 2808 5378 LL,
2846 5313 2967 5369 ceti.
2996 5312 3270 5378 presentia.
3347 5309 3368 5342 ⁸
3389 5308 3518 5364 Cod.

2563 5387 2584 5417 ⁸
2615 5384 2744 5440 Cod.
2779 5385 2925 5438 aula.

2996 5312 3270 5384 presentia.

3018 5385 3038 5415 ’
3063 5382 3194 5436 Coll.
3224 5381 3518 5449 per/iibunt.

259 5452 306 5524 ξφ
355 5451 554 5524 βαιὴ-ιιι
589 5460 681 5524 aut
712 5451 982 5506 simillima
1018 5454 1259 5524 aequalis
1302 5469 1495 5507 manus
1529 5455 1592 5505 ad
1627 5469 1795 5524 marg.
1829 5455 2005 5508 adscr.
2045 5451 2150 5509 llic
2193 5457 2317 5508 dicit
2360 5455 2882 5524 praedestinationem
2928 5452 3276 5524 necessitatem
3316 5452 3523 5524 inferre

263 5522 300 5550 "
348 5521 530 5588 Conj.,
578 5522 722 5593 (roth
751 5526 1006 5593 nunquid.

254 5593 356 5644 sibi
381 5593 609 5662 quidem.
690 5591 734 5623 ¹⁸
755 5591 884 5648 Cod.
924 5595 1222 5649 iuconcusa.
1306 5595 1348 5624 ¹⁸
1371 5594 1502 5648 Cod.
1536 5594 1811 5652 possuisse.

328 5785 353 5812 ο
388 5771 542 5828 Rom.
573 5773 698 5838 \‘lll,
732 5776 800 5829 ‘28
830 5792 978 5846 seqq.

1132 5525 1171 5554 ”
1222 5523 1323 5578 Sed
1366 5525 1503 5591 quod
1528 5553 1592 5561 —-
1624 5517 1853 5575 ridentes
1893 5540 2001 5577 om.
2035 5526 2101 5586 Μ.

2184 5520 2388 5580 “Cod.
2413 5526 2649 5580 diabolo.
2733 5524 2774 5556 ”
2803 5525 2892 5578 Sic
2923 5525 3070 5588 cod.,
3113 5520 3181 5574 Μ.
3217 5521 3377 5576 verba
3418 5536 3521 5574 non

1899 5596 1934 5624 ¹⁷
1966 5596 2094 5650 Cod.
2127 5597 2332 5666 cfesios.

1591 5761 1604 5771 ,
1754 5704 2003 5760 sum;
