4028 6280
577 399 681 457 599

1949 405 2232 464 JOANNIS
2270 408 2497 479 soon
3742 407 3826 464 ui

581 511 887 567 Benedictus
917 514 1053 569 Deus
1083 527 1130 569 et
1162 513 1322 572 Pater
1345 516 1555 571 Domini
1583 519 1744 573 nostri
1772 520 1899 573 Jesu
1926 519 2141 583 Christi,
2173 522 2219 581 Α
2256 538 2272 571 i
2310 520 2406 574 Est
2429 519 2646 591 quidam
2668 519 2895 589 populus
2915 527 3284 590 praeparatus
3313 518 3387 572 ad
3405 515 3549 571 iram
3570 516 3682 584 Dei,
3701 519 3823 573 dam-

577 604 667 673 qui
700 604 958 659 benedixit
990 623 1083 660 nos
1123 608 1179 661 in
1218 609 1358 663 omni
1395 610 1747 666 benedictione
1791 612 2051 682 spirituali
2092 613 2148 665 in

581 693 887 749 caelestibus
914 696 968 749 in
991 694 1201 752 Christo
1218 697 1348 753 Jesu
1380 701 1511 754 sicut
1537 701 1684 771 elegit
1708 719 1800 757 nos
1822 704 1876 757 in
1897 706 2007 772 ipso
2031 713 2152 758 ante

581 785 1002 841 constitutionem
1029 789 1234 855 mundi,
1290 800 1345 844 ut
1377 808 1604 847 essemus
1628 795 1799 847 sancti
1822 804 1871 847 et
1895 795 2004 847 sine
2033 810 2151 847 ma-

582 873 707 929 cula
750 876 807 930 in
828 889 1103 947 conspectu
1127 879 1242 949 ejus
1268 880 1324 934 in
1350 874 1608 947 caritate;
1636 883 2027 952 praedestinans
2058 899 2154 937 nos

580 965 639 1018 in
658 965 988 1035 adoptionem
1014 966 1246 1036 ﬁliorum
1271 985 1366 1038 per
1381 968 1415 1023 .1
1421 986 1566 1024 esum
1586 968 1849 1024 Christum
1877 973 1935 1026 in
1957 973 2151 1041 ipsum,

581 1056 873 1111 secundum
894 1057 1146 1127 placitum
1170 1058 1451 1115 voluntatis
1463 1063 1697 1127 suae,ad
1725 1061 1933 1117 laudem
1954 1064 2154 1134 gloriae

582 1148 785 1216 gratiae
803 1163 964 1214 suae,
1003 1151 1059 1203 in
1098 1166 1202 1221 qua
1241 1151 1555 1221 grati/iuvit
1573 1148 1667 1207 nos
1705 1154 1762 1207 in
1793 1153 1982 1210 dilecto
2010 1153 2154 1211 Filio

581 1252 704 1302 suo,
749 1237 803 1292 in
828 1253 935 1309 quo
972 1239 1225 1295 habemus
1268 1242 1807 1319 redemptionemper
1841 1246 2155 1317 sanguinem

582 1327 727 1396 ejus,
746 1329 1100 1385 remissionem
1120 1342 1447 1402 peccatorum
1485 1335 1770 1390 secundum
1798 1336 2009 1392 divitias
2033 1344 2156 1409 gra-

581 1422 687 1478 tiae
712 1424 1439 1499 ejus,quaesuperabundavit
1464 1433 1517 1487 in
1531 1449 1622 1488 nos
1638 1435 1691 1488 in
1715 1433 1858 1489 omni
1878 1432 2156 1502 sapientia,

581 1525 631 1571 et
650 1519 957 1586 prudentia;
989 1521 1261 1577 ostendens
1289 1525 1436 1579 nobis
1466 1536 1850 1581 sacramentum
1874 1525 2156 1581 voluntatis

581 1624 730 1673 suae,
755 1610 1040 1665 secundum
1066 1612 1256 1667 bonum
1283 1612 1537 1685 placitum
1563 1615 1700 1685 ejus,
1727 1615 1867 1687 quod
1891 1614 2156 1685 proposuit

582 1701 637 1753 in
658 1716 738 1766 eo,
762 1700 833 1754 ad
865 1702 1259 1772 dispositionem
1293 1704 1632 1775 plenitudinis
1662 1715 1970 1776 temporum,
1995 1715 2156 1779 utre-

581 1800 880 1846 staurentur
890 1794 1065 1848 omnia
1078 1795 1132 1848 in
1149 1793 1375 1860 Christo,
1393 1812 1528 1866 quae
1546 1805 1666 1851 sunt
1684 1792 1738 1851 in
1754 1794 1934 1862 caelis,
1954 1806 2002 1849 et
2023 1811 2157 1865 quae

2250 615 2460 668 nandus
2481 629 2603 669 cum
2627 613 2838 668 diabolo
2860 616 2879 645 ²
2904 630 2949 678 i;
2981 614 3109 667 item
3135 614 3211 668 de
3234 611 3476 667 Judaeis
3496 610 3517 650 ῐ
3541 628 3557 666 :
3578 610 3696 666 «.1in
3718 613 3825 667 iudi-

2252 711 2479 773 gnantes
2505 704 2699 758 mortui
2727 712 2782 759 et
2803 705 2960 758 morti
2988 702 3377 773 sempiternae
3390 702 3761 771 praedestinati
3788 723 3823 756 ο.

2251 795 2383 851 Item
2411 814 2426 851 :
2456 816 2474 848 ι
2504 796 2680 864 Quare
2715 796 2849 851 dixit
2871 795 3128 849 Dominus
3145 791 3414 857 Iudaeis,
3447 807 3542 847 vos
3572 808 3671 847 non
3698 792 3826 846 credi-

2252 886 2336 950 tis,
2370 886 2493 957 quia
2520 901 2623 939 non
2644 887 2767 939 estis
2788 900 2853 938 ea:
2875 884 3054 938 ovibus
3073 883 3207 937 meis
3245 884 3299 948 ε,
3346 880 3459 935 nisi
3489 880 3619 951 quia
3648 881 3828 935 videbat

2257 990 2352 1031 eos
2418 975 2486 1030 ad
2532 975 2918 1046 sempiternum
2955 974 3242 1028 interitum
3272 971 3822 1043 praedestinatosii;

2254 1065 2567 1132 identidem,
2596 1065 2739 1135 quod
2773 1065 3032 1121 Dominus
3060 1065 3196 1121 dicit
3224 1082 3244 1119 :
3277 1079 3446 1119 nemo
3482 1073 3649 1134 potest
3681 1080 3827 1132 rapere

2255 1157 2319 1212 de
2360 1174 2519 1211 manu
2562 1157 2725 1225 patris
2762 1157 2864 1211 mei
2907 1158 2954 1223 ί,
2983 1155 3341 1227 explananda
3398 1153 3734 1225 persequitur
3767 1153 3825 1208 di-

2246 1248 2386 1304 cens
2415 1266 2429 1303 :
2459 1266 2480 1300 ι
2513 1248 2651 1315 Quid
2691 1254 2869 1317 potest
2893 1245 3070 1316 lupus,
3097 1245 3235 1316 quid
3273 1252 3470 1315 potest
3491 1242 3582 1298 l'ur
3610 1252 3663 1298 et
3685 1243 3828 1296 latro?

2257 1338 2371 1394 Non
2392 1338 2639 1409 perdunt,
2665 1337 2771 1392 nisi
2803 1337 2868 1391 ad
2890 1337 3164 1392 interitum
3189 1330 3686 1406 praedestinatosi
3723 1350 3759 1386 ι.
3780 1330 3824 1386 In

2256 1431 2413 1496 libro,
2441 1444 2600 1500 quem
2629 1436 2787 1485 vocat
2816 1427 3159 1483 Enchiridion
3195 1426 3222 1459 ³
3256 1444 3273 1481 :
3309 1446 3330 1478 α
3369 1424 3523 1481 Haec
3555 1433 3675 1480 sunt
3699 1444 3739 1490 ι,
3763 1426 3823 1480 in-

2258 1521 2393 1591 quit,
2420 1539 2439 1572 ‹
2466 1536 2658 1591 magna
2680 1534 2837 1586 opera
2859 1517 3071 1572 Domini
3088 1517 3367 1589 exquisita
3394 1520 3455 1570 in
3483 1531 3655 1571 omnes
3674 1517 3823 1569 νοις»-

2259 1621 2392 1667 tates
2421 1611 2537 1682 ejus
2568 1611 2617 1675 Ιι,
2647 1615 2702 1665 et
2723 1619 2832 1663 tam
2861 1607 3132 1678 sapienter
3152 1605 3470 1687 exquisita,
3504 1613 3597 1669 ut,
3624 1619 3734 1660 cum
3754 1620 3822 1657 au-

2259 1703 2430 1775 gelica
2476 1710 2533 1756 et
2556 1703 2792 1757 humana
2845 1696 3093 1756 creatura
3138 1704 3463 1769 peccasset,
3518 1696 3573 1752 id
3599 1704 3708 1760 est,
3740 1709 3821 1749 non

2261 1797 2405 1868 quod
2450 1795 2562 1862 ille,
2591 1796 2685 1851 sed
2710 1794 2853 1865 quod
2882 1792 3052 1849 voluit
3097 1792 3243 1861 ipsa,
3277 1788 3532 1856 fecisset,
3561 1787 3714 1844 etiam
3746 1801 3819 1855 per

581 1896 739 1950 super
765 1891 981 1949 terram,
1025 1884 1082 1938 in
1128 1886 1258 1954 ipso,
1305 1886 1360 1940 in
1388 1902 1488 1956 quo
1521 1895 1570 1942 et
1591 1896 1728 1942 sorte
1757 1888 1925 1942 vocati
1948 1902 2150 1952 sumus.
2185 1890 2230 1951 Β
2257 1888 2481 1946 eandem
2519 1895 2804 1944 creaturae
2822 1885 3176 1950 voluntatem,
3203 1896 3325 1952 qua
3353 1879 3565 1936 factum
3591 1885 3692 1941 est,
3709 1873 3820 1945 quod

580 1972 955 2040 praedestinati
1007 1976 1317 2039 secundum.
1341 1976 1663 2047 propositum
1700 1977 1794 2034 Dei
1835 1979 1899 2033 ab
1933 1995 1993 2033 eo
2015 2019 2030 2045 ,
2065 1981 2155 2049 qui

582 2065 759 2125 omnia
782 2076 1028 2135 operatur
1044 2067 1328 2121 secundum
1352 2066 1626 2123 consilium
1651 2068 1934 2147 uoluntatis
1962 2087 2090 2125 suae
2103 2082 2152 2124 α.

578 2154 784 2210 Contra
827 2157 985 2212 istam
1009 2158 1253 2212 veritatis
1274 2160 1381 2213 tam
1409 2158 1607 2214 claram
1633 2160 1814 2215 tubam
1846 2160 1967 2230 quis
1997 2160 2157 2215 homo

583 2245 799 2301 sobriae
822 2247 1201 2319 vigilantisque
1239 2249 1360 2303 ﬁdei
1391 2264 1556 2305 voces
1588 2250 1838 2306 admittat
1861 2252 2158 2306 humanas?

584 2336 719 2404 Quis
748 2338 802 2393 in
832 2353 895 2395 ea
924 2355 1028 2395 non
1064 2342 1245 2396 audiat
1274 2343 1819 2411 praedestinationem
1849 2345 2158 2401 omnimodo

582 2442 713 2484 esse
756 2438 1066 2488 sanctorum
1098 2473 1113 2500 ,
1174 2433 1322 2490 nullo
1376 2437 1534 2492 modo
1585 2450 1746 2508 posse
1799 2437 1917 2494 ﬁeri
1970 2453 2158 2511 repro-

585 2519 816 2576 borum?

576 2656 584 2665 .
655 2609 744 2666 IV.
776 2611 1040 2680 Quoniam
1084 2630 1216 2673 vero
1258 2625 1479 2674 sanctus
1504 2627 1660 2690 pater
1701 2595 1953 2675 Aurelius
1983 2620 2163 2692 Augu-

589 2699 792 2769 stinus,
809 2703 1150 2775 eloquentiae
1174 2705 1514 2764 Christianae
1527 2710 1930 2780 copiosissimus
1951 2720 2162 2777 auctor,

587 2792 976 2862 solertissimus
989 2799 1239 2875 veritatis
1253 2800 1558 2869 inquisitor,
1581 2802 1831 2872 pr0priae
1847 2801 2167 2857 translatae-

585 2899 694 2954 que
718 2884 1019 2951 locutionis,
1060 2886 1128 2944 ad
1148 2886 1467 2946 exercitium
1494 2906 1708 2958 eorum,
1730 2894 1820 2963 qui
1846 2908 1970 2955 eum
1999 2893 2167 2949 lectu-

583 2974 634 3028 ri
665 2982 869 3041 essent,
891 2976 1254 3039 nobilissimus
1278 2980 1488 3047 doctor,
1506 2980 1828 3053 aliquotiens
1858 2982 1910 3037 in
1945 2996 2166 3038 suorum
2192 3006 2200 3015 ι

583 3063 845 3122 librorum
877 3069 895 3100 ⁸
924 3070 1065 3124 serie
1104 3070 1380 3126 invenitur
1400 3072 1633 3138 dixisse,
1674 3072 1841 3128 Deum
1877 3070 2171 3143 praedesti-

2256 1981 2479 2039 Crcator
2496 1978 2690 2044 noluit,
2709 1976 2955 2048 impleret
2974 1974 3109 2046 ipse,
3135 1972 3289 2044 quod
3317 1969 3525 2035 voluit,
3540 1968 3671 2024 bene
3687 1974 3813 2020 utens

2258 2081 2313 2128 et
2339 2071 2492 2126 malis
2509 2111 2525 2137 ,
2550 2078 2803 2139 tanquam
2826 2080 3037 2122 summe
3063 2065 3266 2129 bonus,
3304 2061 3379 2117 ad
3424 2072 3614 2117 eorum
3638 2056 3817 2112 (ιιωιιαι

2262 2165 2484 2229 tionem,
2510 2176 2645 2233 quos
2664 2160 2808 2230 juste
2830 2155 3262 2230 praedestinavit
3298 2154 3374 2209 ad
3418 2163 3665 2224 poenam,
3690 2154 3736 2203 et
3763 2144 3815 2200 ad

2259 2271 2445 2312 eorum
2470 2254 2719 2317 salutem,
2748 2265 2884 2321 quos
2927 2249 3157 2339 benigne
3186 2242 3627 2339 praedestinavit
3645 2239 3702 2294 ad

2263 2346 2393 2402 tiam
2427 2342 2448 2384 ι
2491 2363 2537 2398 i.
2586 2343 2717 2399 Item
2759 2356 2829 2397 ex
2853 2340 3043 2396 eodem
3080 2338 3220 2394 libro
3266 2352 3284 2392 :
3335 2354 3357 2390 ι
3401 2334 3665 2389 Dicuntur
3685 2334 3810 2384 etiam

2260 2436 2359 2507 ﬁlii
2385 2436 2670 2507 gehennae,
2693 2448 2800 2488 non
2819 2445 2888 2486 ex
2912 2430 3003 2486 illa
3030 2428 3166 2494 nati,
3201 2427 3305 2484 sed
3326 2426 3387 2481 in
3410 2424 3561 2482 illam
3574 2431 3812 2516 praei-mf.

2262 2504 2325 2591 ti,
2355 2504 2496 2581 sicut
2524 2522 2616 2577 ﬁlii
2640 2522 2791 2593 regni
2812 2526 3205 2592 praeparantur
3225 2518 3281 2573 in
3310 2527 3547 2587 regnum
3572 2522 3613 2552 ω
3629 2527 3671 2564 i.
3697 2507 3744 2562 ln
3763 2504 3810 2558 li-

2261 2615 2360 2672 bro
2385 2615 2451 2670 de
2470 2611 2802 2684 perfectione
2818 2609 3061 2679 iustitiae
3092 2606 3337 2664 hominis
3366 2622 3380 2660 :
3412 2622 3434 2657 (
3463 2601 3520 2660 lu
3540 2614 3604 2656 eo
3637 2617 3656 2652 ι
3679 2636 3694 2663 ,
3723 2594 3807 2657 ait,

2268 2723 2289 2757 ⁸
2312 2719 2511 2775 genere
2531 2704 2831 2767 hominum,
2853 2699 2993 2778 quod
3008 2697 3479 2770 praedestinatum
3503 2698 3586 2747 est
3602 2688 3664 2743 ad
3681 2687 3807 2778 inter-

2265 2795 2399 2852 itum
2427 2806 2455 2834 ιι
2491 2814 2537 2848 ι.
2581 2794 2637 2849 In
2661 2794 2817 2849 libris
2841 2776 2907 2847 de
2928 2790 3159 2847 Civitate
3186 2789 3284 2844 Dei
3314 2806 3332 2842 ι
3368 2803 3390 2838 ς
3423 2783 3564 2852 Quid
3582 2778 3715 2836 dabit
3729 2776 3806 2839 eis,

2266 2902 2404 2958 quos
2425 2884 2847 2957 praedestinavit
2868 2882 2937 2938 ad
2951 2882 3138 2948 vitam,
3156 2880 3249 2951 qui
3275 2881 3418 2936 haec
3439 2874 3583 2933 dedit
3600 2871 3809 2938 simul!“

2264 2974 2688 3049 praedestinavit
2719 2973 2784 3028 ad
2812 2981 3041 3028 mortem
3069 2978 3096 3007 °
3121 2990 3169 3025 »ο
3466 3057 3469 3058 γ
3517 3057 3525 3058 7
3569 3054 3576 3058 _
3712 3055 3719 3058 Α
3773 3044 3784 3058 ,

2344 3067 2426 3124 Vl.
2462 3067 2557 3123 llis
2598 3074 2654 3124 et
2690 3063 2997 3134 huiusmodi
3040 3062 3223 3120 verbis
3270 3057 3531 3118 catholici
3564 3054 3587 3086 δ
3616 3054 3806 3107 auctoris

584 3172 747 3212 nasse
778 3158 974 3229 impios
1018 3162 1086 3215 ad
1125 3161 1402 3218 interitum
1455 3178 1551 3218 seu
1580 3178 1804 3235 poenas,
1833 3140 1897 3219 ac
1940 3180 2038 3235 per
2066 3166 2169 3219 hoc
2206 3241 2234 3247 _
2269 3160 2410 3216 solet
2444 3159 2715 3215 haeretica
2754 3153 3310 3247 insanireveeord‘ia.
3361 3149 3625 3247 “fle-mill?
3664 3140 3804 3247 “3T5

586 3246 1012 3317 intelligentibus
1036 3264 1179 3315 eum,
1206 3259 1265 3305 ut
1293 3252 1371 3306 ait
1393 3251 1704 3321 Apostolus,
1730 3253 1904 3323 {actus
1930 3261 2006 3307 est
2033 3252 2164 3306 odor
2191 3241 2235 3304 C
2267 3250 2598 3305 eruditorum
2621 3247 2819 3317 lupinis
2845 3244 3098 3302 dentibus
3120 3243 3354 3298 laniare.
3377 3239 3516 3308 Quis
3536 3239 3666 3293 enim

584 3338 721 3393 vitae
746 3340 801 3393 in
822 3340 1001 3406 vitam,
1027 3356 1132 3396 non
1154 3341 1577 3412 intelligentibus
1597 3357 1729 3398 vero
1753 3344 1883 3397 odor
1901 3343 2083 3397 mortis
2108 3342 2164 3396 in

586 3438 808 3483 mortem
826 3428 875 3496 ι’,
896 3431 1198 3499 praesentis
1222 3446 1418 3487 causae
1433 3432 1571 3488 ratio
1585 3432 1842 3503 postulat,
1855 3432 2023 3502 ipsius
2038 3447 2163 3487 ver-

585 3521 661 3576 ba
686 3522 838 3590 quasi
884 3522 1101 3577 sibimet
1151 3525 1503 3595 repugnantia
1549 3539 1833 3594 ponamus,
1870 3524 1946 3579 uti
1996 3522 2166 3579 lector

588 3610 893 3683 intelligens
935 3612 1148 3671 facilius
1176 3615 1439 3682 intendat,
1485 3631 1593 3687 quo
1639 3631 1836 3686 genere
1876 3614 2166 3672 locutionis

588 3703 808 3769 dixerit,
831 3702 1370 3773 praedestinationem
1392 3707 1626 3771 divinam
1647 3708 1860 3777 utrique
1885 3706 2165 3762 hominum

590 3793 775 3862 generi
815 3795 1124 3861 convenire,
1153 3796 1404 3852 videlicet
1442 3797 1630 3853 electis
1657 3814 1757 3869 per
1796 3799 2044 3869 gratiam,
2085 3813 2167 3854 re-

589 3881 843 3951 lictisque
906 3899 1004 3954 per
1044 3885 1329 3956 justitiam,
1385 3889 1683 3958 eademque
1752 3888 2164 3959 dicta,"quibus

588 3973 733 4041 male
758 3976 958 4032 utendo
976 3976 1282 4033 haereticus
1304 3979 1510 4034 erroris
1534 3980 1615 4034 sui
1637 3978 1919 4050 perﬁdiam
1938 3990 2165 4036 conatur

590 4073 856 4134 astruere,
904 4070 1149 4140 ponenda
1175 4085 1295 4126 esse
1327 4069 1708 4138 indicavimus,
1736 4081 1796 4128 ut
1823 4074 2029 4134 eisdem
2072 4089 2163 4131 sa-

591 4160 760 4230 gittis,
792 4176 927 4232 quas
954 4163 1009 4217 in
1033 4164 1197 4219 corda
1225 4163 1550 4234 simplicium
1572 4165 1823 4222 incautus
1840 4175 2161 4232 extorserat,

589 4251 906 4308 vulneratus
934 4254 1171 4309 recedat.

580 4358 587 4363 ‘
662 4350 731 4406 ν.
750 4349 861 4421 Ait
883 4365 1012 4422 ergo
1034 4352 1365 4423 Augustinus
1386 4354 1439 4409 in
1461 4355 1691 4426 quadam
1723 4354 1945 4411 homilia
1973 4356 2040 4412 ad
2064 4371 2165 4427 po-

589 4439 776 4510 pulum
832 4438 1109 4509 exponens
1161 4441 1290 4497 illud
1332 4442 1607 4514 Evangelii
1656 4464 1669 4499 :
1713 4443 1966 4516 Princeps
2008 4446 2166 4515 hujus

591 4529 776 4583 mundi
782 4529 897 4599 jam
906 4529 1180 4598 judicatus
1193 4540 1266 4585 est
1289 4543 1337 4596 ο,
1360 4550 1380 4584 ι
1406 4510 1776 4602 id'estjudicio
1797 4510 1935 4606 ignis
1959 4510 2164 4589 aeterni
2196 4594 2237 4606 ,
2269 4524 2383 4580 suis
2434 4521 2759 4580 dictionibus
2799 4517 3121 4575 δεῖθιιάίιιιτο
3159 4514 3291 4606 Εεφ
3320 4510 3419 4606 ίίξῗί

592 4594 1026 4674 irrevocabiliter
1069 4594 1366 4677 destinatus
1412 4631 1495 4677 est
1538 4594 1656 4676 ἀν».
1709 4622 1770 4677 ln
1816 4594 2162 4693 expositione
2195 4594 2244 4656 θ
2266 4621 2512 4689 paratus.
2549 4619 2644 4667 θυι
2689 4619 2745 4668 ιθ
2775 4608 3087 4673 defendere»
3114 4594 3265 4675 ιιιωᾶ
3288 4600 3434 4658 “uno

593 4724 811 4782 quoque
856 4709 1128 4782 Evangelii
1155 4715 1447 4770 secundum
1473 4713 1756 4780 Joannem,
1794 4715 1885 4772 ubi
1921 4716 2166 4771 testimo-

594 4803 745 4859 nium
777 4804 1154 4874 praecursoris
1170 4805 1260 4860 sui.
1281 4804 1348 4861 de
1371 4804 1586 4861 Christo
1616 4804 1885 4875 explanat,
1938 4806 2069 4861 dicit
2093 4817 2116 4845 ο
2148 4821 2166 4871 ς

2268 3341 2502 3396 rantium
2530 3315 2718 3394 modos
2743 3337 3096 3402 locutionum,
3127 3334 3336 3404 quibus
3360 3328 3533 3388 sancti
3557 3325 3722 3414 Patres

2267 3429 2462 3495 solent,
2489 3424 2597 3485 non
2625 3427 2784 3483 facile
2809 3425 2979 3497 possit
3006 3424 3211 3490 seduci,-
3247 3418 3527 3477 audiendo
3551 3409 3799 3497 praedestio

2266 3531 2426 3579 natos
2439 3531 2663 3578 aeterno
2684 3495 2829 3591 igni,
2855 3525 3202 3589 praeparatos
3221 3515 3294 3571 ad
3308 3515 3452 3570 iram
3471 3507 3563 3565 Ι)θὶ
3579 3546 3594 3572 9
3618 3495 3799 3603 “id?

2266 3614 2497 3669 stinatos
2518 3612 2682 3668 morti
2704 3610 3084 3679 sempiternae,
3112 3603 3549 3678 praedestinatos
3573 3594 3634 3649 ad
3669 3594 3799 3679 inter-

2266 3705 2422 3770 itum,
2454 3704 2522 3759 ad
2546 3672 3131 3773 poenam,'ceteraque-
3167 3697 3221 3753 id
3246 3709 3462 3784 genus,
3508 3682 3699 3784 utsine

2268 3794 2625 3852 haesitatione
2669 3792 2949 3858 concedat,
2978 3800 3072 3846 aut
3110 3789 3248 3845 duas
3299 3778 3794 3875 praedestinatum-'1:

2268 3904 2430 3946 unam
2470 3886 2629 3959 plane
2654 3894 2991 3950 sanctorum,
3018 3881 3246 3938 alteram
3276 3876 3566 3949 impiorum
3583 3907 3598 3934 ,

2267 3995 2369 4052 per
2420 3949 2601 4036 omnia
2634 3949 3099 4042 contrarias,raut
3125 3986 3290 4027 unam
3339 3963 3658 4027 eandemllue
3691 3949 3795 4052 diti‘

2267 4047 2393 4128 nam
2432 4067 2979 4141 praedestinationem
3027 4072 3359 4131 sanctosque
3396 4052 3677 4144 impiosquf
3705 4047 3793 4144 alni“

2486 4173 2716 4228 eamque
2741 4156 2904 4213 simul
2949 4152 3370 4215 contrariorum,
3403 4141 3544 4216 quod
3573 4123 3792 4234 ηιίξξνίξθς

2266 4219 2450 4323 negat,
2477 4264 2598 4307 esse
2617 4219 2891 4321 capacem.
2909 4245 3008 4304 Cui
3033 4242 3299 4325 delendae
3328 4234 3576 4297 miseriae
3611 4219 3792 4325 utillqu

2267 4309 2659 4409 Sttzcurritur',
2682 4309 2901 4412 quando
2918 4338 3105 4395 eadem
3121 4322 3542 4406 praedestinatio

2266 4431 2495 4489 eundem
2539 4394 2898 4500 Augustinum
2940 4425 3197 4483 delinitur
3236 4422 3293 4489 ‘,
3346 4418 3565 4488 ejusque
3600 4399 3790 4497 άθθιξῑυθ

2269 4524 2380 4555 ..περ
2435 4521 2756 4555 (“alin-aﬂuat:
2799 4517 3102 4555 ﬂnfnndiinr
3160 4514 3291 4555 Rem
3320 4510 3513 4555 igitur.
3549 4495 3784 4555 haerent”:

3420 4521 3485 4561 ur
3499 4544 3513 4571 ’
3549 4517 3784 4555 υπῐιςιιυνν

3480 4575 3783 4650 mines.

2273 4671 2367 4768 Iaut
2389 4719 2445 4767 te
2462 4671 2774 4773 emendare,
2802 4704 2946 4776 quod
2973 4671 3150 4774 potes,—
3171 4700 3218 4756 si
3236 4692 3449 4756 veritati

2279 4752 2514 4861 dginvas.
2537 4800 2675 4855 Audi
2703 4752 3204 4868 piagdestiiriationis
3223 4788 3436 4845 divinae
3463 4752 3777 4834 terminos“

1872 4917 2129 4973 VARIAE
2165 4910 2567 4973 LECTIONES.
3420 4986 3430 4988 _
3564 4974 3576 4988 ⁸

663 5024 680 5056 ι
720 5016 830 5072 Sic.
864 5013 1011 5080 cod.,
1051 5011 1102 5066 Μ
1166 5011 1418 5068 librorum
1459 5027 1696 5067 suorum.
1771 5012 1793 5043 ²
1845 4964 2899 5067 ’ἆξιλιιῐῄἱῐῖἆῐνξηεὴεἱήᾱοω
2972 4994 3156 5053 ‘Cod.
3213 4986 3471 5052 catoloct'i
3538 4974 3610 5033 δίθ
3633 4964 3777 5027 “cpe.

598 5110 620 5143 '
650 5109 760 5167 Sic.
799 5109 871 5166 Μ.
890 5150 907 5176 ,
965 5110 1090 5166 cod.
1134 5101 1532 5166 succureitntur.
1607 5108 1631 5141 ⁸
1656 5107 1787 5166 Cod.
1820 5106 2089 5178 dimnitur,
2115 5105 2194 5161 sic
2219 5103 2436 5174 ubique.
2466 5124 2471 5131 ·

2092 5219 2342 5277 NOTAE.

666 5335 694 5365 ⁸
723 5324 920 5394 Εριιθθο
942 5322 994 5394 1,
1025 5323 1237 5394 ἔξειμι

667 5395 698 5435 ιι
721 5392 911 5451 ll‘Cor.
940 5392 1003 5450 ll.
1022 5392 1108 5446 l6.

672 5461 1223 5540 τιρεωλςνιηιίηη
1288 5531 1352 5540 ﬂ
1466 5528 1508 5540 n
1679 5528 1691 5540 _
1755 5527 1776 5540 _
1926 5526 1939 5540 .

664 5535 692 5574 ἀ
726 5533 1009 5602 Augustin.
1030 5527 1258 5588 'homilia
1284 5531 1354 5589 95
1382 5548 1437 5585 m
1461 5528 1710 5602 Evangel.
1743 5527 1984 5584 Joannis.

672 5618 697 5643 ο
725 5601 1008 5674 Augustin.
1032 5603 1162 5657 ibid.
1188 5610 1345 5659 tract.
1375 5601 1462 5657 14.

674 5676 693 5713 ί
727 5674 1167 5746 Augustin._ibid.

673 5747 698 5783 ε
724 5743 879 5798 Joan.
908 5744 977 5808 Χ,
1002 5743 1088 5797 46.

670 5816 697 5856 ὶι
725 5814 1012 5887 Augustin.
1036 5814 1164 5868 ibid.
1194 5822 1348 5870 tract.
1379 5812 1467 5868 48.

2350 5312 2365 5351 i
2397 5306 2554 5363 Joan.
2586 5302 2773 5372 11,29.

2345 5370 2678 5501 ἑῧυεῖιεὲἓ.
2778 5370 2819 5425 ι.

2444 5463 2503 5501 sa
2528 5485 2542 5500 .
2672 5484 2687 5501 .
2756 5482 2771 5496 .

2444 5463 2542 5502 ειη.
2574 5463 2687 5509 UA,
2715 5463 2771 5497 Ζ.

2352 5518 2365 5555 ι
2396 5501 2685 5586 Augustin:
2709 5505 3056 5586 ΕΙ)ρίιίτὶἀίοη
3093 5518 3144 5560 c.
3168 5501 3291 5559 l00.

2345 5581 2684 5653 “Augustin.
2709 5581 2837 5653 ibid.
2894 5646 2911 5653 _
3038 5645 3053 5653 _
3099 5587 3104 5591 '
3282 5637 3340 5653 __

2349 5668 2375 5695 ιι
2403 5640 2686 5729 Augustin.
2710 5651 2774 5729 de
2792 5645 3248 5729 perfect-jura”?
3277 5640 3363 5729 lg:

2355 5735 2379 5761 ο
2404 5707 2689 5797 Augustin.
2717 5707 2964 5776 de'Cii'iit.
2992 5707 3087 5770 ῠιί
3110 5712 3273 5777 xxu,
3300 5707 3391 5763 at.
