4028 6280
182 396 322 484 ἰοί

1316 428 1520 485 LIBER
1559 428 1644 484 DE
1682 424 2383 483 PRAEDESTINATIONE.

3360 419 3466 475 402

210 542 504 608 finitionis,
555 556 691 613 quos
720 540 898 598 nullus
935 550 1086 600 recte
1126 542 1461 599 credentium
1491 549 1587 597 aut
1615 541 1793 595 minus
1820 542 1867 598 Α
1893 552 2083 593 verum
2124 545 2231 600 cst,
2275 551 2393 603 sua,
2442 549 2582 606 quae
2625 533 2733 590 falli
2778 535 3082 606 mutarique
3126 548 3234 590 non
3264 541 3460 604 potest,

209 643 427 699 artare,
457 641 548 689 aut
581 633 702 705 plus
730 635 894 690 audet
937 634 1246 697 extendere,
1280 634 1459 690 nullus
1495 635 1795 690 contentio-

211 739 320 780 sus
349 732 527 795 potest
551 724 847 780 inﬁrmam.
874 724 933 779 In
960 723 1102 780 libro
1122 725 1196 779 ad
1221 723 1543 795 Prosperum
1570 732 1625 780 et
1646 722 1795 779 Hila-

217 816 369 871 rium
389 833 404 870 :
423 834 443 868 ι
465 814 892 872 Praedestinatio
905 824 991 872 est
1010 834 1029 869 ι
1043 855 1058 882 ,
1074 815 1268 885 inquit,
1291 835 1311 867 ι
1333 829 1472 885 quae
1491 814 1608 870 sine
1636 827 1798 884 prae-

213 906 451 963 sciontia
475 920 580 961 non
607 914 783 976 potest
800 919 940 962 esse.
966 905 1152 965 Potest
1175 905 1626 961 autemessesine
1651 916 1802 974 prae-

214 996 587 1054 destinatione
621 997 1006 1069 praescientia.
1049 995 1551 1052 Praedestinatione
1600 993 1800 1063 quippe

216 1087 373 1144 Deus
396 1104 461 1144 ea
490 1088 808 1160 praescivit,
836 1102 977 1158 quae
1006 1086 1185 1143 fuerat
1209 1087 1324 1157 ipse
1351 1085 1589 1142 facturus
1613 1103 1628 1141 :
1659 1085 1803 1140 unde

218 1179 432 1234 dictum
464 1188 546 1236 est
572 1178 723 1245 fecit,
750 1195 889 1250 quae
915 1178 1095 1233 futura
1124 1188 1268 1233 sunt.
1309 1176 1593 1233 Praescire
1620 1183 1802 1230 autem

218 1279 406 1340 potest
428 1270 445 1302 ¹
479 1270 664 1339 etiam,
685 1284 824 1342 quae
850 1271 965 1341 ipse
990 1284 1097 1326 non
1113 1268 1263 1335 facit,
1284 1268 1427 1324 sicut
1450 1280 1807 1340 quaecunque

220 1369 451 1431 peccata
470 1373 508 1427 ι,
534 1379 580 1416 ι.

301 1451 415 1506 Vl].
467 1450 722 1517 Attende,
776 1450 954 1521 qualis
1006 1450 1081 1507 sit
1120 1450 1223 1507 ista
1276 1450 1538 1514 deﬁnitio,
1584 1463 1725 1521 quae
1773 1465 1806 1505 a

224 1540 536 1598 differentia
555 1550 642 1598 est
668 1550 944 1613 assumpta
968 1543 1012 1596 '.
1040 1542 1136 1598 Est
1165 1542 1330 1614 igitur
1359 1542 1483 1598 talis
1504 1541 1806 1597 dilTerentia

225 1633 378 1689 inter
388 1632 932 1702 praedestinatiouem
946 1639 1003 1687 et
1014 1633 1450 1702 praescientiam,
1470 1632 1612 1702 quod
1634 1632 1811 1688 omnis

224 1725 656 1797 praedestinatio
683 1725 1043 1796 praescientia
1061 1765 1078 1791 ,
1099 1740 1207 1781 non
1235 1734 1416 1780 autem
1444 1724 1622 1781 clunis
1652 1738 1812 1794 prae~

1895 631 2252 703 praescientia
2277 645 2441 701 opera
2470 645 2567 685 sua
2599 629 2777 684 futura
2810 629 3114 698 disponere,
3137 627 3192 683 id
3219 626 3464 688 omnino.

1896 739 2000 781 nec
2024 724 2165 778 aliud
2193 723 2485 793 quidquam
2507 730 2592 776 est
2614 720 3016 791 praedestinare
3045 736 3063 771 :
3087 733 3275 773 verum
3304 726 3385 772 est
3413 716 3467 771 id

1896 815 2117 873 omnino
2131 830 2262 889 :pec
2276 813 2420 870 aliud
2439 813 2728 885 quidquam
2749 819 2834 868 est
2860 809 3279 880 praedestinare,
3304 822 3467 877 quam

1900 907 1955 963 in
1980 921 2101 973 sua,
2133 921 2275 978 quae
2303 905 2415 960 falli
2442 904 2747 973 mutarique
2760 915 2866 957 non
2891 907 3089 971 potest,
3113 898 3471 969 praescierint!

1897 1013 2064 1070 opera
2090 1013 2186 1053 sua
2211 996 2390 1053 futura
2411 995 2719 1065 disponere.
2749 991 2889 1047 Hinc
2911 988 3195 1046 coniicitur
3213 986 3316 1042 alia
3343 1001 3475 1042 eon-

1899 1089 2099 1145 versio.
2134 1087 2213 1144 Si‘
2233 1086 2412 1144 omnis
2456 1082 2835 1156 praescientia,
2868 1097 2977 1152 qua
3003 1082 3146 1137 Deus
3184 1093 3348 1149 opera
3374 1091 3474 1131 sua

1903 1182 2083 1239 futura
2124 1178 2404 1251 disposuit,
2436 1178 2616 1233 divina
2653 1172 3076 1247 praedestinatio
3101 1180 3187 1226 est
3229 1186 3247 1223 :
3297 1167 3479 1225 omnisI

1904 1270 2347 1346 praedestinatio,
2374 1276 2481 1340 qua
2511 1268 2654 1325 Deus
2679 1281 2844 1338 opera
2861 1279 2955 1321 sua
2983 1254 3165 1319 futura
3192 1259 3480 1331 disposuit,

1907 1365 2086 1421 divina
2107 1361 2463 1435 praescientia
2480 1369 2566 1417 est
2588 1377 2603 1414 :
2625 1359 2910 1415 conficitur
2931 1371 3079 1426 ergo,
3101 1352 3451 1439 praedestina

1905 1461 2109 1515 tionem
2135 1457 2231 1512 Dei
2275 1472 2386 1512 non
2426 1471 2547 1512 esse
2582 1453 2687 1510 nisi
2721 1454 2776 1509 in
2813 1451 3068 1523 operibus
3097 1449 3234 1520 ejus,
3264 1444 3484 1517 quando

1910 1550 2044 1607 nihil
2074 1540 2272 1612 minus,
2302 1546 2438 1603 nihil
2481 1545 2712 1617 amplius
2735 1543 3046 1600 continetur
3066 1539 3118 1594 in
3141 1536 3259 1608 ejus
3289 1534 3485 1591 defini-

1909 1641 2055 1698 tione
2079 1647 2294 1710 praeter
2317 1637 2619 1695 divinorum
2631 1647 2854 1705 operum
2883 1628 3309 1700 dispositionem.

1980 1733 2047 1790 ll.
2078 1732 2184 1789 Sed
2212 1732 2280 1787 ad
2307 1731 2442 1785 haec
2461 1728 2704 1783 dicturus
2731 1738 2791 1780 es
2820 1739 2834 1777 :
2865 1721 2946 1777 Ad
2992 1719 3084 1776 Dei
3116 1730 3280 1788 opera
3314 1711 3487 1784 perti-
3605 1749 3610 1754 -

229 1816 461 1875 scientia
489 1817 931 1887 praedestinatio.
983 1817 1352 1874 Praescientia
1385 1830 1620 1887 namque
1670 1807 1811 1888 ipsa,
1878 1838 2069 1890 .nem,
2092 1823 2239 1895 iuste
2271 1818 2606 1877 damnandos
2654 1812 3070 1886 praedestinare
3110 1809 3178 1864 ad
3224 1819 3482 1878 poenam.

229 1923 346 1980 qua
390 1908 534 1965 Deus
555 1908 845 1978 praescivit
888 1924 975 1975 ea,
1004 1924 1147 1980 quae
1175 1909 1348 1966 fuerat
1392 1909 1508 1979 ipse
1544 1910 1809 1976 facturus,
1843 1897 1886 1956 Β
1914 1917 2056 1974 sicut
2095 1916 2164 1971 ad
2198 1913 2315 1985 ejus
2336 1926 2500 1984 opera
2526 1908 2777 1980 pertinet,
2802 1903 2974 1976 gratia
2998 1899 3286 1957 salvandos
3326 1909 3488 1967 prae-

232 2003 660 2075 praedestinatio
698 2017 826 2060 vere
871 2004 1286 2076 specialiterque
1327 2005 1543 2060 dicitur.
1576 2004 1651 2060 Ea
1684 2019 1816 2063 vero

231 2094 622 2165 pracscientia,
634 2110 737 2165 qua
750 2110 838 2161 ea,
851 2111 991 2167 quae
1008 2111 1113 2151 non
1133 2095 1287 2163 facit,
1301 2097 1616 2167 praescivit,
1640 2096 1693 2153 id
1708 2105 1812 2164 est,

234 2195 464 2258 peccata
489 2201 785 2259 eorumque
807 2203 1031 2258 poenas,
1044 2189 1402 2260 praescientia
1433 2189 1680 2245 absolute
1702 2191 1818 2260 pla-

234 2277 354 2333 cuit
374 2278 581 2343 vocari,
597 2279 693 2343 ita,
716 2286 776 2333 ut
803 2293 866 2334 ea
885 2279 1255 2335 tantummodo
1270 2280 1650 2351 praescientia,
1678 2294 1819 2350 quae

237 2370 444 2427 dicitur
479 2371 921 2440 praedestinatio,
951 2372 1003 2427 in
1032 2372 1175 2429 bono
1203 2388 1423 2444 semper
1447 2373 1815 2442 intelligatur;

238 2459 358 2517 sola
384 2475 518 2517 vero
544 2462 897 2532 praescientia
927 2462 1046 2518 sine
1070 2463 1563 2534 praedestinatione
1596 2466 1820 2521 omnino

240 2551 512 2607 maiorum
537 2560 643 2616 est,
673 2566 813 2622 quae
843 2550 986 2609 Deus
1013 2568 1120 2609 non
1158 2552 1307 2610 facit.
1339 2554 1405 2610 Et
1428 2568 1498 2609 ne
1526 2554 1666 2611 ullus
1696 2555 1821 2612 inde

241 2642 537 2703 dubitaret.
570 2643 765 2714 adjecit
815 2663 830 2701 :
888 2663 908 2698 ι
952 2643 1216 2713 Quocirca
1250 2647 1676 2717 praedestinatio
1704 2647 1818 2710 Dei,

244 2750 389 2804 quae
409 2734 463 2789 in
477 2735 619 2790 bono
639 2743 745 2800 est,
762 2736 968 2807 gratiae
997 2744 1081 2793 est
1109 2738 1483 2808 praeparatio;
1505 2739 1678 2810 gratia
1694 2752 1823 2795 vero

244 2836 333 2882 est
361 2828 532 2897 ipsius
546 2828 1051 2898 praedestinationis
1064 2827 1289 2886 eﬂ'ectus
1312 2829 1342 2871 ι»
1372 2848 1417 2887 υ.
1442 2830 1588 2886 idem
1606 2832 1660 2885 in
1684 2830 1823 2886 libro

246 2918 319 2974 de
343 2919 498 2976 Dono
522 2920 953 2990 perseverantiae
974 2920 1162 2978 eadem
1178 2920 1389 2992 planius
1406 2923 1580 2994 aperit
1605 2922 1822 2978 dicens:

255 3029 278 3061 σ
308 3010 417 3067 Ista
465 3010 629 3082 igitur
657 3025 753 3067 sua
783 3012 942 3080 dona,
992 3013 1402 3084 quibuscunque
1455 3013 1595 3069 Deus
1642 3014 1825 3079 donat,

248 3103 438 3169 procul
491 3102 656 3159 dubio
681 3119 739 3160 se
770 3105 1022 3160 daturum
1061 3121 1183 3163 esse
1230 3106 1542 3178 praescivit,
1567 3114 1623 3162 et
1650 3107 1702 3161 in
1733 3121 1827 3163 sua

250 3193 613 3264 praescientia
643 3196 1002 3266 praeparavit.
1035 3196 1179 3262 Quos
1235 3211 1366 3269 ergo
1404 3197 1828 3267 praedestinavit,

1917 2010 2188 2067 destinare
2203 2007 2268 2062 ad
2291 2002 2702 2067 beatitudinem,
2720 2007 2774 2055 et
2792 1999 2898 2054 hoc
2911 1993 3231 2053 testimoniis
3243 1988 3492 2059 ejusdem

1917 2102 2089 2161 sancti
2113 2098 2394 2170 Augustini
2420 2080 2641 2150 (innare
2660 2089 2962 2148 conaberis.
2985 2086 3136 2154 Quae
3161 2097 3249 2147 eo,
3271 2093 3377 2150 quo
3398 2092 3497 2170 pos

1918 2193 2093 2254 suisti,
2122 2168 2312 2246 ordine
2348 2186 2646 2259 posuimus,
2674 2191 2736 2237 ut
2763 2182 2816 2236 in
2841 2180 2944 2243 eis,
2973 2193 3079 2233 non
3111 2173 3254 2246 quod
3289 2179 3365 2237 tu,
3398 2168 3496 2223 sed

1919 2285 2062 2359 quod
2103 2283 2191 2339 ille
2235 2281 2426 2346 voluit,
2471 2278 2770 2332 videamus.
2800 2272 3040 2340 Quorum
3074 2267 3320 2359 sigunum
3349 2268 3500 2359 recte

1921 2351 2083 2434 fuerit
2122 2373 2457 2446 expositum,
2506 2367 2733 2426 sufficiet
2782 2365 2851 2420 ad
2899 2369 3079 2418 cetera
3134 2351 3498 2446 intelligenda.

1922 2440 2346 2533 Ponamus-ergo
2369 2460 2497 2517 illud
2513 2478 2559 2512 τι
2580 2457 2774 2528 Hagna
2796 2469 2952 2525 opera
2984 2448 3215 2513 Domini,
3242 2440 3503 2533 exquisita

1921 2563 1977 2615 in
2013 2573 2192 2615 omnes
2220 2532 2508 2611 voluntates
2533 2551 2648 2617 eius
2674 2549 2722 2614 ε,
2751 2556 2807 2603 et
2831 2555 2940 2600 tam
2969 2539 3242 2613 sapienter
3265 2532 3504 2604 exquisi-

1924 2661 2002 2718 ta,
2027 2658 2105 2715 ut,
2127 2663 2250 2706 cum
2273 2644 2512 2717 angelica
2534 2649 2587 2698 et
2606 2635 2839 2696 humana
2860 2644 3104 2692 creatura
3126 2632 3425 2718 peccasset,
3444 2621 3500 2676 id
3576 2676 3583 2683 ,

1925 2715 2030 2807 est,
2084 2755 2193 2796 non
2222 2715 2363 2808 quod
2389 2735 2479 2790 ille
2499 2775 2514 2801 ,
2543 2730 2641 2789 sed
2691 2727 2834 2801 quod
2860 2723 3030 2781 voluit
3076 2721 3189 2791 ipsa
3211 2722 3235 2785 ,'
3263 2715 3499 2808 fecisset,

1926 2833 2090 2888 etiam
2105 2845 2201 2900 per
2223 2807 2451 2884 eandem
2477 2831 2757 2881 creaturae
2778 2817 3105 2873 voluntatem
3129 2850 3147 2877 ,
3167 2824 3279 2900 qua
3296 2807 3504 2900 factum

1927 2894 2193 2993 est,un
2218 2920 2445 2976 Creator
2469 2914 2642 2971 noluit
2661 2951 2678 2978 ,
2709 2908 2958 2981 impleret
2981 2905 3115 2975 ipse,
3144 2899 3288 2970 quod
3313 2894 3507 2993 voluit,

1930 2988 2086 3075 bene
2117 3022 2277 3071 utens
2317 3019 2375 3067 et
2422 3008 2582 3066 malis
2605 3046 2621 3072 ,
2675 3012 2933 3073 tanquam
2959 3009 3170 3055 summe
3195 2994 3391 3054 bonus,
3436 2988 3507 3044 ad
3616 3022 3621 3026 ε

1931 3123 2119 3166 eorum
2146 3101 2566 3167 damnationem,
2602 3100 2739 3168 quos
2776 3093 2921 3164 iuste
2966 3083 3387 3160 praedestinaVit
3438 3078 3509 3133 ad

1934 3213 2190 3273 poenam,
2223 3194 2356 3251 etad
2380 3203 2569 3248 eorum
2599 3185 2851 3246 salutem,
2878 3175 3262 3273 quosbenignc
3277 3168 3508 3243 praede-

247 3286 396 3354 ipsos
423 3293 472 3341 et
499 3288 696 3345 vocavit
717 3296 769 3353 ε,
794 3288 1081 3344 vocatione
1100 3286 1213 3352 illa,
1237 3265 1429 3359 deiqua
1459 3288 1663 3343 dictum
1703 3297 1788 3345 est
1813 3303 1829 3343 :
1859 3268 1903 3331 (ἶ
1934 3265 2157 3349 ὲιῑηεινὶι
2180 3288 2248 3343 ad
2293 3284 2523 3358 gratiam
2547 3280 2576 3322 ιι
2608 3298 2653 3343 ι,
2674 3276 2822 3337 Ecce
2850 3273 2906 3328 in
2931 3284 3039 3326 una
3054 3265 3366 3343 ‘eademque
3388 3272 3513 3315 sen-

251 3375 388 3431 Sine
433 3376 897 3446 poenitenti'a‘aunt
925 3379 1064 3433 dona
1089 3389 1138 3435 et
1174 3380 1373 3435 vocalia
1400 3379 1496 3435 Dei
1516 3379 1565 3434 ἀ.
1591 3378 1834 3451 Namque
1932 3382 2134 3440 tentia:
2154 3399 2172 3432 ι
2194 3372 2678 3435 Praedestinavitt,
2695 3366 2919 3436 inquit,c
2939 3362 3004 3417 ad
3023 3364 3511 3451 poenam’,‘P':ae’

250 3466 311 3522 in
338 3440 628 3537 sua','quac
654 3466 764 3523 falli
790 3470 1094 3540 mutarique
1118 3456 1224 3525 nun
1248 3454 1447 3541 potest,
1477 3440 1834 3541 praescieritia
1926 3471 2226 3532 destinavit
2242 3469 2317 3524 ad
2342 3465 2572 3537 gratiam
2592 3480 2638 3515 ι.
2674 3440 3515 3545 υϋὶνίιυθθθξ¹ξ¹¹¹¹ξχτθθνξ¹¹ξ¹θ³⁸

255 3571 427 3627 opera
477 3533 575 3614 sua
622 3549 799 3616 futura
831 3533 1140 3631 disponere,
1182 3533 1267 3616 id-
1286 3533 1663 3625 omninornec
1693 3561 1836 3617 aliud
1928 3565 2007 3619 ad
2028 3576 2113 3629 ea,
2130 3574 2269 3630 quae
2289 3533 2701 3625 interi-egemus,
2724 3554 2906 3601 utrum
2930 3537 3279 3639 adjustitiam
3298 3533 3412 3634 Dei,

255 3618 556 3720 quidquam
596 3664 679 3708 est
708 3618 1139 3723 praedestinare'
1163 3665 1187 3694 ο
1241 3674 1286 3709 ι.
1338 3638 1481 3710 Huic,
1506 3618 1840 3711 clarissimae
1934 3618 2006 3710 ad
2049 3618 2169 3724 ejus
2203 3648 2457 3722 gratiam“
2478 3618 2748 3715 δετίίηθθί
2782 3623 3415 3730 Ρῖθθάθδιὲίξπῖξωρίῳ

259 3715 428 3796 taliae
454 3748 619 3812 atque
646 3715 1024 3814 apertissimae
1057 3742 1489 3801 Christianorum
1535 3755 1838 3801 castrorum
1938 3715 2170 3814 poen'am
2192 3715 2234 3793 ί
2274 3730 2667 3806 Βεεροηάευίευ
2723 3725 2945 3814 "eam,
2979 3720 3046 3776 ad
3074 3715 3382 3814 inﬁmam?
3418 3715 3523 3814 “an

252 3831 390 3898 quis
418 3831 697 3889 dissonare
722 3833 748 3866 ⁸
770 3836 1122 3904 praesumat?
1151 3833 1301 3902 Quae
1326 3835 1664 3906 apertissima
1712 3850 1843 3891 voce

260 3936 525 3977 resonare
572 3938 679 3978 non
710 3923 923 3989 desinit,
977 3922 1039 3979 id
1076 3925 1317 3991 omnino,
1365 3940 1467 3981 nec
1509 3924 1652 3980 aliud
1700 3940 1841 3991 esse,

262 4013 439 4068 Deum
481 4012 913 4082 praedestinare,
941 4028 1102 4084 quam
1143 4015 1499 4085 praescleutia
1532 4030 1627 4070 sua
1656 4030 1842 4084 opera,

263 4119 409 4175 quae
455 4105 569 4175 ipe
606 4103 851 4161 facturus
875 4104 1075 4171 fuerat,
1111 4107 1419 4175 disponere.
1469 4104 1589 4171 Dic,
1620 4119 1845 4174 quaeso,

264 4205 449 4251 utrum
479 4196 582 4251 ista
612 4195 856 4253 deﬁnitio
899 4198 1412 4268 praedestinatlonis
1448 4212 1576 4254 vera
1624 4198 1733 4264 sit,
1778 4213 1847 4252 an

267 4286 406 4343 falsa
424 4288 450 4340 ἲ
479 4286 536 4342 Si
567 4285 698 4342 falsa
728 4295 832 4351 est,
882 4288 1215 4359 reprehendo
1241 4289 1617 4357 Augustinum;
1645 4288 1691 4344 si
1719 4302 1848 4342 vera

268 4386 378 4442 est,
409 4377 534 4433 talis
560 4377 674 4434 ﬁeri
715 4392 937 4435 necesse
957 4387 1060 4445 est,
1088 4379 1267 4448 qualis
1296 4379 1409 4449 ipse
1438 4379 1517 4435 ait
1540 4380 1594 4434 in
1623 4378 1761 4434 libro
1784 4381 1851 4433 de

269 4467 487 4524 animae
517 4468 820 4536 quantitate
870 4482 885 4525 :
936 4486 956 4521 ‹
992 4468 1245 4524 Definitio
1266 4468 1289 4502 ι
1321 4468 1458 4525 nihil
1485 4469 1683 4532 minus,
1718 4467 1853 4523 nihil

271 4559 508 4629 amplius
534 4559 794 4626 enminet,
820 4552 1003 4631 quam
1020 4561 1111 4626 id,‘
1137 4562 1281 4631 quod
1313 4571 1625 4632 susceptum
1653 4569 1736 4617 est
1758 4576 1854 4616 ex-

269 4649 615 4719 plicandum;
641 4649 798 4707 aliter
825 4651 1046 4708 omnino
1070 4651 1266 4707 vitiosa
1293 4660 1377 4708 est
1404 4651 1427 4693 ί
1469 4672 1513 4708 ι.
1542 4651 1735 4707 Utrum
1757 4667 1853 4706 au-

160 4733 171 4743 ’
272 4750 387 4795 tem
429 4740 733 4812 hujusmodi
764 4741 909 4799 vitiis
935 4749 1141 4810 careat,
1177 4742 1531 4800 conversione
1557 4741 1580 4774 ⁸
1609 4741 1856 4813 explora-

274 4838 387 4886 ω’
785 4900 1184 4960 CAPITULUM
1218 4864 1333 4959 itu.

596 4991 678 5047 De
700 4991 1002 5063 deﬁnitione
1022 4993 1535 5076 praedestinationis.

260 5188 263 5193 ἱ
350 5102 395 5158 l.
428 5100 550 5158 Fiat
574 5101 735 5176 igitur
779 5102 940 5173 hujus
974 5102 1305 5197 definitionis
1339 5101 1622 5160 conversio
1663 5101 1763 5157 sic.
1796 5100 1856 5157 Si

1941 3801 2108 3896 enim,
2126 3843 2264 3901 quos
2279 3801 2423 3897 iuste
2442 3817 2864 3897 praedestinavit
2884 3813 2950 3870 ad
2965 3822 3218 3883 poenam,
3231 3801 3528 3901 non‘igit-ur

1944 3924 2011 3980 ad
2031 3893 2378 3994 gratiamIAc
2398 3893 2494 3988 por
2521 3916 2648 3978 hoc,
2673 3911 2719 3967 si
2742 3920 2950 3979 poenae
2977 3894 3402 3974 praedestinatio
3426 3893 3529 3993 do-

1945 3993 2073 4071 num
2115 4011 2211 4066 Dei
2238 4025 2344 4066 nou
2372 4015 2480 4072 est,
2525 4004 2621 4061 sed
2661 3999 2869 4073 peccati
2892 3993 3175 4065 judicium,
3218 3996 3530 4043 necessario

1946 4105 2214 4176 sequitur,
2244 4108 2306 4157 ut
2333 4106 2427 4155 aut
2476 4095 2671 4151 falsum
2697 4092 2788 4156 sit,
2841 4086 2988 4159 quod
3012 4085 3150 4176 ipse
3198 4075 3532 4176 Augustinus

1949 4171 2072 4253 ait—z
2114 4213 2133 4246 ι
2159 4185 2587 4249 Praedestinatio
2617 4182 2744 4248 Dei,
2771 4194 2911 4251 quae
2947 4176 3005 4231 in
3027 4175 3171 4229 bono
3189 4176 3294 4233 est,
3326 4171 3533 4236 gratiae

1950 4299 2032 4347 est
2051 4285 2395 4360 praeparatio
2416 4284 2432 4324 ί
2474 4301 2494 4335 ι
2514 4280 2530 4346 ξ
2553 4286 2646 4333 aut
2666 4291 2697 4332 e
2721 4269 3001 4345 contrario,
3014 4263 3278 4360 accipitur
3304 4255 3533 4360 praedo-

1940 4345 2521 4449 :otin'atiopoenarum.
2556 4370 2654 4425 Est
2672 4372 2863 4422 autem
2884 4373 3073 4449 verum
3173 4345 3530 4427 immutabile,

1950 4446 2271 4542 quoddixit,‘
2297 4458 2718 4536 praedestinatio.
2742 4454 2857 4519 Dei,
2882 4464 3024 4543 quae
3050 4446 3259 4543 in
3280 4448 3386 4543 est,

1956 4527 2065 4617 tiae
2082 4568 2166 4615 est
2183 4527 2543 4628 praeparatio.
2561 4527 3069 4613 Econtrarioigitur
3086 4531 3320 4603 intelligi
3344 4527 3533 4590 voluit,

1956 4650 2101 4723 quod
2127 4648 2323 4720 posuit,
2353 4638 2779 4716 praedestinavit
2797 4635 2866 4690 ad
2893 4644 3171 4723 poenam,
3224 4684 3233 4691 ,
3315 4711 3331 4723 ι
3401 4709 3437 4723 Δ.
3486 4662 3489 4667 .

2028 4740 2114 4798 ill.
2128 4711 2255 4796 Sed
2273 4711 2343 4793 ne
2355 4711 2508 4790 ἴοι-ιθ
2526 4729 2752 4800 obiicias
2773 4727 2795 4759 '
2819 4744 2834 4781 :
2854 4723 2973 4779 Non
2996 4711 3540 4786 dixit,praedestina-

1958 4834 2036 4890 tio
2062 4832 2157 4888 Dei
2185 4841 2269 4887 est
2293 4827 2502 4901 gratiae
2551 4817 2932 4895 praeparatio,
2985 4812 3083 4870 sed
3117 4801 3538 4901 praedestinatio

1962 4888 2081 4988 Dei,
2126 4934 2264 4990 quae
2290 4888 2345 4973 in
2372 4916 2513 4972 bono
2542 4888 2646 4977 est,
2674 4888 2880 4980 gratiae
2919 4912 3004 4961 est
3040 4894 3401 4990 praeparatio.
3432 4888 3536 4947 Ubi

1959 4984 2170 5067 videtur
2184 5009 2332 5064 locus
2360 5003 2590 5074 relinqui
2613 4998 2838 5056 alterius
2855 4984 3538 5079 praedestinationistquae

1961 5111 2217 5172 tanquam
2242 5098 2297 5155 in
2322 5096 2468 5154 malo
2514 5071 2616 5158 sit;
2669 5096 2764 5147 aut
2808 5087 2994 5145 eadem
3020 5071 3460 5156 praedestinatio,
3488 5071 3535 5124 si

1583 5216 1838 5274 VARIAE
1878 5214 2276 5273 LECTIONES.
2730 5249 2734 5254 -

357 5333 376 5363 ⁸
409 5328 482 5385 al.
520 5337 702 5401 potens
724 5337 819 5386 est.
928 5330 951 5363 '
977 5329 1110 5388 Cod.
1132 5339 1418 5402 ‘astmtpta.
1518 5329 1541 5363 ³
1592 5327 1726 5385 Cod.
1778 5326 2040 5383 disonare.
2144 5326 2168 5358 ⁵
2206 5324 2340 5382 Cod.
2376 5319 2594 5392 diﬁinio.
2669 5314 2845 5373 'Cod.
2877 5307 3244 5368 converisione.
3332 5299 3354 5332 ‘
3401 5294 3535 5354 Cod.

1766 5456 1767 5459 “
1797 5459 2050 5517 NOTAE.

280 5402 505 5460 obicias.

362 5577 391 5607 ι
411 5564 699 5635 Augustin.
727 5560 1011 5635 de‘Praed.
1037 5558 1354 5617 Sanctorum
1383 5571 1433 5615 c.
1457 5556 1542 5614 l0.

266 5686 271 5687 ,
361 5632 701 5704 liAu'gustin.
736 5633 775 5687 ι.
782 5632 828 5704 i.

362 5716 386 5744 ε
421 5700 577 5758 Rom.
613 5703 746 5767 VIII,
781 5700 869 5756 '50.

362 5772 392 5813 ει
420 5772 578 5827 Rotn.
617 5770 710 5838 XI,
729 5772 821 5828 29.

370 5854 395 5883 ε
428 5836 715 5915 Augustin.
745 5842 808 5899 de
830 5841 980 5898 Dono
1008 5854 1259 5911 poisoner.
1288 5853 1334 5894 c.
1358 5836 1440 5892 Π.

2046 5550 2067 5592 ί
2101 5551 2385 5608 Auanstin.
2413 5552 2477 5606 de

2047 5623 2073 5662 ε
2100 5621 2237 5677 Psal.
2269 5621 2384 5687 CX,
2420 5621 2477 5675 2.

2046 5694 2071 5732 ιι
2098 5681 2393 5763 Augustin;
2411 5687 2755 5763 Eychiridion
2779 5698 2828 5739 c.
2861 5681 2979 5763 {09.

2054 5776 2071 5803 ι
2087 5752 2331 5835 August.
2363 5762 2425 5818 de
2449 5758 2644 5816 Praed.
2670 5764 2835 5811 sanet.
2860 5770 2910 5811 c.
2938 5752 3021 5808 10.

2506 5548 2747 5618 Quanlit.
2779 5543 3007 5599 animae.
