4028 6280
581 398 689 454 405
1960 397 2080 454 1οΑ
2089 398 2177 452 NN

2283 398 2482 454 SCOTI
3735 396 3817 455 ιιι

585 531 688 570 una
716 514 939 585 solaque
967 521 1070 578 est,
1103 514 1155 569 in
1191 516 1331 570 bono
1357 521 1414 570 et
1443 516 1496 570 in
1528 514 1670 571 malo
1698 516 1816 571 ﬁeri
1855 529 2012 586 posse
2058 532 2162 571 non
2195 526 2239 579 Α
2271 514 2571 584 Scriptura,
2602 515 3041 587 queinadmodupt
3085 514 3389 584 inter;'ellat
3422 513 3589 569 Deum
3612 517 3819 576 dicunt

584 615 833 677 negatur.
880 606 1120 661 Primum
1166 608 1407 669 attende,
1432 623 1594 661 unam
1637 606 2007 663 deﬁnitionem
2036 608 2172 664 duas
2275 604 2444 659 Israel
2469 616 2494 645 ε
2520 613 2576 660 et
2601 614 2802 660 cetera.
2837 604 2941 659 Sed
2968 606 3094 675 quid
3138 607 3263 660 dicit
3298 605 3404 666 illi,
3434 607 3628 675 inquit,
3657 624 3821 680 respon-

585 695 1107 765 praedestinationes
1157 696 1381 752 omnino
1415 711 1520 751 non
1546 711 1704 765 posse
1729 698 2042 760 continere;
2080 698 2175 751 de-

587 788 729 850 inde,
765 787 931 855 quod,
977 787 1025 841 si
1058 785 1203 841 nulla
1244 786 1349 839 alia
1390 786 1634 841 deﬁnitio
1662 786 2172 856 praedestinatiouis

587 877 771 932 verior
809 877 1096 946 aptiorque
1119 875 1443 938 inveniatur,
1475 891 1637 944 quam
1669 875 1779 938 illa,
1809 890 1949 945 quae
1963 875 2175 944 praedi-

588 976 675 1021 cta
701 974 804 1029 est,
834 974 890 1020 et
912 965 1045 1021 nihil
1066 965 1347 1035 nisi0pera
1373 963 1555 1018 divina
1582 965 2013 1035 comprehendit,
2034 977 2174 1033 quae

592 1042 741 1112 nullo
766 1057 853 1126 pie
880 1056 1215 1112 credentium
1241 1055 1523 1111 dubitante
1551 1057 1692 1111 bona
1718 1065 1846 1112 sunt
1872 1074 1885 1109 :
1918 1056 2046 1126 quid
2076 1071 2176 1111 nos

593 1149 756 1220 cogit,
783 1147 929 1203 aliud
957 1147 1160 1217 aliquid
1188 1147 1503 1213 subaudire,
1534 1148 1813 1202 audientes
1832 1187 1847 1213 ,
1876 1147 2177 1217 praedesti-

595 1240 871 1296 nationem
895 1239 1012 1303 Dei,
1040 1254 1180 1308 quae
1211 1239 1263 1293 in
1293 1239 1436 1295 bono
1453 1247 1555 1306 est,
1602 1238 1709 1294 nisi
1738 1253 1951 1309 semper
1975 1245 2179 1310 eam.et

594 1333 793 1388 bonam
823 1340 878 1388 et
914 1332 969 1387 in
997 1331 1139 1387 bono
1156 1332 1319 1387 esse?

665 1421 758 1477 ιν.
798 1420 858 1478 Si
909 1433 1091 1477 autem
1137 1422 1297 1488 dicis,
1339 1423 1542 1481 bonum
1593 1430 1715 1489 est,
1767 1423 2178 1493 praedestinare

600 1515 800 1587 impios
830 1517 896 1571 ad
923 1531 1175 1587 poenam,
1204 1525 1261 1571 et
1286 1515 1408 1572 ideo
1437 1516 1580 1571 inter
1603 1530 1767 1586 opera
1800 1516 1895 1573 Dei
1922 1527 2176 1588 reputan-

598 1608 746 1673 dnm,
777 1608 1186 1679 respondemus,
1226 1608 1454 1675 bonum,
1495 1608 1622 1677 quia
1643 1606 1874 1677 justum.
1907 1608 2015 1665 Sed
2042 1625 2179 1679 quo-

597 1697 744 1750 niam
774 1711 880 1753 non
917 1704 1003 1753 est
1046 1698 1141 1753 Dei
1186 1698 1419 1763 donum,
1463 1712 1589 1753 cum
1633 1695 1755 1766 ejus
1794 1698 1866 1754 sit
1888 1699 2173 1769 judicium,

2272 710 2388 748 sum
2415 694 2647 749 divinum
2666 697 2691 749 .9
2713 693 2917 764 Reliqui
2936 695 3067 749 mihi
3090 704 3286 764 septem
3312 695 3489 749 millia
3513 696 3821 767 υὶνονιιιιιμιιὶ

2273 802 2378 838 non
2424 796 2764 840 curvaverant
2786 802 2955 856 genua
2983 789 3003 820 ⁹
3034 798 3153 840 ante
3188 787 3334 841 Bual
3368 787 3416 841 ί.
3448 786 3566 842 Non
3591 788 3721 842 enim
3745 791 3816 853 sit,

2275 877 2460 931 relicta
2485 885 2613 931 sunt
2634 877 2791 942 mihi,
2817 887 2911 932 aut
2933 878 3271 946 reliquerunt
3292 892 3358 932 se
3384 878 3545 942 mihi,
3566 880 3656 933 sed
3674 880 3817 948 reliqui

2273 966 2421 1019 milii.
2446 963 2536 1019 Sic
2562 982 2706 1036 ergo,
2732 966 2928 1035 inquit,
2960 979 3009 1020 et
3032 967 3089 1019 in
3116 967 3212 1021 hoc
3236 977 3482 1038 tempore
3510 968 3822 1037 reliquiaeper

2273 1056 2569 1110 electionem
2605 1058 2809 1126 gratiae
2836 1056 3058 1129 [salvae]
3090 1058 3135 1090 ¹⁸
3159 1059 3342 1126 [actae
3390 1068 3536 1113 sunt.
3585 1056 3639 1112 Si
3683 1069 3819 1111 autern

2273 1146 2467 1215 gratia,
2487 1146 2605 1215 jam
2636 1162 2739 1200 non
2768 1163 2832 1200 ex
2855 1147 3116 1215 operibus,
3145 1147 3393 1218 alioquin
3420 1150 3594 1217 gratia
3611 1148 3715 1217 jam
3745 1165 3823 1201 ιιυιι

2274 1246 2348 1291 est
2369 1236 2540 1305 gratia
2564 1237 2610 1290 κ.
2627 1235 2696 1290 Ει
2714 1245 3045 1292 connecteus
3067 1236 3173 1299 illa,
3192 1253 3345 1307 quae
3366 1236 3493 1306 jam
3511 1253 3666 1308 supra
3692 1239 3821 1293 inter-

2273 1330 2426 1400 posui
2446 1348 2458 1382 :
2490 1328 2629 1395 Quid
2649 1346 2770 1399 ergo
2785 1330 2809 1384 ?
2827 1329 2894 1384 Et
2915 1330 3040 1385 huic
3062 1331 3482 1399 interrogationi
3508 1333 3818 1401 respondens:

2273 1419 2412 1489 quod
2434 1418 2736 1489 quaerebat,
2758 1420 2955 1488 inquit,
2970 1420 3164 1486 Israel,
3185 1422 3287 1477 hoc
3310 1438 3423 1477 non
3441 1432 3518 1477 est
3538 1434 3821 1489 consecutus,

2273 1506 2452 1565 electio
2473 1518 2646 1562 autem
2662 1519 2935 1564 consecuta
2951 1519 3047 1576 est,
3077 1512 3232 1566 ceteri
3256 1526 3387 1565 vero
3399 1512 3771 1566 excaecatum
3780 1513 3819 1565 ι.

2274 1598 2333 1655 in
2362 1599 2462 1654 hac
2493 1614 2624 1669 ergo
2656 1600 2942 1667 electione,
2970 1609 3028 1657 et
3068 1602 3125 1657 in
3169 1602 3257 1658 his
3293 1603 3580 1673 reliquiis,
3609 1616 3733 1673 quae
3751 1620 3823 1672 per

2275 1692 2573 1749 electionem
2594 1698 2797 1766 gratiae
2840 1696 3015 1753 saluae
3042 1699 3216 1768 factae
3240 1708 3374 1754 sunt
3396 1739 3412 1764 ,
3442 1691 3613 1755 voluit
3636 1698 3819 1768 intelligi

596 1786 774 1842 omnis
796 1795 975 1842 autem
1007 1787 1428 1858 praedestinatio
1457 1786 1553 1842 Dei
1580 1789 1801 1842 omnino
1843 1796 1928 1843 est
1952 1802 2178 1858 praepa-
2192 1834 2221 1870 ',
2275 1784 2487 1854 plebem
2512 1824 2530 1854 ,
2574 1803 2739 1857 quam
2773 1796 3060 1859 propterea
3110 1791 3252 1847 Deus
3302 1807 3419 1846 non
3469 1792 3689 1862 repulit,
3722 1791 3817 1861 quis

599 1878 738 1934 ratio
779 1881 1005 1950 gratiae,
1055 1881 1341 1951 omnisque
1389 1882 1565 1952 gratia
1595 1881 1794 1936 donum
1811 1921 1828 1948 ,
1875 1883 2184 1938 necessario
2214 1871 2258 1929 Β
2286 1877 2598 1946 praescivit.
2616 1877 2762 1934 llaec
2773 1888 2859 1936 est
2878 1879 2968 1935 illa
2987 1880 3203 1946 electio,
3227 1897 3339 1952 qua
3367 1896 3488 1947 eos,
3515 1896 3646 1951 quos
3669 1879 3816 1945 voluit,

597 1966 871 2038 colligitur
893 1969 1071 2024 omnis
1109 1969 1292 2024 divina
1328 1970 1756 2039 praedestinatio
1778 1970 2037 2027 donorum
2064 1969 2182 2040 ejus

597 2059 962 2129 praeparatio.
978 2059 1159 2115 Poena
1172 2060 1538 2131 proculdubio
1565 2060 1757 2132 impios
1771 2059 1920 2129 juste
1945 2070 2181 2132 torquet,

598 2149 741 2218 quod
763 2151 966 2206 donum
992 2167 1099 2207 non
1124 2160 1239 2217 est;
1273 2152 1538 2222 alioquin,
1567 2153 1613 2207 si
1646 2163 1792 2209 esset
1815 2153 2047 2219 donum,
2075 2171 2182 2211 non

601 2248 920 2310 torqueret,
976 2242 1071 2298 sed
1139 2244 1326 2313 utique
1382 2244 1659 2300 liberaret.
1714 2244 1833 2301 Non
1884 2254 1970 2301 est
2021 2247 2183 2317 igitur

600 2331 1022 2398 praedestinatio
1049 2347 1243 2402 poena.
1266 2333 1419 2400 Quod
1441 2335 1486 2390 si
1508 2344 1673 2401 esset,
1697 2350 1806 2389 nou
1832 2346 2181 2407 essetpoena,

601 2425 697 2480 sed
722 2426 916 2496 gratia.
936 2426 1032 2482 Est
1058 2437 1238 2483 autem
1256 2442 1448 2497 poena.
1466 2426 1582 2483 Non
1602 2437 1689 2485 est
1709 2428 1874 2499 igitur
1892 2430 2185 2499 praedesti-

603 2517 752 2575 natio
761 2516 897 2587 ejus.
916 2520 1147 2577 Proinde
1164 2522 1709 2591 praedestinationem
1729 2522 1784 2577 in
1801 2523 1956 2578 donis
1970 2524 2184 2579 divinae

602 2609 874 2683 largitatis
905 2629 1121 2684 semper
1145 2614 1553 2684 intelligendam
1585 2629 1726 2680 esse,
1761 2616 1806 2671 si
1844 2615 1969 2686 quis
2001 2618 2184 2674 adhuc

604 2702 833 2771 dubitat,
863 2705 1057 2762 librum
1082 2708 1251 2763 sancti
1265 2708 1547 2779 Augustini
1574 2709 1640 2763 de
1661 2709 1813 2765 Dono
1826 2724 2182 2779 perseveran-

605 2795 714 2850 tiae
729 2795 968 2853 intentus
980 2801 1289 2871 perspiciat,
1306 2802 1361 2856 in
1377 2817 1444 2858 eo
1455 2802 1591 2868 loco,
1609 2803 1700 2859 ubi
1715 2803 1822 2858 ait:
1842 2822 1861 2855 ι
1884 2804 2029 2861 Haec
2043 2824 2087 2870 ι,
2103 2806 2185 2860 in-

602 2901 792 2956 quam,
822 2909 841 2942 ι
870 2891 964 2946 Dei
997 2891 1168 2959 dona,
1191 2894 1236 2948 si
1265 2893 1412 2950 nulla
1435 2895 1994 2965 est'praedestinatio,
2020 2912 2184 2967 quam

601 2982 962 3050 defendimus,
977 3000 1091 3040 non
1103 2988 1480 3057 praesciuntur
1493 3004 1522 3041 a
1538 2988 1669 3045 Deo.
1685 2987 2070 3044 Praesciuntur
2084 3006 2184 3044 au-

542 3130 548 3135 .
602 3087 733 3134 tem.
757 3080 904 3135 Haec
921 3089 1004 3136 est
1016 3081 1180 3152 igitur
1192 3082 1633 3151 praedestinatio,
1646 3097 1807 3152 quam
1823 3081 2181 3137 defendimus.

606 3171 757 3227 Unde
802 3172 1091 3243 aliquando
1139 3175 1326 3229 eadem
1374 3174 1799 3245 praedestinatio
1844 3174 2184 3244 signiﬁcatur

2281 1966 2431 2037 elegit
2477 1968 2536 2023 in
2584 1968 2789 2024 Christo
2842 1980 2963 2025 ante
3007 1973 3442 2027 constitutionem
3492 1970 3742 2035 mundi“.
3776 1977 3816 2021 ⁸⁸

2281 2070 2449 2115 essent
2483 2063 2652 2116 sancti
2677 2071 2725 2117 et
2753 2063 3077 2119 immaculati
3127 2067 3184 2120 in
3220 2073 3511 2135 conspectu
3551 2065 3659 2135 ejus
3690 2065 3819 2117 ines-

2282 2151 2436 2207 rilate
2457 2193 2475 2218 ,
2520 2154 2915 2221 praedestinans
2957 2172 3044 2212 eos
3081 2156 3136 2211 in
3176 2156 3519 2227 adeptionem
3558 2153 3760 2225 ﬁliorum
3782 2154 3813 2204 ἰ.

2282 2240 2472 2296 Nullus
2505 2244 2689 2315 igitur,
2720 2247 2813 2315 qui
2834 2247 2968 2302 haec
2991 2247 3261 2319 intelligit,
3280 2263 3489 2319 negare
3512 2247 3595 2303 vel
3617 2246 3816 2301 dubitare

2282 2335 2634 2405 permittitur,
2685 2338 2779 2394 ubi
2824 2339 2901 2393 ait
2947 2339 3236 2410 Apostolus
3270 2356 3289 2394 :
3326 2341 3457 2395 Non
3498 2340 3673 2410 repulit
3708 2337 3819 2392 Dest

2281 2425 2479 2496 plebem
2505 2444 2676 2492 suam,
2702 2445 2861 2500 quam
2884 2430 3178 2500 praesciuit,
3211 2431 3740 2500 praedestinationem
3758 2427 3813 2480 si-

2283 2517 2543 2588 gniﬁcare
2586 2518 2845 2575 voluisse.
2890 2518 3189 2576 Praescivit
3232 2522 3387 2577 enim
3434 2520 3812 2590 reliqnias,qvat

2284 2611 2584 2671 secundum
2634 2611 2955 2668 electionem
3001 2613 3209 2682 gratiae
3252 2612 3439 2669 fuerat
3467 2613 3579 2683 ipse
3596 2610 3811 2670 factum,

2285 2701 2388 2757 hoc
2412 2710 2497 2758 est
2512 2717 2644 2771 ergo
2658 2704 3111 2774 praedestinavit;
3140 2704 3257 2761 sine
3280 2705 3451 2761 dubio
3461 2704 3601 2758 enim
3621 2698 3811 2770 praesti-

2285 2795 2394 2859 vit,
2441 2795 2487 2850 si
2517 2796 2958 2865 praedestinavit.
3008 2796 3114 2852 Sed
3154 2796 3592 2867 praedestinasse
3629 2800 3701 2846 est
3734 2790 3808 2843 hoc

2286 2885 2605 2954 praescisse,
2633 2887 2774 2956 quod
2800 2886 2978 2941 fuerat
3008 2887 3123 2956 ipse
3143 2885 3411 2942 facturus.
3443 2884 3578 2951 Quid
3606 2896 3715 2951 ergo
3737 2892 3808 2933 not

2284 2968 2555 3044 prohibet,
2586 2978 2805 3043 quando
2827 2978 2967 3046 apud
2992 2977 3203 3047 aliquos
3227 2976 3384 3033 verbi
3426 2974 3519 3030 Dei
3545 2977 3807 3028 tractatorcs

2285 3061 2518 3133 legimus
2548 3064 2643 3118 Dei
2675 3064 3091 3134 praescientiam
3115 3103 3133 3131 ,
3163 3073 3219 3120 et
3246 3066 3433 3135 agitur
3471 3063 3538 3118 de
3580 3056 3808 3115 vocatione

2287 3153 2581 3210 electorum
2604 3194 2619 3220 ,
2665 3155 2892 3210 eandem
2934 3154 3486 3227 praedestinationem
3528 3147 3805 3216 intelligam;

603 3263 764 3318 etlam
788 3266 1008 3320 nomine
1025 3234 1436 3335 praescientia-e,
1458 3266 1991 3336 sicutaitApostolus
2015 3283 2029 3319 :
2059 3264 2184 3321 Non
2210 3234 2254 3296 Ο
2285 3245 2459 3316 magis
2481 3245 2626 3336 enim
2655 3246 2698 3276 ¹²
2716 3246 2957 3336 lorus-5°
2985 3245 3270 3336 “Illarum
3298 3246 3405 3301 hoc
3445 3242 3600 3298 verbo
3622 3239 3667 3293 ί¹¹
3691 3245 3807 3336 θυῖε

603 3355 791 3410 τοηνξξι
841 3357 983 3414 Deus
1032 3358 1229 3427 plebem
1258 3375 1439 3423 suam,
1468 3374 1627 3429 quam
1653 3360 1930 3427 praesciuit
1955 3370 2003 3411 ι.
2038 3356 2137 3412 Hic
2163 3358 2179 3389 ³

602 3449 746 3516 quod
778 3449 850 3502 ait
877 3449 1191 3519 praescivit,
1214 3464 1319 3504 non
1352 3458 1498 3505 recte
1531 3448 1868 3517 intelligitur,
1894 3447 1998 3502 nisi
2023 3462 2183 3518 prae-

601 3539 915 3605 destinavit,
942 3540 1084 3609 qnod
1113 3542 1515 3596 circumstantia
1538 3542 1707 3611 ipsius
1733 3539 1978 3594 lectionis
1998 3550 2183 3594 osten-

601 3629 701 3684 dit.
732 3628 1075 3698 Loquehalur
1100 3631 1242 3685 enim
1266 3631 1333 3685 de
1357 3631 1597 3700 reliquiis
1637 3629 1965 3683 Iudaeorum
1987 3668 2001 3694 ,
2038 3644 2181 3698 quae

602 3718 781 3774 salvae
806 3720 976 3789 factae
1003 3729 1124 3774 sunt
1158 3722 1507 3790 pereuntibus
1537 3720 1751 3776 ceteris.
1776 3719 1907 3773 Nam
1931 3719 2181 3789 superius

602 3810 813 3865 dixerat
859 3812 924 3865 ad
980 3812 1209 3877 lsracl',
1239 3812 1441 3867 dixisse
1489 3811 1809 3881 Prophetam
1854 3827 1868 3863 :
1921 3808 2052 3863 Tota
2096 3809 2181 3864 die

600 3903 806 3956 extendi
839 3903 860 3935 ³
891 3919 1082 3957 manus
1111 3919 1255 3958 meas
1275 3903 1344 3957 ad
1370 3902 1619 3973 pupulum
1656 3918 1759 3956 non
1789 3901 2101 3963 credentem,
2131 3907 2204 3954 et‘

600 3992 1036 4046 contradicentem
1083 3992 1133 4047 ι’.
1178 3993 1242 4047 Et
1287 4000 1541 4062 tanquam
1589 3991 2036 4061 responderetur,
2090 3988 2181 4043 ubi

599 4091 869 4154 suntcrgo
893 4080 1066 4137 factae
1086 4082 1473 4154 promissiones
1500 4081 1597 4136 Dei
1621 4083 1689 4136 ad
1709 4079 1898 4144 Israel,
1922 4079 2181 4134 continuo

600 4170 879 4240 subjunxit
904 4189 918 4226 :
952 4172 1082 4227 Dico
1109 4189 1252 4244 ergo,
1282 4172 1519 4243 nunquid
1542 4170 1729 4239 repulit
1755 4170 1778 4202 ⁸
1807 4170 1950 4224 Deus
1981 4167 2179 4239 plebem

598 4266 791 4320 suam?
823 4266 1005 4331 Absit;
1035 4282 1158 4319 nam
1201 4275 1250 4318 et
1283 4280 1377 4336 ego
1422 4262 1669 4318 Israelita
1696 4277 1846 4326 sum,
1876 4275 1942 4314 ea:
1986 4257 2181 4313 semine

599 4356 868 4410 Abraham
892 4357 935 4421 ⁸,
977 4357 1116 4410 tribu
1142 4357 1164 4387 °
1202 4355 1482 4426 Benjamin
1509 4367 1559 4408 θ.
1601 4354 1886 4423 Tanquam
1929 4351 2176 4406 diceret:

601 4446 735 4501 Nam
765 4455 822 4502 et
846 4462 946 4517 ego
971 4462 1038 4503 ex
1063 4448 1177 4517 ipsa
1202 4447 1359 4517 plebe
1386 4462 1528 4502 sunt.
1558 4446 1762 4501 Deinde
1785 4442 2014 4507 addidit,
2038 4441 2180 4496 unde

600 4550 746 4590 Iumc
784 4537 993 4608 agimus
1022 4555 1036 4591 :
1064 4555 1168 4593 non
1194 4538 1381 4607 repulit
1412 4539 1554 4593 Deus
1582 4537 1780 4608 plebem
1814 4551 1987 4599 suam,
2020 4548 2180 4604 quam

2286 3336 2385 3400 uti,
2418 3335 2561 3406 quod
2607 3344 2666 3391 et
2703 3334 2918 3391 facilius
2954 3334 3302 3406 intelligitur,
3346 3345 3405 3391 et
3444 3349 3547 3389 non
3574 3330 3803 3397 repugnat.

2287 3427 2396 3482 imo
2440 3437 2498 3483 et
2542 3426 2798 3498 congruit
2825 3426 3076 3493 veritati,
3108 3442 3249 3496 quae
3279 3428 3347 3482 de
3371 3415 3803 3496 praedestinatle

2282 3517 2490 3589 gratiae
2513 3517 2873 3587 praedicatur.
2904 3515 3018 3571 lloe
3047 3516 3183 3581 scio,
3206 3516 3479 3571 neminem
3491 3518 3660 3567 contra
3682 3505 3802 3559 istam

2281 3605 3034 3676 praedestinationem,quam
3063 3606 3364 3659 secundum
3404 3601 3688 3668 Scripturas
3704 3605 3803 3685 san-

2284 3704 2401 3750 ctas
2425 3692 2780 3760 defendimus,
2810 3693 3175 3749 uisierrando
3204 3686 3718 3764 disputarc,potuisse
3737 3691 3797 3729 H-

2354 3801 2418 3857 V.
2445 3798 2506 3856 Si
2534 3815 2664 3869 ergo
2689 3800 2863 3856 sancti
2893 3799 3180 3870 Augustini
3205 3800 3537 3855 credendum
3561 3800 3637 3850 est
3654 3793 3797 3843 aucto-

2283 3890 2448 3954 ritati,
2476 3891 2642 3945 immo
2674 3904 2769 3959 per
2802 3903 2920 3944 eam
2951 3890 3202 3955 veritati,
3238 3889 3556 3945 iliconcusse
3596 3880 3800 3937 debet"!!!

2282 3981 2424 4037 hanc
2445 3979 2684 4051 regulam
2711 3991 2917 4045 tenere,
2940 3988 2998 4034 ut
3020 3979 3454 4050 quotiescunque
3473 3990 3566 4031 seu
3587 3972 3634 4026 in
3652 3968 3793 4061 sanet?

2283 4073 2559 4143 Scriptura
2569 4111 2584 4136 ,
2599 4086 2695 4128 seu
2709 4072 2763 4126 in
2778 4072 3159 4128 tractatoribus
3172 4072 3292 4142 eius
3303 4055 3799 4143 praescieatismtli'l'

2282 4180 2348 4218 na
2356 4142 2777 4233 mireperiamus,
2793 4163 2839 4218 si
2851 4165 2917 4217 de
2928 4170 3241 4218 sanctorum
3260 4160 3524 4218 electione
3540 4142 3796 4241 semine:

2283 4256 2375 4319 rit,
2414 4254 2717 4310 nullatenus
2742 4269 2839 4323 per
2863 4269 2985 4308 eam
3008 4253 3109 4308 nisi
3131 4249 3658 4323 praedestinationetn
3670 4239 3796 4304 διειπ-

2284 4341 2434 4397 ﬁcari
2448 4342 2796 4411 accipiamus.
2814 4341 2939 4397 Etsi
2959 4341 3040 4396 sic
3056 4341 3288 4411 est,quis
3300 4356 3409 4398 non
3428 4336 3616 4399 videat.
3627 4332 3794 4421 9""???

2282 4432 2377 4487 Dei
2394 4404 2812 4503 praescientiam
2835 4432 2904 4487 ad
2928 4404 3152 4487 sanctos
3169 4404 3527 4501 pertinentem
3547 4417 3663 4478 nihil
3684 4404 3797 4468 aliud

2282 4541 2425 4589 esse,
2457 4524 2561 4581 nisi
2612 4539 2800 4580 eorum
2846 4522 3427 4594 praedestinationem.
3456 4511 3668 4575 Proinde
3701 4515 3794 4594 τοξι-

600 4600 895 4696 praesciuit.
941 4628 1115 4699 Atque
1164 4637 1223 4684 ut
1248 4600 1606 4694 ostenderet,
1637 4629 1730 4685 Dei
1783 4626 1959 4696 gratia
2014 4600 2181 4680 fuisse
2212 4604 2260 4664 Ῑ)
2287 4616 2518 4670 ﬂexione
2557 4628 2720 4671 verae
2749 4613 3175 4669 νθιίοείηδιίοηίε
3204 4613 3381 4685 (τοιιίθὲ
3410 4615 3576 4699 Ροίθξί
3603 4600 3790 4699 {om

606 4718 824 4773 relictas
849 4719 1126 4788 reliquias,
1161 4735 1267 4774 non
1300 4721 1509 4775 meritis
1537 4733 1761 4790 operum
1790 4731 2000 4779 eorum,
2029 4729 2181 4770 secn-

605 4821 693 4867 tus
739 4813 981 4885 adjunxit
1005 4815 1024 4846 ⁷
1055 4828 1070 4867 :
1101 4813 1182 4868 An
1214 4814 1421 4869 nescitis
1470 4816 1523 4867 in
1578 4810 1735 4867 Helia
1780 4810 1920 4881 quod
1948 4808 1969 4839 ⁸
1991 4808 2118 4861 dicit
2149 4804 2177 4845 ἀ

2285 4705 2646 4778 praescientia
2670 4705 2948 4775 pertinens
2973 4704 3041 4759 ad
3063 4704 3267 4760 eloctes
3279 4691 3681 4782 praedestinatio

2287 4776 2433 4853 nulla
2457 4795 3026 4867 praedestinatio,uisi
3051 4795 3345 4850 electorum
3375 4800 3458 4849 est
3483 4806 3495 4845 :
3524 4782 3647 4841 nulla
3671 4776 3793 4843 ίθίωτ

1880 4939 2131 4999 VARIAE
2170 4932 2572 4993 LECTIONES.

676 5065 692 5099 ¹
725 5063 819 5120 Sic
851 5064 995 5125 cod.,
1028 5063 1098 5118 M.
1125 5062 1262 5118 Hoc.
1314 5062 1335 5092 ’
1362 5060 1493 5116 Cod.
1526 5057 1751 5119 israltel,
1782 5057 1861 5111 sic
1885 5056 2101 5125 ubique;

601 5113 1281 5198 nutribant—'3Siculo;
1304 5113 1655 5186 thribu.
1728 5113 1751 5159 ’ί
1778 5126 1870 5181 Sic
1896 5113 2043 5198 c_0tl'.,
2095 5121 2165 5174 Μ.
2197 5113 2457 5186 adjungit.
2533 5117 2554 5147 ⁸
2582 5113 2651 5167 nl.
2678 5115 2822 5184 quid.

607 5208 643 5238 “
677 5207 768 5261 Sic
796 5207 940 5271 ωλι,
969 5205 1035 5260 Μ.
1068 5204 1249 5261 mundi
1270 5194 1708 5258 constitutionem.
1751 5198 1795 5229 “
1880 5194 1950 5250 al.
1985 5206 2178 5248 autem.

2087 5297 2355 5358 NOTAE.’

674 5450 695 5476 ο
728 5437 885 5491 “om.
927 5437 1020 5503 XI,
1050 5437 1106 5492 2.

676 5509 700 5546 δ
732 5509 853 5561 lsai.
883 5508 999 5570 XV,
1028 5509 1085 5561 ‘2.

676 5593 694 5613 ι·
733 5579 887 5631 llum.
920 5577 1010 5641 XI,
1046 5579 1093 5632 l.

669 5648 692 5686 ιι
730 5648 885 5701 Ilum.
917 5647 1005 5710 XI,
1035 5649 1090 5701 2.

681 5732 702 5755 ⁸·
736 5719 895 5771 llnm.
928 5717 1018 5777 XI,
1051 5718 1101 5771 4.

681 5792 692 5827 ι
734 5789 795 5842 ιιι
829 5787 957 5859 Reg.
992 5787 1131 5855 XIX,
1170 5788 1248 5843 ιε.

2201 5048 2221 5078 ³
2255 5046 2327 5099 al.
2379 5043 2627 5115 expendi.
2697 5043 2719 5073 ⁸
2766 5042 2897 5098 Cod.
2926 5044 3189 5115 reppulit,
3229 5045 3306 5101 sic
3353 5043 3559 5115 ubique.

3642 5027 3661 5060 ⁸
3687 5015 3783 5077 Cod.

2949 5088 3189 5115 .-r,,.....,
3229 5088 3306 5101 ...ν
3355 5088 3557 5112 ...μγ-ν

2919 5113 2940 5144 ⁹
2971 5115 3039 5168 aL
3069 5131 3223 5186 genu.
3294 5115 3336 5148 ¹⁰
3372 5114 3536 5169 salvae
3578 5116 3669 5159 om-
3693 5088 3781 5146 ωλι

2351 5416 2380 5458 δ
2408 5415 2560 5469 Rom.
2595 5412 2686 5471 XI.
2720 5412 2775 5478 5,
2806 5413 2860 5467 ﬁ.

2351 5488 2374 5526 b
2416 5487 2567 5538 llum.
2599 5483 2760 5548 Xl,7.

2358 5560 2371 5596 ἰ
2412 5554 2604 5624 liplies.
2627 5554 2667 5615 l,
2698 5553 2754 5618 4,
2776 5551 2840 5624 5η
3324 5620 3335 5624 _
3500 5606 3552 5624 ,η
3573 5601 3585 5624 ,

2359 5625 2371 5674 i
2412 5606 2789 5695 Αἶιειιὲιῑιιράε
2813 5606 2963 5677 Dono
2990 5620 3396 5693 perseuerantiae
3419 5628 3464 5670 c.
3497 5606 3552 5663 l7
3570 5606 3587 5685 bi

2282 5714 2331 5752 c.
2373 5698 2452 5749 ιδ.

3591 5583 3779 5656 1161ιο0⁸
