4028 6280
165 368 335 427 405

1329 373 1534 429 LIBER
1576 374 1665 428 DE
1702 371 2420 431 PIiAEDESTINATIONE.

3379 368 3485 421 4W3

168 482 589 549 praescientia
616 482 895 554 pertinens
920 483 989 539 ad
1017 483 1221 540 electos
1243 486 1670 556 praedestinatio
1699 501 1805 541 non
1836 490 1881 548 Α
1911 489 2033 554 bus,
2067 489 2197 558 quid
2226 488 2393 544 futuri
2439 488 2637 554 sunt",
2669 501 2779 542 non
2804 485 2875 542 ab
2903 484 3025 551 illo,
3055 482 3150 555 qui
3194 496 3291 539 eos
3336 482 3488 535 novit

168 583 294 627 est
313 586 370 626 ι.
386 573 578 627 Nullus
596 574 816 644 eligitur
832 574 900 628 ad
922 589 1150 645 poenam
1174 596 1187 630 :
1204 577 1473 645 quomodo
1499 592 1630 647 ergo
1649 590 1808 646 prae-

169 664 531 721 destinatur
546 680 737 736 poena,
769 680 909 736 quae
929 669 1283 737 reproborum
1315 677 1401 725 est
1426 669 1640 739 propria
1660 670 1685 722 Y
1720 669 1805 723 An

173 751 399 821 forte,
428 757 885 826 quemadmodum
915 757 1074 813 electi
1117 759 1392 826 dicuntur,
1421 760 1513 830 qui
1540 774 1648 814 non
1678 766 1807 814 sunt

174 845 405 912 electi,
438 848 513 901 ita
540 848 925 918 praedestinati
952 891 969 917 ,
994 851 1087 920 qui
1105 865 1214 905 non
1241 859 1368 907 sunt
1394 851 1804 923 praedestinati,

174 944 257 989 et
290 935 400 990 ﬁlii
430 936 548 1003 Dei,
577 937 669 1008 qui
697 952 806 993 non
835 948 960 994 sunt
982 939 1076 996 ﬁlii
1105 941 1246 1012 ejus,
1274 944 1555 1012 praedicto
1584 950 1805 998 contra-

182 1027 437 1084 rietatis
460 1030 620 1085 modo
652 1030 724 1084 ab
753 1031 1067 1087 auctoribus
1089 1046 1252 1103 saepe
1274 1032 1455 1089 solent
1480 1033 1684 1089 vocari.

282 1120 386 1177 VI.
404 1119 461 1176 Si
474 1128 657 1177 autem
679 1123 917 1193 quaeris,
931 1124 1021 1180 ubi
1035 1125 1385 1181 inveniuntur
1396 1126 1611 1195 reprobi
1623 1124 1808 1196 appel-

180 1207 320 1264 lari
347 1209 543 1273 electi,
571 1226 694 1267 cum
722 1228 829 1268 non
856 1213 965 1268 sint
989 1214 1148 1271 electi
1166 1255 1181 1281 ,
1209 1223 1266 1270 et
1292 1213 1387 1270 ﬁlii
1417 1216 1536 1281 Dei,
1565 1215 1658 1285 qui
1698 1230 1806 1270 non

183 1309 349 1356 sunt
378 1302 474 1356 ﬁlii
501 1299 654 1372 ejus;
684 1302 801 1375 lege
822 1312 1068 1360 sanctum
1102 1305 1461 1377 Augustinum
1493 1306 1548 1360 in
1574 1306 1714 1361 libro
1736 1306 1806 1361 ad

182 1390 549 1462 Prosperum
572 1393 882 1450 etliilarum
899 1390 1206 1466 huiusmodi
1221 1398 1400 1454 verbis
1414 1396 1722 1467 loquentem
1743 1398 1801 1453 δε

191 1500 223 1533 ι
262 1483 601 1555 Quicunque
643 1484 829 1552 electi,
864 1487 982 1543 sine
1027 1488 1192 1544 dubio
1235 1489 1399 1544 etiam
1442 1489 1647 1554 rocati,
1694 1502 1803 1543 non

188 1584 404 1630 autem
450 1577 760 1647 quicunque
805 1579 1021 1645 vocati,
1050 1589 1448 1651 consequenter
1467 1580 1622 1637 electi
1649 1589 1696 1634 ο.
1722 1578 1804 1635 Illi

186 1678 351 1734 ergo
380 1665 562 1731 electi,
601 1675 660 1720 ut
686 1682 851 1738 saepe
876 1669 1078 1725 dictum
1109 1679 1215 1736 est,
1238 1672 1330 1741 qui
1366 1670 1653 1725 secundum
1680 1685 1805 1739 pro-

186 1758 449 1826 positum
464 1761 654 1826 vocati,
668 1762 757 1832 qui
768 1763 933 1817 etiam
956 1764 1352 1832 praedestinati,
1368 1774 1522 1834 atque
1534 1760 1798 1833 praesciti.

1911 593 2021 634 non
2049 580 2251 634 habere
2293 579 2786 649 perseverantiam,
2818 591 2957 645 quae
2984 575 3052 630 ad
3080 576 3291 630 beatam
3317 571 3483 626 vitam

1908 671 2155 741 perducit
2200 670 2403 726 electos
2420 709 2437 736 ,
2463 670 2675 739 scitque
2701 667 2821 722 illos
2850 665 2972 738 [ita]
3001 665 3023 697 ⁸
3050 674 3214 729 stare,
3239 673 3300 718 ut
3324 676 3484 732 prae-

1908 762 2138 817 scierit’
2163 776 2284 817 esse
2331 761 2600 817 casurosh
2633 779 2678 813 ι.
2733 775 2753 810 ι
2792 758 2906 813 Nec
2950 771 3049 812 nos
3079 763 3310 818 moveat,
3338 753 3482 822 quod

1908 851 2033 905 ﬁliis
2073 851 2190 906 suis
2234 850 2558 920 quibusdam
2597 850 2739 903 Deus
2780 862 2887 902 non
2920 848 3013 900 dat
3040 848 3201 900 istam
3230 857 3481 914 perseve-

1908 942 2164 996 rantiam.
2193 941 2352 997 Absit
2380 942 2525 996 enim
2555 948 2613 993 ut
2658 939 2730 994 ita
2760 948 2928 1002 esset,
2958 938 3003 992 si
3030 936 3097 991 de
3127 935 3234 991 illis
3257 933 3482 1005 praede-

1906 1034 2126 1088 stinatis
2147 1040 2353 1097 essent,
2381 1041 2428 1086 et
2458 1030 2741 1086 secundum
2772 1029 3099 1099 propositum
3127 1026 3344 1081 uocatis.
3376 1024 3481 1091 Qui

1907 1138 2036 1180 vero
2058 1138 2168 1179 non
2197 1131 2325 1179 sunt
2352 1122 2443 1176 ﬁlii
2473 1119 2850 1191 promissionis
2878 1118 2939 1181 ⁸³,
2969 1116 3082 1188 jam
3109 1116 3219 1180 isti,
3246 1130 3368 1170 cum
3396 1114 3483 1183 pie

1905 1217 2111 1279 vivunt,
2140 1214 2396 1271 dicuntur
2418 1212 2512 1268 lilii
2549 1211 2667 1267 Dei.
2699 1210 2806 1267 Sed
2835 1210 3091 1279 quoniam
3118 1205 3311 1261 victuri
3356 1213 3484 1259 sunt

1907 1306 2091 1377 impie,
2115 1313 2172 1361 et
2201 1305 2255 1360 in
2280 1304 2470 1360 eadem
2500 1302 2777 1373 impietate
2800 1299 3070 1362 morituri,
3099 1312 3208 1353 non
3235 1310 3330 1352 eos
3349 1295 3484 1350 dicit

1905 1393 2047 1451 ﬁlios
2058 1394 2151 1449 Dei
2168 1393 2524 1464 praescientia
2549 1391 2662 1447 Dei.
2679 1389 2971 1445 Suntenim
2995 1388 3088 1442 lilii
3112 1387 3225 1451 Dei,
3240 1386 3331 1455 qui
3351 1400 3484 1440 non-

1905 1488 2032 1543 dum
2052 1495 2179 1543 sunt
2194 1486 2369 1552 nobis,
2385 1495 2439 1542 et
2452 1493 2578 1540 sunt
2589 1482 2702 1553 jam
2721 1484 2848 1538 Deo.
2862 1480 2940 1535 De
2949 1479 3145 1551 quibus
3156 1480 3230 1535 ait
3244 1493 3481 1548 evange-

1904 1580 2026 1636 lista
2052 1580 2290 1635 Joannes
2314 1579 2389 1632 “z
2417 1577 2556 1642 Quia
2583 1574 2740 1630 Jesus
2767 1574 3052 1628 moriturus
3067 1579 3178 1626 erat
3190 1585 3287 1640 pro
3306 1578 3483 1641 gente,

1905 1687 1997 1726 nec
2025 1679 2229 1724 tantum
2241 1685 2336 1740 pro
2348 1678 2516 1739 gente,
2532 1666 2623 1721 sed
2648 1668 2828 1731 etiam,
2848 1674 2905 1718 ut
2930 1663 3069 1733 ﬁlios
3096 1662 3189 1716 Dei
3220 1662 3483 1732 dispersos

1905 1770 2237 1834 congregaret
2259 1761 2317 1815 in
2346 1776 2510 1814 unum
2529 1760 2574 1813 ί.
2611 1757 2766 1825 Quod
2789 1758 2974 1825 utique
3003 1752 3276 1810 credendo
3312 1751 3483 1806 futuri

190 1845 426 1903 Hor-mn
455 1848 500 1903 si
525 1849 812 1920 quisquam
857 1853 1019 1924 perit,
1070 1852 1273 1908 fallitur
1298 1855 1464 1910 Deus.
1498 1854 1605 1911 Sed
1636 1866 1797 1909 nemo
1826 1844 1872 1903 Β
1899 1861 2172 1923 erantper
2197 1850 2470 1922 Evangelii
2497 1847 2977 1920 praedicationem,
3006 1854 3064 1901 et
3092 1853 3293 1909 tamen,
3324 1851 3492 1913 ante;

189 1951 407 1993 eorum
435 1938 593 2007 perit,
620 1939 745 2010 quia
773 1956 880 1995 non
923 1941 1130 1998 fallitur
1154 1944 1315 2000 Deus.
1351 1945 1554 2001 ﬂorum
1584 1947 1628 2002 si
1653 1945 1802 2017 quis-

192 2040 387 2096 quam
409 2029 724 2096 perit,vitio
748 2031 985 2087 humano
1022 2034 1259 2089 vincitur
1299 2034 1461 2091 Deus.
1497 2036 1601 2093 Sed
1641 2054 1801 2095 nemo

192 2130 407 2173 eorum
429 2119 593 2188 perit,
612 2120 738 2189 quia
760 2121 978 2178 nullare
996 2124 1233 2179 vincitur
1258 2125 1422 2183 Deus.
1455 2127 1625 2183 Electi
1653 2130 1798 2183 enim

198 2218 353 2263 sunt
399 2210 470 2263 ad
518 2213 850 2281 regnandum
898 2228 1022 2270 eum
1066 2215 1322 2284 Christo,
1370 2234 1477 2274 non
1529 2221 1801 2290 quomodo

194 2301 427 2358 electus
456 2311 539 2358 est
560 2303 761 2379 ludas,
794 2307 860 2361 ad
907 2322 1047 2379 opus
1090 2311 1178 2364 cui
1221 2311 1580 2381 congruebat;
1609 2313 1679 2368 ab
1707 2312 1800 2369 illo

198 2393 420 2462 quippe
459 2394 666 2450 electus
702 2405 785 2452 est
806 2438 821 2463 ,
847 2400 937 2469 qui
968 2401 1119 2455 novit
1142 2401 1280 2458 bene
1309 2403 1385 2458 uti
1414 2406 1580 2458 etiam
1617 2404 1797 2470 malis,

195 2493 273 2586 ut
321 2496 378 2540 et
420 2501 522 2557 per
550 2487 665 2557 ejus
704 2505 839 2560 opus
887 2493 1199 2550 damnabile
1228 2495 1377 2562 illud,
1408 2506 1631 2568 propter
1654 2499 1799 2568 quod

202 2583 336 2645 ipse
354 2588 603 2645 venerat,
627 2595 766 2650 Opus
796 2583 1106 2641 venerabile
1133 2587 1515 2656 compleretur.
1540 2589 1674 2644 Cum
1700 2589 1800 2643 ita-

200 2679 323 2735 que
350 2668 605 2724 audimus
628 2686 644 2722 :
674 2668 865 2726 Nonne
882 2687 975 2743 ego
998 2690 1088 2728 vos
1111 2674 1386 2730 duodecim
1410 2676 1562 2747 elegi,
1592 2688 1639 2731 et
1663 2694 1797 2733 unus

201 2772 278 2809 ea:
326 2757 467 2812 vobis
522 2760 765 2816 diabolus
808 2774 883 2817 est
920 2762 972 2829 δ,
1022 2764 1142 2820 illos
1188 2767 1448 2822 debemus
1499 2768 1797 2839 intelligere

201 2847 421 2904 eleetos
443 2864 541 2920 per
569 2852 1020 2921 misericordiam,
1047 2855 1199 2911 illum
1229 2872 1328 2927 per
1349 2856 1643 2927 judicium;
1676 2859 1797 2915 illos

204 2939 371 3013 [ergo
390 2942 575 3017 elegit]
600 2945 621 2976 ¹
645 2946 713 3000 ad
733 2946 1081 3004 obtinendum
1120 2948 1142 2980 ³
1183 2964 1404 3021 regnum
1433 2966 1613 3016 suum,
1645 2951 1794 3005 illum

201 3034 277 3087 ad
310 3035 643 3092 fundendum
672 3040 988 3106 sanguinem
1019 3057 1177 3096 suum
1212 3061 1254 3094 ι.
1295 3061 1314 3094 ι
1346 3041 1588 3097 Firmum
1619 3053 1797 3097 autem

201 3124 620 3193 fundamentum
678 3127 773 3182 Dei
827 3138 972 3196 stat,
1025 3131 1221 3186 habens
1266 3131 1597 3202 signaculum
1649 3133 1748 3186 hoc
1772 3147 1791 3186 :

201 3212 382 3268 Scisit
428 3214 594 3281 Deus,
632 3218 724 3287 qui
764 3229 886 3271 sunt
913 3219 1028 3288 ejus
1054 3231 1099 3274 ο.
1132 3198 1335 3274 Horum
1366 3221 1521 3290 ﬁdes,
1541 3238 1678 3292 quae
1702 3238 1794 3290 per
1824 3198 1869 3261 θ

199 3303 540 3360 dilectionem
568 3317 814 3377 operatur
845 3309 892 3376 ί,
921 3310 1166 3379 profecto
1194 3322 1290 3365 aut
1319 3313 1541 3367 omnino
1566 3328 1674 3367 non
1701 3313 1791 3368 tle-

202 3394 341 3460 ﬁcit,
389 3404 485 3451 aut
525 3398 572 3452 si
616 3399 709 3469 qui
752 3409 910 3466 sunt,
957 3416 1188 3471 quorum
1228 3403 1443 3470 deﬁcit,
1482 3413 1787 3474 reparatur,

202 3495 504 3557 antequam
532 3488 643 3545 vita
669 3491 782 3561 ipsa
813 3492 1050 3560 ﬁniatur,
1091 3501 1146 3549 et
1175 3493 1375 3562 deleta,
1405 3509 1566 3565 quam
1603 3496 1788 3551 incur-

200 3586 356 3632 terat
380 3577 426 3643 ⁸,
456 3580 741 3650 iniquitate
792 3596 963 3651 usque
985 3583 1040 3637 in
1068 3583 1229 3638 ﬁnem
1258 3584 1662 3653 perseverantia
1692 3584 1789 3640 deo

197 3676 450 3738 putatur.
484 3668 582 3737 Qui
608 3686 737 3726 vero
758 3675 1157 3742 perseveraturi
1188 3690 1297 3731 non
1329 3685 1475 3743 sunt,
1522 3691 1588 3731 ac
1626 3676 1706 3731 sic
1753 3692 1786 3732 a

202 3758 313 3812 ﬁde
330 3758 642 3815 Christiana
665 3770 718 3819 et
740 3766 1151 3821 conversatione
1172 3765 1374 3837 lapsuri
1400 3775 1546 3833 sunt,
1572 3778 1632 3821 ut
1658 3767 1788 3822 tales

198 3863 299 3903 eos
329 3850 478 3907 vitae
503 3851 661 3921 hujus
693 3853 818 3910 ﬁnis
862 3855 1138 3924 inveniat,
1164 3858 1351 3928 procul
1376 3858 1538 3913 dubio
1567 3874 1667 3914 uec
1696 3858 1788 3914 illo

199 3946 492 4008 tenuiore,
537 3957 649 4012 quo
690 3944 829 4003 bene
896 3948 1092 4019 pieque
1156 3950 1378 4017 vivunt,
1429 3951 1483 4005 in
1556 3951 1785 4006 istorum

198 4044 435 4084 numero
464 4037 810 4104 computandi
841 4047 985 4093 sunt.
1029 4038 1144 4094 Non
1174 4040 1319 4095 enim
1356 4050 1486 4096 sunt
1524 4057 1555 4095 a
1604 4058 1786 4098 massa

197 4122 293 4177 illa
344 4125 668 4194 perditionis
693 4134 1055 4201 praescientia
1087 4134 1183 4191 Dei
1211 4144 1265 4191 et
1294 4136 1787 4206 praedestinatione

198 4216 444 4274 discreti.
469 4220 536 4275 Et
560 4222 801 4281 ideonec
823 4230 1116 4283 secundum
1139 4231 1472 4302 propositum
1498 4231 1697 4297 vocati,
1720 4245 1785 4288 ac

195 4320 298 4376 per
318 4307 423 4364 hoc
443 4324 544 4366 nec
566 4312 745 4380 electi,
771 4317 864 4372 sed
888 4318 938 4372 in
960 4318 1041 4373 eis
1057 4320 1256 4387 vocati,
1274 4322 1339 4376 de
1359 4321 1557 4391 quibus
1580 4322 1785 4378 dictum

194 4403 281 4450 est
320 4412 335 4449 :
379 4400 534 4455 multi
577 4407 769 4471 uocati,
801 4406 881 4480 [et
907 4424 1012 4464 non
1045 4410 1100 4464 in
1129 4411 1230 4477 eis,
1260 4410 1327 4467 de
1357 4412 1552 4483 quibus
1580 4413 1784 4469 dictum

1900 1959 2061 2015 quam
2091 1950 2236 1999 esset
2265 1940 2492 2006 factum,
2510 1939 2625 2008 jam
2652 1937 2746 1993 ﬁlii
2782 1936 2880 1991 Dei
2908 1942 3066 1991 erant
3096 1934 3150 1989 in
3175 1930 3480 1988 memoriali

1897 2036 2076 2093 Patris
2109 2036 2192 2091 sui
2226 2035 2544 2090 inconcussa
2590 2030 2886 2087 stabilitate
2913 2026 3228 2097 conscripti.
3258 2025 3324 2079 Et
3350 2033 3481 2079 sunt

1899 2144 2089 2185 rursus
2113 2128 2358 2199 quidam,
2381 2128 2474 2196 qui
2497 2126 2541 2157 η
2571 2124 2667 2178 lilii
2699 2121 2793 2178 Dei
2821 2130 3043 2192 propter
3060 2126 3367 2187 susceptam
3390 2115 3480 2171 vel

1900 2221 2270 2291 temporaliter
2292 2219 2521 2290 gratiam
2544 2216 2800 2271 dicuntur
2812 2230 2841 2268 a
2857 2211 3031 2277 nobis,
3046 2224 3147 2266 nec
3159 2216 3478 2264 sunttamen

1901 2311 2031 2366 Deo.
2051 2311 2128 2365 De
2154 2309 2352 2380 quibus
2376 2310 2453 2362 ait
2475 2307 2619 2361 idem
2637 2303 2877 2360 Joannes
2902 2320 2916 2355 :
2941 2299 3027 2355 Ea:
3049 2300 3195 2355 nobis
3217 2300 3476 2363 exierunt,

1900 2404 1991 2459 sed
2023 2419 2128 2456 non
2156 2412 2305 2456 erant
2336 2416 2401 2455 ex
2427 2399 2575 2453 nobis
2605 2396 2651 2452 i.
2677 2397 2812 2453 Cum
2835 2411 2964 2468 ergo
2992 2394 3085 2449 ﬁlii
3109 2393 3202 2448 Dei
3228 2393 3481 2449 dicuntur

1899 2493 1967 2548 de
1995 2493 2105 2557 his,
2131 2491 2223 2562 qui
2253 2490 2717 2561 perseverantiam
2747 2503 2854 2542 non
2882 2487 3209 2549 habuerunt,
3238 2499 3304 2539 ea:
3332 2484 3478 2539 nobis

1900 2584 2138 2638 exierunt
2164 2623 2181 2648 ,
2227 2582 2319 2637 sed
2366 2597 2470 2637 non
2513 2588 2665 2636 erant
2708 2595 2774 2634 ea:
2824 2578 2971 2633 nobis
2996 2617 3012 2644 ,
3058 2587 3114 2632 et
3162 2575 3382 2630 additur
3409 2574 3477 2640 ³³,

1896 2674 2037 2745 quod
2092 2674 2141 2729 si
2204 2673 2423 2743 fuissent
2478 2688 2545 2727 ea:
2601 2671 2750 2725 nobis
2774 2711 2790 2737 ,
2844 2668 3251 2740 permansissent
3301 2667 3480 2738 utique

1898 2764 2203 2829 nobiscum,
2262 2764 2392 2834 quid
2439 2763 2585 2818 aliud
2629 2763 2883 2817 dicuntur
2920 2760 2985 2827 ³³⁵,
3027 2760 3132 2814 nisi
3174 2773 3282 2815 non
3321 2766 3479 2813 erant

1898 2853 2020 2921 ﬁlii,
2069 2856 2234 2909 etiam
2275 2845 2493 2925 quando
2531 2861 2683 2910 erant
2718 2853 2770 2907 in
2799 2849 3135 2923 professione
3164 2857 3221 2905 et
3259 2848 3478 2905 nomine

1898 2948 2133 3004 ﬁliorum
2156 2948 2183 2989 ιι
2215 2967 2234 3000 ι
2260 2948 2285 3002 ?

2392 3035 2792 3094 CAPITULUM
2847 3034 2988 3090 XIII.

1971 3131 2112 3198 Quid
2137 3138 2304 3202 potest
2328 3128 2505 3199 colligi
2534 3143 2598 3182 ex
2628 3127 2895 3210 praedicta
2931 3124 3100 3180 sancti
3124 3122 3405 3207 Augustini

2549 3200 2826 3253 sententia.
3376 3200 3381 3207 ‘

1938 3321 1980 3377 I.
1997 3320 2161 3393 Cujus
2174 3317 2471 3376 sententiae
2488 3317 2628 3374 dicta
2645 3314 2804 3388 paulo
2816 3313 3122 3384 diligentius
3136 3312 3474 3368 considerata

1891 3414 2162 3471 sulliciunt
2187 3413 2294 3480 bis,
2323 3426 2462 3483 quae
2483 3410 2712 3468 suadrre
2733 3424 3009 3471 conamur,
3036 3405 3348 3477 probandis.
3372 3405 3475 3460 As-

1892 3519 2117 3560 sumeus
2154 3504 2360 3573 itaque,
2391 3502 2535 3571 quod
2564 3500 2823 3555 Dominus
2852 3498 2965 3553 suis
2989 3497 3128 3553 dixit
3154 3494 3471 3565 discipulis:

1891 3597 2082 3652 Nonne
2117 3612 2212 3666 ego
2239 3612 2325 3649 vos
2355 3592 2631 3647 duodecim
2661 3591 2812 3662 elegi,
2857 3600 2905 3644 et
2932 3606 3069 3643 unus
3094 3604 3159 3643 ex
3183 3587 3323 3642 vobis
3350 3586 3470 3641 dia-

1890 3687 2037 3744 bolus
2062 3696 2137 3742 est
2160 3685 2201 3753 ι,
2216 3685 2494 3757 subiunxit
2513 3693 2567 3738 et
2592 3683 2697 3738 ait:
2717 3682 2839 3736 Illos
2862 3682 3121 3736 debemus
3147 3677 3471 3747 intelligere,

1889 3778 2141 3834 videlicet
2187 3776 2459 3848 apostolos
2507 3773 2758 3830 undecim
2803 3782 2930 3828 tunc
2974 3786 3220 3836 numero,
3250 3775 3474 3825 vocatos

1889 3870 2185 3927 secundum
2215 3868 2551 3939 propositum
2593 3865 2821 3937 gratiae,
2855 3863 3001 3917 illum
3047 3877 3145 3932 per
3179 3860 3467 3931 judicium,

1886 3964 2461 4034 scilicetproditorem,
2477 3960 2773 4015 secundum
2795 3971 3094 4027 aequamen
3115 3953 3362 4023 iustitiae
3378 3967 3467 4007 re-

1886 4057 2125 4127 pulsum.
2154 4053 2234 4111 Illi
2264 4054 2333 4109 ad
2375 4052 2605 4123 gloriam
2643 4049 2834 4115 electi,
2886 4047 2974 4102 ille
3004 4047 3069 4101 ad
3111 4059 3377 4115 poenam;
3409 4043 3466 4097 in

1886 4148 1991 4204 illis
2017 4161 2204 4202 omnes
2227 4144 2467 4200 salvandi
2483 4159 2581 4213 per
2603 4142 2854 4213 gratiam,
2873 4139 2939 4194 ad
2958 4139 3118 4193 linem
3141 4136 3302 4206 hujus
3322 4135 3470 4189 vitae

1888 4236 1941 4292 in
1970 4237 2115 4292 bono
2146 4234 2386 4290 mansuri
2418 4231 2745 4302 accipiendi,
2793 4231 2844 4286 iu
2882 4230 2971 4285 illo
3001 4244 3192 4285 omnes
3215 4227 3471 4283 morituri

1884 4342 1983 4398 per
2024 4325 2310 4395 judicium.
2348 4324 2430 4378 Ad
2476 4331 2688 4392 tempus
2717 4321 2926 4386 vocati,
2959 4333 3083 4374 mox
3130 4320 3464 4389 propositum

1883 4420 1972 4491 pie
2002 4418 2217 4474 vivendi
2248 4417 2539 4482 deserturi,
2569 4430 2759 4471 omnes
2795 4423 2973 4468 tamen
3005 4413 3257 4468 dicuntur
3281 4410 3463 4476 electi,

193 4485 302 4559 est]
325 4488 371 4555 ⁸,
416 4494 575 4559 pauci
603 4510 721 4550 cera
749 4498 897 4553 electi
938 4502 983 4553 ε.
1017 4500 1085 4554 Et
1115 4510 1293 4557 tamen
1322 4504 1443 4574 quis
1483 4519 1579 4560 eos
1623 4514 1780 4576 neget
1813 4550 1857 4576 ,ι
1883 4485 2010 4564 cum
2058 4524 2167 4563 non
2204 4508 2316 4563 sint
2349 4507 2544 4573 electi,
2588 4506 2693 4561 nisi
2745 4505 3037 4574 conformes
3076 4502 3320 4573 imaginis
3360 4500 3464 4570 ﬁlii

192 4580 431 4650 electos,
463 4602 584 4642 cum
616 4592 843 4647 credunt
868 4634 884 4659 ,
913 4602 970 4649 et
997 4594 1365 4666 baptizantur,
1394 4608 1449 4653 et
1478 4599 1774 4654 secundum

196 4670 367 4727 Deum
396 4676 621 4732 vivunt?
649 4678 852 4738 Tamen
873 4683 896 4716 ⁸
920 4684 1173 4742 dicuntur
1218 4686 1377 4744 electi
1405 4705 1435 4744 a
1478 4690 1773 4746 nescienti-

1808 4550 1857 4608 Ι)

1886 4600 2000 4654 Dei.
2028 4600 2205 4656 Ceteri
2247 4614 2377 4654 vero
2403 4607 2659 4669 putantur
2688 4596 2842 4651 electi
2868 4612 2898 4650 a
2923 4595 3309 4658 nescientibus,
3332 4592 3464 4662 quid

1885 4690 2050 4747 futuri
2082 4700 2228 4758 sunt,
2260 4707 2323 4747 ac
2353 4707 2449 4762 per
2476 4691 2578 4746 hoc
2609 4706 2717 4746 non
2738 4689 2919 4755 electi,
2940 4688 3035 4745 sed
3064 4688 3277 4758 reprobi
3312 4695 3459 4741 sunt.

1474 4825 1729 4882 VARIAE
1763 4826 2164 4884 LECTIONES.

263 4897 611 4990 :{ij'ﬂenf-
671 4975 684 4990 ,
719 4906 740 4938 ²
767 4922 891 4990 "go
916 4910 1066 4990 elegit
1099 4927 1209 4969 om.
1236 4916 1380 4983 cod.,
1434 4918 1559 4973 add.
1592 4918 1663 4973 Μ.

192 5035 294 5128 δέ-
341 5038 365 5069 ⁹
391 5039 462 5128 ἒξ·
494 5047 798 5126 Ρζαεεσίνει.
841 5050 917 5128 _'°
931 5050 1192 5128 Siccodz,
1224 5057 1294 5110 al.
1320 5058 1417 5128 qui
1445 5035 2421 5128 verebuntf/iliiqirom‘issign‘itz‘ltavnt
2452 5035 2561 5116 isti:

1290 5127 1334 5160 ³³
1365 5127 1458 5183 Sic
1485 5129 1631 5195 co-J.,
1659 5127 1729 5182 Μ.
1775 5131 1999 5185 addunt.

189 5121 319 5176 que.
412 5110 565 5181 “qui
609 5130 719 5170 om.
755 5119 904 5188 cod.,
946 5122 1069 5179 add.
1121 5110 1192 5179 ΜΖ

193 4966 217 4999 ⁸
239 4919 291 5022 e'l
309 4919 611 5026 ἴδηαῗέεέῗο
719 4919 740 4938 ¹
767 4922 891 4990 ergo
916 4919 1066 4995 elegit
1099 4927 1209 4969 om.
1236 4919 1380 4983 cod.,
1434 4919 1559 4973 add.
1592 4919 1663 4973 Μ.
1755 4919 1781 4952 ⁸
1807 4920 1940 4975 Cod.
1966 4920 2326 4988 optinendum,
2354 4920 2436 4976 sic
2462 4921 2680 4991 ubique.
2753 4922 2776 4953 ‘
2804 4921 2874 4975 al.
2899 4937 3034 4993 quae
3059 4922 3454 4976 intercurrerat.

193 5035 239 5054 η
341 5038 365 5054 ⁸
425 5039 439 5054 ¹
576 4990 625 5038 s,
744 4977 1159 5054 quibus_dtctum
1187 4995 1263 5040 est
1291 5002 1403 5043 om.
1433 4990 1583 5054 cod.,
1628 4990 1754 5044 add.
1809 4990 1881 5043 Μ.
1953 4991 1976 5022 ⁸
2000 4990 2070 5044 al.
2115 4991 2271 5054 plane
2299 4992 2404 5046 dic.
2482 4993 2503 5024 ⁷
2531 4995 2603 5046 al.
2632 4992 2758 5045 sint.
2834 4995 2856 5025 ⁸
2882 4995 2955 5045 ita
2986 5008 3096 5047 οιιι.
3133 4992 3279 5053 cod.,
3326 4992 3453 5044 add.

1953 4991 1976 5022 ⁸
2000 4990 2070 5068 al.
2096 4991 2271 5074 .plane
2294 4992 2404 5093 sic.
2452 4993 2503 5073 _"
2531 4990 2603 5046 al.
2632 4992 2758 5093 sint;
2828 4995 2856 5093 ξ
2882 4990 2955 5093 illa
2986 5008 3096 5047 Olli.
3133 4992 3279 5053 cod.,
3326 4992 3453 5093 add.

1953 5078 2225 5093 .muunn“
2290 5078 2295 5085 ι
2338 5077 2419 5093 η...
2453 5063 2538 5093 ml:
2755 5063 2822 5093 ἠ.
2942 5064 3160 5093 "lu-nni.
3214 5062 3290 5093 εἴη
3331 5076 3360 5093 n
3385 5060 3453 5093 ιε-

2099 5059 2246 5114 lanis.
2282 5062 2421 5115 Nam
2452 5061 2561 5116 isti.
2660 5062 2702 5093 ¹¹
2732 5063 2863 5117 Cod.
2899 5062 3180 5129 Johannis,
3214 5062 3292 5117 sic
3331 5059 3421 5115 ubi

2099 5131 2142 5164 “
2170 5131 2260 5186 Sic
2286 5133 2433 5200 cod.,
2482 5131 2550 5185 Μ.
2591 5133 2811 5191 dicunt~

1673 5222 1926 5279 NOTAE.

250 5293 384 5383 ί
429 5299 654 5383 veritati
694 5318 800 5383 non
837 5308 1104 5383 congruit.
1152 5310 1287 5370 Nam
1330 5313 1551 5370 omnino
1606 5330 1768 5383 prae-

188 5371 480 5455 sgientiani
518 5371 610 5426 Dei
639 5374 781 5455 inter
815 5386 870 5432 et
896 5371 1441 5448 pFaedcstinationem
1481 5371 1649 5455 probe
1683 5386 1760 5442 di-

187 5439 575 5505 stinguendum
602 5453 705 5500 est.
896 5439 913 5448 ’
947 5493 957 5505 ,

262 5506 291 5545 ιι
304 5506 631 5593 Prudentius
648 5531 661 5566 :
687 5514 980 5593 tinguant
989 5531 1035 5575 et
1052 5521 1152 5577 Pal
1159 5540 1237 5579 res
1252 5526 1323 5578 ita
1337 5529 1575 5593 sensisse,
1598 5537 1654 5582 ut
1668 5530 1769 5585 ele-

188 5587 300 5685 cto:
315 5591 415 5701 Et?
431 5583 777 5710 ῧέῗιὲιεὲξ,
790 5583 930 5717 ﬁlim
954 5592 1047 5647 Dei
1065 5608 1163 5663 pro
1189 5611 1290 5650 non
1314 5596 1439 5666 filiis
1466 5583 1763 5668 posuerint.

254 5715 280 5756 δ
310 5697 766 5783 Ῐόὸιῐῗίῗῆἴ“’
794 5697 873 5717 ’ν’

259 5798 282 5826 ε
310 5787 353 5844 Il
384 5788 523 5846 Tim.
557 5792 615 5859 Il,
652 5796 733 5851 19.

1952 5314 1971 5352 ί
2005 5313 2121 5369 Gal.
2161 5314 2228 5380 V,
2257 5315 2311 5369 6.

1947 5386 1973 5425 ε
2000 5385 2189 5440 Matth.
2218 5385 2338 5452 XX,
2372 5387 2457 5441 16.

1946 5454 1974 5530 l1
2004 5455 2288 5530 angustia.
2320 5459 2384 5530 tle
2410 5457 2647 5530 (ἕσπερα
2680 5467 2727 5513 et
2752 5457 2905 5513 Crat.
2933 5456 3065 5511 c.'7.

1952 5527 1969 5565 ί
2004 5522 2159 5580 Ιοθή.
2191 5526 2281 5590 XI,
2313 5529 2402 5593 51,
2428 5528 2517 5583 52.

1948 5594 1961 5644 i
2000 5595 2199 5651 lJoan.
2228 5597 2293 5661 II,
2326 5600 2411 5653 l9.

1948 5667 1971 5706 ἱ
2001 5666 2285 5734 Augustin.
2315 5669 2437 5723 ibid.
2466 5685 2514 5725 ρ.
2542 5669 2593 5725 9.

1950 5735 1964 5773 ¹
1998 5734 2151 5791 .laau.
2191 5736 2274 5803 VI,
2306 5739 2390 5792 7I.
