4028 6280
558 367 663 423 407

1917 385 2199 442 JOANNIS
2235 385 2429 442 SCOTI

3683 385 3796 444 ωε

548 499 809 554 Dicuntur
855 497 949 553 ﬁlii
993 497 1106 562 Dei,
1145 515 1267 554 cum
1312 500 1420 554 sint
1465 501 1558 555 ﬁlii
1596 500 1940 570 perditionis,
1979 515 2115 569 quos
2145 503 2189 558 Λ
2220 499 2380 552 modo
2402 497 2662 553 vacillat:
2699 497 2746 554 si
2792 510 2983 553 omnes
3012 497 3396 567 praedestinati
3438 504 3568 555 sunt
3610 496 3792 560 electi,

547 601 736 642 omnes
763 588 822 642 in
851 588 1128 657 proditore
1177 590 1192 619 '
1227 604 1324 643 suo
1363 589 1618 644 Dominus
1658 589 1909 660 signavit.
1944 589 2119 644 Orans

546 677 746 746 quippe
787 677 1004 733 Patrem
1035 693 1134 747 pro
1177 679 1363 734 electis
1406 680 1557 734 suis:
1591 679 1755 744 Quos,
1795 681 1900 743 ait,
1931 681 2120 734 dedisti

549 768 700 834 mihi,
728 769 1014 832 custodiri,
1041 778 1087 822 et
1116 785 1265 824 nemo
1298 786 1362 824 ea:
1395 771 1475 824 his
1501 771 1676 840 periit,
1712 771 1814 824 nisi
1837 770 1979 838 [ilius
2005 786 2121 840 per-

549 860 765 915 ditionis
787 873 836 915 ι.
871 861 1089 916 Electus
1131 860 1294 930 igitur
1333 861 1614 917 dicebatur
1637 861 1836 928 Judas,
1867 862 1992 932 quia
2027 877 2120 916 vo-

550 959 707 1006 catus
750 959 834 1005 est
879 951 1020 1006 inter
1059 949 1293 1016 electos;
1328 951 1471 1006 ﬁlius
1498 952 1800 1018 dicebatur,
1828 955 1952 1021 quia
1984 953 2124 1005 inter

553 1038 752 1096 fratres
772 1040 974 1096 Christi
995 1055 1025 1094 a
1049 1042 1414 1097 nescientibus
1433 1045 1938 1098 connumerabatur.
1973 1043 2125 1099 Sicut

554 1137 734 1184 autem
751 1129 930 1184 nullus
949 1130 1192 1200 ambigit,
1215 1145 1246 1186 e
1267 1133 1548 1190 contrario
1557 1131 1739 1202 vocari
1757 1131 1894 1186 ﬁlios
1911 1140 2126 1201 praeter

557 1234 675 1282 eos,
701 1221 896 1289 quibus
925 1221 1484 1289 haercd-itas‘paterna
1513 1223 1843 1288 destinatur;
1871 1223 2126 1277 itaecon-

559 1311 727 1365 trario
763 1311 944 1366 vocari
979 1311 1209 1375 electos,
1239 1313 1340 1367 nisi
1381 1314 1506 1383 quia
1550 1314 1826 1368 consortio
1869 1313 2124 1378 aliorum,

557 1417 694 1472 quos
738 1400 884 1471 juste
930 1417 1107 1457 massa
1142 1403 1394 1457 danmata
1439 1405 1492 1458 in
1542 1404 1758 1458 miseria
1803 1404 2027 1467 detinet,
2060 1405 2129 1459 ad

558 1494 910 1550 beatitudinis
930 1496 1182 1564 gaudium
1205 1504 1572 1566 segregantur.
1597 1496 1662 1549 Et
1679 1497 2126 1565 quemadmodum

561 1597 668 1637 non
719 1591 846 1638 sunt
890 1583 1014 1647 lilii,
1045 1583 1090 1638 si
1119 1599 1223 1638 non
1259 1583 1367 1638 sint
1391 1584 1683 1649 haeredes,
1725 1586 1803 1638 sic
1831 1585 1989 1638 electi
2020 1599 2128 1638 non

561 1680 724 1737 sunt,
765 1673 811 1727 si
855 1687 960 1727 non
993 1672 1102 1728 sint
1129 1672 1334 1728 dilecti.
1361 1673 1640 1740 Quomodo
1664 1690 1794 1747 ergo
1815 1675 1916 1729 nisi
1945 1691 1976 1728 e
2001 1690 2131 1729 con-

561 1763 732 1820 trario
747 1763 1194 1820 dicereturludas
1208 1765 1432 1833 electus,
1450 1766 1575 1821 dum
1589 1781 1693 1822 non
1710 1775 1855 1822 esset
1872 1767 2130 1822 dilectus?

2221 588 2362 642 unde
2405 601 2566 641 nemo
2612 587 2849 642 ﬁdelium
2897 587 3139 651 dubitat;
3171 602 3360 642 omnes
3404 595 3588 641 autem
3633 587 3798 641 electi

2219 679 2440 732 omnino
2468 677 2589 732 Filii
2623 677 2721 732 Dei
2757 687 2918 744 sunt;
2958 692 3149 732 omnes
3199 678 3360 747 igitur
3404 675 3790 746 praedestinati

2221 765 2339 820 Filii
2397 767 2493 820 Dei
2535 776 2681 822 sunt.
2733 767 2881 833 Quae
2933 767 3204 822 connexio
3244 777 3391 822 stare
3432 767 3584 821 nullo
3639 767 3791 821 mode

2222 866 2431 926 posset,
2471 857 2515 912 si
2558 858 2613 912 hi
2661 867 2771 912 tres
2819 858 3034 912 termini
3065 856 3315 925 aequales
3363 873 3470 912 non
3510 856 3804 920 essent,id

2222 958 2304 1002 est
2331 947 2584 1013 ﬁliolitas,
2626 947 2844 1012 electio,
2885 947 3320 1017 praedestinatio.
3345 945 3622 1013 Quantum
3652 946 3804 998 enim

2223 1040 2636 1108 comprehendit
2686 1040 2948 1104 ﬁliolitas,
2983 1048 3189 1094 tantum
3223 1040 3435 1104 electio,
3485 1048 3540 1095 et
3589 1048 3805 1092 tantum

2224 1131 2436 1195 electio,
2464 1140 2738 1208 quantum,
2761 1133 3205 1202 praedestinatio.
3243 1133 3477 1201 Ideoque
3509 1140 3623 1185 tres
3644 1145 3811 1200 palm

2228 1223 2443 1278 termini
2493 1223 2610 1278 sine
2653 1222 2762 1278 ullo
2814 1224 2947 1278 vitio
2987 1231 3242 1286 currunt,
3280 1233 3810 1292 atquerecurrnnt.

2227 1317 2380 1372 Sicut
2413 1331 2544 1387 ergo
2571 1316 2773 1371 frustra
2797 1326 3130 1386 quaeruntur
3157 1315 3278 1372 Filii
3317 1316 3409 1370 Dei
3439 1327 3662 1386 praeter
3687 1315 3820 1383 ejus

2227 1407 2450 1466 electos.
2481 1407 2554 1460 ita
2585 1405 2785 1461 frustra
2830 1414 3090 1476 putantur
3133 1403 3248 1472 ejus
3285 1405 3439 1460 electi
3489 1413 3711 1473 praeter
3739 1404 3828 1454 ab.

2227 1512 2296 1553 eo
2327 1497 2781 1567 praedestinatos.
2836 1497 2906 1550 Et
2963 1495 3338 1565 reciprocatim
3387 1508 3403 1548 τ
3446 1493 3604 1548 Sicut
3647 1493 3824 1561 iniria

2231 1599 2491 1661 putantur
2513 1588 2901 1660 praedestinati
2942 1604 2972 1641 a
3010 1589 3120 1642 Deo
3165 1595 3380 1657 praeter
3416 1583 3534 1653 ejus
3583 1583 3816 1645 electos.

2232 1687 2307 1739 ita
2349 1698 2686 1754 supervacuo
2735 1682 3092 1736 aestimantur
3128 1679 3280 1735 electi
3307 1678 3404 1733 Dei
3431 1685 3654 1747 praeter
3695 1674 3822 1742 ejus

2235 1775 2394 1829 ﬁlios.
2445 1773 2561 1828 Non
2613 1780 2742 1828 sunt
2790 1771 2953 1842 igitur
2998 1767 3402 1841 praedestinati,
3452 1767 3497 1821 si
3535 1782 3644 1820 non
3685 1773 3825 1820 sunt

563 1855 619 1910 Si
667 1856 809 1911 enim
859 1857 1191 1928 diligeretur.
1222 1858 1408 1927 utique
1453 1873 1560 1912 non
1609 1858 1976 1930 repelleremr.
2023 1859 2129 1913 Aut
2159 1854 2204 1914 Β
2239 1869 2328 1922 Dei
2361 1867 2503 1920 Filii.
2533 1865 2768 1921 Utenim
2799 1862 2960 1918 simul
2999 1877 3104 1916 non
3135 1869 3306 1930 potest
3330 1873 3470 1924 esse,
3503 1867 3563 1912 ut
3593 1867 3650 1912 et
3691 1857 3824 1911 Filii

564 1947 835 2013 qtlomodo
865 1946 1069 2002 electus
1105 1949 1170 2001 ad
1206 1946 1468 2014 judicium
1516 1948 1657 2018 ignis
1679 1950 1918 2016 aeterni,
1947 1949 2060 2017 qni,
2089 1951 2134 2004 si

564 2046 710 2090 esset
739 2035 965 2105 electus,
996 2036 1360 2108 proculdubio
1384 2038 1452 2093 ad
1472 2038 1634 2092 vitam
1662 2038 1955 2108 pertineret
1971 2049 2139 2095 aeter-

565 2125 731 2179 nam?

637 2216 701 2270 11.
731 2216 883 2283 Quod
907 2217 950 2272 si
973 2216 1039 2270 ad
1064 2217 1198 2272 haec
1221 2217 1562 2287 impudenter
1579 2217 1868 2281 resistitur,
1884 2218 2140 2274 debemus

568 2305 816 2374 accipere
852 2321 950 2376 per
977 2305 1146 2361 Jndae
1175 2307 1466 2376 proditoris
1490 2307 1764 2361 abusivam
1797 2307 2138 2372 electionem,

563 2393 766 2464 justam
800 2394 917 2464 ejus
952 2397 1419 2466 reprobationcm;
1450 2412 1547 2466 per
1585 2396 1701 2466 ejus
1735 2411 1886 2466 vero,
1914 2410 2020 2465 qna
2072 2394 2141 2448 ad

571 2496 783 2557 tempus
826 2497 1074 2551 vocatus,
1104 2486 1444 2552 liliolitatem,
1469 2485 1672 2555 justam
1699 2485 1814 2555 ejus
1843 2487 2142 2554 meritoque

571 2589 845 2634 aeternam
878 2578 1292 2644 abdicationem,
1323 2578 1446 2648 quia
1482 2592 1754 2648 nunquam
1784 2578 1990 2632 electus
2022 2577 2140 2642 fuit,

571 2672 713 2726 sicut
731 2687 1004 2741 nunquam
1023 2673 1282 2741 reprobus
1309 2685 1414 2724 non
1438 2669 1541 2723 fuit
1565 2671 1584 2699 '
1606 2686 1618 2722 :
1645 2670 1894 2725 similiter
1915 2669 2141 2732 amicus,

573 2762 666 2831 qui
697 2777 910 2832 semper
945 2771 1062 2816 erat
1101 2761 1370 2815 inimicus.
1403 2759 1635 2814 Proinde
1681 2776 1785 2814 non
1830 2760 2017 2824 video,
2049 2774 2145 2812 cur

573 2850 747 2906 sancti
779 2851 966 2905 Patres
997 2849 1306 2904 dubitarent
1331 2889 1345 2914 ,
1385 2848 1612 2918 pulchro
1649 2848 1937 2904 locutionis
1983 2848 2146 2902 modo

579 2940 898 2995 lidncialiter
925 2941 1207 2994 enuntiare
1236 2939 1663 3010 praedestinatos
1691 2939 1756 2992 ad
1785 2953 2032 3007 poenam,
2060 2938 2144 2993 vel

577 3029 849 3084 interitum
872 3071 887 3096 ,
933 3039 1217 3098 ceteraque
1243 3029 1578 3099 hujusmodi,
1609 3029 1823 3098 quoties
1871 3029 1950 3082 eis
1982 3029 2034 3081 in
2077 3028 2144 3082 li-

575 3117 795 3172 brorum
836 3134 1056 3173 suorum
1104 3119 1244 3173 serie
1277 3118 1476 3187 placuit
1523 3133 1756 3188 ponere,
1809 3133 1930 3172 cum
1975 3117 2144 3185 ipsam

2238 1959 2330 2014 Dei
2353 1958 2506 2012 electi
2548 1957 2677 2022 sint,
2713 1965 2765 2010 et
2805 1952 3191 2025 praedestinati
3236 1967 3342 2005 non
3371 1950 3496 2012 sint,
3525 1949 3599 2002 ita
3649 1947 3826 2001 simul

2237 2066 2342 2105 non
2375 2057 2551 2119 potest
2579 2063 2722 2114 esse,
2772 2056 2832 2101 ut
2884 2055 2939 2101 et
2988 2043 3373 2115 praedestinati
3403 2061 3435 2096 a
3462 2043 3572 2096 Deo
3598 2042 3737 2102 sint,
3766 2049 3830 2094 et

2237 2141 2392 2196 electi
2451 2140 2546 2194 ﬁlii
2581 2137 2696 2206 ejus
2751 2154 2856 2193 non
2907 2137 3034 2191 sint.
3084 2135 3316 2190 Proinde
3360 2130 3829 2202 quemadmodum

2237 2231 2426 2286 Judaei
2455 2232 2878 2301 perﬁdi,qltibus
2895 2232 3147 2287 Salvator
3171 2231 3247 2285 ait
3274 2244 3290 2283 :
3322 2246 3406 2284 res
3429 2245 3494 2282 ea:
3518 2237 3668 2296 patre
3697 2226 3829 2279 ilia-

2239 2325 2354 2379 bolo
2393 2328 2514 2380 estis
2546 2327 2594 2391 ι),
2633 2341 2663 2380 a
2701 2327 2812 2381 Deo
2844 2325 3224 2395 praedestinati
3253 2332 3377 2396 sunt
3403 2321 3469 2375 ad
3508 2320 3832 2379 interitum,

2242 2431 2366 2470 cum
2395 2416 2572 2472 omnis
2598 2432 2628 2470 a
2657 2415 2766 2470 Deo
2795 2415 3231 2485 praedestinatus
3265 2427 3486 2467 necesse
3514 2419 3620 2473 est,
3659 2421 3724 2462 ut
3753 2410 3833 2462 sit

2241 2506 2358 2575 ejus
2399 2508 2624 2572 electus,
2652 2523 2716 2562 ac
2756 2523 2852 2578 per
2892 2509 2996 2563 hoc
3042 2506 3159 2574 ejus
3193 2507 3353 2570 ﬁlius,
3401 2503 3643 2557 invenire.
3694 2500 3833 2570 quis

2242 2605 2438 2665 potest,
2470 2599 2513 2650 si
2544 2612 2650 2650 non
2694 2597 2746 2650 in
2775 2597 2944 2658 illum,
2980 2611 3140 2666 quem
3173 2607 3332 2662 saepe
3371 2591 3626 2652 diximus,
3651 2604 3832 2657 oppo-

2244 2689 2472 2744 sitorum
2500 2689 2678 2743 locum
2708 2690 3049 2758 respiciatur,
3087 2702 3195 2758 quo
3225 2685 3452 2742 sumitur
3491 2683 3614 2738 talis
3638 2698 3668 2735 a
3695 2698 3834 2736 eon-

2246 2779 2412 2832 trario
2439 2777 2608 2833 l‘orma
2635 2777 2884 2833 dicendi?

2314 2869 2401 2923 1V.
2426 2868 2613 2925 iaceat
2650 2884 2778 2940 ergo
2806 2868 3198 2924 haereticorum
3229 2864 3440 2938 garrula
3488 2862 3833 2933 procacitas,

2246 2968 2426 3015 teneat
2451 2975 2580 3015 sana
2625 2959 2759 3014 ﬁdes
2796 2960 3337 3028 praedestinatorum,
3383 2956 3707 3016 electorum,
3737 2955 3833 3007 1ῖί-

2246 3050 2439 3104 liorum
2465 3050 2562 3105 Dei
2602 3051 2741 3106 hanc
2768 3051 3090 3108 iucuncusse
3109 3047 3440 3119 regulam,ut
3465 3045 3834 3113 quotiescun-

2247 3156 2355 3218 qne
2382 3140 2484 3199 .vel
2537 3141 2825 3217 audierint,
2875 3139 2958 3195 vel
3001 3137 3227 3207 legerint
3269 3133 3702 3205 praedestinatos
3767 3133 3839 3186 ad

577 3210 859 3266 veritatem
883 3225 987 3264 non
1005 3210 1502 3264 dubitarinteodem
1525 3211 1682 3265 modo
1698 3210 1932 3276 locutam
1956 3205 2140 3275 fuisSe,
2171 3204 2214 3271 C
2248 3204 2464 3300 ιξιέιιηπη,
2513 3235 2580 3290 ad
2626 3211 2850 3304 mgnas,
2897 3234 2964 3286 ad
3009 3204 3304 3294 ίηὶθτίιηηί,
3337 3245 3432 3284 seu
3475 3225 3840 3294 supplicium,

583 3306 847 3368 quatenus
861 3307 916 3353 et
939 3313 1183 3353 summae
1214 3297 1529 3369 sapientiae,
1555 3314 1694 3369 quae
1717 3300 1769 3354 in
1797 3300 1876 3354 eis
1895 3299 2146 3371 loqueba-

586 3398 696 3454 tur,
728 3389 952 3458 vestigia
987 3403 1090 3442 non
1140 3389 1470 3452 desererent,
1515 3399 1569 3444 et
1608 3405 1759 3444 suam
1789 3389 2148 3458 eloquentiam

583 3476 807 3532 lecturis
866 3478 1112 3547 exemplo
1167 3478 1402 3532 futuram
1458 3479 1865 3548 pretiosissimis
1893 3479 2152 3549 ﬁguratae

582 3566 1038 3636 pronuntiationis
1069 3568 1334 3637 lapidibus
1355 3578 1630 3623 ornarent.
1658 3570 1714 3624 Si
1738 3585 1866 3640 ergo
1898 3570 2154 3625 Dominus

585 3658 912 3728 proditorem
935 3674 1090 3713 suum
1121 3675 1225 3714 non
1252 3660 1464 3714 erubuit
1489 3661 1760 3730 appellare
1781 3662 2033 3726 electum,
2058 3677 2156 3716 cur

584 3746 700 3815 ejus
727 3747 964 3802 imitator
993 3757 1211 3803 sanctus
1243 3749 1574 3820 Augustinus
1617 3749 1980 3814 erubesceret,
2006 3765 2156 3804 eum-

588 3838 707 3892 dem
730 3878 745 3903 ,
794 3838 1000 3893 scilicet
1031 3839 1401 3908 proditorem,
1437 3853 1631 3893 vocare
1663 3840 2158 3908 praedestinatum?

589 3928 954 4000 Similiterque
968 3930 1245 3986 Jndaicnm
1263 3930 1536 4004 populum,
1557 3931 1767 3985 invidae
1782 3931 2035 4001 perﬁdiae
2051 3931 2070 3961 ⁸
2082 3948 2159 3987 τεο

592 4021 810 4087 fertum,
847 4023 1054 4078 Domini
1088 4033 1258 4078 nostri
1287 4021 1422 4079 Jesu'
1459 4023 1658 4078 Christi
1709 4026 2043 4090 traditorem,
2094 4039 2158 4080 ac

586 4127 684 4181 per
697 4113 798 4168 hoc
813 4113 1272 4182 interemptorem,
1287 4131 1385 4170 cur
1402 4115 1694 4169 haesitaret
1705 4115 2158 4183 praedestinatum

590 4203 769 4258 dicere
821 4204 887 4258 ad
938 4205 1248 4260 interitum?
1295 4204 1404 4260 Cur
1448 4221 1552 4258 non
1605 4204 1796 4258 deinde
1841 4205 2162 4275 generaliter

565 4283 777 4350 'omncs
803 4295 949 4365 impii
978 4297 1043 4350 ad
1068 4297 1386 4366 supplicium
1411 4297 1787 4366 praedestinati
1817 4298 2162 4351 enuntiaren-

591 4391 699 4446 tur,
729 4400 850 4438 cum
889 4392 942 4438 et
987 4385 1266 4438 verissima
1298 4385 1435 4439 ratio
1465 4385 1708 4447 suadeat,
1741 4393 1794 4438 et
1826 4385 2161 4452 apertissima

594 4473 908 4542 comprobet
958 4475 1253 4529 auctoritas
1279 4515 1292 4539 ,
1325 4491 1430 4528 non
1475 4489 1594 4529 esse
1633 4473 1796 4530 Filios
1829 4474 1920 4528 Dei
1947 4483 2162 4543 praeter

2248 3327 2384 3382 nihil
2409 3326 2554 3380 aliud
2601 3327 2837 3380 sentiant
2886 3324 2991 3378 nisi
3039 3338 3146 3376 non
3185 3319 3630 3391 praedestinatos,
3661 3316 3782 3369 sed
3808 3331 3838 3366 a

2251 3433 2430 3474 massa
2481 3415 2775 3470 damnabili
2833 3413 3029 3468 merito
3080 3409 3288 3480 peccati
3335 3405 3612 3477 originalis
3655 3415 3839 3472 atque

2251 3507 2455 3578 proprii
2507 3521 2610 3560 non
2658 3521 2778 3560 esse
2826 3512 3128 3573 separatos,
3178 3501 3404 3574 ideoque
3437 3496 3596 3566 impie
3637 3495 3842 3548 vitea:

2253 3598 2544 3669 permissos
2575 3595 2812 3661 relictos,
2848 3593 3073 3648 subinde
3106 3601 3325 3647 aeterno
3352 3589 3459 3659 igni
3487 3585 3836 3656 plectendos.

2757 3719 3149 3778 CAPITULUM
3189 3717 3326 3773 XIV.

2261 3842 2574 3896 Testimonia
2621 3841 2786 3894 sancti
2822 3837 3101 3907 Augustini
3152 3834 3306 3907 simul
3354 3830 3836 3907 collecta,_quibns

2330 3922 2503 3979 aperte
2530 3910 2824 3978 conﬁcitur,
2855 3901 2957 3980 non
2995 3923 3103 3980 esse
3133 3904 3232 3980 nisi
3270 3919 3424 3955 unam
3469 3901 3841 3980 praedestina-

2330 3975 2544 4045 tionem,
2573 3975 2788 4050 eantque
2809 3976 3133 4032 solummodo
3158 3975 3226 4027 ad
3251 3983 3456 4027 sanctos
3480 3975 3770 4040 pertinere.

2329 4113 2370 4167 1.
2395 4113 2460 4167 Et
2483 4127 2552 4166 ne
2574 4111 2694 4180 quis
2725 4109 2860 4164 forte
2882 4122 2978 4162 nos
3011 4106 3257 4161 aestimet
3291 4111 3474 4180 nostro
3512 4113 3664 4155 sensu
3701 4115 3837 4168 pro-

2263 4205 2379 4276 prio
2424 4203 2552 4257 talia
2607 4202 2843 4262 dixisse,
2889 4199 3088 4254 nullius
3164 4193 3501 4250 auctoritatis
3566 4192 3840 4261 gravitate

2263 4296 2483 4360 suﬁ'ulti,
2509 4295 2704 4364 placuit
2727 4293 2898 4356 nobis,
2931 4290 3232 4346 testimonia
3265 4287 3286 4319 ⁸
3329 4286 3497 4341 sancti
3533 4283 3704 4352 patris
3733 4283 3841 4336 Au-

2261 4386 2463 4457 gustini
2485 4377 2658 4438 simul
2694 4382 2965 4453 colligere,
2996 4391 3054 4434 ut
3100 4378 3334 4450 prudens
3365 4377 3588 4446 quisque
3633 4387 3845 4443 eugno-

2267 4487 2402 4542 seat,
2421 4475 2563 4531 nullo
2576 4475 2732 4530 modo
2753 4489 2872 4529 eum
2887 4473 3019 4526 duas
3034 4467 3549 4542 praedestinationes
3563 4464 3698 4519 decu
3709 4464 3839 4525 isse,

594 4563 797 4618 electos
824 4563 968 4634 ejus,
998 4581 1169 4634 neque
1198 4567 1397 4622 electos
1439 4566 1553 4634 ejus
1576 4575 1792 4638 praeter
1829 4567 1896 4621 ab
1922 4582 1986 4620 eo
2009 4583 2165 4635 prae-
2195 4546 2242 4604 θ
2269 4583 2367 4622 nec
2403 4565 2566 4622 unam
2608 4565 2915 4635 bipertitam
2934 4604 2949 4627 ,
2981 4577 3082 4617 nec
3125 4560 3338 4630 duplam
3357 4599 3374 4624 ,
3399 4567 3454 4611 ut
3486 4555 3840 4611 Gotescalrns

593 4652 922 4718 destinatos;
965 4663 1021 4710 et
1069 4657 1368 4712 conversim
1417 4673 1521 4711 non
1573 4673 1690 4712 esse
1736 4653 2164 4726 praedestin‘atos

596 4754 812 4812 praeter
832 4745 1052 4810 electos,
1082 4763 1255 4816 neque
1280 4747 1479 4802 electos
1502 4756 1716 4817 praeter
1743 4747 1898 4800 ﬁlios.

664 4835 747 4890 Ill.
779 4835 913 4894 Hinc
943 4839 1228 4894 conﬁcitur
1271 4839 1690 4894 inconnnutahili
1730 4837 2092 4902 conclusione,
2120 4838 2166 4892 si

595 4942 784 4982 omnes
807 4927 928 4983 Filii
955 4928 1048 4983 Dei
1079 4929 1236 4984 electi
1262 4938 1409 4994 sunt,
1433 4931 1576 5001 quod
1596 4929 1817 4999 impium
1841 4936 1923 4983 est
1945 4943 2162 4998 negare,

593 5031 783 5072 omnes
812 5026 991 5073 autem
1020 5018 1173 5074 electi
1204 5019 1391 5088 procul
1413 5019 1574 5073 dubio
1617 5017 2024 5088 praedestinati,
2049 5031 2166 5073 om-

597 5121 695 5160 nes
727 5106 888 5178 igitur
935 5107 1053 5162 Filii
1109 5108 1202 5163 Dei
1247 5101 1630 5177 praedestinati
1662 5115 1805 5160 sunt.
1837 5103 1986 5174 Quae
2032 5119 2163 5158 cono

505 5215 507 5217 ί
599 5198 760 5255 nexio
795 5199 1146 5256 conversione
1171 5199 1254 5254 sui
1288 5197 1472 5253 vitium
1500 5193 1612 5252 non
1656 5195 1867 5265 recipit,
1917 5209 2017 5248 nec
2040 5192 2166 5247 'ullo

2263 4658 2468 4721 edocet,
2489 4664 2543 4710 et
2571 4654 2715 4708 illam
2742 4669 2902 4707 unam
2926 4652 3176 4706 videlicet
3205 4649 3597 4704 divinam‘non
3639 4645 3751 4699 nisi
3779 4644 3839 4696 ad

2265 4760 2480 4805 sanctos
2510 4747 2800 4818 pertinere,
2842 4745 3126 4815 impiorum
3168 4757 3296 4799 vero
3323 4740 3464 4795 nullo
3495 4739 3650 4792 modo
3676 4751 3842 4805 posse

2265 4856 2406 4897 esse.
2441 4840 2499 4894 In
2527 4840 2666 4895 libro
2693 4838 2761 4894 de
2789 4838 3035 4907 Corrept.
3067 4834 3319 4890 etGratia
3344 4852 3356 4886 :
3389 4852 3407 4883 ε
3441 4830 3653 4885 Sanctis
3674 4848 3694 4880 ι
3724 4870 3740 4889 ,
3761 4830 3839 4881 iu-

2267 4932 2438 5002 quit,r
2460 4931 2512 4985 in
2530 4938 2756 5001 regnum
2789 4929 3005 4998 Dei-per
3033 4926 3263 4998 gratiam
3293 4924 3388 4978 Dei
3418 4917 3840 4999 praedestinatis

2274 5021 2471 5075 donum
2497 5019 2931 5090 perseverantiae
2957 5019 3112 5072 datur
3138 5031 3240 5070 non
3281 5014 3472 5076 solum,
3512 5022 3569 5065 ιιι
3598 5011 3716 5064 sine
3743 5010 3842 5062 isto

2275 5111 2414 5164 dono
2437 5117 2844 5180 perseverantes
2872 5121 2993 5162 esse
3029 5121 3132 5160 non
3157 5104 3391 5174 possint;
3423 5116 3610 5154 verum
3655 5098 3838 5153 etiam,

2272 5207 2326 5251 ut
2355 5215 2449 5268 per
2475 5200 2578 5255 hoc
2607 5199 2806 5254 donum
2829 5188 2934 5252 non
2961 5195 3062 5252 nisi
3098 5181 3510 5266 perseverantes
3542 5189 3668 5252 'sint
3691 5185 3719 5219 ⁸
3744 5199 3762 5225 ε
3798 5204 3838 5250 ι,

1750 5337 1752 5340 ,
1835 5335 1838 5339 .
1884 5287 2139 5343 VARIAE
2176 5287 2572 5348 LECTIONES.

673 5383 699 5455 ‘7
722 5383 813 5440 Sic
838 5385 984 5447 cod.,
1009 5384 1078 5438 M.
1113 5386 1410 5455 perditore.
1447 5384 1489 5455 γ’
1513 5382 1693 5455 Corr._,
1726 5381 1841 5455 cod.
1870 5393 2134 5455 nunquam
2165 5395 2270 5455 non
2297 5381 2674 5455 reprobzts_non
2702 5379 2820 5455 fuit,
2859 5376 2928 5430 Μ.
2965 5388 3397 5455 ηιιζιᾳιξαηιυιιοῃ
3439 5368 3685 5455 reprobus

603 5454 624 5486 ³
649 5453 740 5508 Sic
760 5457 902 5520 cod.,
933 5456 1000 5520 Μ.
1028 5449 1253 5510 invidiae
1289 5454 1528 5522 perﬁdia.
1606 5451 1627 5482 ‘
1649 5451 1776 5505 Cod.
1807 5449 2088 5522 testimoni.

2165 5448 2187 5478 '
2217 5448 2307 5504 Sic
2335 5448 2484 5514 cod.,
2519 5450 2587 5503 M.
2632 5459 2678 5502 et
2711 5449 2970 5502 divinam.

3045 5433 3164 5498 6'al.
3214 5441 3334 5496 Non
3383 5433 3585 5506 tantum
3611 5436 3712 5490 tale
3745 5433 3838 5486 ad-

595 5525 856 5592 jutorium
894 5520 1306 5595 perseverantiae
1339 5520 1514 5587 datur,
1547 5522 1637 5576 sed
1665 5525 1767 5576 tale
1795 5529 1850 5574 ut
1875 5521 1963 5592 eis
1995 5521 2376 5589 perseverantia
2398 5521 2513 5590 ipsa
2534 5520 2778 5574 donetur.

2127 5612 2378 5669 NOTAE.

677 5721 700 5748 η
728 5709 882 5762 Joan.
911 5707 1071 5768 XVII.
1104 5709 1186 5764 l2.

677 5779 704 5818 δ
739 5779 831 5835 Ju?
853 5795 891 5833 ι.
923 5778 1008 5845 Ill,
1031 5779 1121 5833 -Η,

2347 5715 2368 5745 ε
2399 5705 2684 5775 Augustin.
2714 5705 2776 5760 de
2802 5702 3038 5773 ϐου-περι.
3063 5712 3107 5756 et
3137 5700 3286 5757 Crat.
3312 5714 3360 5753 c.
3401 5696 3481 5750 η.
