4028 6280
180 288 334 347 409
1324 284 1523 339 LIBER
1565 283 1652 340 DE
1689 283 1822 340 PRA
1831 283 2397 342 EDESTINATIONE.
3391 295 3494 351 410

185 411 262 457 et
323 408 446 473 post
484 399 787 470 aliquanta:
817 416 836 449 ι
867 396 985 467 Ipse
1011 396 1175 468 igitur
1194 409 1288 452 eos
1308 396 1436 451 facit
1465 411 1813 466 perseverare
1844 399 1887 458 Α
1918 395 2168 466 bipertita
2198 397 2416 463 divisio,
2442 397 2495 451 in
2518 411 2611 453 eos
2639 398 2829 467 procul
2851 398 3035 466 dubio,
3067 400 3158 472 qui
3188 400 3241 456 in
3265 416 3497 460 numero

187 493 265 546 in
324 494 488 556 bono,
538 490 628 560 qui
660 487 816 542 ‘fecit
845 489 864 521 ¹
891 487 1096 552 bonos;
1145 487 1236 558 qui
1283 497 1466 542 autem
1506 488 1725 553 cadunt,
1754 485 1811 542 et
1915 491 2438 560 praedestinatorum
2461 501 2610 559 sunt,
2650 501 2707 548 et
2749 495 2802 548 in
2834 509 2948 561 eos,
2978 497 3071 566 qui
3113 506 3266 553 extra
3308 514 3492 556 nume'

183 588 496 651 pereunt,
549 581 603 634 in
665 577 1188 648 praedestinatorum
1248 590 1474 630 numero
1527 591 1634 632 non
1697 577 1812 632 fue-
1913 595 2030 634 rum
2058 581 2579 650 praedestinatorum
2611 593 2756 639 sunt.
2792 585 3154 644 «Nescientes
3181 591 3326 644 enim
3350 591 3496 656 ›,ἱρ-

191 683 355 728 ι-υηι
377 684 407 713 ι
443 691 490 724 ι.
522 670 772 730 Attende,
801 675 962 739 quam
1009 667 1256 728 absolute
1280 667 1439 732 dixit,
1471 667 1564 736 qui
1608 667 1812 722 cadunt
1911 669 2046 736 quit,
2068 687 2089 720 ι
2110 669 2232 739 quis
2252 671 2521 740 pertineat
2543 672 2610 726 ad
2640 675 3164 742 praedestinatorum
3186 695 3493 748 numerum,

191 772 266 818 et
291 768 550 833 pereunt,
570 760 624 814 in
645 759 1166 830 praedestinatorum
1192 768 1417 811 numero
1439 771 1544 812 non
1570 755 1806 811 fuerunt.
1909 759 2031 828 quis
2057 774 2162 814 non
2186 762 2456 831 pertineat
2489 781 2536 818 ι.
2563 762 2630 818 Ει
2654 764 2849 819 iterum
2886 783 2898 819 :
2936 785 2956 818 σ
2988 766 3089 834 Qui
3119 770 3492 836 praedestina.

194 857 509 924 Quomodo
533 855 667 910 haec
700 853 922 917 diceret,
953 852 999 906 si
1019 850 1106 906 vel
1127 851 1261 905 duas
1286 845 1810 920 praedestinationes
1910 860 1994 905 tos
2028 865 2060 904 a
2086 853 2502 920 praedestinatis
2529 855 2842 911 discernere
2870 872 2977 910 non
3006 857 3248 914 valemus
3280 878 3324 912 ι.
3345 860 3494 915 Hine

190 949 388 1004 vellet
434 959 703 1010 asserere,
753 943 839 998 vel
886 957 1048 998 unam
1087 942 1142 996 in
1171 942 1307 996 duas
1346 949 1529 1011 partes
1556 941 1806 1007 divisam,
1909 943 2113 998 texitur
2153 943 2542 1014 quadrifariam
2593 949 2872 1018 inquisitio
2915 951 3161 1018 veritatis
3204 967 3299 1021 per
3331 962 3493 1012 tetra-

190 1041 304 1096 τοι
335 1041 572 1111 duplam,
601 1053 765 1093 unam
811 1037 1027 1108 quidem
1059 1045 1390 1101 sanctorum,
1422 1035 1646 1092 alteram
1679 1049 1808 1092 vero
1908 1030 2106 1104 gonu'm
2141 1054 2154 1089 :
2185 1036 2374 1092 Omnis
2413 1038 2582 1094 homo
2620 1048 2714 1094 aut
2735 1039 2917 1109 justus
2963 1051 3071 1108 est,
3125 1053 3218 1098 aut
3264 1043 3495 1113 injustas

195 1131 409 1202 impiis
445 1133 783 1200 "deputatam.
836 1127 894 1182 Si
921 1128 942 1158 ²
971 1127 1114 1182 enim
1163 1127 1302 1181 duae
1339 1135 1545 1190 essent,
1585 1141 1808 1182 necesse
1906 1136 2008 1182 est.
2040 1128 2193 1195 Item,
2237 1126 2415 1186 omnis
2460 1133 2623 1187 homo
2655 1142 2749 1189 aut
2786 1136 3220 1204 praedestinatus
3259 1145 3367 1202 est,
3402 1151 3496 1196 aut

195 1231 392 1289 esset,
419 1237 578 1278 unam
602 1221 702 1285 eis,
725 1219 920 1290 quibus
944 1218 1102 1272 datur
1124 1217 1322 1272 donum
1347 1218 1804 1288 perseverantiae,
1908 1220 2342 1287 praedestinatus
2387 1237 2493 1277 non
2535 1231 2641 1278 est.
2672 1223 2730 1280 Si
2762 1239 2946 1280 verum
2977 1235 3081 1293 est,
3124 1227 3303 1283 omnis
3331 1230 3495 1283 homo

197 1317 476 1381 alteram,
505 1315 704 1386 quibus
750 1311 1071 1368 cadentibus
1103 1319 1159 1366 et
1189 1311 1542 1381 pereuntibus
1582 1326 1688 1365 non
1717 1311 1807 1364 da-
1901 1305 2083 1376 justus
2109 1309 2544 1377 praedestinatus
2589 1320 2692 1376 est,
2733 1311 2928 1368 falsum
2961 1324 3067 1380 est,
3106 1317 3286 1372 omnis
3309 1318 3494 1379 homo

196 1418 331 1472 tur,
365 1405 640 1470 distribui,
663 1403 842 1458 nullus
885 1411 1066 1457 tamen
1110 1401 1389 1457 hominum
1429 1401 1807 1458 excluderetur
1901 1398 2081 1468 justus
2125 1401 2554 1469 praedestinatus
2602 1418 2708 1458 non
2759 1414 2862 1459 est.
2895 1406 3047 1472 Item,
3078 1407 3123 1461 si
3167 1423 3354 1463 verum
3385 1419 3487 1464 est.

194 1510 454 1553 numero
479 1493 1026 1565 praedestinatorum.
1064 1490 1198 1546 Nam
1228 1491 1273 1547 si
1316 1491 1677 1562 expelleretur
1705 1508 1806 1546 nu—
1905 1491 2086 1546 omnis
2113 1492 2275 1548 homo
2306 1493 2538 1564 injuslus
2575 1497 3008 1565 praedestinatus
3030 1515 3134 1553 non
3157 1508 3259 1566 est,
3292 1500 3487 1555 falsum

199 1602 378 1642 mero
401 1583 945 1657 praedestinatorum,
985 1580 1076 1652 qui
1125 1582 1318 1638 stando
1358 1583 1567 1649 vivunt,
1599 1583 1803 1653 recipe-

195 1686 376 1732 retur
393 1689 618 1730 numero
643 1673 854 1728 illorum
877 1673 1419 1742 praedestinatorum,
1445 1673 1536 1742 qui
1559 1673 1802 1728 cadendo

1905 1589 2010 1648 est,
2038 1583 2216 1637 omnis
2260 1585 2420 1641 homo
2451 1587 2681 1656 injustus
2711 1590 3145 1658 praedestinatus
3175 1603 3275 1647 est.
3308 1593 3443 1649 Vide
3469 1595 3492 1625 ⁵

1905 1671 2013 1726 vim
2039 1674 2283 1730 rationis.
2312 1675 2426 1731 Duo
2446 1677 2764 1734 aﬂirmativa
2786 1681 3109 1737 universalia
3133 1683 3233 1739 sibi
3258 1687 3488 1742 invicem
3543 1724 3553 1730 -

197 1772 473 1837 pereunt.
490 1763 752 1819 Similiter
772 1762 816 1817 si
838 1777 945 1816 una
969 1769 1114 1818 esset
1135 1761 1335 1832 partita
1359 1761 1410 1816 in
1439 1763 1574 1817 duas
1595 1771 1798 1832 partes,
1834 1757 1878 1816 Β
1907 1759 2252 1834 respondent.
2286 1765 2438 1822 Sicut
2463 1767 2609 1845 enim
2654 1771 2830 1826 omnis
2862 1772 3025 1828 homo
3059 1773 3238 1842 juStns
3261 1779 3483 1846 praede.

199 1857 301 1913 vel
333 1856 518 1927 dupla,
564 1853 872 1911 necessario
903 1853 958 1908 in
988 1868 1096 1908 una
1144 1853 1225 1910 sui
1255 1863 1408 1924 parte
1452 1855 1715 1925 perditos,
1749 1857 1802 1912 in

198 1949 394 2004 altera
433 1943 692 2002 liberatos
735 1945 1100 2002 concluderet.
1155 1945 1448 2019 Quis‘ergo
1498 1949 1799 2013 hominum,

198 2054 314 2094 seu
363 2037 674 2109 angelorum
714 2036 976 2092 bonorum
1026 2036 1111 2091 vel
1152 2037 1444 2104 malorum,
1488 2053 1595 2094 non
1641 2040 1713 2096 sit
1745 2042 1800 2095 in

197 2142 454 2182 numero
516 2126 1080 2198 praedestinatorum?
1138 2127 1220 2180 An
1293 2126 1436 2184 forte
1490 2129 1802 2186 haereticus

198 2219 378 2274 docet
395 2219 612 2273 tertium
635 2232 804 2289 genus
823 2229 878 2272 et
898 2217 1175 2273 hominum
1198 2226 1254 2274 et
1275 2220 1608 2291 angelorum,
1635 2225 1798 2294 quod,

199 2309 345 2378 quia
374 2323 477 2364 nec
522 2308 725 2364 bonum
756 2321 856 2362 nec
895 2307 1095 2362 malum
1142 2309 1232 2374 sit,
1275 2311 1800 2380 praedestinatorum

199 2413 505 2453 numerum
544 2399 779 2454 excedit.
813 2396 965 2465 Quod
995 2398 1040 2454 si
1087 2399 1558 2458 mendosissimum
1583 2415 1686 2471 est,
1715 2422 1801 2461 re-

198 2489 539 2559 linquuntur
575 2489 682 2542 duo
711 2496 920 2542 tantum
963 2502 1163 2558 genera
1192 2503 1314 2546 esse
1339 2500 1394 2546 et
1439 2491 1719 2549 hominum
1745 2505 1800 2551 et

201 2581 553 2653 angelorum.
580 2580 672 2636 Sic
703 2580 847 2636 enim
882 2581 1022 2636 ratio
1050 2581 1261 2647 dividit,
1297 2584 1476 2639 omnis
1503 2585 1665 2642 homo
1707 2597 1800 2642 aut

199 2675 388 2730 bonus
414 2683 506 2728 aut
526 2672 700 2728 malus
721 2680 834 2738 est;
865 2673 1116 2728 similiter
1143 2674 1209 2729 de
1234 2676 1444 2747 angelo.

278 2762 346 2816 11.
377 2761 436 2817 Si
467 2763 630 2833 igitur
664 2761 1108 2832 praedestinatio,
1141 2772 1202 2819 ut
1227 2765 1428 2823 dictum
1451 2776 1556 2834 est,
1598 2769 1798 2825 divide-

198 2863 365 2909 retur
391 2854 450 2908 in
481 2853 614 2908 duas
635 2852 843 2924 species
865 2861 960 2908 aut
979 2865 1183 2924 partes,
1215 2870 1443 2925 quarum
1470 2874 1575 2913 una
1601 2861 1792 2929 bonos,

203 2945 384 3001 altera
410 2943 579 3000 malos
601 2944 920 3012 includeret,
945 2946 1067 3015 quis
1086 2955 1241 3002 extra
1268 2950 1791 3018 praedestinatorum

1907 1853 2140 1910 stinatus
2175 1864 2277 1921 est,
2318 1857 2389 1911 ita
2423 1859 2600 1915 omnis
2651 1860 2814 1916 homo
2841 1865 3276 1933 praedestinatu’s
3305 1867 3486 1936 justus

1905 1951 2006 1999 est.
2039 1944 2216 2002 Simili
2247 1951 2406 2006 modo
2449 1951 2554 2006 duo
2586 1953 2910 2010 universalia
2940 1958 3188 2028 negativa
3212 1961 3316 2015 sibi
3344 1961 3485 2016 invi-

1903 2049 2022 2092 cem
2051 2039 2414 2095 consentiunt.
2442 2041 2904 2108 Quemadmodum
2933 2049 3076 2102 enim
3113 2050 3291 2106 omnis
3325 2052 3486 2107 homo

1903 2127 2136 2198 injustus
2159 2132 2593 2199 praedestinatus
2621 2150 2728 2189 non
2753 2145 2858 2202 est,
2891 2137 2962 2191 ita
2988 2141 3166 2194 omnis
3187 2141 3348 2196 homo
3375 2159 3479 2197 non

1900 2219 2340 2288 praedestinatus
2367 2221 2598 2290 injustus
2637 2232 2739 2279 est.
2767 2225 2921 2291 Item,
2949 2237 3009 2281 ut
3033 2228 3213 2284 verbis
3265 2240 3484 2285 utamur

1901 2311 2069 2381 ipsius
2097 2313 2405 2382 Augustini.
2429 2317 2608 2371 omnis
2631 2317 2791 2372 homo
2813 2329 2906 2372 aut
2932 2320 2998 2373 ad
3027 2335 3308 2376 numerum
3331 2338 3486 2392 prae—

1899 2399 2292 2455 destinatorum
2341 2404 2594 2472 pertinet,
2644 2415 2738 2460 aut
2781 2423 2886 2462 non
2935 2410 3187 2478 pertinet.
3227 2410 3480 2467 Omnium

1900 2500 2081 2546 autem
2134 2492 2409 2548 hominum
2441 2494 2547 2548 duo
2575 2491 2773 2565 genera
2811 2493 2951 2563 esse,
3001 2500 3122 2568 quis
3156 2502 3481 2572 sapientium

1897 2580 2128 2648 dubitat,
2160 2582 2286 2637 dum
2312 2585 2518 2640 veritas
2562 2586 2679 2641 sine
2711 2587 2948 2658 caligine
2973 2591 3192 2657 clamet,
3223 2609 3328 2649 non
3363 2609 3483 2648 esse

1897 2672 2114 2727 humani
2140 2676 2352 2745 generis
2393 2676 2495 2730 nisi
2523 2676 2656 2732 duos
2687 2677 2840 2743 ﬁnes,
2875 2695 3040 2736 unum
3068 2683 3284 2751 quidem
3312 2687 3480 2754 perti-

1895 2765 2138 2816 nentium
2194 2764 2260 2817 ad
2311 2765 2634 2835 supplicium
2687 2776 3005 2835 aeternum,
3061 2772 3294 2829 alterum
3349 2790 3480 2829 vero

1895 2849 2190 2906 {ruentium
2216 2853 2325 2907 vita
2359 2855 2615 2908 aeterna?
2652 2856 2765 2911 Duo
2794 2856 2975 2926 itaque
3006 2869 3130 2914 sunt
3157 2863 3258 2916 sibi
3289 2863 3480 2919 adver-

1894 2943 2092 3007 santia,
2108 2945 2216 2997 vita
2240 2953 2483 3010 aeterna,
2511 2953 2563 3000 et
2581 2946 2900 3017 supplicium
2922 2957 3224 3006 aeternum.
3248 2953 3480 3010 Proinde

202 3051 499 3092 numerum
541 3035 769 3107 reperiri
795 3037 1113 3106 posset?Et
1139 3038 1287 3094 sisic
1327 3048 1490 3106 esset,
1523 3031 1792 3112 quomodo
1835 3109 1862 3112 ξ
1891 3035 2279 3104 pertinentium
2324 3038 2392 3090 ad
2445 3053 2729 3092 numerum
2775 3041 3306 3109 praedestinatorum
3355 3044 3477 3099 finis

203 3129 520 3197 praedictus
536 3136 726 3184 auctor
745 3127 1139 3198 pronuntiaret,
1158 3131 1248 3200 qui
1261 3133 1462 3187 cadunt
1477 3109 1788 3204 etpereunt,

1895 3132 1980 3177 est
2005 3126 2112 3178 vita
2135 3133 2377 3189 aeterna,
2401 3140 2504 3180 non
2529 3127 2911 3197 pertinentium
2942 3145 3069 3185 vero
3091 3133 3158 3187 ad
3184 3148 3472 3188 numerum

203 3221 260 3275 in
285 3221 811 3290 praedestinatorum
842 3235 1066 3276 numero
1089 3237 1194 3277 non
1224 3222 1461 3279 fuerunt.
1496 3224 1612 3281 Non
1646 3228 1790 3283 enim

201 3314 302 3377 ait,
338 3313 394 3367 iu
421 3312 940 3383 praedestinatorum
984 3314 1052 3369 ad
1085 3314 1252 3369 vitam
1279 3331 1504 3374 numero
1540 3333 1644 3372 non
1670 3319 1792 3374 fue-

202 3410 356 3466 runt,
390 3401 485 3456 sed
498 3401 760 3468 absolute,
781 3403 865 3458 «in
885 3403 1412 3473 praedestinatorum
1436 3423 1663 3465 numero
1684 3426 1790 3466 non

204 3494 431 3548 fuerunt
453 3512 498 3548 ι.
525 3493 582 3548 Si
625 3509 754 3565 ergo
785 3497 839 3550 in
875 3511 1101 3551 numero
1128 3497 1647 3567 praedestinatorum
1683 3518 1790 3557 non

206 3583 452 3650 fuerunt,
481 3593 629 3639 extra
653 3599 840 3640 eorum
871 3602 1155 3642 numerum
1199 3587 1436 3644 fuerunt.
1467 3591 1585 3658 Quo
1625 3595 1794 3649 conﬁé

203 3673 375 3738 citur,
419 3674 670 3744 cadentes
727 3683 782 3729 et
840 3684 1130 3744 pereuntes
1175 3693 1282 3733 non
1346 3693 1468 3735 esse
1521 3681 1792 3738 ullomodo

202 3766 660 3835 praedestinatos.
721 3766 874 3835 Quod
935 3770 1278 3840 apertissime
1331 3773 1385 3828 in
1443 3775 1791 3845 sequentibus

205 3857 476 3926 aperitur,
516 3857 608 3912 ubi
644 3858 719 3912 ait
753 3873 768 3912 :
805 3878 823 3910 ι
853 3857 1147 3915 Pastoralis
1183 3862 1481 3918 necessitas
1509 3864 1690 3930 habet,
1722 3882 1791 3922 ne

205 3966 304 4020 per
335 3949 518 4019 plures
545 3952 906 4021 serpantdira
934 3954 1207 4025 contagia,
1229 3969 1483 4025 separare
1512 3957 1580 4011 ab
1599 3957 1790 4014 ovibus

205 4042 362 4096 sanis
401 4043 724 4110 morbidam,
758 4043 826 4098 ab
870 4045 980 4112 illo,
1005 4049 1091 4101 cui
1121 4047 1257 4102 nihil
1295 4057 1380 4103 est
1433 4049 1786 4119 impossibile,

206 4134 326 4204 ipsa
394 4133 617 4190 forsitan
678 4138 1015 4207 separatione
1089 4140 1408 4194 sanandam.
1479 4140 1793 4198 Nescientes

205 4223 380 4289 enim,
406 4225 528 4294 quis
553 4226 818 4296 pertineat
838 4229 904 4282 ad
932 4229 1450 4297 praedestinatorum
1482 4246 1788 4298 numerum,

206 4313 338 4382 quis
370 4327 479 4368 non
513 4315 812 4383 pertineat,
847 4315 927 4371 sic
969 4315 1106 4371 allici
1138 4317 1442 4390 [debemus]
1471 4318 1492 4350 ³
1544 4321 1792 4378 caritatis

208 4403 503 4470 afl'eclu,ut
527 4419 716 4460 omnes
731 4405 956 4462 velimus
995 4407 1173 4463 salvos
1211 4408 1331 4464 ﬁeri
1355 4410 1384 4449 δ
1415 4429 1460 4462 ι.
1506 4428 1526 4462 ‹
1554 4409 1788 4467 Proinde

1891 3213 2417 3280 praedestinatorum
2479 3215 2603 3272 ﬁnis
2656 3228 2742 3274 est
2795 3220 3115 3290 supplicium
3168 3233 3472 3278 aeternum.

1893 3302 2000 3357 Sed
2054 3305 2310 3374 quoniam
2362 3307 2732 3376 promisimus,
2789 3326 2888 3366 nos
2935 3312 3243 3367 testimonia
3299 3316 3472 3370 sancti

1890 3391 2177 3464 Augustini
2204 3395 2546 3462 collecturos,
2572 3399 2774 3468 placuit
2809 3415 2871 3455 ea
2917 3410 3124 3456 tantum
3171 3418 3474 3469 assumere,

1892 3485 2088 3552 quibus
2116 3485 2233 3541 luce
2255 3488 2458 3543 clarius
2502 3491 2821 3559 perhibetur
2841 3491 3022 3546 divina
3049 3495 3476 3562 praedestinatio

1893 3589 1998 3629 non
2023 3576 2127 3631 nisi
2156 3577 2222 3630 ad
2252 3581 2720 3649 praeparationem
2749 3582 3010 3637 donorum
3041 3583 3160 3648 Dei,
3197 3601 3334 3654 quae
3365 3588 3476 3642 suis

1891 3665 2076 3721 electis
2105 3667 2425 3739 largiturus,
2456 3671 2749 3740 pertinere,
2777 3688 2842 3727 ac
2875 3689 2973 3743 per
3002 3675 3104 3729 hoc
3127 3676 3193 3728 ad
3227 3692 3311 3742 ea,
3337 3693 3476 3746 quae

1893 3775 1998 3814 non
2054 3761 2122 3814 ad
2175 3760 2292 3830 ejus
2339 3763 2478 3819 dona
2535 3749 3062 3831 misericordissima,
3111 3769 3204 3824 sed
3245 3769 3312 3823 ad
3360 3770 3477 3840 ejus

1887 3846 2088 3916 judicia
2106 3850 2408 3918 justissima
2431 3853 2925 3924 occultissimaque,
2950 3857 3096 3911 nullo
3123 3858 3283 3912 modo
3307 3861 3478 3928 reSpi-

1893 3955 2038 3996 cere.
2070 3941 2348 4008 Quamvis,
2381 3951 2440 3996 ut
2465 3958 2627 4012 saepe
2661 3945 2885 4010 dictum,
2915 3947 3261 4001 inveniantur
3289 3959 3475 4004 aucto—

1892 4048 1982 4088 res
2017 4043 2172 4103 tropo
2211 4034 2301 4089 illo
2340 4033 2501 4089 solito
2547 4037 2950 4092 contrarietatis
2995 4039 3280 4094 enuntiare
3318 4057 3474 4110 prae-

1893 4123 2190 4181 destinatos
2245 4127 2312 4180 ad
2347 4141 2572 4196 poenas.
2618 4127 2676 4182 In
2724 4129 2863 4184 libro
2911 4130 2978 4184 de
3032 4131 3184 4186 Dono
3225 4148 3475 4202 perseve-

1893 4219 2100 4274 rantiae
2131 4237 2144 4272 :
2172 4238 2190 4271 α
2220 4219 2298 4273 Ex
2323 4220 2532 4275 duobus
2559 4219 2800 4290 parvulis
2828 4240 2847 4273 ι
2869 4261 2884 4286 ,
2915 4221 3126 4292 inquit,
3165 4242 3183 4275 ε
3216 4224 3470 4294 originali

1891 4317 2117 4380 peccato
2158 4310 2364 4380 pariter
2396 4309 2695 4375 obstrictis,
2732 4324 2828 4366 cur
2873 4311 2976 4366 iste
3017 4312 3355 4379 adsumatur,
3382 4314 3472 4368 ille

1893 4399 2248 4470 relinquatur,
2305 4408 2360 4454 et
2409 4413 2478 4455 ex
2527 4400 2737 4456 duobus
2791 4409 2969 4456 aetate
3011 4400 3122 4469 jam
3177 4405 3473 4474 grandibus

205 4503 473 4565 quantum
500 4495 566 4549 ad
593 4511 692 4551 nos
729 4498 982 4566 pertinet,
1015 4499 1104 4568 qui
1152 4499 1580 4568 praedestinatos
1616 4518 1646 4557 a
1678 4518 1786 4558 non

1894 4491 2075 4561 impiis
2105 4506 2203 4545 cur
2231 4491 2333 4546 iste
2359 4491 2432 4545 ita
2473 4500 2720 4556 vocetur,
2750 4500 2813 4546 ut
2859 4502 3144 4547 vocantem
3187 4504 3468 4564 sequatur,

205 4585 624 4655 praedestinatis
674 4588 980 4645 discernere
1025 4605 1130 4645 non
1182 4591 1443 4656 valemus,
1489 4603 1543 4650 et
1589 4595 1657 4650 ob
1686 4595 1788 4652 hoc

204 4692 396 4732 omnes
443 4678 620 4733 salvos
674 4677 788 4733 fieri
846 4679 983 4734 velle
1046 4681 1326 4748 debemus,
1383 4683 1665 4750 omnibus,
1719 4701 1789 4741 ne

205 4776 456 4836 pereant,
480 4768 566 4824 vel
597 4784 662 4823 ne
682 4769 815 4829 alios
842 4771 1095 4840 perdant,
1120 4772 1425 4827 adhibenda
1457 4781 1541 4828 est
1572 4789 1602 4828 a
1633 4775 1788 4830 nobis

206 4860 605 4915 mediciualiter
631 4876 817 4916 severa
844 4864 1136 4932 correptio.
1171 4863 1267 4917 Dei
1312 4870 1397 4918 est
1442 4872 1645 4927 autem,
1677 4865 1787 4921 illis

206 4962 328 5002 eam
372 4947 551 5004 facere
593 4950 796 5012 utilem,
827 4952 952 5019 quia
977 4951 997 4982 ⁸
1048 4951 1162 5020 ipse
1199 4951 1494 5022 praescivit
1537 4962 1592 5007 et
1637 4968 1793 5022 prae-

208 5038 822 5095 destinavitconformes
846 5041 1095 5112 imaginis
1133 5041 1230 5096 ﬁlii
1265 5041 1348 5096 sui
1374 5053 1396 5081 ο
1421 5061 1466 5095 ι.

278 5130 364 5186 III.
397 5131 497 5187 Ubi
529 5133 688 5187 datur
717 5132 943 5203 intelligi
987 5132 1149 5190 totius
1178 5132 1458 5210 rationalis
1501 5142 1788 5190 creaturae

1891 4583 1980 4639 ille
2025 4591 2206 4638 autem
2253 4591 2346 4638 aut
2375 4598 2482 4638 non
2526 4593 2770 4649 vocetur,
2804 4593 2897 4638 aut
2944 4600 3052 4639 non
3099 4585 3171 4639 ita
3223 4594 3469 4653 vocetur,

1892 4673 1975 4747 [ut
1996 4683 2276 4728 vocantem
2305 4672 2582 4746 sequatur]
2613 4675 2662 4737 ⁸,
2718 4674 3089 4729 iuserutabilia
3117 4678 3243 4728 Sunt
3265 4673 3468 4743 judicia

1889 4769 2004 4824 Dei.
2035 4766 2114 4822 Ex
2160 4767 2368 4822 duobus
2391 4774 2570 4822 autem
2605 4765 2708 4836 piis
2735 4781 2834 4822 cur
2861 4765 2988 4822 huic
3029 4767 3259 4822 donetur
3283 4783 3471 4837 perse-

1887 4859 2128 4916 verantia
2158 4873 2331 4928 usque
2359 4858 2413 4912 in
2439 4857 2621 4925 linem,
2640 4858 2713 4914 illi
2746 4874 2853 4913 non
2886 4859 3044 4914 detur
3070 4859 3112 4923 ",
3143 4859 3468 4913 inscrutalii-

1889 4951 2024 5006 liora
2067 4958 2194 5004 sunt
2226 4947 2430 5016 judicia
2459 4947 2575 5002 Dei.
2610 4947 2742 5002 Illud
2789 4955 2969 5002 tamen
3018 4946 3264 5002 fidelibus
3305 4947 3466 5002 debet

1887 5057 2008 5098 esse
2034 5041 2424 5105 certissimum,
2451 5040 2595 5094 hunc
2623 5055 2743 5095 esse
2765 5055 2830 5095 ex
2855 5039 3289 5110 praedestinatis,
3315 5038 3463 5092 illum

1886 5148 1992 5187 non
2020 5130 2180 5187 cssed
2203 5151 2247 5185 ι.
2278 5129 2336 5184 ln
2366 5131 2591 5186 eodem:
2623 5149 2642 5184 ι
2676 5131 2759 5185 Αη
2788 5131 3077 5202 quisquam
3096 5131 3277 5186 dicere
3302 5128 3470 5184 aude-

1487 5243 1742 5300 VARIAE
1779 5242 2180 5302 LECTIONES.

284 5331 300 5362 ⁸
328 5330 401 5385 al.
447 5332 596 5401 facit.
671 5334 692 5366 '
715 5334 870 5399 Cod.,
908 5335 978 5389 Μ.
1023 5336 1146 5389 sive.
1223 5335 1512 5402 {debemus
1559 5352 1669 5391 om.
1697 5337 1843 5400 cod.,
1868 5335 1987 5391 add.
2024 5335 2093 5388 Μ.
2170 5333 2192 5365 ⁸
2221 5332 2312 5388 8ιο
2338 5333 2484 5400 cod.,
2517 5331 2584 5387 M.
2613 5349 2762 5400 quos.
2836 5331 2973 5386 'Sic
3003 5331 3100 5397 Μ..
3134 5331 3253 5387 cod.
3289 5327 3412 5384 Und

210 5401 230 5433 ⁸
251 5411 307 5455 ut
333 5414 599 5458 vocantem
628 5416 877 5474 sequatur
900 5421 1008 5460 om.
1046 5405 1190 5472 cod.,
1213 5401 1335 5461 add.
1370 5405 1439 5459 M.
1514 5407 1534 5438 ⁷
1561 5406 1632 5461 al.
1666 5407 1745 5461 illi
1774 5417 1948 5461 autent
1974 5422 2077 5460 non
2106 5405 2347 5459 donetur.

1736 5515 1984 5574 NOTAE.

282 5620 304 5647 α
339 5607 622 5676 Augustin.
654 5607 717 5661 de
743 5608 978 5678 Corrept.
1009 5620 1054 5664 et
1080 5607 1230 5666 Crat.
1257 5626 1306 5667 c.
1335 5609 1420 5665 12.

281 5677 306 5716 ιι
330 5678 615 5745 Augustin.
647 5679 772 5733 ibid.
805 5695 853 5734 c.
889 5679 974 5732 15.

1965 5620 1987 5647 ο
2016 5607 2297 5677 Augustin.
2323 5607 2445 5677 ibid.
2480 5623 2528 5660 c.
2563 5606 2648 5660 I6.

1963 5677 1988 5717 ἀ
2019 5670 2304 5751 Augustin.
2329 5679 2391 5734 de
2417 5676 2564 5732 Dono
2589 5674 2996 5746 perseverantiae
3018 5688 3066 5729 c.
3091 5670 3145 5727 8.
