4028 6280
564 322 663 376 vlli

1933 309 2049 367 10A
2059 307 2213 364 NNlS
2253 308 2448 379 SCOTI

3697 311 3826 368 ΗΞ

563 434 664 496 bit,
696 432 862 487 Deum
893 443 998 485 non
1037 428 1378 500 praesciisse,
1409 426 1605 496 quibus
1631 432 1773 480 esset
1797 424 2044 488 daturus,
2073 431 2132 476 ιιι
2160 428 2206 481 Α
2235 419 2467 474 fatemur
2485 419 2512 459 (ι
2535 439 2583 473 ι.
2607 437 2625 471 ι
2646 419 2899 475 'l‘enenda
2917 429 3002 476 est
3023 419 3188 488 igitur
3209 419 3563 480 inconcussae
3579 423 3624 456 ¹⁶
3647 423 3828 495 hujus

562 523 866 585 crederent,
901 527 996 573 aut
1014 533 1150 588 quos
1176 519 1402 573 daturus
1423 524 1566 572 esset
1590 515 1700 568 ﬁlio
1718 528 1838 578 suo,
1863 522 1924 568 ut
1952 527 2019 566 ex
2055 511 2133 566 eis

562 629 668 669 non
695 613 946 683 perderet
987 624 1314 680 quemquam
1342 609 1365 662 ’ἰ
1421 609 1569 674 Quae
1613 607 1800 674 utique
1827 605 1872 659 si
1899 603 2133 672 praesci-

559 706 659 768 vit,
707 701 951 773 profecto
1005 699 1266 755 beneﬁcia
1321 713 1439 761 sua,
1485 697 1680 767 quibus
1738 709 1839 750 nos
1881 694 2135 763 dignatur

561 797 812 857 liberare,
855 792 1164 862 praescivit.
1197 789 1342 844 Haec
1365 798 1449 843 est
1471 786 1894 858 praedestinatio
1916 792 2134 838 sancto-

558 901 704 948 rum,
737 892 791 938 et
817 882 952 936 nihil
981 880 1127 934 aliud
1158 880 1210 942 ¹;
1267 876 1625 948 praescientia
1647 875 1855 930 scilicet
1885 883 1940 928 et
1972 886 2135 942 prae-

560 975 772 1048 paratio
796 973 1180 1028 beneﬁciorum
1205 971 1319 1032 Dei,
1351 970 1548 1038 quibus
1574 966 1880 1022 certissime
1899 965 2136 1018 liberan-

562 1077 673 1130 tur,
709 1065 1020 1135 quicunque
1068 1062 1385 1115 liberantur.
1448 1058 1625 1114 Ceteri
1676 1066 1878 1120 autem,
1909 1054 1999 1109 ubi
2031 1053 2134 1108 nisi

562 1161 617 1216 in
647 1173 827 1214 massa
854 1155 1174 1226 perditionis
1191 1153 1340 1224 justo
1384 1151 1567 1206 divino
1588 1149 1792 1218 judicio
1822 1147 2137 1216 relinquun-

561 1260 671 1314 tur,
695 1248 785 1304 ubi
810 1246 958 1318 Tyrii
985 1245 1154 1299 relicti
1175 1253 1298 1298 sunt
1323 1249 1378 1296 et
1422 1241 1662 1312 Sydonii,
1698 1239 1788 1309 qui
1831 1239 1994 1294 etiam
2024 1251 2138 1292 cre-

564 1341 695 1395 dere
721 1345 1010 1409 potuerant
1035 1336 1140 1402 ‘,si
1169 1336 1303 1389 mira
1333 1333 1420 1388 illa
1449 1332 1646 1386 Christi
1671 1329 1825 1400 signa
1848 1327 2136 1383 vidissent?

562 1433 674 1488 Sed
721 1430 995 1501 quoniam,
1027 1437 1087 1482 ut
1111 1427 1414 1491 crederent,
1446 1440 1549 1480 non
1585 1423 1665 1477 eis
1717 1422 1737 1454 ³
1779 1428 1900 1476 erat
1924 1421 2130 1483 datum,

556 1522 724 1575 etiam
755 1519 896 1574 unde
921 1518 1227 1580 crederent,
1246 1524 1330 1570 est
1356 1522 1628 1584 negatum.
1657 1513 1732 1566 Ex
1759 1527 1864 1580 quo
1889 1519 2132 1579 apparet,

559 1611 766 1666 habere
787 1606 1046 1678 quosdam
1074 1607 1130 1660 in
1160 1607 1277 1675 ipso
1307 1604 1522 1674 ingenio
1549 1601 1787 1657 divinum
1818 1600 2137 1654 naturaliter

557 1715 755 1755 munus
804 1697 1210 1768 intelligentiae,
1249 1711 1355 1764 quo
1402 1701 1723 1748 moveantur
1769 1691 1836 1746 ad
1876 1692 2056 1754 Iidem,
2089 1689 2134 1744 si

2238 509 2617 580 disputationis
2645 511 3009 580 regula,quae
3033 512 3566 571 divinistestimoniis
3591 516 3827 582 claruit,

2235 609 2551 668 peccatores
2579 601 2633 656 in
2667 601 2818 656 malis
2855 603 3086 672 pr0priis
3117 619 3239 659 esse
3264 606 3306 636 “
3337 606 3390 660 in
3425 607 3628 664 mundo
3655 625 3831 679 prae-

2235 691 2400 747 seitos
2426 699 2652 758 tantum,
2683 708 2790 747 non
2816 693 3272 762 praedestinatos;
3305 710 3533 763 poenam
3559 709 3741 754 autem
3771 701 3831 732 υ

2235 784 2716 852 praedestinatam,
2744 785 3038 840 secundum
3065 785 3207 854 quod
3235 788 3495 856 praesciti
3525 798 3654 844 sunt
3686 802 3770 844 ei.

2311 873 2375 928 ν.
2415 872 2510 928 His
2538 882 2593 928 et
2627 873 2930 944 hujusmodi
2966 877 3294 931 sanctissimi
3330 878 3504 948 patris
3527 879 3828 949 Augustini

2235 964 2563 1020 dictionibus
2588 966 2744 1030 satis,
2775 976 2836 1022 ut
2861 967 3073 1036 opinor,
3105 969 3194 1039 pie
3217 972 3566 1028 credentibus
3594 988 3834 1042 persua-

2236 1053 2349 1108 deri
2377 1061 2568 1122 potest,
2618 1055 2759 1124 quod
2789 1071 2914 1110 vera
2946 1058 3085 1112 ratio
3107 1060 3474 1125 commendat,
3523 1062 3694 1117 Deum
3730 1065 3833 1118 vi-

2235 1142 2430 1206 delicet
2467 1141 2534 1196 ad
2569 1143 2612 1174 ί³
2642 1157 2870 1212 poenam
2899 1145 3045 1201 nullo
3081 1148 3240 1202 modo
3269 1159 3560 1218 peccantes
3585 1154 3831 1220 praede-

2236 1235 2507 1301 stinasse,
2538 1235 2633 1290 sed
2661 1236 2774 1292 suis
2802 1238 3014 1293 meritis
3047 1241 3309 1310 supplicia
3341 1243 3609 1312 condigna
3655 1259 3832 1313 prae-

2234 1327 2505 1382 destinata
2527 1328 2608 1382 eis
2630 1329 2698 1384 ab
2719 1344 2784 1384 eo
2804 1344 2944 1384 esse.
2965 1329 3118 1397 Quod
3145 1333 3307 1387 etiam
3334 1332 3544 1404 legibus
3565 1337 3833 1392 humanis

2234 1435 2519 1489 possumus
2548 1420 2837 1491 conjicere.
2862 1421 3018 1476 Nulla
3053 1422 3195 1476 enim
3228 1426 3547 1494 temporalia
3573 1426 3696 1495 jura
3725 1429 3834 1482 bo-

2235 1511 2437 1567 minem
2463 1511 2730 1567 deﬁniunt
2752 1513 2819 1568 ad
2855 1517 3219 1583 peccandum;
3249 1531 3452 1586 poenas
3484 1527 3668 1573 autem
3693 1534 3834 1588 pec-

2239 1603 2446 1659 caturis
2494 1603 2797 1659 deﬁniendo
2849 1604 2984 1659 nihil
3035 1605 3181 1660 aliud
3232 1607 3486 1662 videntur
3535 1619 3831 1680 appetere,

2236 1707 2398 1762 quam
2433 1707 2634 1762 pronos
2657 1695 2725 1749 ad
2754 1696 3086 1765 peccandum
3114 1697 3498 1767 suppliciorum
3528 1703 3834 1756 atrocitate

557 1812 796 1868 congrua
824 1795 936 1851 suis
961 1793 1233 1850 mentibus
1261 1790 1345 1844 vel
1391 1790 1612 1843 audiant
1641 1788 1826 1850 verba,
1847 1785 1935 1840 vel
1979 1785 2131 1854 signa
2162 1776 2207 1836 Β
2236 1784 2458 1838 territos
2487 1785 2772 1851 cohibere,
2809 1802 2874 1841 ac
2914 1802 3012 1857 per
3036 1789 3141 1843 hoc
3168 1805 3273 1844 non
3303 1791 3483 1846 minus
3507 1793 3838 1848 misericor-

554 1888 913 1959 conspiciant,
942 1894 998 1941 et
1027 1893 1204 1940 tamen
1233 1881 1278 1937 si
1331 1880 1424 1936 Dei
1466 1879 1655 1933 altiore
1676 1878 1697 1910 ⁸
1719 1877 1924 1947 judicio
1952 1891 1981 1929 a
2009 1889 2132 1944 per-

557 1981 783 2036 ditionis
825 1992 1004 2032 massa
1064 1989 1170 2028 non
1219 1979 1346 2026 sunt
1384 1970 1590 2041 gratiae
1638 1965 2132 2037 praedestinatioue

557 2070 802 2135 discreti,
833 2084 934 2122 nec
975 2067 1092 2136 ipsa
1135 2064 1216 2119 eis
1245 2062 1570 2116 adhibentur
1610 2059 1695 2114 vel
1737 2058 1878 2113 dicta
1923 2057 2128 2120 divina,

553 2162 640 2218 vel
665 2161 828 2224 facta,
853 2173 948 2228 per
971 2169 1108 2224 quae
1129 2154 1336 2224 possint
1357 2152 1578 2206 credere
1606 2161 1632 2190 α
1659 2168 1707 2203 ι.
1732 2149 1798 2202 Et
1817 2146 1976 2216 paulo
2003 2154 2130 2200 ante

559 2254 721 2309 ﬁnem
747 2248 985 2320 ejusdem
1012 2265 1024 2299 :
1056 2265 1074 2297 ι
1099 2244 1310 2298 Nullum
1332 2251 1414 2298 est
1434 2261 1481 2307 ι,
1515 2242 1756 2310 inquam,
1787 2238 2089 2292 «illustrius
2109 2236 2132 2267 ⁸

555 2336 1069 2412 praedestinationis
1111 2333 1437 2404 exemplum,
1479 2347 1640 2400 quam
1682 2331 1794 2400 ipse
1842 2329 2128 2383 mediator.

559 2430 817 2501 Quisquis
857 2427 1031 2482 fidelis
1058 2425 1172 2479 vult
1197 2439 1318 2479 eam
1349 2423 1487 2476 bene
1526 2421 1845 2487 intelligere,
1888 2418 2132 2472 attendat

557 2524 755 2594 ipsum,
787 2529 949 2588 atque
972 2518 1024 2571 in
1066 2515 1155 2570 illo
1194 2514 1431 2568 inveniat
1479 2520 1534 2566 et
1579 2511 1810 2580 seipsum
1842 2509 1870 2550 ι)
1901 2528 1946 2575 ι,
1975 2523 2132 2578 prae-

555 2613 702 2668 clare
723 2609 1047 2665 concludens
1083 2620 1272 2660 omnes
1317 2602 1748 2674 praedestinatos
1792 2602 1846 2654 in
1886 2600 2126 2666 Christo,

555 2711 710 2758 extra
742 2713 922 2770 quem,
951 2697 1196 2766 quisquis
1224 2703 1328 2759 est,
1354 2692 1786 2763 praedestinatus
1815 2706 1923 2746 non
1951 2699 2055 2745 est.

624 2793 715 2847 1V.
749 2789 904 2858 Quod
931 2798 1109 2843 autem
1141 2787 1282 2840 Deus
1309 2785 1578 2839 neminem
1607 2784 2030 2853 praedestinavit
2059 2781 2128 2837 ad

553 2898 806 2955 poenam,
829 2894 1056 2950 poenam
1090 2892 1215 2932 vero
1244 2891 1596 2946 praeparasse
1621 2915 1636 2940 ,
1676 2876 1781 2930 hoc
1819 2883 1934 2941 est,
1972 2889 2130 2945 prae-

556 2973 858 3028 destinasse
896 2969 1088 3024 merito
1141 2968 1500 3032 damnandis,
1551 2965 1745 3021 talibus
1804 2965 1922 3035 ejus
1974 2966 2134 3021 dictis

556 3063 889 3120 lucidissime
927 3060 1258 3115 declaratur.
1289 3060 1378 3113 Ait
1408 3058 1551 3112 enim
1574 3097 1589 3122 ,
1622 3076 1642 3110 ε
1673 3057 1800 3127 quia
1846 3057 2030 3128 justus
2077 3065 2132 3112 et

555 3157 865 3212 misericors
903 3155 1064 3218 Deus,
1105 3153 1490 3223 praesciusque
1533 3151 1872 3216 futurorum,
1921 3166 1988 3205 ex
2028 3151 2130 3206 hac

557 3247 846 3304 damnabili
893 3261 1073 3301 massa
1105 3261 1208 3300 non
1236 3259 1587 3313 personarum
1633 3242 1943 3311 acceptione
1971 3281 1986 3306 ,
2036 3242 2130 3296 sed

551 3339 756 3409 judicio
773 3336 1058 3404 aequitatis
1074 3349 1202 3388 suae
1224 3332 1706 3403 irreprehensibili,
1723 3347 1859 3401 quos
1876 3331 2127 3402 praescit,

557 3429 928 3485 misericordia
955 3427 1188 3498 gratuita
1213 3433 1521 3496 praeparat,
1551 3425 1604 3480 id
1629 3434 1730 3489 est,
1760 3425 2132 3494 praedestinat

555 3521 624 3574 ad
659 3530 933 3574 aeternam
968 3518 1131 3571 vitam
1153 3558 1168 3582 ,
1202 3526 1412 3571 ceteros
1455 3525 1632 3571 autem
1663 3529 1859 3586 poena,
1888 3524 1947 3569 ut
1974 3530 2133 3586 prae-

556 3610 710 3676 dixi,
748 3611 924 3665 debita
964 3609 1135 3677 punit.
1198 3607 1343 3673 Quos
1394 3607 1512 3662 ideo
1552 3607 1738 3677 punit,
1787 3608 1913 3677 quia
1943 3646 1958 3673 ,
2001 3608 2130 3678 quid

556 3709 739 3758 essent
774 3701 961 3763 futuri,
992 3699 1297 3770 praescivit,
1335 3714 1441 3753 non
1479 3707 1656 3754 tamen
1685 3699 1984 3769 puniendos
2016 3700 2131 3770 ipse

556 3795 720 3859 fecit,
765 3793 847 3848 vel
900 3791 1354 3863 praedestinavit,
1409 3791 1502 3846 sed
1535 3799 1775 3857 tantum,
1814 3799 1872 3846 ut
1910 3791 2044 3856 dixi,
2075 3792 2129 3846 in

556 3884 846 3940 damnabili
877 3897 1053 3937 massa
1071 3881 1358 3952 praeseivit
1385 3891 1406 3920 ο
1435 3899 1510 3935 »Α
1537 3881 1778 3936 Diximus
1803 3896 2036 3952 namque
2063 3881 2131 3937 de

557 3974 850 4030 damnabili
901 3973 1120 4028 humani
1157 3971 1371 4042 generis
1423 3986 1602 4026 massa
1643 3972 1811 4026 Deum
1859 3973 2131 4042 praescire

555 4065 946 4129 misericordia,
991 4080 1098 4118 non
1139 4062 1374 4126 meritis,
1407 4076 1544 4130 quos
1591 4060 1870 4116 electionis
1907 4061 2080 4132 gratia
2109 4062 2130 4092 °

551 4157 981 4226 praedestinavit
1026 4155 1093 4210 ad
1125 4156 1312 4216 vitam,
1366 4160 1576 4208 ceteros
1606 4168 1735 4208 vero
1755 4191 1770 4217 ,
1800 4153 1891 4222 qui
1927 4151 2130 4221 judicio

547 4229 791 4312 justitiae
834 4244 950 4314 ejus
990 4243 1196 4314 gratiae
1227 4245 1247 4275 τ
1279 4241 1581 4297 eiIiciuntur
1632 4252 1880 4311 expertes
1906 4284 1920 4307 ,
1970 4257 2126 4313 prae-

553 4335 744 4391 seiisse
772 4342 981 4389 tantum
1011 4333 1143 4388 vitio
1169 4333 1387 4402 proprio
1413 4333 1702 4402 perituros,
1732 4347 1836 4386 non
1880 4340 1939 4386 ut
1983 4333 2126 4402 peri-

553 4434 676 4479 rent
711 4424 1145 4494 praedestinasse
1175 4441 1187 4476 :
1219 4424 1302 4476 bis
1338 4437 1468 4477 vero
1501 4423 1555 4486 ⁸,
1591 4423 1681 4491 qui
1727 4423 1916 4477 salutis
1967 4424 2122 4479 ﬁdezn

553 4515 1029 4584 autpraedicatam
1059 4514 1159 4568 sibi
1186 4515 1432 4583 accipere
1455 4513 1660 4578 nolunt,
1691 4523 1782 4567 aut
1811 4514 1921 4569 Deo
1943 4513 2124 4581 judice

553 4624 661 4664 non
709 4616 965 4676 possunt,
999 4607 1082 4662 vel
1113 4615 1331 4676 accepta
1384 4605 1521 4660 male
1570 4615 1812 4671 utuntur,
1845 4616 1898 4661 et
1924 4609 1991 4662 ob
2021 4608 2122 4662 hoc

555 4699 844 4752 traduntur
885 4699 939 4752 in
977 4697 1261 4768 reprobum
1292 4713 1540 4762 sensum,
1572 4706 1631 4752 ut
1667 4714 1774 4751 non
1813 4697 2010 4752 faciant
2035 4713 2118 4761 ea,

553 4803 692 4858 quae
711 4788 1043 4843 conveniunt
1070 4791 1114 4854 ⁸,
1151 4803 1377 4856 poenam
1393 4789 1846 4858 praedestinatam
1876 4804 1994 4844 esse
2020 4789 2120 4844 rite

2153 4467 2204 4526 D

2235 1875 2378 1939 dia’e,
2405 1889 2567 1943 quam
2597 1876 2870 1932 vindictae
2916 1881 3410 1949 transgressoribus
3439 1883 3554 1936 suis
3581 1882 3830 1940 edicere.

2233 1963 2518 2034 Nunquam
2550 1965 2694 2019 enim
2730 1967 3032 2036 respublica
3061 1968 3308 2025 homines
3345 1971 3590 2026 decrevit
3618 1987 3832 2042 pecca-

2232 2069 2326 2119 re;
2360 2055 2600 2110 decrevit
2628 2064 2810 2111 autem
2841 2072 2965 2112 reos
2983 2056 3127 2126 justa
3159 2075 3330 2130 poena
3348 2062 3644 2132 corrigere.
3662 2062 3833 2130 Quod

2233 2145 2279 2200 si
2318 2146 2392 2201 ita
2418 2156 2503 2202 est
2531 2147 2585 2201 in
2630 2147 2840 2218 legibus
2873 2151 3230 2205 mutabilitate
3279 2159 3581 2222 temporum
3614 2155 3833 2209 transi-

2235 2239 2408 2302 toriis,
2441 2239 2570 2308 'quid
2599 2241 2894 2307 putandum
2927 2242 3044 2297 ﬁeri
3074 2242 3127 2296 in
3155 2243 3396 2299 aeternis
3417 2245 3637 2315 pietatis
3653 2245 3835 2316 justi-

2237 2328 2448 2398 tiaeque
2471 2329 2791 2385 immutabili
2820 2330 3003 2400 vigore
3032 2330 3283 2388 refertis?

2743 2440 3140 2496 CAPlTUL‘UM
3181 2441 3298 2499 XV.

2239 2529 2358 2598 Quo
2396 2546 2578 2601 genere
2627 2529 2946 2604 laetitionum
2994 2533 3190 2586 dicitur
3223 2533 3481 2602 praescire
3524 2532 3665 2588 Deus
3696 2549 3835 2604 pec—

2305 2612 2444 2672 rata,
2477 2618 2596 2654 cum
2625 2602 2755 2654 nihil
2781 2612 2919 2664 sunt,
2954 2613 3044 2655 aut
3066 2605 3452 2670 praedestinare
3475 2620 3659 2659 eorum
3687 2602 3833 2672 sup-

2303 2671 2483 2741 plicia,
2514 2687 2650 2742 quae
2673 2672 2913 2725 similiter
2942 2671 3072 2726 nihil
3096 2683 3238 2725 sunt.

2310 2781 2352 2837 Ι.
2381 2782 2581 2853 Majore
2606 2791 2786 2837 autem
2823 2782 3255 2838 consideratione
3301 2783 3520 2853 indiget,
3550 2784 3702 2852 quod
3735 2785 3832 2838 di-

2233 2875 2361 2930 vina
2392 2876 2736 2945 humanaque
2769 2876 3014 2932 doctrina
3044 2877 3358 2946 saepissime
3381 2877 3530 2932 nobis
3551 2871 3831 2940 incuicat,

2237 2967 2408 3022 Deum
2437 2966 2689 3022 videlicet
2718 2975 2772 3020 et
2817 2967 3093 3036 praescire
3137 2978 3419 3022 creaturae
3463 2982 3592 3024 suae
3621 2968 3834 3022 illicita

2236 3068 2480 3130 peccata,
2531 3067 2588 3115 et
2627 3073 2814 3114 eorum
2853 3058 2999 3128 justa
3046 3049 3454 3129 praedestinare
3505 3058 3832 3128 supplicia,

2160 3118 2207 3180 Ο
2235 3118 2356 3207 eum
2391 3150 2528 3204 ratio
2558 3151 2906 3221 pronuntiare
2938 3118 3064 3205 που.
3084 3151 3312 3215 dubitet,
3343 3158 3557 3219 peccata
3585 3165 3834 3204 eorum—

2233 3255 2339 3311 que
2363 3240 2624 3310 supplicia
2653 3239 2787 3294 nihil
2815 3253 2955 3306 esse,
3003 3255 3069 3295 ac
3111 3255 3206 3310 per
3247 3241 3352 3296 hoc
3391 3256 3493 3297 nec
3522 3244 3831 3310 praesciri,

2231 3347 2332 3388 nec
2381 3331 2770 3402 praedestinari
2816 3346 2993 3400 posse.
3046 3331 3326 3399 Quomodo
3352 3333 3495 3387 enim
3524 3333 3606 3388 vel
3642 3349 3832 3402 prae-

2232 3422 2500 3486 sciuntur,
2533 3421 2618 3476 vel
2647 3421 3140 3491 praedestinantur,
3172 3436 3313 3491 quae
3348 3437 3454 3476 non
3481 3422 3643 3476 sunt?
3672 3422 3828 3489 Qui-

2234 3516 2338 3570 bus
2364 3514 2532 3586 igitur
2557 3514 2887 3569 locutionum
2921 3514 3090 3582 tropis
3119 3515 3246 3568 talia
3277 3515 3506 3583 proferri
3541 3526 3788 3583 possunt
3811 3556 3828 3580 ,

2239 3605 2559 3661 edicendum
2588 3619 2708 3661 esse
2735 3605 2988 3660 arbitror.
3039 3605 3347 3676 Siquidem,
3386 3615 3445 3661 ut
3491 3606 3710 3676 opinor,
3774 3609 3829 3662 in

2229 3695 2522 3766 prioribus,
2563 3705 2724 3765 prout
2778 3697 3008 3752 suadere
3050 3697 3221 3766 potui,
3253 3697 3551 3753 rationibus
3594 3702 3828 3767 aperui,

2231 3796 2287 3841 et
2325 3787 2572 3856 exemplo
2621 3787 2880 3843 similium
2919 3789 3190 3855 roboravi,
3245 3791 3392 3846 nullo
3439 3791 3544 3846 alio
3591 3791 3826 3848 meliori

2229 3879 2386 3934 modo
2417 3895 2516 3936 nos
2545 3895 2703 3950 posse
2731 3881 3027 3952 intelligere
3055 3923 3069 3946 ,
3101 3884 3526 3954 quotiescunque
3565 3885 3828 3944 invenire

2227 3971 2500 4040 possimus
2521 3971 2682 4026 talem
2713 3971 2926 4028 dicendi
2947 3972 3196 4038 formam,
3224 3975 3437 4043 qualem
3466 3977 3701 4030 maxime
3767 3980 3822 4032 in

2229 4061 2383 4117 l.bris
2414 4063 2584 4118 sancti
2612 4063 2897 4135 Augustini
2923 4063 3160 4119 solemus
3186 4065 3386 4136 legere,
3405 4067 3570 4121 Deum
3597 4067 3824 4123 scilicet

2227 4154 2662 4222 praedestinasse
2704 4155 2898 4225 impios
2928 4155 2991 4208 ad
3019 4165 3266 4225 peccata,
3302 4167 3358 4212 et
3399 4171 3584 4211 eorum
3608 4161 3820 4214 merita

2227 4247 2508 4317 supplicia,
2558 4262 2722 4317 quam
2769 4263 2868 4314 eo,
2914 4249 3006 4318 qui
3053 4249 3285 4304 sumitur
3329 4264 3362 4303 a
3400 4250 3702 4317 contrario,
3762 4263 3823 4307 ut

2227 4350 2389 4406 saepe
2417 4337 2621 4392 dictum
2649 4345 2752 4392 est.

2299 4427 2362 4481 ll.
2395 4427 2559 4496 Cujus
2597 4427 2807 4486 formae
2850 4431 3251 4500 apertissimum
3295 4449 3351 4489 in
3395 4435 3652 4492 traditore
3704 4439 3819 4494 im-

2229 4517 2472 4587 piissimo
2512 4518 2726 4573 Domini
2752 4521 2921 4575 nostri
2938 4521 3224 4577 invenitur
3245 4525 3570 4594 exemplum.
3599 4526 3817 4585 Eodem

2230 4609 2428 4678 quippe
2452 4609 2703 4680 loquendi
2735 4612 2895 4667 modo
2919 4612 3061 4668 idem
3103 4615 3303 4671 dicitur
3339 4620 3810 4691 praedestinatus,

2228 4715 2336 4770 quo
2361 4716 2392 4755 a
2420 4700 2646 4756 Domino
2667 4703 2949 4760 dicebatur
2962 4705 3163 4762 electus
3186 4707 3230 4761 τ.
3253 4709 3352 4764 Ubi
3376 4721 3523 4767 recte
3546 4713 3816 4774 debemus

2229 4793 2475 4862 accipere
2499 4809 2595 4863 per
2623 4793 2877 4864 electum,
2907 4813 3013 4853 non
3046 4797 3299 4868 electum,
3337 4803 3430 4858 sed
3461 4806 3655 4860 merito
3677 4823 3812 4877 per-

1838 4937 2090 4996 VARlAE
2126 4941 2524 5001 LECTIONES.

624 5078 642 5110 ¹
671 5076 748 5158 al.
789 5074 1723 5166 Hallecopraf'destinatio'sanctoruin
1753 5078 1911 5166 [nihil
1936 5080 2236 5166 .a'liud.est
2286 5101 2443 5166 quam
2485 5102 2686 5156 praesc.

549 5157 662 5234 erat
701 5147 814 5234 eis..
872 5144 894 5174 ⁸
924 5144 1038 5234 ξω,
1069 5145 1163 5234 ἴδεν
1191 5146 1310 5234 eod.
1358 5147 1620 5234 ulteriore;
1668 5148 1718 5234 "
1751 5148 1882 5234 Cod.
1908 5151 2224 5231 .inlustrius,
2262 5144 2341 5209 sic
2394 5144 2611 5223 ubique.
2689 5158 2710 5189 °
2739 5158 2811 5213 al.
2863 5171 2910 5213 et
2963 5144 3475 5234 Herdonia-gratiae:

549 5219 648 5270 hac
678 5216 888 5293 gratia._
944 5217 965 5246 ⁸
991 5215 1059 5293 al.
1088 5215 1508 5293 Multajnuersa.
1550 5287 1562 5293 _
1585 5217 1712 5293 "al.
1734 5229 1788 5271 ut
1814 5218 2010 5293 faciant
2039 5238 2098 5275 ea
2124 5215 2256 5293 quae
2279 5241 2383 5279 non
2409 5215 2735 5282 conueniunt.

548 5284 697 5341 sent;
762 5287 805 5316 “
841 5285 911 5341 al.
955 5288 1030 5339 eis
1053 5302 1181 5340 esse.
1259 5284 1301 5316 “
1341 5285 1429 5341 Sic
1464 5287 1584 5341 cod.
1608 5327 1622 5353 ,
1664 5288 1712 5341 Μ
1747 5284 1920 5342 ειίιά.

2786 5090 2808 5169 ξ
2853 5089 2924 5144 al.
2963 5100 3262 5169 potuerunt.
3340 5095 3478 5169 'Sic
3533 5102 3678 5169 COd.,
3730 5106 3804 5162 Μ.

3571 5173 3593 5206 ’1

2863 5176 2910 5213 et
2963 5176 3210 5218 etecuone
3255 5176 3475 5234 gratiae.
3571 5176 3593 5206 '
3623 5176 3694 5230 al.
3738 5180 3804 5231 ab

2814 5231 2856 5262 ¹⁰
2885 5230 2977 5287 Sic
3006 5233 3124 5287 cod.
3206 5235 3246 5265 “
3283 5236 3353 5290 al.
3393 5249 3670 5312 antequam
3724 5265 3807 5302 es-

2061 5431 2311 5490 NOTAE.

619 5545 647 5606 }
672 5533 955 5606 Augustin.
985 5536 1047 5588 de
1075 5535 1221 5590 Dono
1240 5537 1648 5606 perseverantiae
1677 5552 1724 5594 c.
1761 5539 1844 5594 H.

619 5603 646 5642 ι»
678 5605 956 5675 Augustin.
987 5607 1112 5657 ibid.
1139 5603 1256 5673 cap.
1293 5607 1498 5662 ultimo.

621 5681 644 5710 ο
677 5673 1103 5744 llypognosticon
1141 5676 1230 5741 \l,
1262 5677 1313 5728 ‘2.

2294 5546 2319 5585 ἀ
2362 5547 2503 5604 Ibid.
2534 5564 2583 5606 c.
2619 5552 2676 5607 2.

2299 5628 2322 5655 θ
2357 5617 2490 5672 Ibid.

2301 5687 2320 5724 τ
2355 5686 2508 5742 Joan.
2540 5690 2727 5757 Vl,7l.
