4028 6280
207 329 332 385 615

1340 328 1542 385 LIBER
1581 329 1670 387 DE
1706 329 2416 391 PRAEDESTINATIONE.

3392 342 3499 414 414

211 448 389 505 ﬁdiae
429 461 559 503 suae
606 446 911 519 neglectum
939 454 1104 516 atque
1137 446 1422 517 expulsum
1446 488 1462 513 ,
1503 464 1609 505 non
1657 450 1815 505 aliter
1844 454 1890 513 Λ
1918 450 2295 507 destinationis
2322 493 2336 518 ,
2375 453 2575 525 quippe
2595 469 2719 509 cum
2763 456 2875 512 sint
2921 457 3080 514 unius
3119 457 3492 530 ejusdemque,

210 542 458 601 eundem
505 540 969 611 praedestinatum
991 580 1006 604 ,
1040 540 1141 594 nisi
1171 556 1276 594 nou
1333 541 1813 609 praedestinatum,

214 631 280 686 in
323 647 505 687 massa
552 632 668 686 irae
726 629 976 685 relictum
1002 668 1018 695 ,
1076 644 1302 685 munere
1351 630 1565 686 divinae
1612 631 1819 701 gratiae

212 724 520 795 privatum,
545 722 844 785 inimicum,
876 736 983 776 non
1022 721 1281 775 amicum.
1312 720 1380 775 Et
1407 729 1586 776 tamen
1625 735 1693 776 ex
1715 735 1813 776 ore

214 814 404 878 illius,
433 828 595 882 quem
622 812 861 877 tradidit,
887 811 1124 866 audivit:
1155 812 1331 865 Amice
1359 812 1428 865 ad
1451 812 1660 882 quidsi
1685 812 1817 867 item

216 906 355 960 alibi
398 914 657 975 tanquam
716 918 941 961 consors
976 903 1188 958 divinae
1229 903 1508 959 electionis
1555 904 1697 959 inter
1729 920 1819 960 ve—

217 1008 319 1049 ros
346 994 796 1063 praedestinatos,
827 992 1049 1058 electos,
1091 992 1296 1047 amicos
1315 992 1538 1048 abusive
1561 993 1819 1049 collectus

216 1085 475 1139 audierat
506 1103 519 1138 :
551 1082 675 1138 Non
703 1085 820 1137 dico
852 1101 938 1137 vos
980 1100 1186 1149 servos,
1214 1084 1305 1138 sed
1330 1084 1527 1139 aulicos
1552 1084 1605 1139 ι).
1644 1084 1816 1139 Simili

219 1175 389 1227 modo
414 1174 482 1228 ab
510 1175 655 1229 omni
670 1173 886 1229 caelesti
914 1174 1239 1243 paternitate
1267 1175 1517 1230 abdicato
1538 1177 1690 1245 quasi
1711 1176 1818 1231 tilio

221 1264 372 1320 inter
393 1264 532 1321 tilios
549 1265 808 1321 Dominus
822 1265 1038 1321 dicebat
1055 1264 1257 1320 :Nolite
1270 1283 1451 1329 vocare
1466 1268 1606 1322 vobis
1617 1279 1704 1337 ραι
1712 1283 1817 1322 rem

222 1359 285 1413 in
305 1370 470 1423 terra,
495 1376 629 1415 unus
653 1369 728 1413 est
750 1360 887 1414 enim
915 1369 1063 1430 pater
1089 1361 1380 1429 uestemqui
1404 1360 1457 1413 in
1481 1358 1639 1413 caelia
1665 1368 1740 1412 est
1766 1369 1814 1411 ο.

222 1450 307 1505 Ae
321 1451 368 1505 si
382 1450 614 1520 sapienti
639 1451 780 1505 inter
792 1451 1061 1521 sapientes
1076 1452 1273 1506 donum
1292 1450 1676 1520 intelligentiae
1690 1464 1819 1504 cou-

222 1557 443 1599 cessum
466 1543 699 1606 videtur,
728 1543 855 1596 dum
888 1542 1158 1611 Apostolis
1187 1541 1386 1596 dicitur
1411 1559 1424 1594 :
1458 1540 1614 1595 Vobis
1630 1540 1818 1595 datum

222 1642 303 1688 est
330 1616 485 1688 nosse
502 1634 756 1702 mysteria
788 1630 973 1702 Regni.
1000 1632 1058 1687 Si
1091 1633 1225 1688 haec
1247 1642 1302 1687 et
1330 1632 1591 1701 ejusmodi
1623 1633 1692 1686 de
1721 1633 1819 1686 im-

224 1724 479 1792 piissimo
502 1723 723 1779 homine
754 1722 1097 1793 intelligenda
1129 1731 1257 1777 sunt
1282 1739 1313 1777 e
1334 1710 1611 1778 contrario
1630 1762 1645 1786 .
1687 1721 1815 1792 quid

225 1816 456 1880 mirum,
499 1824 555 1870 et
578 1816 751 1884 ipsum
791 1824 1183 1885 consortesque
1234 1814 1473 1871 malitiae
1519 1829 1652 1869 suae
1687 1815 1810 1884 jure
1842 1798 1889 1859 Β

229 1907 398 1962 simili
425 1906 811 1976 praedestinati
842 1907 1107 1961 dicantur.
1136 1904 1289 1960 Sicut
1322 1906 1468 1961 enim
1504 1905 1682 1961 nullus
1714 1905 1816 1962 im-

224 2000 448 2069 piorum
479 1999 699 2070 eligitur
733 1999 800 2053 ad
837 1998 1086 2069 gloriam,
1120 1999 1193 2053 ita
1218 1998 1398 2054 nullus
1426 2012 1619 2053 eorum
1658 2012 1818 2068 prae-

224 2090 539 2145 destinatur
560 2089 626 2143 ad
649 2104 902 2160 poenam.
929 2088 1393 2155 Quemadmodum
1435 2088 1635 2158 quippe
1668 2087 1816 2144 nullo

224 2181 393 2236 modo
421 2180 638 2236 excedit
688 2179 883 2234 electio
929 2193 1213 2234 numerum
1264 2178 1812 2247 praedestinatorum,

224 2271 303 2329 ita
332 2270 756 2341 praedestinatio
789 2269 1098 2326 nullomodo
1133 2270 1349 2327 excedit
1376 2284 1660 2327 numerqu
1705 2270 1817 2326 ele-

224 2372 276 2418 ει
283 2378 466 2418 orum.

298 2452 387 2507 lii.
419 2451 562 2506 Haec
585 2452 772 2507 eadem
807 2449 1019 2507 dicendi
1051 2449 1286 2520 species,
1318 2464 1423 2518 qua
1446 2449 1646 2505 dicitur
1671 2449 1815 2506 Deus

228 2540 669 2613 praedestinasse
695 2541 922 2610 injustos
944 2539 1011 2593 ad
1035 2553 1237 2608 poenas
1258 2539 1339 2593 vel
1361 2554 1548 2593 eorum
1571 2548 1812 2609 peccata,

228 2632 514 2687 videretur
541 2642 689 2686 recte
717 2631 888 2701 accipi
917 2644 1094 2700 posse,
1126 2645 1189 2685 ac
1219 2630 1262 2684 si
1292 2630 1568 2685 diceretur
1590 2670 1606 2696 ,
1657 2645 1815 2700 prae-

228 2726 426 2780 sciisse
460 2724 603 2779 Deus
636 2724 864 2794 injustos
905 2732 1220 2793 peccatores
1259 2739 1380 2778 esse
1416 2724 1646 2788 futuros,
1688 2741 1818 2796 poe-

231 2830 443 2886 nasque
472 2830 749 2884 passuros,
766 2823 825 2867 ut
843 2814 1296 2884 quemadmodum
1324 2816 1548 2870 scientia
1580 2831 1812 2885 semper,

228 2906 361 2961 dum
410 2906 589 2977 agitur
628 2906 694 2961 de
738 2905 927 2961 electis
957 2946 972 2971 ,
1009 2906 1127 2961 loco
1153 2907 1661 2976 praedestinationis
1692 2921 1815 2980 apte

229 2997 536 3067 accipitur,
576 2998 650 3050 ita
688 2996 1141 3066 praedestinatio.
1187 2997 1615 3066 quotiescunque
1642 3000 1706 3053 de
1734 3014 1817 3054 re-

227 3089 419 3159 probis
464 3095 758 3152 tractatur,
826 3102 925 3158 pro
978 3088 1342 3158 praescientia
1407 3091 1812 3158 compensative

230 3178 558 3247 accipiatur,
587 3177 631 3232 si
664 3192 793 3231 vera
825 3190 930 3230 non
958 3176 1222 3245 obiiceret
1271 3176 1411 3232 ratio
1435 3217 1451 3242 ,
1498 3180 1812 3246 praescien-

229 3273 366 3325 tiam
397 3286 610 3334 eorum,
639 3284 777 3339 quae
803 3283 908 3323 non
930 3277 1078 3334 sunt,
1114 3269 1227 3350 ﬁeri
1256 3284 1362 3323 non
1395 3284 1574 3339 posse.
1610 3271 1689 3326 Ae
1713 3289 1809 3341 per

225 3366 334 3420 hoc
363 3363 555 3419 eodem
592 3362 751 3418 modo
781 3362 980 3417 dicitur
1024 3363 1165 3417 Deus
1193 3363 1599 3431 praedestinare
1627 3381 1813 3435 quem-

225 3472 398 3527 quam
428 3456 495 3509 ad
524 3454 782 3525 supplicia
812 3468 1112 3524 poenarum
1142 3494 1156 3519 ,
1201 3470 1310 3525 quo
1350 3456 1515 3511 etiam
1550 3458 1814 3513 asseritur

222 3546 511 3617 praescius
534 3559 656 3600 esse
680 3553 1025 3613 peccatorum
1058 3562 1068 3598 :
1094 3543 1147 3598 in
1166 3552 1391 3610 tantum,
1424 3554 1483 3600 ut
1511 3561 1682 3616 paene
1705 3563 1811 3603 uno

221 3637 532 3706 eodemque
561 3646 717 3707 tropo
738 3636 1083 3708 praedicetur
1103 3638 1170 3693 de
1196 3653 1261 3693 eo
1287 3649 1632 3709 peccatorum
1658 3657 1814 3711 prae-

225 3730 485 3794 scientia,
510 3745 618 3799 quo
642 3739 698 3785 et
724 3730 1147 3800 praedestinatio
1177 3746 1366 3785 eorum
1407 3733 1473 3786 ad
1501 3740 1768 3789 tormenta
1793 3752 1807 3801 ;

223 3829 460 3889 excepto
487 3824 628 3891 quod
677 3823 924 3878 usitatius
955 3831 1118 3892 atque
1160 3823 1497 3894 frequentius
1541 3825 1596 3880 in
1642 3827 1813 3881 sacris

227 3912 556 3968 lectionibus
582 3915 894 3969 inveniatur
917 3915 1240 3984 praesciisse
1261 3956 1275 3979 ,
1322 3931 1482 3986 quam
1506 3919 1812 3987 praedesti-

228 4019 396 4058 nasse
426 4012 481 4059 et
510 4013 732 4074 peccata
777 4015 832 4059 et
883 4021 1107 4076 poenas.
1139 4006 1276 4062 Hinc
1305 4009 1418 4077 ipse
1442 4009 1772 4078 Augustinus
1793 4052 1810 4078 ,

228 4096 578 4151 acutissimus
614 4097 830 4166 quidem
862 4098 1108 4153 veritatis
1141 4107 1196 4153 et
1242 4100 1531 4170 inquisitor
1554 4111 1610 4156 et
1639 4117 1817 4158 assere

230 4196 341 4248 tor,
372 4186 561 4240 talium
596 4187 753 4241 nobis
784 4188 1031 4257 exempla
1068 4188 1396 4245 locutionum
1419 4191 1470 4244 in
1495 4192 1608 4247 suis
1633 4207 1815 4248 exem-

231 4275 476 4358 plaribus
502 4276 810 4347 relinquere
833 4279 1166 4348 procuravit,
1198 4280 1274 4334 uti
1307 4296 1406 4335 nos
1434 4282 1680 4352 accipere
1705 4298 1811 4338 non

229 4368 414 4436 pigeat
440 4370 493 4424 in
523 4370 1018 4439 praedestinatione
1055 4379 1217 4441 atque
1242 4374 1603 4441 praescientia
1632 4374 1811 4430 divina

229 4460 465 4515 eundem
489 4462 802 4515 omnimodo
829 4463 1183 4527 intellectum,
1208 4465 1456 4532 quamvis
1479 4479 1583 4519 non
1608 4480 1810 4534 aequa-

228 4548 361 4603 liter
395 4550 707 4606 omnimodo
752 4564 848 4606 eas
895 4551 1232 4607 inveniamus
1270 4554 1325 4607 in
1367 4553 1665 4625 Scripturis
1704 4555 1812 4610 usi.

231 4649 400 4695 tatas.

302 4731 390 4787 IV.
408 4732 486 4788 Ac
500 4748 598 4803 per
615 4733 718 4789 hoc
736 4734 1001 4791 saluberri
1011 4751 1097 4790 mo
1118 4736 1510 4808 verissimoque
1534 4754 1693 4795 sensu
1722 4742 1814 4796 de-

226 4823 423 4878 bemus
434 4827 660 4887 sentire,
680 4828 822 4894 quod
850 4828 962 4896 ipse
989 4837 1245 4897 tanquam
1270 4846 1368 4884 nos
1384 4832 1679 4887 admonens
1695 4835 1768 4887 ait
1793 4853 1807 4888 :
1828 4868 1845 4883 κ

232 4931 251 4963 ι
289 4911 485 4968 Omnis
514 4916 938 4983 praedestinatio
964 4918 1344 4986 praescientia,
1370 4920 1463 4974 sed
1497 4937 1604 4975 non
1635 4924 1812 4978 omnis

226 5004 591 5071 praescientia
623 5005 1041 5073 praedestinatio
1064 5005 1089 5045 ιι
1118 5025 1162 5059 ι.
1189 5007 1266 5061 Ac
1293 5008 1337 5062 si
1372 5017 1556 5076 aperte
1585 5010 1810 5077 diceret,

224 5107 538 5161 quanquam
566 5093 930 5160 praescientia
956 5110 1063 5149 non
1095 5097 1444 5152 transcendat
1484 5097 1621 5153 lines
1648 5113 1809 5167 prae-

1919 541 2137 596 divinae
2165 542 2439 610 videlicet,
2468 555 2714 606 naturae,
2733 547 2784 600 in
2808 562 2913 616 qua
2945 549 3088 603 aliud
3117 550 3224 604 alio
3253 550 3375 619 plus
3397 552 3498 606 mis

1918 647 2087 687 nusve
2112 648 2219 687 non
2247 642 2353 699 est,
2397 635 2613 701 merito,
2655 636 2745 691 ubi
2787 648 2870 693 est
2899 646 3126 693 naturae
3154 641 3497 711 simplicitas.

1919 737 2026 776 non
2056 732 2140 778 est
2173 724 2278 778 ulla
2306 725 2617 791 diversitas,
2659 729 2914 797 quoniam
2952 730 3004 783 in
3029 746 3090 786 ea
3113 732 3294 786 omnia
3332 747 3495 788 unum

1918 820 2066 866 stmt.
2099 813 2331 868 Tantum
2357 829 2485 883 ergo
2523 817 2577 870 in
2609 817 2719 872 Deo
2747 818 2889 872 valet
2922 821 3302 888 praescientia,
3328 838 3499 892 quan-

1920 908 2032 954 tum
2077 902 2518 971 praedestinatio,
2561 906 2720 974 plane
2746 947 2761 971 ,
2803 908 2929 975 quia
2976 925 3141 963 unum
3192 919 3335 965 sunt.
3383 912 3498 968 Non

1921 998 2098 1045 tamen
2129 1000 2335 1045 tantum
2362 993 2471 1050 late
2500 1004 2661 1064 atque
2690 995 3001 1065 frequenter
3025 998 3305 1069 Scriptura
3329 1003 3498 1057 utitur

1918 1084 2437 1151 praedestinatione,
2489 1096 2754 1156 quantum
2792 1090 3187 1157 praescientia.
3220 1090 3279 1146 In
3305 1092 3501 1149 divinis

1916 1175 2183 1243 siquidem
2204 1176 2615 1245 operatiOnibus
2635 1180 2929 1234 condendis
2949 1182 3498 1254 administrandisque

1919 1269 2333 1336 praeseientiam
2397 1279 2454 1322 et
2525 1270 3076 1339 praedestinationem
3126 1282 3182 1329 et
3233 1273 3392 1329 simul
3443 1286 3499 1332 et

1920 1374 2135 1430 semper
2178 1360 2524 1431 inseparabili
2572 1361 2702 1433 jugo
2749 1380 3019 1420 connexus
3067 1369 3395 1437 reperimus;
3445 1370 3497 1426 in

1919 1450 2079 1505 malis
2117 1462 2297 1506 autem
2325 1490 2341 1517 ,
2392 1467 2565 1521 quae,
2620 1468 2744 1507 cum
2776 1469 2805 1507 a
2841 1454 2948 1509 Deo
2978 1471 3084 1510 non
3111 1457 3255 1522 sint,
3288 1460 3502 1527 penitus

1920 1542 2056 1597 nihil
2110 1553 2279 1608 sunt,
2330 1545 2745 1614 praescientiam
2787 1547 3137 1615 saepissime,
3172 1564 3296 1604 raro
3319 1560 3500 1607 autem

1918 1634 2473 1703 praedestinationem
2496 1635 2787 1689 nominari.
2810 1634 2962 1702 Quod
2986 1638 3233 1694 consulto
3250 1640 3503 1695 utilitatis

1918 1735 2136 1778 nostrae
2163 1725 2451 1795 contigisse
2477 1726 2828 1781 credendum.
2862 1726 3037 1782 Probe
3077 1728 3320 1797 quidem,
3351 1740 3411 1786 ut
3434 1745 3501 1786 eo

1919 1818 2081 1871 modo
2109 1816 2324 1872 dicendi
2361 1819 2803 1882 admoneremur,
2851 1834 2956 1873 non
3009 1820 3155 1875 aliud
3183 1834 3305 1878 esse
3346 1838 3502 1892 prae-

1917 1906 2201 1962 scientiam
2234 1947 2249 1972 ,
2294 1906 2440 1963 aliud
2492 1908 3073 1976 praedestinationem,
3130 1914 3226 1969 sed
3294 1928 3498 1977 unum,

1917 1997 2135 2066 quando
2160 1997 2321 2052 simul
2343 2012 2559 2067 semper
2592 1999 2646 2053 in
2673 1999 2780 2064 liis,
2810 2015 2951 2069 quae
2975 1999 3043 2055 ab
3068 2002 3147 2057 eis
3176 2004 3260 2058 vel
3288 2014 3499 2069 creata,

1916 2088 2003 2143 vel
2024 2089 2224 2143 donata
2253 2098 2403 2155 sunt,
2429 2090 2823 2161 intelliguntur,
2856 2092 2909 2145 in
2934 2092 3020 2147 liis
3042 2109 3191 2160 vero,
3219 2111 3360 2165 quae
3399 2112 3500 2152 nec

1916 2180 2353 2237 substantialiter
2377 2181 2447 2236 ab
2472 2183 2552 2237 eis
2581 2192 2825 2252 operata,
2859 2197 2959 2238 nec
3001 2183 3270 2255 largitatis
3309 2202 3496 2242 earum

1919 2273 2173 2328 thesauro
2201 2274 2424 2339 donata,
2456 2287 2550 2329 eas
2578 2289 2705 2329 vero
2743 2275 2932 2329 deesse
2957 2314 2971 2340 ,
3004 2277 3253 2343 quamvis
3280 2279 3500 2332 abusive

1915 2366 2168 2422 dicantur
2190 2366 2382 2421 adesse
2421 2365 2623 2434 passim
2660 2368 2678 2399 ⁸
2723 2367 2941 2436 quidem
2985 2367 3365 2436 praescientia,
3400 2383 3498 2438 per

1916 2457 2033 2515 loca
2078 2466 2258 2513 autem
2291 2460 2733 2530 praedestinatio,
2782 2459 2834 2514 in
2880 2467 3199 2526 titilllllll,lll
3245 2468 3497 2529 tanquam

1916 2550 2128 2620 species
2168 2550 2221 2604 in
2265 2565 2463 2621 genere
2489 2566 2594 2605 una
2620 2550 2869 2606 videatur
2897 2550 2952 2605 in
2981 2551 3173 2616 altera,
3194 2550 3498 2621 praedesti-

1915 2644 2067 2699 natio
2104 2644 2158 2698 in
2188 2645 2575 2714 praescientia.

1989 2735 2051 2789 V.
2087 2735 2192 2790 Sed
2246 2736 2290 2789 si
2341 2751 2499 2805 quem
2551 2744 2794 2802 moveat,
2843 2737 2984 2806 quod
3024 2736 3227 2791 veritas
3274 2735 3503 2792 suadere

1917 2822 2189 2877 mentibus
2237 2825 2386 2879 sanis
2438 2840 2544 2879 non
2587 2834 2805 2891 cessat,
2845 2825 3013 2879 Deum
3053 2823 3305 2880 videlicet
3347 2840 3501 2895 prae—

1915 2912 2089 2967 scium
2121 2929 2359 2983 praeque
2390 2915 2410 2945 ²
2442 2915 2828 2969 destinatorem
2869 2915 3143 2979 omnium,
3175 2930 3314 2985 quae
3339 2915 3407 2969 ab
3436 2929 3500 2970 eo

1912 3014 2061 3067 sunt,
2079 3018 2223 3069 esse,
2245 3019 2433 3058 eorum
2456 3020 2606 3070 vero,
2624 3019 2764 3074 quae
2793 3004 2859 3058 ab
2882 3020 2947 3058 eo
2974 3019 3079 3059 non
3105 3014 3248 3070 sunt,
3274 3005 3501 3074 ideoque

1919 3093 2052 3147 nihil
2081 3094 2211 3157 sint,
2254 3111 2361 3149 non
2393 3110 2534 3161 esse,
2584 3096 2637 3150 in
2685 3111 2744 3151 se
2793 3096 2966 3166 ipsum
3000 3097 3203 3161 redeat,
3235 3096 3395 3152 altius
3421 3099 3500 3151 in-

1919 3186 2134 3253 tendat,
2178 3188 2349 3257 ipsam
2394 3188 2677 3242 veritatem
2716 3187 2966 3243 consulat
2994 3187 3040 3241 ³.
3080 3187 3137 3243 in
3168 3203 3232 3243 ea
3267 3203 3502 3257 namque

1915 3277 2131 3333 lucillue
2176 3281 2379 3349 absque
2413 3280 2642 3351 caligine
2680 3281 2905 3352 refulget
2933 3281 3244 3351 praesciens
3272 3281 3499 3351 praede—

1914 3371 2153 3438 stinatio,
2184 3381 2238 3427 et
2274 3374 2634 3442 praescientia
2664 3374 3076 3445 praedestinans
3098 3373 3495 3439 essentialiter;

1915 3477 2048 3517 sane
2083 3463 2337 3532 quidem,
2373 3464 2590 3534 quando
2637 3466 2706 3519 de
2750 3466 2861 3520 Deo
2912 3464 3045 3519 nihil
3095 3465 3503 3521 accidentaliter

1914 3553 2275 3621 praedicatur.
2313 3555 2595 3623 Quomodo
2621 3571 2750 3627 ergo
2786 3571 2995 3611 summa
3032 3556 3265 3611 essentia
3298 3557 3351 3610 in
3387 3556 3495 3618 bis,

1914 3658 2054 3714 quae
2095 3644 2228 3699 nihil
2274 3654 2421 3711 sunt,
2456 3661 2579 3701 esse
2607 3644 2629 3677 ’⁵
2656 3646 2960 3702 credenda?
2997 3647 3112 3716 Age
3134 3647 3278 3717 jam!
3317 3646 3374 3701 Si
3405 3648 3500 3701 Dei

1914 3736 2277 3805 praescientia
2323 3735 2467 3792 Deus
2493 3745 2595 3798 est.
2635 3737 2949 3792 necessario
2977 3736 3001 3768 ⁸
3031 3746 3090 3791 et
3120 3737 3341 3791 veritas.
3387 3736 3501 3792 lloc

1915 3826 2145 3880 dixerim
2166 3826 2234 3880 de
2260 3826 2773 3895 praedestinatione.
2805 3826 2863 3882 Si
2893 3839 2952 3881 et
2978 3828 3089 3898 ipsa
3124 3827 3283 3893 Deus,
3311 3828 3502 3896 procul

1915 3920 2078 3974 dubio
2118 3921 2344 3976 veritas.
2382 3939 2401 3971 ε
2433 3921 2644 3977 Veritas
2686 3930 2865 3975 autem
2890 3961 2905 3985 ,
2936 3928 2995 3974 ut
3027 3922 3104 3974 ait
3131 3920 3497 3991 Augustimis,

1916 4023 2140 4064 necesse
2168 4018 2256 4064 est
2285 4018 2344 4063 ut
2374 4010 2427 4064 in
2460 4011 2642 4079 aliquo
2668 4010 2773 4073 sit,
2801 4010 2905 4065 hoc
2932 4020 3015 4065 est
3039 4050 3054 4074 ,
3085 4010 3138 4063 in
3167 4011 3310 4064 veris
3340 4018 3502 4079 atque

1914 4101 2259 4156 manentibus
2279 4101 2440 4157 rebus
2458 4113 2537 4157 ει.
2570 4100 2803 4156 Proinde
2815 4101 2858 4156 si
2876 4101 3232 4171 praescientia
3264 4108 3319 4155 et
3344 4116 3501 4170 prae-

1914 4193 2209 4248 destinatio
2245 4193 2445 4249 veritas
2490 4198 2615 4248 sunt
2651 4210 2665 4247 :
2694 4193 2899 4247 veritas
2923 4202 3103 4246 autem
3135 4206 3387 4247 verorum
3417 4201 3505 4247 est

1914 4285 2139 4351 veritas,
2178 4302 2319 4357 quae
2346 4288 2465 4343 ideo
2503 4302 2631 4343 vera
2657 4297 2804 4352 sunt,
2838 4288 2963 4357 quia
2992 4288 3059 4343 ab
3085 4303 3150 4343 eo
3175 4287 3314 4342 facta
3340 4296 3459 4342 sunt
3483 4305 3497 4341 :

1913 4380 2273 4448 praescientia
2323 4380 2486 4451 igitur
2519 4388 2575 4436 et
2611 4381 3036 4451 praedestinatio
3072 4395 3178 4434 non
3219 4386 3347 4433 sunt
3392 4378 3497 4432 nisi

1916 4486 2127 4538 eorum,
2173 4487 2313 4542 quae
2352 4489 2381 4526 a
2411 4474 2642 4528 veritate
2692 4472 2836 4528 facta
2868 4482 3013 4526 sunt.
3046 4471 3101 4525 Si
3130 4479 3498 4541 peccatorum,

1916 4571 1976 4616 ut
2004 4563 2216 4633 opinor,
2262 4578 2367 4619 non
2414 4573 2497 4619 est
2543 4566 2766 4629 veritas,
2800 4565 3071 4634 quomodo
3110 4571 3288 4632 potest
3312 4576 3499 4615 eorum

1916 4666 2036 4706 esse
2072 4654 2432 4722 praescientia
2474 4655 2560 4708 vel
2600 4654 3071 4724 praedestinatio?
3118 4653 3246 4706 Item
3301 4652 3343 4705 si
3401 4664 3497 4704 ne—

1915 4744 2152 4799 cessario
2182 4746 2235 4799 in
2268 4747 2413 4800 veris
2442 4748 2604 4802 rebus
2626 4755 2708 4801 est
2740 4748 2960 4811 veritas,
2993 4746 3047 4800 in
3073 4746 3154 4800 eis
3184 4745 3347 4814 igitur
3375 4753 3499 4798 sunt

1914 4836 2275 4904 praescientia
2303 4846 2358 4892 et
2379 4839 2824 4907 praedestinatio.
2860 4838 2916 4892 Si
2947 4853 3109 4893 omne
3132 4877 3148 4901 ,
3177 4836 3318 4906 quod
3347 4844 3500 4888 natu-

1915 4923 2105 4979 raliter
2142 4935 2246 4991 esl,
2278 4944 2344 4981 ex
2374 4929 2602 4983 veritate
2637 4944 2758 4984 esse
2801 4944 3022 4984 necesse
3070 4936 3183 4991 est;
3235 4924 3495 4995 quidquid

1920 5026 2049 5067 vero
2078 5016 2373 5070 secundum
2418 5026 2667 5071 naturam
2711 5032 2817 5073 non
2860 5018 2962 5082 sit,
2992 5018 3116 5087 quis
3143 5014 3399 5070 dubitarit
3429 5028 3493 5065 ex

1916 5105 2144 5161 veritate
2180 5123 2288 5163 non
2327 5123 2448 5165 esse
2480 5117 2803 5182 :peceatum
2843 5121 3028 5166 contra
3063 5116 3319 5164 naturam
3367 5112 3451 5157 est
3477 5138 3492 5154 .

1513 5208 1768 5265 VARIAE
1805 5213 2203 5275 LECTIONES.

236 5365 261 5379 ,
299 5315 313 5345 ¹
356 5312 493 5366 Cod.
524 5314 713 5382 partim,
745 5315 825 5370 sic
847 5330 1027 5384 saepe.

222 5384 245 5416 ⁸
275 5384 368 5438 Sic
398 5384 547 5447 cod.,
594 5383 662 5438 Μ.
707 5384 848 5440 Deus
877 5383 980 5451 est,
1015 5397 1089 5442 est
1128 5383 1457 5445 necessario.

1112 5318 1133 5348 ¹
1171 5316 1263 5373 Sic
1289 5318 1406 5400 cod:
1441 5315 1591 5389 ('ﬁq),
1631 5319 1700 5375 Μ.
1736 5326 2061 5398 priusquam.

2141 5332 2160 5363 ³
2200 5331 2290 5390 Sic
2320 5333 2414 5402 M.,
2447 5335 2568 5392 cod.
2605 5335 2856 5391 consulet.
2929 5337 2951 5367 ⁸
2991 5336 3080 5392 Sic
3106 5334 3249 5400 cod.,
3395 5336 3490 5381 est.

1740 5499 1986 5559 NOTAE.

295 5576 320 5602 η
366 5562 535 5616 Matth
562 5562 606 5616 Χ
619 5563 654 5615 Χ
667 5556 753 5625 Vl,
775 5564 865 5619 50.

299 5635 326 5672 1ο
358 5631 518 5685 Joan.
548 5633 661 5695 XV,
686 5636 774 5699 Μ,
808 5636 893 5689 15.

301 5716 321 5740 ε
362 5703 552 5757 Matth.
587 5700 766 5771 XXI",
796 5707 847 5760 9.

1993 5576 2019 5615 ἀ
2053 5577 2335 5647 Augustin.
2367 5579 2431 5632 de
2463 5578 2730 5632 Prnedcst.
2755 5588 2922 5633 sanet.
2950 5594 3002 5633 c.
3031 5578 3117 5632 10.

1999 5659 2023 5685 ο
2051 5648 2330 5718 Augustin.
2363 5651 2428 5703 dc
2459 5667 2574 5702 rera
2608 5649 2775 5720 lielig.
2803 5664 2852 5703 c.
2882 5650 2971 5704 56.
