4028 6280
605 299 711 356 415

1978 292 2259 351 JOANXIS
2297 293 2493 353 SCOTI
3703 308 3777 367 416

604 424 713 466 non
738 407 906 479 igitur
930 420 995 462 ex
1028 404 1281 474 veritate,
1306 421 1372 465 ac
1399 420 1499 477 per
1520 407 1625 463 hoc
1650 420 1752 462 nec
1773 419 1840 462 ex
1868 412 1986 478 ejus
2026 423 2181 477 pt'ac-
2210 416 2258 472 Α
2357 410 2488 465 VIII.
2514 408 2626 466 Hoc
2667 420 2751 467 est
2774 412 3243 477 considerandum,
3278 422 3456 471 utrum
3482 417 3655 483 omnia,
3676 436 3776 493 quae

602 501 828 558 scientia
851 541 867 567 ,
899 515 998 555 nec
1028 501 1542 569 praedestinatione.
1577 499 1906 567 Colligamus
1944 500 2182 555 breviter

603 595 672 647 de
703 590 964 663 peccatis.
1017 591 1076 645 Si
1124 591 1329 645 veritas
1373 604 1624 645 verorum
1656 596 1769 656 est,
1820 605 1946 645 vera
1999 600 2179 645 autem

600 682 761 753 plane
793 696 900 736 non
943 681 1047 735 nisi
1103 695 1244 751 quae
1284 689 1450 746 sunt,
1501 680 1860 751 praeseientia
1918 687 1974 735 et
2024 696 2182 750 prae-

600 772 890 829 destinatio
908 771 1087 827 divina
1112 770 1301 841 procul
1323 770 1488 826 dubio
1503 770 1705 825 veritas
1726 782 1995 825 verorum.
2016 771 2181 838 Igitur

600 871 822 935 peccata
857 861 982 933 quis
1007 863 1247 932 ambigat
1272 861 1404 917 falsa
1435 876 1576 928 esse,
1610 861 1715 917 nisi
1758 862 1851 932 qui
1873 862 2116 934 ambigit,
2147 877 2180 917 a

600 957 832 1010 veritate
860 968 963 1009 non
986 968 1126 1009 esse.
1141 953 1443 1009 Conﬁcitur
1461 968 1651 1009 eorum
1674 968 1850 1023 neque
1878 956 2180 1024 praescien-

603 1045 755 1109 tiam,
784 1058 959 1113 neque
984 1044 1535 1114 praedestinationem
1564 1042 1680 1098 ﬁeri
1713 1058 1892 1112 posse.

676 1134 760 1189 Vl.
798 1135 871 1189 De
901 1144 1122 1206 peccato
1151 1135 1488 1191 conclusum.
1539 1132 1830 1190 Videamus
1864 1135 1931 1190 de
1983 1149 2176 1206 poena,

598 1225 684 1280 vel
728 1222 993 1295 supplicio
1041 1225 1355 1290 interituve,
1387 1223 1467 1280 vel
1496 1225 1860 1294 qualicunque
1889 1226 2048 1280 modo
2085 1239 2179 1278 vo-

597 1316 710 1370 cari
740 1312 914 1385 possit
939 1315 1264 1371 universitas
1288 1315 1558 1380 miseriae,
1607 1329 1746 1385 quae
1765 1315 1910 1384 juste
1934 1316 2180 1385 sequitur

599 1417 904 1479 peccatum.
937 1407 1310 1463 Praediximus
1340 1407 1629 1477 siquidem,
1660 1408 1984 1464 auctoritate
2006 1409 2179 1478 patris

596 1499 883 1570 Augustini
945 1506 1194 1563 utentes,
1254 1496 1470 1553 divinae
1513 1497 2022 1567 praedestinationis
2070 1497 2179 1553 cle-

596 1589 800 1645 mentia
830 1588 1032 1643 nullum
1059 1587 1373 1658 praeparari
1403 1588 1473 1642 ad
1503 1595 1794 1652 tormenta,
1823 1602 2174 1658 quamquam,

596 1691 659 1736 ut
698 1697 860 1753 saepe
890 1682 1001 1752 jam
1044 1681 1361 1751 repetitum,
1407 1696 1470 1736 ea
1519 1680 1738 1736 dicatur
1768 1682 2175 1752 praedestinare

2280 501 2351 555 de
2373 506 2597 570 peccato
2636 503 2874 559 diximus
2893 544 2908 569 ,
2953 507 3023 559 de
3049 521 3216 575 poem
3245 506 3490 563 similiter
3521 510 3624 581 ejus
3645 512 3776 570 dicere

2280 590 2592 647 debeamus.
2626 592 2868 648 Diximus
2891 602 3092 660 autem,
3127 596 3308 650 omnia
3333 608 3542 667 peccata
3577 615 3666 656 non
3691 618 3776 661 esse

2281 698 2310 738 a
2337 683 2468 750 Deo,
2492 694 2641 741 recte
2658 686 2931 753 videlicet,
2964 688 3089 756 quia
3121 703 3225 742 non
3257 690 3541 745 secundum
3564 701 3775 762 naturam,

2279 777 2374 833 sed
2404 785 2593 831 contra
2623 790 2744 832 eam
2766 786 2911 832 sunt.
2935 778 3228 835 Audiamus
3252 780 3554 849 Apostolum
3576 783 3775 840 :Acslest

2279 876 2452 921 autem
2478 869 2659 922 mortis
2700 878 2972 938 peccatum
2997 880 3042 923 ε.
3071 868 3129 924 Si
3157 884 3290 941 ergo
3311 885 3378 925 ex
3402 872 3592 940 pacati
3615 873 3776 930 vulnere

2278 972 2427 1013 mors
2455 961 2765 1015 necessario
2797 961 2996 1025 evenit,
3027 974 3095 1016 ex
3121 972 3346 1030 peccato
3369 962 3521 1032 plane
3545 962 3637 1019 erit
3655 979 3773 1031 mors,

2279 1064 2420 1119 quae
2461 1048 2706 1120 profecto
2746 1066 2917 1121 poena
2948 1054 3155 1122 peccati
3183 1061 3285 1108 est.
3334 1052 3411 1109 Ac
3434 1068 3528 1124 per
3546 1055 3653 1115 hoc.
3676 1058 3778 1113 unde

2279 1150 2589 1211 peccatum,
2633 1142 2759 1198 inde
2805 1159 2974 1200 mors.
3048 1142 3275 1200 Mortem
3324 1144 3560 1214 sequitur
3596 1146 3775 1201 miseria.

2278 1227 2431 1284 Unde
2461 1230 2623 1299 igitur
2642 1245 2809 1296 mors,
2835 1231 2957 1287 inde
2980 1232 3219 1297 miseria,
3250 1248 3394 1303 quae
3419 1242 3502 1289 est
3526 1248 3696 1303 poena,
3720 1237 3775 1289 vel

2277 1318 2618 1388 supplicium.
2635 1319 2867 1376 Proinde
2887 1322 3148 1399 malorum
3162 1323 3403 1378 omnium
3419 1324 3656 1393 quaedam
3667 1325 3778 1395 quasi

2279 1409 2655 1480 inseparabilis
2678 1421 2867 1467 catena
2894 1429 3138 1470 connexa
3165 1424 3273 1475 est.
3297 1415 3379 1472 Ex
3401 1416 3548 1472 liberi
3575 1418 3777 1488 siquidem

2278 1500 2486 1556 arbitrii
2514 1515 2767 1571 perverso
2790 1502 3153 1575 culpabilique
3179 1515 3351 1572 motu,
3387 1507 3661 1564 deserentis
3678 1507 3779 1564 vide-

2277 1590 2406 1647 licet
2446 1606 2716 1648 summum
2765 1594 2987 1661 bonum,
3041 1595 3145 1650 hoc
3164 1604 3281 1664 est,
3328 1598 3492 1653 Deum
3517 1611 3778 1670 suumquo

2279 1677 2385 1735 frui
2430 1689 2649 1751 posset,
2696 1681 2899 1739 factum
2948 1694 3032 1741 est
3058 1695 3343 1756 peccatum
3374 1688 3696 1745 inobedientls
3713 1703 3777 1745 sa-

595 1771 792 1842 impios
815 1771 887 1826 ad
917 1774 1052 1842 ipsa.
1090 1771 1190 1827 Ubi
1233 1772 1284 1837 ¹,
1317 1779 1377 1825 ut
1404 1771 1712 1833 docuimus,
1755 1779 1848 1826 aut
1888 1785 1985 1842 per
2021 1770 2173 1825 simi-
2206 1760 2251 1819 Β
2277 1771 2518 1843 perbiae.
2543 1772 2829 1830 Peccatum
2849 1777 3079 1833 subinde
3093 1780 3384 1835 subsecuta
3408 1788 3491 1837 est
3513 1794 3662 1847 mors,
3678 1794 3778 1838 more

592 1859 875 1916 litudinetn
917 1862 1345 1927 praedestinatio
1389 1876 1490 1931 pro
1525 1860 1888 1931 praescientia
1913 1860 2172 1932 ponitur,

591 1957 689 2004 aut
714 1965 816 2019 per
853 1950 999 2005 illum
1045 1960 1277 2020 tropum,
1321 1952 1413 2021 qui
1464 1952 1665 2006 dicitur
1698 1951 1982 2022 ὖπαλλαγή,
2014 1964 2175 2021 quem

2281 1872 2387 1918 tem
2412 1878 2710 1934 poenarum
2737 1868 2979 1936 miseria,
3006 1870 3075 1926 de
3101 1871 3302 1941 quibus
3329 1871 3573 1927 omnibus
3592 1873 3693 1942 quis
3710 1887 3778 1927 not

2278 1953 2515 2012 liberare
2542 1959 2762 2029 potest?
2808 1958 2994 2015 Gratia
3030 1961 3129 2017 Dei
3158 1978 3253 2033 per
3291 1961 3475 2018 Iesum
3515 1959 3775 2018 Christrn'.

593 2054 882 2109 possumus
903 2041 1185 2094 nominare
1210 2039 1759 2106 subalternationem;
1799 2053 2037 2110 congrue
2058 2040 2181 2109 qui-
2276 2043 2369 2099 Illa
2396 2060 2495 2116 pro
2514 2054 2664 2105 certo
2690 2050 2757 2104 ab
2778 2049 2870 2106 illo
2890 2066 2995 2106 non
3021 2060 3171 2119 sunt,
3197 2052 3292 2123 qui
3319 2064 3418 2108 nos
3442 2054 3508 2108 ab
3528 2054 3601 2108 eis
3616 2052 3776 2108 liberat.

593 2128 739 2193 dem,
772 2129 1028 2199 quoniam
1057 2144 1162 2183 non
1187 2131 1375 2184 eodem
1400 2131 1593 2184 ordine
1617 2130 1781 2184 verba
1805 2128 2172 2199 proferuntur,

590 2229 701 2285 quo
727 2225 784 2272 et
809 2232 1020 2272 sensus.
1040 2217 1206 2289 Cujus
1219 2219 1525 2289 exemplum
1557 2229 1711 2288 poeta
1741 2219 1920 2289 posuit
1949 2233 1964 2273 :
2003 2237 2021 2270 ι
2044 2220 2175 2275 dare

591 2306 857 2363 classibus
883 2308 904 2338 ³
926 2316 1141 2363 austros
1163 2327 1182 2361 ι
1210 2348 1225 2373 ,
1263 2310 1409 2379 quod
1438 2324 1469 2364 e
1497 2310 1711 2365 diverso
1734 2310 2020 2379 accipitur,
2047 2311 2175 2364 dare

591 2395 795 2452 classes
823 2398 1043 2453 austris.
1075 2397 1193 2454 Non
1229 2400 1299 2455 ab
1344 2415 1404 2456 re
1439 2400 1601 2471 igitur
1646 2415 1744 2470 per
1782 2402 1928 2456 buuc
1960 2409 2173 2470 tropum

590 2496 812 2558 possent
836 2491 1095 2545 autltores
1133 2490 1337 2556 dicere,
1368 2492 1806 2561 praedestinatos
1835 2506 1955 2548 esse
1981 2491 2175 2560 impios

590 2582 657 2634 ad
688 2595 937 2650 poenam,
963 2597 1028 2638 ac
1055 2582 1100 2638 si
1131 2583 1395 2638 dixissent
1421 2598 1647 2654 poenam
1677 2583 1856 2654 impiis
1878 2584 2174 2655 praedesti-

2277 2134 2336 2190 Si
2361 2139 2505 2194 enim
2554 2141 2624 2195 ab
2651 2136 2743 2197 illo
2764 2150 2986 2206 essent,
3032 2143 3178 2198 nullo
3222 2144 3621 2200 dubitautenon
3654 2142 3775 2207 mala,

2274 2228 2369 2282 sed
2400 2227 2540 2285 bona
2583 2239 2787 2286 essent.
2839 2230 3045 2303 Atqui‘
3072 2232 3213 2288 mala
3240 2242 3390 2290 sunt.
3432 2232 3512 2289 Ab
3538 2234 3641 2305 ipso
3660 2234 3778 2302 igitur

2275 2321 2394 2378 ﬁeri
2425 2334 2541 2378 non‘
2554 2332 2800 2392 possunt.
2845 2325 2955 2380 Aut
2983 2325 3069 2381 cui
3094 2340 3200 2381 non
3226 2324 3391 2382 facile
3410 2334 3606 2397 pateat,
3628 2328 3683 2381 ab
3701 2339 3775 2380 una

2271 2413 2483 2482 origine
2522 2414 2671 2470 nasci
2696 2429 2803 2470 non
2849 2428 3009 2486 posse
3050 2416 3285 2472 invicem
3312 2416 3415 2474 sibi
3463 2416 3775 2473 adversantia?

2272 2501 2522 2559 Profecto
2544 2504 2766 2575 quidem
2814 2505 2957 2561 unde
2986 2507 3185 2561 bonum
3214 2507 3322 2574 sit,
3370 2507 3493 2562 inde
3515 2506 3684 2562 malum
3702 2512 3776 2559 non

2271 2597 2414 2663 erit;
2461 2597 2604 2653 unde
2634 2597 2944 2662 humilitas,
2991 2613 3099 2654 non
3128 2599 3252 2655 inde
3281 2600 3556 2670 superbia;
3593 2613 3649 2653 ex
3670 2596 3776 2651 fonte

588 2677 793 2727 ⁸³³⁸³⁸1³·
831 2671 1058 2728 Possem
1079 2714 1097 2739 ο
1143 2673 1363 2744 inquam
1388 2713 1434 2740 ι.
1456 2675 1502 2730 εί
1548 2675 1687 2731 ηιίο
1723 2675 1927 2731 smeret
1952 2679 2170 2747 Proprie
2264 2687 2508 2759 iustitiae
2529 2704 2802 2761 nunquam
2820 2691 3301 2762 manatiniquitas;
3329 2706 3399 2747 ex
3420 2692 3559 2747 vitae
3575 2688 3777 2760 principio

584 2763 947 2834 pronuntiari,
987 2780 1215 2834 poenam
1247 2766 1425 2836 impiis
1450 2782 1572 2822 esse
1610 2767 2085 2837 praedestinatam.
2110 2768 2167 2825 Si
2269 2795 2544 2849 nunquam
2576 2780 2821 2851 procedit
2857 2774 3037 2847 mors;
3069 2781 3352 2838 beatitudo
3374 2796 3375 2801 ‘
3396 2797 3498 2837 non
3543 2789 3619 2837 est
3655 2791 3773 2834 causa

584 2864 766 2943 autem
786 2858 975 2912 eodem
991 2857 1244 2929 loquendi
1272 2873 1488 2930 genere,
1516 2868 1575 2914 ut
1595 2860 1875 2927 sequentia
1899 2871 2171 2916 monstra—
2267 2872 2559 2937 miseriae;
2621 2881 2899 2943 postremo
2947 2874 3160 2929 summa
3214 2875 3454 2930 essentia
3495 2870 3627 2929 nullo
3662 2870 3777 2926 mlo

583 2941 742 3011 bunt,
768 2946 1020 3003 dicuntur
1049 2948 1198 3021 impii
1226 2950 1615 3020 praedestinati
1638 2951 1705 3005 ad
1740 2949 2002 3021 supplicia
2022 2991 2037 3016 ,
2061 2967 2168 3020 quo
2266 2961 2450 3029 efﬁcit,
2475 2941 2749 3034 quae‘non
2781 2972 2908 3019 sum
2926 2973 3265 3034 :peccatum,
3284 2981 3449 3030 mors,
3472 2978 3643 3036 poena,
3662 2960 3776 3029 justi-

583 3038 749 3093 etiam
799 3040 1058 3110 supplicia
1110 3042 1510 3113 praedestinata
1570 3042 1751 3113 impiis
1776 3082 1792 3108 ,
1847 3043 2167 3112 relinquitur
2201 3112 2234 3122 Α
2268 3052 2397 3118 tiae,
2424 3053 2591 3119 vitae,
2621 3052 2975 3108 beatitudinis
3002 3051 3249 3110 defectus
3280 3064 3442 3110 sunt:
3467 3054 3532 3110 ab
3562 3067 3620 3108 eo
3640 3051 3775 3122 igitur,

584 3144 725 3187 unus
754 3132 843 3187 ille
873 3149 1035 3202 saepe
1058 3112 1339 3204 praefatus
1367 3136 1587 3199 modus,
1619 3112 1710 3205 qui
1736 3134 1937 3189 dicitur
1964 3135 2161 3204 entby-
2192 3112 2236 3173 Ο
2270 3142 2360 3210 qui
2384 3112 2516 3206 Vest,
2565 3112 2673 3196 non
2704 3152 2859 3208 sunt;
2906 3157 2972 3198 ac
2998 3158 3097 3213 per
3123 3145 3247 3210 hoc,
3272 3145 3320 3201 si
3363 3145 3436 3200 ab
3455 3160 3520 3200 eo
3541 3157 3634 3198 non
3656 3112 3773 3202 sunt,

582 3236 762 3277 mema
787 3223 832 3290 ⁸,
858 3227 1115 3294 quoniam
1163 3226 1253 3281 illa
1294 3226 1491 3282 mentis
1516 3226 1800 3299 conceptio
1829 3242 1860 3281 a
1887 3226 2164 3281 conitrario

582 3326 801 3382 semper
836 3314 1153 3371 assumitur.

656 3402 766 3458 Vll.
797 3402 935 3459 Hinc
977 3404 1137 3474 apte‘
1165 3421 1198 3461 a
1244 3405 1647 3471 Grammaticis,
1680 3413 1741 3460 ut
1765 3404 2160 3476 praediximus,

580 3506 807 3552 vocatur
832 3500 1249 3573 κατωτίφρασις.
1285 3496 1453 3566 Cujus
1471 3496 1774 3566 exemplum
1805 3498 1860 3552 in
1906 3496 2165 3552 seculari-

580 3586 684 3642 bus
709 3586 906 3644 litteris
954 3587 1180 3651 Parcae,
1217 3589 1361 3657 quod
1396 3587 1524 3642 nulli
1558 3595 1799 3656 parcant,
1834 3587 1960 3640 item
1987 3586 2161 3650 lucus,

580 3680 724 3748 quod
756 3695 860 3734 non
893 3678 1090 3745 luceat,
1123 3690 1178 3736 et
1215 3679 1539 3749 bujusmodi,
1569 3693 1708 3748 quae
1727 3677 2075 3733 Grammatici
2108 3679 2161 3731 in

580 3771 811 3842 singulis
837 3780 1045 3841 ponunt
1075 3772 1273 3829 verbis.
1323 3772 1383 3828 lu
1431 3771 1757 3827 dictionibus
1801 3785 1933 3826 vero
1971 3769 2160 3824 rheto-

579 3878 703 3921 rum
731 3863 941 3921 Marcus
962 3863 1168 3921 Tullius
1208 3880 1309 3936 pro
1347 3864 1563 3936 Ligario
1593 3880 1649 3919 ει
1682 3862 1888 3918 Novum
1921 3862 2158 3928 crimen,

578 3954 713 4011 Cai'
746 3955 947 4012 Caesar
967 3958 1009 4011 nl
1026 3956 1085 4011 ιη
1113 3956 1311 4012 divinis
1339 3971 1553 4026 quoque
1582 3955 1827 4026 apicibus
1854 3954 2160 4009 multoties‘

579 4030 718 4102 haec
739 4047 946 4117 species
967 4047 1085 4104 luce
1109 4048 1310 4104 clarior
1333 4047 1558 4102 arridet.
1590 4046 1878 4116 Apostolus
1910 4064 1923 4098 :
1950 4045 2158 4100 Donate

575 4137 704 4192 ntihi
733 4138 868 4193 hanc
901 4138 1221 4207 injuriami,
1253 4147 1308 4194 et
1337 4139 1479 4207 quod
1503 4151 1665 4206 supra
1693 4137 1973 4205 posuimus
1997 4153 2009 4188 :
2036 4133 2161 4189 Per-

575 4226 701 4281 dant
725 4229 1033 4297 sapientiam
1061 4230 1372 4298 sapientum,
1419 4236 1467 4281 et
1492 4227 1826 4297 prudentiam
1844 4225 2157 4294 prudentum

575 4318 859 4387 reprobabo
887 4318 939 4371 ιι.
998 4318 1066 4373 Et
1110 4318 1367 4373 Dominus
1405 4318 1458 4373 in
1506 4315 1795 4387 Evangelio
1838 4315 1906 4371 de
1951 4314 2159 4371 Joanne

573 4403 815 4476 Baptista
840 4407 1061 4463 Judaeis
1091 4408 1170 4463 ait
1195 4425 1211 4462 :
1242 4406 1311 4462 Ut
1349 4407 1475 4479 quid
1496 4408 1677 4461 existis
1711 4407 1766 4460 in
1791 4405 2050 4461 desertum
2078 4406 2157 4461 rio

2269 3230 2392 3301 quis
2414 3233 2610 3288 audeat
2633 3232 2835 3301 dicere,
2868 3233 2925 3289 in
2953 3234 3034 3291 eis
3057 3235 3263 3306 aliquid
3288 3236 3454 3293 esse?

2332 3390 2423 3447 IX.
2457 3391 2767 3461 Peractum,
2791 3393 2848 3449 ni
2868 3394 3046 3465 fallor,
3070 3403 3127 3452 et
3146 3406 3391 3468 peccata,
3420 3406 3475 3453 et
3499 3403 3774 3467 poenas,nec

2264 3495 2295 3535 a
2327 3482 2438 3538 Deo
2465 3483 2580 3539 ﬁeri
2619 3501 2718 3541 nec
2754 3487 2825 3542 ab
2847 3501 2914 3542 eo
2938 3488 3234 3557 praesciri,
3274 3489 3358 3545 vel
3384 3481 3769 3560 praedestinariﬁ.

2261 3571 2469 3628 Delicta
2488 3576 2627 3630 enim
2650 3577 2768 3647 quis
2791 3577 3033 3649 intelligit
3052 3580 3116 3632 ιιι
3154 3579 3262 3636 Sed
3293 3581 3436 3637 sicut
3462 3580 3681 3639 dicimus,
3703 3585 3772 3626 nos

2264 3669 2537 3737 praescire
2564 3670 2816 3725 tenebras
2837 3679 2963 3742 post
3009 3671 3137 3729 solis
3163 3687 3419 3729 occasum
3446 3687 3559 3728 esse
3583 3669 3772 3731 futuras.

2261 3768 2318 3813 et
2364 3758 2639 3819 silentium
2688 3771 2814 3832 post
2840 3762 3320 3830 acclamationem,
3373 3771 3431 3819 et
3454 3760 3773 3824 doloremposl

2261 3848 2514 3904 sanitatis
2556 3848 2997 3917 abscessumﬁet
3027 3850 3611 3922 tristitiam,postquam
3636 3855 3770 3900 trans.

2265 3937 2392 3993 ierit
2440 3940 2694 4009 gaudium
2714 3980 2728 4006 ,
2776 3950 2833 3996 et
2875 3942 3116 3999 laborem
3144 3952 3409 4013 pereunte
3435 3942 3617 4012 quiete,
3640 3932 3773 3991 stulti-

2250 4028 2393 4088 tiam
2441 4030 2649 4098 perdita
2681 4032 2979 4101 sapientia,
3028 4043 3321 4104 ceteraque
3366 4034 3419 4089 id
3459 4045 3633 4103 genus,
3671 4035 3772 4095 quae

2260 4121 2474 4186 omnia,
2527 4130 2585 4175 ut
2625 4122 2702 4177 ait
2743 4123 3096 4194 Augustinus,
3130 4145 3148 4176 ι
3181 4123 3475 4180 nesciendo
3513 4121 3720 4177 sciuntur
3736 4133 3770 4176 »ι

2266 4226 2524 4281 «quorum
2554 4214 2766 4269 inscitia
2788 4228 2975 4270 eorum
2999 4224 3085 4271 est
3110 4215 3340 4271 scientia
3363 4216 3441 4268 ί».
3460 4212 3545 4267 Sic
3571 4208 3771 4264 nimirum

2259 4313 2447 4360 sancta
2499 4306 2794 4361 auctoritas
2823 4306 2991 4362 Deum
3021 4308 3218 4363 asserit
3240 4306 3325 4363 vel
3361 4304 3680 4377 praesciisse.
3710 4288 3771 4345 νει

2260 4395 2692 4464 praedestinasse
2704 4408 2923 4467 peccata
2932 4439 2948 4463 ,
2964 4398 3047 4454 vel
3060 4412 3427 4469 poenas,quae
3441 4410 3535 4451 nec
3546 4381 3770 4463 praesciti.

574 4471 736 4550 dere?
776 4497 1100 4553 Arandinem
1143 4499 1302 4553 ventis
1346 4471 1598 4568 agitatam
1631 4507 1652 4536 ο
1673 4496 1699 4550 ?
1727 4497 1858 4552 Item
1891 4497 2154 4566 proditori
2184 4471 2234 4530 Ῐ)
2261 4491 2760 4559 necpraedestinari
2793 4501 3039 4561 possunt.
3064 4489 3181 4547 Non
3201 4491 3345 4547 enim
3363 4492 3415 4546 in
3429 4478 3772 4544 deﬁnitionibus

574 4599 675 4640 suo
701 4603 716 4640 :
744 4584 944 4652 Amice,
988 4588 1057 4642 ad
1078 4589 1205 4659 quid
1231 4589 1411 4644 veniin
1439 4587 1491 4652 ἀ,
1517 4596 1571 4643 et
1600 4595 1801 4652 cetera,
1826 4601 1967 4656 quae
1992 4588 2065 4651 ei,
2096 4596 2155 4642 ut

574 4676 1133 4749 praediximus,quasi
1158 4679 1496 4750 Apostolicae
1522 4678 1728 4748 gratiae
1755 4677 1992 4733 consorti
2010 4678 2150 4732 dicta

572 4775 718 4822 sunt.
746 4767 1035 4841 Exemplo"
1065 4771 1201 4827 haec
1228 4770 1518 4827 suiﬁciunt.
1547 4769 1856 4825 Redeamus
1871 4768 1936 4822 ad
1954 4783 2152 4839 prope.

572 4856 757 4912 situm.

2255 4578 2552 4635 formarum
2581 4582 2732 4648 sciri,
2759 4582 2852 4636 sed
2881 4582 2935 4637 in
2967 4583 3265 4639 defectibus
3292 4596 3477 4636 earum
3501 4572 3675 4633 nesciri
3696 4582 3770 4622 n0.

2255 4681 2499 4728 scuntur.
2534 4673 2672 4739 Quid
2701 4674 2885 4729 enim?
2906 4674 3159 4746 Nunquid
3188 4675 3334 4729 aliud
3366 4670 3618 4742 signiﬁcat
3639 4657 3769 4755 nihil.

2253 4764 2357 4819 nisi
2404 4765 2679 4820 notionem
2726 4767 3014 4836 cogitantis
3053 4764 3320 4821 defectum
3350 4761 3623 4820 essentiae.
3666 4749 3769 4817 Q“id

2252 4854 2562 4926 signiﬁcant
2607 4856 2889 4922 tenebrae,
2943 4855 3027 4911 vel
3054 4855 3362 4921 silentium,
3411 4851 3511 4908 nisi
3548 4844 3769 4902 notionem

1852 4971 2108 5027 VARIAE
2145 4968 2544 5027 LECTIONES.

644 5079 680 5155 ‘_
705 5077 804 5155 Ubi
829 5092 937 5133 om.
962 5075 1078 5155 μμ
1111 5076 1285 5155 ’Cod.
1314 5077 1566 5155 claribus,
1590 5080 1668 5135 sic
1689 5095 1918 5155 semper.
1989 5080 2020 5155 _‘
2034 5081 2485 5155 Cnd._entimema.
2563 5082 2587 5116 ⁸
2617 5084 2711 5141 Sic
2733 5083 2828 5151 M.,
2862 5083 2980 5140 cod.
2998 5092 3192 5155 aperte.
3269 5081 3437 5138 lCod.
3468 5096 3568 5151 gm.
3637 5070 3762 5128 ’ϐοείη

569 5149 888 5204 multatiens.
962 5149 983 5182 "
1024 5146 1115 5204 Sic
1138 5146 1259 5203 cod.
1334 5151 1357 5181 ⁸
1394 5148 1486 5204 Sic
1517 5149 1613 5217 M.,
1644 5152 1764 5207 cod.
1795 5146 1885 5205 aut
1910 5151 2019 5222 qui.
2094 5156 2116 5186 ’
2150 5152 2282 5207 Cod.
2312 5154 2601 5209 abscesum.

2076 5259 2326 5318 NOTAE.

637 5362 666 5394 ι
702 5350 767 5407 11.
798 5349 927 5408 Cor.
955 5349 1067 5415 XII,
1096 5350 1183 5407 15.

636 5421 667 5463 δ
703 5421 871 5478 ICor.
903 5421 945 5486 l,
968 5422 1055 5476 l9.
1272 5436 1277 5440 '

639 5500 666 5532 ⁸
704 5490 893 5546 Matth.
920 5491 1009 5554 XI,
1040 5492 1092 5545 7.

631 5559 659 5601 δ
702 5560 893 5616 Matth.
921 5559 1111 5625 XXVI,
1139 5560 1229 5617 50.

639 5640 666 5671 ⁸
702 5630 722 5685 1
743 5629 868 5685 Cor.
886 5629 1001 5692 XV,
1029 5631 1117 5684 52.

643 5699 667 5740 ί
708 5698 865 5757 Rom.
900 5699 1009 5766 VII,
1042 5700 1131 5755 25.

2321 5355 2728 5411 'Falsissimum
2748 5355 2800 5428 id
2820 5355 3061 5428 quidem.
3094 5354 3229 5410 Nam
3256 5362 3471 5428 peccata
3503 5345 3763 5428 praesciuit-

2247 5436 2354 5491 tur,
2381 5428 2473 5482 sed
2507 5442 2611 5481 non
2638 5426 3130 5496 praedestinantur,
3156 5426 3358 5496 poen‘ae
3388 5439 3515 5479 vero
3538 5429 3590 5496 et
3616 5427 3764 5485 primi“

2245 5497 2485 5563 ciuntur,
2526 5506 2581 5552 et
2611 5492 2915 5567 justissimo
2946 5497 3040 5552 Dei
3070 5492 3273 5565 judicio
3291 5492 3548 5568 peccatori
3574 5496 3760 5560 praelii“

2247 5575 2457 5622 rantur.

2315 5636 2343 5677 II
2384 5635 2525 5691 Psal.
2555 5635 2736 5697 XVIII,
2770 5637 2852 5691 15.
2892 5702 2895 5703 ν

2323 5718 2342 5748 ι
2383 5707 2664 5777 Augustin.
2694 5708 2759 5762 de
2788 5706 2939 5761 Cirit.
2974 5705 3091 5774 Dei,
3122 5706 3234 5771 XII,
3264 5707 3315 5761 7.
