4028 6280
225 313 342 383 si:

1310 325 1528 381 LIBER
1567 322 1655 378 DE
1688 322 2393 389 PRAEDESTINATIONE.

3375 334 3483 391 ιη

229 434 569 508 cogitantis,
617 434 884 503 delectum
904 435 1212 492 essentiae?
1241 435 1378 503 Quid
1413 438 1718 510 signillcant
1743 448 1823 495 te-
1848 446 1896 505 Α
1928 442 2191 509 diximus,
2216 460 2324 502 non
2352 445 2612 504 haberent
2639 446 2692 502 in
2718 462 2816 504 sua
2845 446 3104 504 memoria
3122 486 3136 509 ,
3173 446 3220 507 si
3246 461 3353 503 non
3381 448 3483 502 ali-

230 527 449 583 nebrae
498 524 582 579 vel
634 523 942 589 silentium,
993 525 1097 579 nisi
1157 526 1430 581 notionem
1463 529 1750 597 cogitantis
1775 539 1817 595 ι,

230 617 326 672 vel
362 616 555 689 lucem,
592 615 677 670 vel
707 630 893 671 vocem
925 616 1149 671 deesse?
1178 615 1312 671 Cum
1341 618 1491 684 dico,
1519 618 1633 673 sole
1662 634 1823 689 super

232 716 420 761 terras
460 704 721 760 rutilante
756 705 869 760 scio
906 707 1155 761 tenebras
1182 720 1301 761 esse
1342 709 1442 763 sub
1488 710 1679 774 terris,
1713 725 1820 764 non

230 796 388 850 aliud
413 795 719 867 signiﬁcare
734 794 875 861 volo,
891 796 994 850 nisi
1016 795 1187 850 lucem
1211 811 1374 866 super
1390 805 1560 852 terras
1571 798 1761 853 adesse
1776 799 1821 863 ³.

226 884 343 941 sub
366 884 525 940 terris
544 899 673 939 vero
694 884 904 939 abesse.
922 884 1190 953 Quidquid
1217 886 1406 938 horum
1430 886 1615 941 dixero
1628 885 1682 940 in
1707 886 1823 941 ani-

231 989 331 1028 mo
353 988 473 1028 meo
490 1013 506 1039 ,
531 973 598 1028 de
636 972 751 1029 sole
780 972 1105 1045 imaginatur
1124 973 1293 1028 notio.
1322 971 1450 1028 Sive
1474 976 1618 1029 enim
1648 974 1726 1030 sol
1754 964 1824 1030 sit

232 1077 520 1132 praesens,
551 1061 667 1117 sive
703 1062 932 1127 absens,
964 1075 1179 1130 semper
1212 1061 1316 1116 erit
1353 1059 1468 1130 ejus
1510 1062 1823 1133 imaginatio

231 1171 502 1227 praesens
517 1156 570 1210 in
588 1154 849 1210 memoria
866 1171 882 1219 ;
904 1169 1047 1223 quae
1064 1153 1278 1224 quidem
1306 1154 1417 1209 sole
1429 1161 1716 1223 praesente
1728 1170 1822 1210 no-

235 1260 369 1299 men
393 1245 551 1310 lucis,
567 1244 789 1300 absente
803 1245 1144 1299 tenebrarum
1161 1244 1369 1314 recipit.
1386 1243 1499 1300 Hoc
1520 1245 1662 1309 dico,
1678 1246 1824 1300 notio

235 1334 545 1403 praesentis
574 1332 665 1386 lux
702 1332 1045 1398 nominatur,
1089 1333 1235 1387 notio
1270 1332 1509 1388 absentis
1548 1332 1820 1388 tenebrae.

312 1421 384 1475 Χ.
416 1421 563 1476 Haec
590 1436 719 1492 ergo
747 1429 802 1475 et
827 1419 1134 1489 hujusmodi
1177 1421 1329 1491 signa
1358 1437 1461 1476 non
1491 1422 1594 1476 nisi
1618 1437 1821 1489 rerum,

236 1526 385 1583 quae
423 1511 606 1576 sunt',
642 1511 915 1566 notionem
950 1510 1225 1566 absentiae
1253 1522 1347 1566 aut
1375 1511 1613 1568 defectus
1640 1521 1823 1568 osten-

240 1606 404 1657 dunt.
440 1602 673 1657 Proinde
722 1603 815 1672 qui
849 1602 1009 1667 dolet,
1048 1603 1176 1671 quid
1206 1604 1330 1667 scit,
1378 1603 1482 1659 nisi
1513 1603 1703 1660 abesse
1738 1620 1825 1661 sa-

238 1695 474 1749 nitatem
492 1694 517 1746 ?
539 1694 778 1749 Dolendo
803 1694 969 1764 igitur
997 1708 1101 1747 non
1133 1693 1305 1762 ipsum
1334 1693 1591 1758 dolorem,
1620 1694 1712 1749 sed
1743 1694 1822 1764 ip-

1919 548 2025 602 qua
2063 533 2179 602 ejus
2208 535 2431 592 scientia
2463 537 2614 593 ﬂeret
2660 539 2713 592 in
2754 553 2854 593 sua
2878 547 3093 595 natura.
3118 537 3483 595 Sieutautem

1920 622 2097 679 nullus
2122 632 2274 679 extra
2303 640 2364 680 se
2381 625 2624 681 veritatis
2648 625 2809 682 habet
2838 626 3132 693 notionem,
3176 627 3250 682 ita
3276 636 3332 685 et
3365 626 3486 698 ejus

1916 710 2221 766 scientiam.
2268 711 2482 769 Veritas
2527 723 2611 769 est
2656 715 2901 771 felicitas.
2951 714 3136 772 Nullus
3160 731 3290 786 ergo
3326 726 3483 772 extra

1921 805 2174 853 naturam
2202 813 2353 853 suam
2383 799 2653 856 felicitatis
2698 811 2753 857 et
2791 802 3065 858 notionem
3114 808 3170 858 et
3197 805 3482 858 scientiam
3518 798 3521 801 ’

1920 884 2205 940 habiturus
2228 887 2318 941 sit.
2349 886 2405 940 ln
2434 888 2750 943 miserorum
2792 890 2973 959 itaque
2998 898 3185 944 natura
3215 892 3318 945 erit
3343 892 3484 946 veri-

1922 983 2021 1028 tas.
2071 973 2186 1028 Erit
2231 974 2393 1045 igitur
2438 974 2688 1032 felicitas.
2742 977 2838 1032 Ast
2863 978 3131 1047 quomodo
3176 977 3266 1033 illa
3290 987 3484 1034 natura

1921 1062 2116 1117 misera
2157 1064 2293 1129 erit,
2341 1065 2426 1118 cui
2476 1065 2704 1121 felicitas
2744 1066 2933 1131 inerit,
2965 1082 3102 1136 quae
3127 1076 3211 1122 est
3240 1068 3484 1123 veritas?

1922 1147 2095 1219 Quid?
2121 1151 2177 1206 Si
2198 1152 2338 1207 nulla
2358 1161 2546 1208 natura
2570 1152 2731 1210 fuerit
2749 1155 2956 1224 punita,
2980 1155 3218 1225 nunquid
3247 1157 3353 1211 erit
3381 1156 3486 1211 mi-

1922 1244 2076 1299 sera?
2103 1243 2219 1299 Non
2246 1245 2420 1300 video.
2453 1244 2569 1312 Qua
2595 1245 2738 1300 enim
2767 1262 2929 1301 causa
2953 1248 3134 1317 aliqua
3160 1256 3352 1301 natura
3380 1246 3487 1301 erit

1922 1333 2154 1399 misera,
2202 1333 2304 1388 nisi
2352 1336 2515 1389 fuerit
2557 1336 2779 1405 punita?
2825 1336 3006 1406 Itaque
3041 1338 3087 1392 si
3118 1337 3261 1392 nulla
3299 1348 3491 1393 natura

1920 1421 2101 1491 puniri
2128 1430 2323 1492 potest.
2357 1424 2502 1479 nulla
2530 1434 2719 1479 natura
2757 1426 2951 1480 misera
2979 1427 3100 1481 erit.
3152 1426 3283 1494 Quis
3309 1436 3491 1482 autem

1924 1525 2031 1564 non
2061 1510 2371 1577 crediderit,
2399 1528 2612 1569 omnem
2637 1523 2882 1569 naturam
2914 1526 3006 1570 aut
3035 1517 3200 1572 Deum
3226 1533 3370 1583 esse,
3396 1528 3491 1573 aut

1923 1614 1995 1653 ao
2034 1616 2099 1655 eo
2136 1599 2377 1657 factam?
2425 1602 2678 1658 Naturam
2720 1606 3035 1661 creatricem
3083 1588 3331 1663 miseriae
3369 1622 3491 1665 esse

1924 1704 2198 1759 capacem,
2226 1691 2686 1747 dementissimum
2706 1702 2789 1749 est
2816 1695 3096 1764 suspicari.
3118 1688 3371 1751 Creatrix
3397 1714 3489 1752 au-

239 1800 365 1840 sam
403 1784 690 1841 sanitatem
720 1784 888 1850 novit,
921 1799 1082 1854 quam
1113 1784 1351 1855 profecto
1400 1801 1505 1840 non
1537 1794 1741 1851 nosset,
1771 1786 1816 1841 si
1848 1782 1892 1840 B
1923 1790 2031 1836 tem
2062 1790 2253 1836 natura
2284 1783 2426 1851 quali
2443 1783 2657 1854 justitia
2686 1785 2936 1854 punitura
2970 1786 3039 1841 sit
3067 1794 3322 1853 naturas,
3352 1804 3490 1858 quas

239 1873 313 1926 de
347 1871 436 1926 illa
482 1872 755 1928 notionem
785 1872 1053 1943 quandam
1079 1887 1187 1927 non
1231 1873 1474 1928 haberet.
1502 1872 1824 1930 Recordatio

241 1963 446 2034 quippe
468 1962 713 2019 sanitatis
758 1963 814 2018 in
860 1963 1107 2019 sensibus
1146 1972 1419 2029 remanet,
1466 1963 1582 2034 ipsa
1612 1980 1741 2020 vero
1772 1967 1824 2019 in

246 2057 342 2112 illa
390 2056 725 2122 substantia,
772 2072 933 2126 quam
980 2055 1122 2112 Deus
1168 2057 1406 2123 creavit,
1449 2057 1666 2113 residet.
1708 2057 1823 2114 Non

240 2149 395 2204 enim
427 2147 653 2204 Creator
680 2148 854 2217 punit,
868 2162 1008 2219 quae
1026 2146 1334 2213 fecita,nec
1359 2148 1428 2202 ab
1450 2147 1530 2202 eis
1558 2148 1823 2203 naturalia

242 2255 475 2296 munera
518 2239 674 2295 tollit.
709 2237 845 2293 Nam
880 2240 925 2295 si
956 2240 1009 2294 in
1055 2239 1171 2310 ipsa
1204 2249 1395 2294 natura
1432 2239 1663 2295 dolentis
1692 2255 1825 2310 quo-

242 2332 535 2387 dammodo
561 2332 769 2387 sanitas
813 2345 921 2387 non
950 2331 1180 2393 inesset,
1221 2345 1339 2385 eam
1368 2332 1583 2401 penitus
1608 2331 1825 2401 ignora-

245 2432 357 2487 ret,
396 2436 571 2491 neque
597 2422 666 2476 ab
692 2421 809 2491 ejus
831 2420 1042 2475 occulta
1071 2420 1297 2477 scientia
1325 2421 1583 2475 memoria
1610 2421 1824 2490 patien-

242 2514 322 2567 tis
385 2513 553 2582 ipsius
596 2513 896 2569 absentiam
945 2511 967 2544 ⁸
1015 2511 1356 2577 formaretur,
1424 2528 1598 2583 neque
1639 2526 1824 2568 amore

236 2598 588 2674 praesentiae
605 2604 722 2674 ejus
741 2613 1098 2674 torqueretur.
1121 2603 1275 2658 Nulla
1298 2602 1559 2673 siquidem
1581 2604 1821 2659 rationa-

245 2693 318 2748 lis
344 2703 537 2749 natura
567 2704 680 2761 est,
713 2710 851 2766 quae
883 2710 990 2751 non
1023 2695 1150 2750 velit
1194 2694 1377 2764 fugere
1413 2696 1681 2751 miseriam
1702 2733 1719 2759 ,
1770 2703 1824 2750 et

242 2785 536 2854 pervenire
562 2786 627 2842 ad
667 2785 1088 2851 beatitudinem,
1133 2795 1226 2842 aut
1248 2793 1462 2858 gustata
1491 2785 1822 2842 beatitudine

246 2874 383 2929 velit
415 2875 665 2930 recedere
717 2874 1055 2944 miseraque‘
1081 2890 1220 2932 esse.

747 2964 1145 3022 CAPITULUM
1181 2965 1319 3025 XVI.

247 3057 332 3111 De
381 3074 443 3112 eo
487 3058 624 3127 quod
653 3056 800 3111 nulla
851 3067 1042 3112 natura
1089 3045 1332 3111 mituram
1367 3059 1552 3127 punit,
1598 3067 1646 3111 et
1695 3057 1824 3113 nihil

1930 1869 2045 1938 ipsa
2074 1871 2299 1934 creavit,
2330 1886 2436 1926 non
2486 1871 2721 1927 invenio.
2772 1871 2925 1928 Nulla
2957 1874 3151 1930 dehinc
3177 1886 3370 1932 natura
3398 1892 3499 1948 pu-

1929 1966 2127 2021 ntetur,
2157 1973 2260 2011 non
2287 1959 2471 2028 punita
2508 1975 2611 2014 non
2643 1959 2748 2014 erit
2771 1960 2991 2017 misera.
3179 1959 3189 1969 ’

1988 2047 2060 2111 ll.
2098 2047 2203 2103 Sed
2234 2049 2277 2103 si
2305 2049 2425 2119 quis
2453 2047 2591 2104 forte
2617 2050 2743 2105 huic
2769 2051 2961 2105 rationi
2988 2052 3280 2108 concedere
3304 2053 3492 2110 nolue-

1926 2138 2032 2203 rit,
2078 2139 2451 2194 auctoritatem
2494 2140 2665 2210 patris
2701 2140 3005 2210 Augustini,
3049 2150 3106 2196 ut
3137 2143 3359 2211 opinor,
3388 2159 3496 2200 non

1929 2224 2202 2292 refutabit,
2249 2226 2337 2295 qui
2379 2227 2431 2281 in
2460 2228 2740 2283 undecimo
2771 2229 3067 2284 Exemcroa
3100 2230 3236 2285 libro
3262 2231 3348 2286 his
3376 2248 3496 2288 ver-

1926 2316 2013 2371 bis
2040 2317 2388 2387 pronuntiare
2420 2333 2522 2372 non
2558 2319 2768 2374 dubitat
2793 2336 2805 2373 :
2835 2336 2856 2370 ι
2896 2318 3127 2375 Cuilibet
3152 2323 3411 2390 occurrit,
3441 2334 3500 2381 et

1926 2421 2114 2461 verum
2143 2416 2225 2462 est
2250 2416 2411 2478 atque
2437 2408 2799 2472 manifestum.
2825 2409 3065 2479 justitiae
3092 2412 3191 2482 ipsi
3213 2428 3333 2469 esse
3360 2429 3494 2470 con-

1928 2497 2186 2561 trarium,
2230 2506 2291 2550 ut
2318 2497 2464 2552 nullo
2484 2500 2838 2569 praecedente
2885 2501 3078 2557 merito
3109 2503 3210 2559 hoc
3239 2504 3412 2574 ipsum
3439 2506 3495 2561 in

1930 2600 2149 2655 quoque
2181 2594 2201 2626 ο
2224 2582 2366 2641 Deus
2405 2588 2652 2655 danmet,
2677 2589 2819 2659 quod
2845 2589 2899 2643 in
2942 2604 3006 2643 eo
3037 2591 3149 2659 ipse
3197 2594 3493 2657 creaverit,

1927 2684 2188 2745 certaque
2236 2684 2292 2731 et
2338 2677 2557 2732 evidens
2586 2678 2857 2733 damnatio
2884 2679 3079 2735 diaboli
3111 2689 3164 2736 et
3186 2682 3498 2752 angelorum

1924 2763 2045 2833 ejus
2072 2778 2136 2818 ex
2174 2765 2462 2836 Evangelio
2496 2767 2767 2829 recitetur,
2799 2768 2889 2822 ubi
2917 2783 2975 2823 se
3003 2769 3271 2823 dicturum
3321 2770 3503 2824 Domi-

1924 2870 2031 2910 nus
2055 2856 2418 2924 pronuntiavit
2440 2857 2460 2888 ⁷
2500 2857 2609 2920 eis,
2655 2857 2747 2925 qui
2778 2872 2806 2910 a
2838 2858 3070 2912 sinistris
3098 2867 3225 2913 sunt
3260 2877 3273 2913 :
3319 2859 3401 2912 Ite
3442 2861 3498 2913 in

1924 2941 2098 3012 ignem
2116 2952 2400 3007 aeternum,
2416 2945 2505 3014 qui
2527 2955 2867 3014 praeparatus
2892 2956 2965 2999 est
2995 2947 3202 3000 diabolo
3227 2957 3274 3001 et
3298 2936 3496 3018 angelis

1925 3044 2043 3104 ejus
2059 3034 2107 3087 ά.
2126 3034 2280 3089 Nullo
2297 3037 2453 3091 modo
2475 3037 2525 3089 in
2548 3051 2612 3091 eo
2637 3045 2906 3102 naturam,
2924 3052 3083 3107 quam
3108 3038 3252 3093 Dens
3269 3041 3497 3106 creavit,

287 3127 440 3180 aliud
460 3124 569 3180 esse
589 3143 780 3196 poenae
805 3136 1152 3195 peccatorum,
1186 3126 1287 3180 nisi
1306 3124 1515 3196 peccata
1537 3143 1714 3182 eorum
1729 3127 1779 3181 ι’.
1846 3129 1891 3191 C
1923 3124 2021 3180 sed
2050 3125 2244 3180 malam
2270 3128 2542 3197 propriam
2582 3127 2908 3183 voluntatem
2939 3145 3109 3200 poena
3144 3130 3282 3200 ignis
3319 3144 3500 3186 aeter-

321 3217 366 3271 l.
392 3217 446 3271 lu
478 3232 671 3288 magno
699 3218 882 3286 itaque
911 3217 1112 3272 aeterni
1144 3217 1283 3288 ignis
1311 3218 1504 3273 ardore
1534 3217 1664 3272 nihil
1686 3217 1829 3273 aliud

249 3308 325 3361 sit
349 3306 588 3376 poenalis
622 3306 863 3370 miseria,
903 3320 1065 3376 quam
1107 3306 1297 3360 beatae
1327 3304 1602 3361 felicitatis
1632 3306 1827 3362 absen-

246 3400 328 3451 tia
348 3409 395 3451 ε.
431 3397 489 3451 1η
519 3413 623 3468 qua
654 3405 832 3451 tamen
860 3395 1037 3450 nullus
1064 3395 1185 3459 erit,
1219 3395 1309 3466 qui
1337 3410 1442 3451 non
1471 3396 1668 3452 habeat
1696 3395 1830 3451 insi-

250 3500 367 3542 tam
399 3488 500 3543 sibi
537 3486 856 3541 naturaliter
886 3486 1125 3540 absentis
1179 3485 1529 3540 beatitudinis
1556 3487 1829 3541 notionem

247 3576 479 3646 ejusque
502 3576 826 3631 desiderium
845 3616 861 3641 ,
912 3584 971 3629 ut
995 3590 1061 3629 eo
1096 3575 1328 3629 maxime
1357 3584 1691 3646 torqueatur,
1721 3591 1830 3646 quo

255 3666 519 3722 ardenter
544 3674 797 3737 appetat,
844 3666 983 3736 quod
1017 3663 1223 3734 justum
1254 3665 1346 3719 Dei
1385 3660 1828 3734 judicium’com-

249 3756 595 3826 prehendere
622 3770 728 3810 non
755 3754 917 3808 sinat.
966 3752 1067 3821 Qui
1095 3753 1444 3824 proculdubio
1481 3755 1748 3824 appetitus
1777 3755 1829 3809 in

256 3846 461 3899 misero
489 3860 594 3899 non
631 3852 796 3908 esset,
825 3844 869 3898 si
898 3843 1131 3914 penitus,
1177 3844 1320 3912 quod
1348 3845 1571 3913 appetit.
1604 3861 1710 3899 non
1734 3847 1834 3901 ha-

248 3933 430 3987 beret.
478 3932 852 3988 Occultissimo
909 3933 1089 4001 itaque
1135 3932 1526 4004 verissimoque
1567 3934 1730 3991 modo
1776 3938 1830 3993 in

250 4024 676 4095 profundissima
722 4025 1109 4097 suppliciorum
1148 4024 1363 4079 miseria
1395 4025 1632 4081 damnati
1664 4028 1831 4083 habe-

254 4120 393 4173 bunt
421 4116 733 4174 felicitatem
756 4158 770 4183 ,
818 4125 871 4172 et
915 4130 1021 4170 non
1067 4116 1337 4171 habebunt
1373 4130 1510 4170 eam.
1549 4115 1833 4173 llabebunt

254 4209 478 4279 quidem
502 4206 769 4279 quandam
802 4207 1073 4262 notionem
1106 4204 1174 4260 ad
1205 4205 1319 4276 ejus
1349 4206 1681 4272 memoriam,
1714 4207 1831 4261 vul-

253 4306 374 4351 tum
404 4313 534 4353 vero
557 4296 675 4365 ejus
702 4297 757 4350 in
783 4296 1019 4351 lructum
1041 4293 1514 4364 contemplationis
1539 4308 1644 4349 non
1673 4295 1835 4351 habe-

255 4388 416 4442 bunt.
446 4386 621 4455 Quam
647 4385 897 4458 profecto
924 4384 1198 4441 felicitatis
1223 4385 1495 4438 notionem
1531 4386 1736 4449 miseri,
1774 4394 1835 4440 ut

1892 3236 1900 3243 ·
1932 3217 1989 3273 ni
2018 3216 2351 3288 plectendum
2394 3233 2512 3275 esse
2548 3219 2868 3300 credendum
2918 3229 3033 3285 est;
3066 3236 3166 3276 nec
3201 3222 3317 3292 ejus
3346 3232 3498 3276 natu-

1930 3324 2051 3363 ram
2099 3324 2218 3365 esse
2268 3309 2661 3379 signiﬁcatam,
2704 3310 2848 3380 quod
2877 3311 3076 3367 dictum
3106 3320 3228 3367 est:
3273 3311 3387 3367 Hoc
3424 3323 3506 3368 est

1928 3399 2142 3453 initium
2179 3397 2410 3470 ﬁgmenti
2438 3400 2672 3463 Domini,
2716 3399 2855 3471 quod
2882 3400 3024 3469 fecit,
3071 3409 3127 3454 ut
3157 3400 3412 3455 illudatur
3435 3401 3501 3455 ab

1930 3486 2131 3558 angelis
2158 3487 2270 3554 ejus
2311 3499 2358 3552 ο,
2391 3488 2483 3543 sed
2506 3487 2594 3542 vel
2622 3503 2819 3559 corpus
2843 3503 3083 3553 aereum,
3110 3489 3253 3558 quod
3281 3489 3369 3543 tali
3409 3504 3500 3543 vo-

1929 3574 2125 3638 luntati
2151 3587 2512 3648 congruenter
2536 3579 2758 3647 aptavit,
2789 3577 2870 3632 vel
2891 3577 3061 3649 ipsam
3083 3578 3498 3642 ordinationem,

1933 3670 1987 3720 in
2018 3683 2122 3736 qua
2151 3682 2275 3722 eum
2325 3667 2453 3723 fecit
2477 3669 2639 3723 etiam
2684 3668 2953 3724 nolentem
2981 3668 3164 3723 utilem
3191 3667 3349 3723 bouis
3369 3708 3384 3733 ,
3419 3669 3505 3724 vel

1932 3756 2414 3825 quodpraesciens
2438 3770 2558 3810 eum
2586 3757 2799 3828 propria
2826 3757 3099 3813 voluntate
3134 3757 3331 3816 malum
3363 3757 3505 3812 futu-

1934 3859 2077 3909 rum,
2094 3844 2221 3899 fecit
2241 3860 2363 3899 eum
2394 3853 2588 3911 tamen,
2614 3861 2716 3900 non
2739 3846 3012 3901 abstinens
3032 3845 3322 3900 bonitatem
3344 3859 3498 3900 suam

1933 3936 1987 3990 in
2023 3934 2327 4005 praebenda
2368 3936 2475 3988 vita
2531 3943 2694 4004 atque
2718 3935 3016 3990 substantia
3040 3974 3055 3999 ,
3098 3932 3308 3988 futurae
3336 3934 3500 3989 etiam

1933 4026 2127 4081 noxiae
2166 4024 2423 4080 voluntati
2469 4024 2628 4079 simul
2673 4025 3019 4094 praevidens,
3061 4031 3263 4091 quanto
3302 4022 3369 4076 de
3411 4021 3501 4075 illo

1932 4118 2070 4174 bona
2104 4116 2288 4173 esset“
2324 4129 2419 4170 sua
2467 4114 2699 4169 mirabili
2738 4114 2978 4185 bonitate
3006 4126 3071 4168 ac
3115 4119 3380 4181 potestate
3425 4108 3505 4163 fa-

1933 4216 2121 4263 cturus
2155 4226 2200 4260 ι.
2238 4204 2257 4244 ί
2286 4204 2344 4262 Si
2372 4218 2500 4275 ergo
2529 4204 2980 4274 augelicanatura
3021 4201 3075 4256 in
3115 4198 3326 4257 diabolo
3355 4199 3505 4271 justo

1933 4311 2040 4351 non
2079 4296 2273 4351 sinitur
2313 4295 2515 4366 puniri,
2565 4293 2693 4362 quid
2724 4292 2940 4357 mirum,
2967 4290 3014 4346 si
3042 4291 3333 4345 humanam
3371 4288 3502 4343 sub-

1937 4388 2193 4442 stantiam
2228 4387 2281 4442 in
2306 4385 2616 4443 hominibus
2642 4385 2803 4440 etiam
2834 4380 3167 4453 impiissimis
3193 4378 3383 4435 eadem
3421 4376 3503 4432 dl-

1542 4496 1794 4554 VARIAE
1829 4496 2228 4556 LECTlONES.

323 4612 919 4690 ldefeelmﬁeuentiae
936 4609 1297 4690 τ-ερρὲιαηρίσ
1317 4623 1441 4690 3m.
1468 4607 1553 4690 id,
1576 4609 1630 4690 in
1656 4606 2014 4690 codicejnfra
2046 4608 2112 4663 ad
2136 4622 2310 4690 marg.
2341 4618 2519 4663 adscr.
2543 4605 2666 4690 ead:
2706 4619 2890 4690 man.”
2920 4612 2950 4690 _!
2989 4601 3080 4690 Sic
3115 4596 3502 4690 (ἔραζε-[ξιξ.

253 4685 277 4717 ⁸
318 4683 413 4739 Sic
437 4670 579 4745 cod.,
610 4682 679 4737 Μ.
720 4684 875 4735 sicut.
951 4679 973 4712 ⁸
1013 4670 1107 4734 Sic
1136 4677 1387 4748 cod.,M.
1429 4670 1683 4748 absentia.
1757 4678 1779 4709 '
1816 4678 1908 4734 Sic
1950 4678 2023 4748 Μ,
2053 4677 2172 4733 cod.
2206 4670 2569 4748 miserumque.
2646 4675 2668 4706 ⁸
2706 4673 2798 4729 Sic
2836 4672 2982 4736 cod.,
3010 4670 3079 4726 al.
3124 4670 3181 4724 in
3218 4683 3502 4740 quoquam.

250 4756 277 4787 "
323 4751 418 4809 Sic
444 4744 590 4817 cod.,,
621 4752 687 4806 al.
718 4750 1119 4821 praenuntiavit.
1194 4745 1217 4779 ³
1255 4744 1345 4802 Sic
1365 4746 1511 4815 cod.,
1537 4747 1587 4807 Μ
1610 4755 1807 4819 quanta
1834 4747 1901 4804 de
1930 4747 2020 4802 illo
2047 4748 2185 4802 bona
2211 4762 2339 4801 esse.

1774 4855 2024 4913 NOTAE.

334 4969 361 4997 ι
401 4954 765 5014 Prudentius:
798 4952 946 5007 Nihil
982 4952 1130 5008 aliud
1159 4951 1326 5007 Deum
1353 4953 1541 5020 punire
1563 4991 1578 5015 ,
1623 4952 1679 5005 id
1716 4961 1790 5006 est
1813 4992 1827 5016 ,

258 5025 444 5096 poenis
474 5023 748 5096 addicere,
766 5023 897 5096 nisi
915 5023 1053 5091 quod
1062 5021 1204 5096 fecit
1222 5060 1238 5085 ,
1276 5019 1575 5096 sedauerite
1602 5022 1799 5096 peccati
1815 5060 1830 5085 ,

258 5089 403 5164 quod
424 5094 529 5164 ipse
550 5109 665 5164 non
681 5092 818 5164 fecit.
846 5089 967 5164 Non
989 5092 1146 5164 enim,
1163 5090 1352 5158 inquit,
1369 5090 1425 5141 in
1439 5089 1584 5142 beato
1599 5089 1698 5143 Job
1711 5105 1840 5164 pec-

258 5106 401 5164 quod
424 5109 529 5162 ipse
550 5109 656 5146 non
681 5106 818 5160 tecet.
846 5106 967 5144 tvon
989 5107 1146 5153 enim,
1163 5106 1352 5158 tnqutt,
1369 5106 1425 5141 in
1439 5106 1584 5142 oeato
1599 5106 1839 5210 θοοῦεο-

258 5174 437 5215 camm
458 5162 668 5232 aliquod
690 5159 1120 5232 puniebatuﬂsed
1136 5168 1343 5232 tantum
1364 5172 1678 5232 ca_ro,qnam
1748 5174 1839 5212 eus

259 5231 410 5301 fecit.
433 5229 522 5301 ‘Et
542 5225 700 5301 'quod'
716 5229 1154 5301 omnibusmqjus
1176 5238 1280 5290 est,
1326 5228 1382 5280 in
1407 5225 1631 5301 Domino
1659 5236 1834 5301 nostra

252 5296 392 5353 Jesu
419 5296 624 5353 Christo
668 5297 799 5351 nihil
823 5297 970 5367 aliud
1011 5296 1250 5367 punitum
1273 5304 1381 5362 est,
1424 5296 1525 5349 nisi
1551 5296 1689 5364 quod
1728 5296 1837 5365 ipse

258 5370 481 5437 fecerat,
502 5368 556 5421 id
581 5377 678 5432 est,
698 5383 821 5437 caro
847 5366 981 5436 ejus.

334 5438 364 5498 Ρ
404 5437 727 5503 Prudentius
761 5432 1040 5491 observat:
1070 5433 1289 5488 Nullam
1336 5441 1581 5487 naturam
1628 5432 1727 5486 nisi
1770 5433 1834 5487 ab

261 5505 375 5559 alia
420 5516 611 5560 natura
653 5505 826 5574 puniri
856 5545 871 5568 .
926 5504 1165 5574 videlicet
1230 5513 1458 5574 creatura
1522 5512 1768 5556 naturam
1802 5519 1833 5554 η

263 5576 522 5630 ereatrice
564 5571 776 5639 natura,
814 5584 875 5627 ut
906 5575 1034 5643 ipse,
1079 5573 1169 5641 qui
1215 5571 1385 5643 factor
1416 5580 1491 5626 est
1525 5580 1836 5643 naturarum

262 5654 653 5709 creaturarum,
679 5638 787 5712 ipse
817 5645 882 5697 sit
896 5638 1225 5712 j'udex,'ipse
1256 5641 1489 5711 punitor,
1517 5638 1594 5693 vel
1633 5648 1836 5695 creatas

670 5736 938 5794 Ρηιιοι..
991 5731 1250 5827 CXXII.

1864 5058 1914 5118 Ι)

1937 4963 2153 5008 naturas
2176 4970 2208 5007 a
2229 4955 2418 5008 creatis
2440 4952 2663 5006 naturis.
2697 4940 2775 5003 Ad
2797 4948 2941 5002 aliud
2969 4961 3099 5002 vero
3122 4945 3459 5001 enuntiatum
3484 4963 3498 4999 :

1944 5042 1962 5073 ι
1991 5022 2132 5077 Nihil
2162 5022 2305 5077 aliud
2327 5036 2449 5076 esse
2474 5034 2672 5090 poenas
2694 5017 3160 5090 peccatorum‘nisi
3182 5029 3380 5090 poenas
3404 5027 3498 5067 eo-

1941 5107 2060 5146 rum
2092 5111 2138 5157 ι,
2165 5082 2488 5146 Prudentius
2515 5091 2650 5157 bene
2694 5082 3073 5140 animadvertit
3116 5100 3145 5157 :_
3181 5082 3351 5157 dlulta
3388 5097 3499 5136 esse

1941 5154 2539 5241 getteraLsupplifiorum,
2567 5156 2645 5241 uel
2683 5157 3031 5241 praesentium
3069 5154 3145 5209 vel
3172 5154 3493 5224 futurorum,

1928 5228 2422 5300 justissimi'judicis
2444 5235 2648 5300 praeter
2673 5234 2905 5295 peccata.

2008 5309 2031 5337 ο
2068 5286 2393 5353 Prudentius
2425 5286 2455 5351 ε’
2472 5295 2543 5349 Et
2564 5286 2697 5348 hanc
2718 5309 2826 5347 esse
2844 5307 3083 5363 poenam,
3108 5298 3157 5344 et
3183 5289 3316 5359 ignis
3344 5286 3514 5341 ardoo'

1936 5383 2045 5421 rem
2070 5369 2307 5428 nimium,
2330 5376 2378 5419 et
2400 5364 2645 5420 vermium
2674 5362 3129 5432 consumptionem.

2006 5434 2031 5476 δ
2075 5436 2262 5490 Matth.
2296 5433 2574 5497 XXV,M.

2012 5516 2038 5546 ⁸
2077 5504 2277 5560 Psalm.
2303 5504 2414 5566 CV,
2437 5501 2528 5557 26.

2014 5573 2034 5613 ί
2078 5574 2360 5646 Augustin.
2385 5574 2449 5627 de
2470 5571 2655 5627 Gener.
2691 5568 2781 5633 XI,
2812 5567 2904 5637 21,
2930 5566 3018 5621 22.

3044 5715 3112 5777 ﬂ
