4028 6280
585 346 693 401 HQ

1962 342 2155 397 JOANl‘

2276 343 2473 400 SCOTI
3717 353 3803 407 ιιο

589 460 711 512 vina
749 434 955 525 iustitia
1011 433 1294 524 prohibeat
1314 434 1560 524 torqueri
1589 454 1653 507 οἳ
1685 454 1798 507 Non
1841 454 1983 508 enim
2015 454 2159 521 juste
2187 462 2231 517 Α
2262 454 2334 508 ita
2362 464 2414 510 et
2449 455 2722 525 proprium
2752 463 3029 524 peccatum
3054 470 3068 519 ;
3099 462 3154 509 et
3178 456 3630 525 quemadmodum
3652 458 3701 513 in
3729 461 3802 516 illo

585 552 837 621 punitur,
884 550 987 603 nisi
1025 549 1166 617 quod
1197 547 1507 616 delinquere
1538 544 1895 599 convincitur.
1948 542 2157 596 Nullius

587 642 820 696 hominis
839 641 1111 695 invenitur
1131 639 1405 707 iniquitas,
1426 638 1527 691 nisi
1549 651 1678 691 suae
1700 636 1949 706 propriae
1972 635 2157 688 volun-

588 734 712 787 tatis
758 723 1043 800 culpabilis
1080 728 1423 799 perversitas.
1470 726 1619 793 Quae
1656 725 1935 779 verissime
1965 732 2156 777 natura

585 836 690 874 non
737 828 853 883 est,
898 820 1063 888 quiat
1093 833 1160 872 ex
1207 818 1317 871 Deo
1352 816 1594 870 omnium
1640 823 1883 868 creatore
1911 813 1963 866 in
2012 811 2157 866 nulla

582 908 886 963 substantia
909 910 930 940 ¹
955 916 1042 962 est
1079 915 1279 962 creata.
1307 905 1456 959 Juste
1485 904 1649 974 igitur
1690 901 1912 972 punita‘
1936 901 2151 955 misera.

584 998 720 1052 lliuc
750 997 1082 1067 Augustinus
1124 1014 1139 1049 :
1190 1014 1209 1047 ι
1257 994 1429 1048 Nimis
1458 992 1654 1063 impius
1676 999 1732 1045 et
1761 991 2006 1045 indoctus
2031 999 2114 1044 est
2138 1029 2154 1055 ,

580 1088 671 1157 qui
698 1089 885 1142 vitium
904 1097 1133 1142 naturae
1157 1101 1261 1140 non
1288 1084 1546 1139 discernit
1569 1083 1638 1137 ab
1660 1091 1881 1137 auctore
1907 1090 2153 1147 naturae,

580 1200 609 1234 a
641 1197 747 1250 quo
778 1192 999 1249 prorsus
1038 1177 1269 1231 alienum
1314 1184 1417 1239 est,
1445 1174 1703 1245 quidquid
1749 1173 1800 1226 in
1833 1187 2157 1242 unoquoque

580 1270 948 1325 danmandum
987 1277 1089 1324 est.
1123 1267 1282 1321 Great
1311 1266 1455 1320 enim
1504 1265 1780 1327 homines,
1830 1272 1890 1317 ut
1921 1263 2032 1316 sint
2061 1263 2157 1316 ho-

582 1366 774 1427 mines,
828 1378 928 1417 nec
970 1360 1385 1430 multiplicandis
1418 1358 1828 1429 generatiouum
1854 1357 2153 1410 successio-

580 1453 739 1505 uilius
767 1451 1037 1522 opiﬁcium
1070 1466 1224 1504 suum
1250 1448 1841 1511 subtrahit,secundum
1870 1446 2153 1500 consiliqu

580 1543 754 1593 honae
780 1539 1074 1593 voluntatis
1126 1553 1256 1591 suae
1302 1546 1652 1607 reparaturus
1677 1537 1737 1596 in
1764 1534 1970 1597 multis,
2010 1533 2153 1603 quod

582 1631 696 1698 ipse
748 1627 905 1695 fecit,
960 1628 1246 1698 puniturus
1301 1629 1356 1683 in
1408 1626 1631 1691 multis,
1692 1626 1835 1697 quod
1882 1626 1997 1696 ipse
2046 1641 2153 1680 non

580 1721 707 1775 fecit
730 1721 759 1761 ι)
792 1741 837 1775 ι.

649 1811 734 1865 lll.
775 1811 905 1865 Cum
939 1813 1119 1877 itaque
1144 1811 1385 1866 omnium
1410 1811 1690 1865 hominum
1720 1811 2030 1866 universam
2059 1827 2153 1865 na-
2184 1793 2228 1851 Β

581 1911 757 1956 turam
806 1904 860 1957 in
902 1903 1083 1973 primo
1113 1904 1330 1957 homine
1374 1903 1518 1958 Deus
1556 1904 1879 1969 condiderit,
1915 1922 1932 1953 ι
1978 1904 2155 1958 adhuc

577 1994 746 2058 enim,
780 2004 838 2047 ut
862 1995 937 2046 ait
955 1994 1308 2064 Augustinus,
1361 1992 1449 2047 ille
1493 2010 1635 2047 unus
1680 2009 1869 2049 omnes
1915 1993 2014 2046 fuit
2046 2004 2068 2032 ε
2104 2012 2150 2059 ι,

576 2083 720 2150 quod
770 2083 822 2136 in
869 2083 985 2152 ipso
1024 2083 1343 2137 naturaliter
1386 2091 1624 2136 creatum
1679 2091 1794 2146 est,
1843 2080 2154 2136 nullomodo

578 2173 753 2242 potuit
783 2172 1081 2226 naturalem
1113 2173 1282 2243 legem
1326 2171 1599 2227 Creatoris
1627 2171 1876 2225 transire.
1906 2170 2022 2224 Non
2056 2171 2153 2240 igi-

580 2272 667 2314 tur
713 2262 766 2315 iu
806 2262 896 2316 illo
947 2263 1208 2331 peccavit,
1240 2265 1381 2330 quod
1430 2262 1481 2314 iu
1536 2260 1624 2315 illo
1656 2261 1795 2314 Deus
1824 2261 2027 2315 creavit
2060 2261 2181 2314 :in-

576 2366 679 2418 quo
708 2358 881 2404 tamen
911 2366 1086 2403 omnes
1116 2359 1452 2419 peccaverunt
1493 2346 1548 2413 ἀ,
1592 2364 1655 2402 ac
1689 2363 1784 2416 per
1807 2347 1910 2401 hoc
1949 2348 2000 2400 in
2033 2347 2150 2418 ipso

575 2456 769 2493 omnes
812 2439 1138 2503 moriuntur,
1179 2446 1235 2492 et
1276 2447 1666 2506 consequenter
1693 2452 1881 2491 omnes
1918 2438 2153 2507 puniun-

579 2538 686 2582 tur.
729 2528 958 2582 Proinde
1007 2526 1349 2583 rectissime‘
1376 2527 1645 2591 creditur,
1698 2527 2150 2595 quemadmodum

579 2618 633 2671 in
667 2617 757 2670 illo
786 2616 926 2670 Deus
964 2616 1272 2687 generalem
1306 2615 1522 2670 humani
1569 2615 1785 2685 generis
1821 2631 2013 2671 creare
2061 2631 2155 2669 vo-

579 2706 679 2760 luit
702 2706 1083 2770 substantiam,
1113 2706 1185 2759 ita
1218 2715 1271 2760 et
1301 2705 1541 2759 omnium
1568 2704 1844 2758 hominum
1869 2704 2149 2774 propriam

579 2795 857 2851 substituit
902 2794 1256 2850 voluntatem.
1305 2794 1362 2849 Si
1410 2795 1553 2849 enim
1600 2795 1652 2848 in
1698 2810 1805 2849 uno
1850 2795 2153 2850 communis

577 2888 843 2951 omnium,
865 2895 920 2941 et
948 2886 1268 2956 corporalis,
1293 2895 1347 2941 et
1375 2885 1673 2956 spiritualis
1700 2897 1928 2942 naturae
1957 2889 2151 2941 huma-

578 2992 680 3032 nae
705 2976 977 3047 plenitudo
1004 2978 1075 3031 sit
1103 2978 1416 3042 constituta,
1446 2978 1751 3032 necessario
1775 2978 1822 3032 ei
1847 2979 2019 3031 inerat
2042 2978 2151 3032 sin-

569 3070 824 3140 gulorum
854 3069 1100 3123 voluntas
1123 3069 1359 3139 propria.
1394 3067 1510 3124 Non
1536 3070 1716 3139 itaque
1742 3070 1793 3123 in
1820 3086 1885 3125 eo
1907 3070 2149 3139 peccavit

2261 545 2628 613 unusquisque
2671 544 2968 599 voluntatis
2998 558 3131 599 suae
3153 543 3490 598 individuum
3524 548 3804 614 possederat

2258 648 2567 698 numerum,
2591 635 2661 687 ita
2694 635 2745 687 in
2770 634 2861 688 illo
2892 651 2990 704 per
3022 649 3082 689 se
3123 635 3299 705 ipsum
3328 635 3579 705 singulos
3609 636 3804 707 quisque

2258 723 2429 791 potuit
2491 724 2765 792 proprium
2830 724 3173 780 committere
3230 723 3510 780 delictum.
3571 725 3628 779 lu
3685 728 3807 782 nullo

2258 812 2454 881 quippe
2483 812 2786 867 vindicatur
2805 811 2951 880 juste
2997 814 3221 869 alterius
3250 824 3560 883 peccatum.
3606 815 3807 871 Proinde

2260 902 2490 963 in.nullo
2536 911 2728 957 natura
2768 905 3010 972 punitur,
3058 904 3183 973 quia
3228 920 3296 960 ex
3327 905 3441 959 Deo
3471 916 3587 971 est,
3628 917 3682 961 et
3719 924 3806 962 non

2257 1004 2464 1065 peccat.
2513 995 2691 1051 Motus
2736 1005 2915 1050 autem
2944 996 3313 1062 voluntarius,
3362 997 3653 1052 libidinose
3679 1007 3807 1053 utens

2257 1094 2484 1141 naturae
2514 1088 2672 1151 bono,
2706 1086 2900 1141 merito
2924 1087 3145 1157 punitur
3166 1086 3222 1153 ⁸,
3256 1086 3381 1157 quia
3411 1095 3642 1141 naturae
3664 1087 3806 1158 legem

2260 1174 2674 1244 transgreditur,
2717 1189 2881 1243 quam
2912 1174 3097 1244 procul
3126 1174 3292 1229 dubio
3336 1190 3446 1229 non
3481 1176 3802 1246 transgrede-

2258 1273 2429 1328 retur,
2464 1264 2509 1318 si
2537 1264 2969 1318 snbstantialiter
2992 1280 3020 1317 a
3047 1264 3156 1319 Deo
3178 1277 3484 1320 crearetur.

2276 1358 2281 1363 ”
2327 1352 2414 1407 ιν.
2456 1352 2592 1407 llinc
2617 1362 2803 1423 aperte
2826 1354 3118 1424 colligitur,
3143 1354 3195 1408 in
3220 1355 3403 1425 impiis
3435 1355 3694 1424 supplicia
3721 1372 3804 1410 non

2255 1446 2458 1513 perpeti
2500 1445 2642 1513 quod
2686 1444 2830 1499 Deus
2870 1444 3021 1510 fecit,
3051 1446 3146 1500 sed
3184 1446 3326 1515 quod
3352 1448 3613 1517 superbia
3648 1449 3807 1500 vitiose

2257 1534 2478 1586 invenit.
2504 1532 2691 1587 Libido
2714 1533 2978 1603 siquidem
3002 1549 3291 1604 perversae
3309 1534 3607 1589 voluntatis
3633 1538 3808 1589 πυρίας

2259 1634 2366 1689 tur,
2396 1625 2521 1679 dum
2551 1639 2637 1691 ea,
2679 1639 2819 1694 quae
2847 1624 2988 1679 male
3012 1632 3104 1678 aut
3134 1625 3350 1696 indigne
3370 1625 3601 1695 appetit,
3640 1624 3808 1678 habere

2258 1732 2363 1769 non
2404 1715 2642 1769 sinitur:
2681 1715 2783 1769 hoc
2826 1713 2970 1768 enim
3014 1714 3251 1778 nomine,
3284 1714 3539 1768 videlicet
3584 1713 3805 1776 libidinis,

2258 1805 2580 1877 generalitas
2611 1805 2852 1858 omnium
2880 1803 3134 1857 vitiorum
3159 1804 3657 1873 comprehenditur.
3683 1803 3804 1868 Quod

2258 1899 2302 1953 si
2319 1898 2521 1951 nullam
2546 1904 2794 1950 naturam
2813 1895 2988 1965 puniri
3015 1896 3154 1947 ratio
3175 1897 3361 1956 suasit,
3380 1893 3689 1947 necessario
3710 1890 3806 1943 nul-

2256 1987 2362 2041 lam
2387 1999 2635 2042 naturam
2676 1986 2867 2055 punire
2906 1983 3224 2039 suadebit’.
3268 1982 3457 2051 Neque
3505 1982 3646 2036 enim
3684 1994 3805 2035 crea-

2259 2079 2386 2143 trix,
2417 2092 2592 2148 neque
2612 2085 2795 2131 creata
2817 2076 2969 2145 punit
2993 2086 3259 2140 creatam,
3284 2075 3412 2143 quia
3428 2074 3577 2127 nulla
3599 2074 3805 2127 substan-

2256 2170 2328 2223 tia
2357 2169 2579 2223 alterius
2600 2168 2932 2223 substantiae
2947 2168 3217 2223 contraria
3238 2182 3358 2222 esse
3371 2175 3576 2238 potest.
3590 2165 3802 2235 Alioquin

2257 2258 2606 2328 iujnstissime
2642 2258 2925 2327 puniretur
2967 2256 3149 2327 aliqua
3178 2267 3393 2321 natura,
3437 2255 3597 2324 cujus
3636 2257 3801 2310 malum

2255 2350 2506 2403 meritum
2548 2363 2653 2402 non
2691 2347 3039 2418 praecederet
3066 2357 3413 2403 tormentum.
3457 2348 3612 2414 Quod
3648 2354 3801 2415 aperte

2254 2440 2654 2509 Augustinusin
2676 2456 2769 2495 sua
2787 2441 3063 2510 praedicta
3089 2441 3356 2495 sententia
3367 2440 3542 2495 voluit
3566 2441 3802 2495 declarare

2253 2532 2437 2586 dicens
2463 2551 2474 2585 :
2509 2531 2785 2587 «iustitiae
2812 2532 2913 2601 ipsi
2926 2546 3048 2586 esse
3067 2530 3421 2595 contrarium,
3442 2530 3658 2585 utnulla
3678 2544 3804 2599 prae-

2255 2620 2482 2675 cedente
2512 2621 2707 2673 merito
2732 2621 2835 2674 hoc
2865 2621 3036 2689 ipsmn
3069 2620 3122 2672 in
3166 2634 3381 2689 quoque
3408 2622 3554 2675 Deus
3597 2621 3798 2681 damnet,

2254 2709 2397 2778 quod
2423 2709 2475 2761 in
2497 2723 2562 2763 eo
2590 2708 2705 2777 ipse
2733 2710 2940 2763 creavit
2964 2707 3010 2741 “
3042 2726 3088 2762 ι.
3119 2708 3270 2775 Quae
3292 2710 3434 2763 ratio
3466 2711 3592 2763 hinc
3606 2708 3801 2761 maxime

2253 2799 2533 2869 probatur,
2574 2799 2716 2867 quod
2738 2793 2945 2859 nullius.
2963 2800 3168 2869 peccati
3194 2800 3515 2866 auctoritas,
3558 2800 3652 2853 nisi
3680 2813 3799 2852 men-

2255 2886 2539 2943 dosissime
2569 2888 3009 2957 impiissimeqne,
3043 2888 3111 2942 ad
3143 2887 3307 2941 Deum
3337 2888 3575 2943 refertur
3601 2890 3661 2939 “.
3690 2884 3798 2938 Atsi

2254 2985 2534 3045 peccatum
2565 2990 2633 3030 ex
2662 2986 2876 3042 natura,
2904 2986 3093 3045 natura
3123 2986 3305 3033 autem
3333 2994 3401 3032 ex
3432 2980 3564 3042 Deo,
3594 2975 3799 3046 profecto

2257 3080 2536 3139 peccatum
2555 3084 2621 3125 ex
2636 3071 2745 3125 Deo
2768 3086 2887 3126 esse
2905 3084 3239 3141 sequeretur.
3260 3071 3414 3138 Quod
3430 3074 3570 3128 absit
3592 3088 3682 3126 nos
3701 3084 3797 3124 cre-

579 3169 805 3214 naturae
857 3159 1214 3229 generalitas,
1272 3159 1364 3213 sed
1408 3160 1828 3230 uniuscujusque
1877 3161 2149 3214 individua
2179 3151 2223 3214 C
2255 3160 2402 3222 dere,
2426 3158 2886 3214 autlalsissimum
2923 3161 3071 3214 illum
3104 3161 3525 3231 paralogismum
3567 3161 3794 3229 accipere.

575 3250 825 3304 voluntas
843 3250 883 3303 ⁸.
920 3262 942 3289 ε
969 3249 1243 3318 Siquidem
1273 3250 1316 3303 si
1344 3266 1405 3303 ea
1436 3262 1626 3304 natura
1648 3252 2001 3321 delinqueret,
2025 3268 2147 3307 cum

568 3356 687 3393 .nna
734 3340 824 3403 sit,
870 3347 981 3393 tota
1011 3339 1252 3408 profec‘lo
1287 3340 1491 3407 periret
1515 3340 1551 3390 '.
1602 3339 1620 3377 ί
1653 3340 1758 3395 Sed
1805 3358 1909 3395 non
1957 3342 2151 3411 periit,

2256 3250 2346 3318 qui
2376 3250 2454 3304 sic
2477 3248 2611 3304 falso
2630 3250 2901 3321 colligitur
2929 3269 2941 3304 :
2975 3252 3163 3307 Omnis
3189 3263 3381 3307 natura
3414 3268 3484 3307 ex
3510 3253 3617 3306 Deo
3644 3260 3715 3305 est
3733 3248 3797 3313 “;

2253 3353 2413 3393 onme
2440 3349 2620 3393 autem
2647 3351 2927 3410 peccatum
2959 3355 3023 3395 ex
3057 3352 3283 3407 natura;
3315 3357 3383 3396 ex
3416 3342 3527 3396 Deo
3562 3351 3642 3396 est
3666 3339 3799 3409 igitur

577 3431 795 3499 quando
848 3430 1298 3484 medicamentum
1346 3430 1600 3495 vulneris,
1654 3434 1754 3486 hoc
1791 3441 1876 3487 est
1908 3434 2156 3487 substan-
2253 3444 2415 3483 omne
2461 3440 2762 3499 peccatum.
2816 3430 2968 3498 Quod
3016 3432 3060 3487 si
3111 3433 3212 3488 hoc
3256 3432 3693 3488 absurdissimum
3731 3435 3798 3480 est

580 3521 655 3573 tia
685 3519 1086 3587 Redemptoris,
1116 3520 1168 3572 in
1193 3534 1254 3573 ea
1288 3520 1955 3590 remansitincorrnptum,
1987 3537 2151 3591 prae-

580 3618 663 3662 ter
706 3608 846 3677 quod
881 3623 1070 3662 omnes
1091 3616 1457 3687 peccaverunt
1493 3608 1650 3663 simul
1691 3610 1745 3663 in
1776 3625 1882 3664 uno
1915 3611 2153 3665 homine.

576 3699 696 3753 Non
739 3699 883 3752 enim
932 3697 1021 3771 ille
1066 3698 1309 3767 peccavit
1347 3698 1400 3751 in
1442 3697 1722 3763 omnibus,
1752 3699 1844 3753 sed
1881 3715 2070 3775 omnes
2100 3701 2153 3754 in

577 3785 731 3841 illo".
770 3785 921 3841 Sicut
945 3786 1086 3841 enim
1115 3786 1203 3841 ille
1248 3786 1777 3873 habebatpropri‘am
1800 3788 2150 3857 voluntatem,

2255 3520 2571 3587 concedere,
2615 3521 2943 3592 relinquitur
2967 3524 3284 3580 verissimus
3319 3524 3408 3579 ille
3453 3534 3614 3593 atque
3649 3518 3798 3591 piissi-

2261 3626 2382 3665 mus
2428 3612 2790 3683 syllogismus,
2863 3624 2918 3668 et
2966 3614 3211 3670 caritatis
3257 3623 3313 3670 et
3358 3616 3654 3670 catholicae
3696 3607 3795 3664 tidei

2257 3699 2605 3767 plenissimus
2624 3742 2639 3765 ,
2680 3703 2772 3771 qui
2809 3703 2889 3757 sic
2913 3705 3232 3773 proponitur
3265 3722 3280 3759 :
3321 3705 3498 3760 Omne
3525 3705 3708 3759 bonum
3726 3707 3799 3751 aut

2258 3790 2400 3845 Deus
2427 3800 2531 3857 est,
2564 3798 2657 3844 aut
2684 3806 2748 3845 ex
2779 3791 2887 3847 Deo
2914 3792 3116 3846 factum
3141 3802 3255 3858 est;
3281 3808 3442 3847 omne
3462 3793 3606 3863 quod
3631 3806 3688 3844 ex
3710 3788 3797 3840 Deo

1867 3941 2119 3997 VARIAE
2159 3940 2561 3997 LECTIONES.

636 4084 671 4149 1_
705 4074 883 4149 Corn,
904 4076 1237 4149 co_d.qui,M.
1259 4094 1411 4149 quae.
1483 4077 1506 4109 ¹
1545 4076 1637 4133 Sic
1656 4078 1800 4149 cod.,
1826 4077 1892 4131 Μ.
1923 4077 2064 4149 nulla
2086 4079 2454 4134 substantiam.
2530 4079 2551 4111 ³
2577 4078 2668 4134 Sic
2695 4081 2836 4141 cod.,
2862 4078 2933 4133 M.
2953 4081 3038 4134 sit.
3112 4082 3134 4111 ⁸
3170 4078 3263 4135 Sic
3287 4079 3359 4140 Μ.
3381 4080 3504 4134 cod.
3529 4077 3792 4149 rectissimo.

577 4145 600 4177 ⁵
640 4144 716 4199 Ad
740 4162 907 4216 marg.
934 4143 1205 4219 alia'uiau.
1225 4143 1361 4202 forte
1382 4163 1490 4203 sec.
1512 4163 1610 4219 aut
1642 4148 1852 4219 scripsit
1878 4166 1892 4200 :
1919 4148 2050 4201 Dicit
2076 4149 2129 4201 in
2149 4150 2316 4216 primo
2342 4148 2546 4202 homine
2558 4166 2670 4219 non
2690 4150 3000 4219 generaliter
3018 4166 3194 4203 omnes
3218 4152 3470 4213 homines,
3493 4152 3582 4204 sed
3600 4143 3794 4219 singulo}

574 4231 836 4291 peccasse,
860 4213 996 4291 quod
1018 4226 1089 4269 est
1121 4233 1431 4291 repugnans.
1506 4216 1528 4246 ⁸
1548 4213 1873 4291 ῌαόῳηιέιίιι
1892 4233 2033 4270 man.
2053 4220 2120 4271 ad
2143 4213 2225 4271 ina
2236 4220 2513 4291 rgLadscr.
2543 4213 2710 4279 Dicit:
2714 4231 2841 4291 natu
2852 4234 2962 4272 ram
2983 4220 3127 4273 Adae
3153 4237 3256 4273 non
3277 4219 3575 4291 deliquisse.
3646 4218 3669 4291 "
3686 4213 3791 4269 Ead-

575 4284 677 4357 alia
705 4287 931 4357 mutuati
957 4300 1125 4357 i_na_rg.
1145 4284 1321 4340 adscr.
1345 4285 1787 4357 Naturaliadoeet
1813 4302 1923 4357 esse
1942 4296 2175 4356 peccata.
2249 4284 2281 4317 ⁸ί
2300 4287 2433 4340 Ead.
2463 4287 2532 4340 al.
2559 4303 2630 4340 ut.
2661 4290 2725 4341 ad
2756 4304 2925 4357 marg.
2958 4292 3133 4343 adscr.
3160 4300 3355 4343 motum
3385 4284 3575 4344 inertiis
3597 4286 3793 4343 saluata-

574 4355 713 4406 rium
753 4354 880 4428 dicit
899 4354 978 4428 ad
1021 4353 1130 4428 Deg
1148 4371 1263 4428 Itan
1290 4355 1508 4428 ..._.cari.
1582 4356 1603 4428 ξ
1632 4353 1764 4408 Ead.
1802 4355 1872 4409 al.
1899 4353 1976 4428 _ui.
2001 4357 2270 4428 ad_marg.
2296 4357 2476 4411 adscr.
2504 4357 2764 4428 Naturam
2793 4353 2919 4410 dicit
2941 4374 3033 4413 nec
3052 4360 3229 4428 puniri
3261 4375 3352 4419 nec
3375 4362 3580 4428 punire,
3620 4372 3710 4428 non
3732 4357 3792 4428 cf!

570 4438 695 4490 ergo
716 4423 997 4497 passibilis.
1029 4491 1041 4497 _
1073 4420 1118 4455 ³⁸
1145 4422 1274 4497 Ead.
1311 4423 1381 4476 al.
1430 4438 1503 4475 tn.
1535 4423 1605 4497 ad
1646 4438 1816 4497 marg.
1848 4426 2029 4497 adscr_.
2059 4420 2454 4497 Testimonium,
2479 4426 2618 4495 quod
2646 4429 2886 4492 assumit,
2906 4420 3148 4497 perverse
3171 4420 3445 4483 intelleﬁt.

3524 4433 3565 4466 ﬂ
3592 4425 3710 4482 Earl.
3733 4419 3789 4471 al.

576 4506 649 4565 in.
690 4492 944 4565 ad_marg.
977 4491 1161 4565 adscr.
1185 4490 1296 4545 Nec
1321 4507 1556 4565 paganus
1580 4492 1675 4546 hoc
1701 4490 1846 4546 dicit.
1923 4498 1967 4529 ι·
1990 4493 2122 4548 Ead.
2145 4496 2215 4549 al.
2241 4510 2313 4549 In.
2343 4495 2411 4549 ad
2451 4490 2623 4565 marg.
2650 4498 2829 4550 adscr.
2861 4490 2984 4551 Non
3027 4513 3094 4552 ea:
3135 4498 3269 4564 Deo,
3298 4499 3390 4553 sed
3415 4515 3448 4552 α
3475 4497 3583 4553 Deo
3611 4505 3787 4551 nataru-

576 4557 700 4612 Non
746 4560 867 4612 item
899 4557 1027 4628 pars
1068 4560 1161 4614 Dei
1204 4570 1299 4625 est,
1321 4557 1417 4614 sed
1445 4576 1592 4631 opus.

2085 4693 2334 4751 NOTAE.

646 4854 672 4881 «ι
712 4842 995 4910 Augustin.
1024 4841 1061 4895 ι.
1089 4842 1126 4896 ι.

646 4912 676 4950 ιι
714 4912 1000 4979 Augustin.
1029 4912 1103 4965 De
1121 4923 1315 4983 peccat.
1345 4915 1543 4969 Meritis
1568 4912 1655 4980 lll,
1687 4914 1741 4968 7.

649 4994 670 5017 ιτ
713 4981 866 5033 llum.
904 4981 961 5035 ν.
992 4982 1078 5034 12.

649 4994 670 5017 ίτ
713 4994 866 5033 ltntu.
907 4994 961 5041 Ὺ,
992 4994 1078 5034 12.

645 5051 670 5090 ιι
711 5050 1069 5125 Prudentius:
1105 5048 1295 5104 Puniri
1322 5052 1376 5104 in
1397 5051 1610 5125 diabolo
1636 5063 1684 5107 et
1709 5055 1882 5125 impiis
1922 5054 2146 5125 homini-

576 5124 671 5174 bus
715 5130 960 5193 naturam
992 5121 1326 5188 depravatum
1367 5133 1413 5174 et
1444 5122 1679 5176 vitiatam
1715 5121 1928 5193 propria
1969 5124 2148 5178 volun-

578 5202 701 5243 tate.
745 5190 826 5243 Ad
866 5204 1109 5261 cavero,
1154 5205 1295 5258 quae
1317 5200 1654 5261 sequuntur:
1687 5190 1855 5246 (Non
1890 5207 2146 5261 peccasse

576 5270 824 5330 naturam
872 5258 966 5312 sed
1007 5258 1334 5313 voluntatem
1363 5258 1409 5325 η
1438 5259 1761 5316 Prudentius
1811 5258 2100 5330 respondet
2128 5280 2141 5315 :

579 5328 841 5381 Naturam
863 5344 1101 5399 peccasse
1126 5330 1357 5398 quidem,
1373 5330 1462 5383 sed
1494 5346 1597 5382 non
1617 5331 1781 5399 fuisse
1803 5328 1981 5383 vitium
2006 5342 2157 5386 natu-

578 5399 822 5468 rae,sicut
846 5395 877 5447 a
900 5395 1006 5449 Deo
1028 5395 1161 5451 bona
1184 5400 1393 5451 condita
1413 5399 1601 5459 est,sed
1618 5395 1757 5453 sicut
1776 5415 1870 5468 per
1887 5416 2152 5467 promam

580 5466 889 5537 voluntatem
918 5478 1161 5537 corrupta
1190 5477 1299 5531 est;
1348 5469 1517 5536 ipsum
1556 5479 1729 5522 tamen
1757 5466 2022 5537 peccatum
2048 5486 2151 5525 non

577 5534 901 5605 solummodo
926 5534 1207 5600 voluntate,
1236 5538 1325 5589 sed
1350 5534 1462 5605 ejus
1488 5548 1727 5601 naturae,
1758 5534 2151 5605 deputandum,

575 5604 729 5676 cujus
759 5604 992 5676 voluntas
1014 5605 1102 5667 sit,
1135 5607 1349 5675 ideoque
1374 5604 1623 5659 naturam
1656 5604 1991 5675 peccatricem
2025 5608 2152 5676 jure

576 5674 836 5741 punitum.
891 5671 1102 5727 Natura
1130 5671 1337 5743 quippe,
1386 5676 1440 5728 id
1484 5684 1558 5729 est
1600 5671 1798 5741 anima,
1849 5671 2148 5731 suasionem

1069 5780 1097 5799 κ

2178 4852 2230 4911 Ι)
2258 4855 2505 4922 serpentis
2528 4854 2761 4926 admisit,
2808 4866 2856 4909 et
2884 4857 3069 4910 eadem
3094 4872 3185 4926 per
3206 4868 3477 4922 naturam,
3516 4857 3571 4911 id
3588 4865 3673 4916 est,
3693 4865 3785 4907 rar-

2252 4937 2349 4990 pus
2377 4939 2529 4994 suum
2553 4924 2679 4994 ligni
2709 4927 2911 4979 inhibiti
2932 4924 3140 4994 pomum
3159 4929 3399 4980 comedit.
3448 4936 3451 4939 '

2327 5003 2350 5030 ο
2386 4990 2710 5048 Prudentius
2738 5012 2751 5048 :
2786 4990 3035 5049 Pet-casse
3083 4997 3139 5048 in
3169 5012 3229 5049 eo
3261 5008 3481 5051 naturae
3512 4992 3784 5066 generalita-

2249 5071 2373 5134 tem,
2396 5079 2552 5129 quam
2591 5080 2817 5117 massam
2852 5065 3207 5118 duinnationis
3239 5063 3542 5134 Scriptura}!
3569 5063 3782 5134 recitent.

2246 5130 2465 5203 ideoque
2506 5143 2668 5185 totum
2709 5152 2741 5186 α
2774 5134 2922 5203 justo
2953 5134 3138 5201 judice
3177 5130 3501 5198 detornatam,
3535 5151 3628 5187 non
3646 5131 3780 5184 solum

2248 5199 2580 5272 voluntatem,
2622 5218 2715 5256 nec
2756 5199 2990 5271 reparari
3030 5219 3180 5272 posse
3205 5206 3430 5271 penitus,
3474 5207 3570 5258 nisi
3597 5215 3679 5271 per
3698 5210 3782 5248 me-

2246 5268 2469 5324 diatoris
2489 5268 2859 5325 humilitatem.

2337 5338 2356 5410 ἴ
2398 5340 2479 5393 Ad
2524 5341 2657 5394 haec
2686 5340 3012 5396 Prudentius
3038 5342 3346 5410 respondet,
3376 5350 3541 5397 totam
3570 5345 3779 5410 naturam

2257 5407 2566 5480 deliquisse,
2598 5411 2928 5479 perindeque
2979 5407 3144 5465 totam
3175 5411 3557 5480 quodammodo
3590 5408 3778 5480 perissgo

2254 5476 2333 5531 Ac
2497 5471 2917 5551 hoc'liberatore
2958 5495 3080 5551 eam
3128 5471 3390 5551 indigere.
3420 5479 3533 5534 Non
3572 5471 3699 5551 enim
3736 5471 3779 5523 in

2254 5548 2494 5615 parvulis
2520 5549 2767 5603 voluntas
2794 5550 3023 5618 peccati,
3047 5564 3184 5618 quae
3204 5548 3349 5605 nulla
3370 5558 3474 5615 est,
3504 5550 3593 5605 sed
3620 5553 3777 5600 natm

2254 5621 2540 5674 damnatae
2561 5619 2786 5689 originis
2810 5619 3055 5688 punitur.
