4028 6280
320 356 427 411 821

1406 348 1607 405 LIBER
1648 341 1736 401 DE
1767 341 2514 401 PRAESDESTINATIONE.

3479 348 3574 402 l2!

320 463 533 519 tactum
559 469 669 525 est,
690 460 902 516 nudum
956 460 1145 515 vitium
1171 460 1294 516 boni
1318 460 1515 524 etllcit;
1546 470 1708 511 omne
1742 454 1903 523 igitur
1929 457 1974 513 Α
2006 452 2138 508 tatio
2159 452 2216 507 in
2244 469 2471 523 aquam,
2492 462 2553 510 ει
2596 451 2897 520 suﬂocatio,
2928 469 3090 526 quam
3119 469 3330 515 mersus
3352 457 3573 527 patitur.

318 553 529 609 [tonum
584 551 788 607 nulum
820 550 1011 605 vitium
1043 551 1167 604 boui
1216 547 1428 605 edicere
1470 553 1689 616 potest;
1736 552 1792 598 et
1821 557 1905 597 re-

320 640 507 696 ﬂexim
533 655 550 695 :
582 639 788 694 nullum
811 640 974 709 igitur
995 639 1181 694 vitium
1204 639 1329 693 boni
1356 653 1424 692 ex
1445 636 1587 692 bono
1609 643 1710 691 est.
1730 634 1907 691 Omne

320 738 632 799 peccatum,
660 727 787 796 quia
816 727 1013 781 malum
1043 734 1149 791 est,
1184 726 1374 781 vitium
1415 724 1544 781 boni
1587 733 1672 779 est
1702 738 1718 777 :
1744 736 1905 778 omne

321 819 518 873 vitium
548 815 675 872 boui
700 830 770 872 ex
798 817 939 870 bono
965 830 1070 870 non
1095 823 1181 870 est
1217 831 1231 868 :
1263 828 1422 869 omne
1446 821 1749 884 peccatum,
1779 810 1904 879 quia

322 908 533 962 malum
558 915 665 971 est,
688 922 754 962 ex
787 907 1071 961 bonoesse
1101 920 1205 961 non
1222 913 1426 974 potest.
1446 903 1638 960 Omnis
1652 911 1903 958 creatura

318 996 560 1051 rationis
583 995 851 1065 particeps
880 1009 1132 1065 mgnum
1155 992 1355 1049 bonum
1374 1001 1569 1048 εειεει
1596 991 1741 1046 nullo
1763 989 1905 1044 bono

324 1085 530 1140 malum
558 1096 621 1139 με
650 1096 721 1136 ex
742 1083 888 1147 nulla
910 1082 1078 1154 igitur
1102 1090 1353 1137 creatura
1390 1081 1614 1137 rationis
1640 1080 1904 1150 participe

318 1184 609 1245 peccatum
631 1181 716 1227 est
751 1176 790 1225 ⁸.

403 1263 467 1318 ιτ.
510 1264 646 1317 Hinc
668 1262 787 1331 ipsa
808 1262 1019 1318 Veritas
1041 1263 1120 1317 ait
1147 1261 1356 1318 :Bontts
1380 1263 1536 1316 homo
1558 1261 1622 1314 de
1641 1259 1774 1315 bona
1794 1259 1904 1313 the-

316 1371 490 1410 παντο
532 1353 705 1407 cordis
724 1351 807 1405 sui
847 1351 1044 1421 profert
1075 1352 1234 1418 bona,
1280 1352 1452 1407 malus
1475 1352 1630 1405 homo
1657 1350 1722 1403 de
1764 1349 1902 1403 malo

323 1448 578 1501 thesauro
621 1442 795 1498 cordis
838 1444 924 1497 sui
962 1444 1161 1514 profert
1190 1444 1332 1498 mala
1372 1444 1423 1497 h.
1454 1443 1535 1497 Ac
1575 1442 1622 1497 si
1653 1442 1902 1497 diceret:

313 1553 491 1592 αιιηε
516 1539 738 1603 bimum,
762 1536 904 1607 quod
944 1550 1014 1590 ει
1045 1535 1371 1602 cogitatione
1399 1548 1495 1587 sua
1521 1534 1694 1588 bonus
1745 1532 1906 1586 homo

325 1628 558 1697 profert,
597 1643 665 1684 ex
695 1630 836 1684 bono
875 1629 1131 1683 thesauro
1159 1627 1414 1689 donatur,
1445 1624 1498 1679 id
1518 1631 1603 1679 est
1641 1637 1708 1677 ex
1735 1637 1820 1687 eo,
1851 1623 1904 1676 in

326 1737 433 1790 quo
447 1731 567 1774 sunt
582 1736 760 1773 omnes
784 1718 1018 1773 thesauri
1041 1716 1328 1787 sapientiae
1358 1723 1408 1770 et
1430 1714 1676 1769 scientiae
1688 1713 1905 1767 abscon-

2000 546 2177 602 Stilus
2216 546 2425 603 ferreus
2455 547 2560 602 alia
2598 554 2770 617 parte,
2802 561 2910 616 qua
2951 548 3272 613 scribamus,
3304 549 3434 614 alia,
3467 562 3574 619 qua

2007 638 2300 705 deleamus,
2341 654 2373 695 a
2407 638 2561 694 fabro
2599 638 2771 695 factus
2794 646 2900 703 est,
2931 647 2990 694 et
3019 639 3073 694 in
3100 654 3198 695 suo
3236 653 3434 710 genere
3454 637 3576 711 pul-

2003 732 2158 795 cher,
2172 739 2228 784 et
2246 730 2315 785 ad
2331 745 2487 785 usum
2503 739 2744 785 nostrum
2770 730 3206 786 accommodatus
3234 748 3248 785 :
3274 739 3329 786 at
3358 732 3401 785 si
3421 730 3576 800 quis-

2004 821 2150 891 piam
2176 836 2237 877 ea
2256 830 2410 891 parte
2433 822 2690 885 scribere,
2716 836 2823 891 qua
2853 821 3079 888 deletur,
3124 830 3181 877 et
3205 836 3269 877 ea
3315 822 3443 877 velit
3482 823 3583 884 de-.

2005 910 2136 976 lere,
2160 927 2263 980 qua
2290 912 2567 977 scribitur,
2590 911 2738 967 nullo
2758 912 2920 968 modo
2939 911 3120 967 stilum
3132 912 3332 967 malum
3363 913 3584 982 iecerit;

2003 1017 2129 1058 eum
2161 1004 2332 1073 ipsum
2360 1003 2561 1059 factum
2587 1003 2710 1073 jure
2743 1004 3095 1073 vituperetur.
3120 1001 3277 1070 Quod
3322 1004 3368 1059 si
3405 1004 3579 1060 corri-

2001 1103 2119 1163 gat,
2147 1092 2236 1147 ubi
2276 1093 2381 1148 erit
2406 1092 2643 1147 malum?
2675 1092 2730 1146 Si
2786 1092 2908 1162 quis
2960 1100 3182 1162 repente
3216 1093 3573 1149 meridianum

2002 1183 2481 1245 soiemintueatur,
2500 1182 2797 1251 repercussi
2814 1182 2954 1236 oculi
2988 1182 3363 1239 turbabuntur.
3399 1182 3576 1239 Num'

2000 1272 2128 1327 ideo
2152 1280 2244 1324 aut
2263 1271 2341 1326 sol
2368 1271 2565 1324 malum
2587 1271 2712 1336 erit,
2739 1279 2831 1324 aut
2849 1271 3026 1325 oculi?
3050 1270 3207 1327 Nullo
3230 1274 3419 1338 modo,
3452 1284 3579 1330 sunt

2004 1360 2149 1413 enim
2184 1359 2535 1413 substantiae.
2569 1358 2676 1413 Sed
2715 1359 2918 1414 malum
2940 1368 3031 1415 est
3050 1360 3388 1417 inordinatus
3418 1360 3577 1432 aspe-

2002 1458 2150 1514 ctus,
2177 1460 2231 1505 et
2276 1451 2412 1521 ipsa,
2454 1465 2593 1520 quae
2642 1451 3011 1519 consequitur,
3050 1452 3405 1521 perturbatio,
3436 1452 3578 1523 quod

2004 1541 2206 1596 malum
2229 1557 2335 1596 non
2359 1542 2483 1606 erit,
2510 1556 2632 1596 cum
2654 1541 2798 1596 oculi
2824 1539 3026 1596 fuerint
3054 1542 3307 1607 recreati,
3330 1551 3385 1598 et
3405 1542 3579 1598 lucem
3636 1586 3643 1590 .

2006 1644 2160 1684 suam
2190 1638 2547 1701 congruenter
2588 1630 2949 1700 aspexerinte
2984 1648 3029 1684 υ,
3078 1630 3143 1684 Et
3184 1630 3343 1700 paulo
3370 1640 3496 1687 ante
3524 1633 3579 1687 in

2006 1720 2197 1776 eodem
2230 1737 2245 1774 :
2292 1739 2311 1772 ‹
2343 1719 2400 1774 Si
2438 1720 2741 1790 quaeritur,
2772 1719 2892 1789 quis
2921 1720 3213 1775 instituerit
3234 1736 3457 1791 corpus,
3490 1720 3582 1776 ille

316 1785 491 1862 ditis.
515 1807 689 1863 Omne
703 1807 923 1872 malum,
946 1807 1089 1875 quod
1100 1785 1434 1875 cogitatione
1454 1818 1549 1858 sua
1570 1802 1711 1857 mala
1731 1801 1902 1856 malus
1934 1785 1977 1843 Β
2005 1821 2318 1882 quaeratur,
2359 1785 2565 1881 qui—est
2599 1785 2839 1866 omnium
2886 1811 3317 1881 speciosissimus
3339 1785 3366 1866 ἐ
3401 1813 3580 1869 omnis

324 1896 495 1951 homo
519 1895 745 1966 profert,
796 1911 867 1951 ex
904 1895 1047 1951 male
1084 1896 1340 1950 thesauro
1389 1904 1493 1957 est,
1539 1907 1605 1947 ex
1653 1890 1904 1961 superbia

327 1988 561 2051 scilicet,
582 2004 717 2057 quae
739 1996 815 2042 est
833 1986 1222 2041 initiumoutnis
1249 1985 1447 2054 peccati
1470 1982 1521 2037 ά.
1549 1983 1627 2037 De
1651 1998 1757 2052 quo
1785 1983 1901 2047 the-

324 2095 497 2135 sauro
525 2079 770 2134 malitiae
792 2079 1125 2149 Augustinus
1146 2081 1198 2133 in
1225 2059 1365 2132 Ιίιπὸ
1390 2078 1456 2133 de
1476 2092 1605 2132 vera
1626 2077 1904 2145 Religione

324 2171 559 2240 loquens
578 2172 656 2225 ait
685 2186 700 2225 :
728 2189 751 2223 ς
782 2172 883 2226 Est
916 2181 1095 2225 autem
1117 2170 1303 2224 vitium
1326 2169 1561 2239 primum
1588 2168 1799 2223 animae
1816 2183 1904 2222 ra-

330 2264 550 2317 tionalis
576 2263 825 2319 voluntas
859 2278 924 2318 ea
963 2262 1220 2328 faciendi,
1255 2277 1397 2331 quae
1424 2269 1571 2317 vetat
1611 2275 1819 2315 summa
1851 2270 1909 2315 et

328 2354 525 2408 intima
565 2355 785 2408 veritas.
822 2354 896 2408 lta
920 2354 1090 2408 homo
1131 2354 1199 2408 de
1231 2353 1486 2423 paradiso
1513 2352 1565 2406 in
1595 2352 1701 2408 hoc
1746 2367 1904 2407 secu-

322 2444 446 2499 lum
466 2444 719 2514 expulsus
738 2452 843 2507 est,
867 2444 917 2497 id
937 2452 1041 2508 est,
1073 2443 1140 2496 ab
1165 2442 1403 2497 aeternis
1423 2443 1491 2497 ad
1510 2441 1847 2512 temporalia,
1876 2455 1908 2496 a

318 2536 568 2605 copiosis
598 2536 665 2589 ad
700 2549 890 2607 egena,
917 2551 947 2589 a
980 2534 1232 2588 ﬁrmitate
1270 2534 1336 2589 ad
1368 2533 1602 2588 inﬁrma.
1626 2532 1741 2587 Non
1780 2548 1909 2603 ergo

318 2641 362 2681 ιθ
415 2627 558 2681 bono
607 2626 944 2681 substantiali
995 2625 1061 2679 ad
1109 2624 1310 2679 malum
1362 2624 1734 2688 substantiale,
1782 2624 1907 2694 quia

328 2714 481 2769 [una
512 2715 811 2771 substantia
838 2715 1039 2769 malum
1083 2723 1186 2779 est,
1217 2714 1310 2768 sed
1341 2729 1370 2767 a
1411 2715 1551 2769 bono
1593 2722 1811 2768 aeterno
1841 2714 1909 2768 ad

327 2802 535 2857 bonum
565 2801 882 2873 temporale,
921 2817 950 2857 a
994 2802 1135 2857 bono
1163 2801 1429 2871 spirituali
1459 2802 1526 2856 ad
1557 2800 1754 2855 bonum
1784 2817 1907 2855 ear-

329 2893 481 2959 nale,
509 2909 539 2948 a
563 2894 705 2949 bono
733 2893 1053 2964 intelligibili
1083 2893 1151 2948 ad
1179 2893 1378 2947 bonum
1409 2891 1683 2957 sensibile,
1711 2907 1740 2945 a
1770 2893 1911 2947 bono

323 2998 549 3038 summo
571 2984 638 3037 ad
680 2984 880 3038 bonum
908 2982 1173 3037 intimum.
1205 2982 1299 3037 Est
1329 2982 1494 3052 igitur
1517 2982 1785 3051 quoddam
1815 2980 1911 3037 bo-

328 3089 487 3132 num.
514 3072 656 3140 quod
680 3073 728 3127 si
749 3072 935 3141 diligat
966 3072 987 3102 ⁸
1023 3072 1203 3125 anima
1225 3071 1519 3135 rationalis,
1542 3080 1753 3141 peccat,
1781 3072 1904 3140 quia

332 3162 478 3216 infra
524 3162 666 3215 illam
703 3162 1011 3216 ordinatum
1046 3171 1148 3216 est.
1182 3162 1364 3229 Quare
1409 3163 1583 3232 ipsum
1629 3174 1907 3231 peccatum

333 3248 538 3303 malum
567 3258 667 3312 est,
695 3265 801 3304 non
832 3265 911 3305 .ea
941 3250 1259 3315 substantia,
1302 3265 1441 3319 quae
1480 3251 1757 3319 peccando
1782 3251 1907 3305 dili-

324 3341 502 3410 gitur.
531 3339 647 3393 Non
673 3353 802 3408 ergo
822 3340 990 3394 arbor
1016 3340 1104 3394 illa
1130 3339 1326 3394 malum
1357 3340 1377 3372 ⁸
1410 3351 1515 3405 εει,
1547 3356 1685 3411 quae
1711 3342 1763 3395 in
1798 3353 1911 3395 me-

324 3428 431 3482 dio
482 3427 730 3495 paradiso
766 3427 787 3458 δ
826 3427 1063 3497 [dantata
1115 3427 1280 3501 [esse]
1323 3429 1347 3462 ⁸
1384 3429 1662 3494 scribitur,
1690 3431 1786 3485 sed
1824 3430 1908 3484 di-

332 3518 450 3572 vini
479 3519 748 3588 praecepti
770 3522 1155 3590 transgressio,
1168 3537 1307 3591 quae
1335 3537 1458 3577 cum
1487 3531 1908 3592 consequentem

332 3607 718 3677 habetjustam
748 3611 1171 3677 damnationem,
1192 3613 1457 3683 contingit
1478 3628 1547 3669 ex
1579 3614 1665 3668 illa
1694 3614 1907 3679 arbore,

330 3713 482 3767 quae
504 3709 693 3754 contra
721 3700 946 3756 vetitum
970 3709 1109 3755 tacta
1129 3710 1236 3766 est,
1262 3702 1630 3770 dignoscentia
1654 3703 1675 3733 θ
1701 3704 1824 3757 boni
1850 3712 1911 3758 ει

334 3788 489 3851 mali,
532 3790 657 3857 quia
676 3804 807 3847 .cum
837 3803 936 3845 suo
966 3801 1188 3859 peccato
1215 3791 1390 3845 anima
1420 3793 1582 3846 fuerit
1618 3792 1905 3862 implicata,

336 3879 538 3933 luenda
567 3894 768 3949 poenas
791 3880 971 3945 discit,
1003 3881 1130 3950 quid
1154 3880 1365 3937 intersit
1392 3881 1532 3936 inter
1543 3890 1907 3951 praeceptum,

330 3969 483 4037 quod
506 3970 779 4023 custodire
804 3970 994 4035 noluit,
1016 3981 1383 4041 ctpeecatum,
1406 3973 1549 4043 quod
1569 3972 1725 4037 fecit;
1750 3981 1912 4043 atque

332 4061 445 4116 hoc
467 4060 627 4116 modo
653 4063 875 4126 malum,
904 4064 1046 4133 quod
1079 4066 1316 4119 cavendo
1364 4079 1469 4119 non
1502 4065 1705 4130 didicit,
1753 4065 1912 4120 discit

334 4150 641 4216 sentiendo,
666 4160 723 4206 et
738 4153 966 4217 bonum,
995 4154 1136 4222 quod
1159 4168 1263 4209 non
1288 4155 1708 4225 obtemperando
1734 4156 1910 4210 minus

336 4241 621 4310 diligebat,
649 4243 926 4297 ardentius
952 4243 1125 4314 diligit
1146 4245 1528 4313 comparando.
1558 4245 1751 4300 Vitium
1781 4260 1911 4316 ergo

337 4332 557 4386 animae
579 4341 686 4399 est,
717 4334 859 4403 quod
896 4333 1045 4399 fecit,
1073 4343 1128 4389 et
1158 4331 1440 4389 diﬂicultas
1467 4350 1534 4390 ex
1566 4335 1698 4389 vitio
1736 4350 1908 4405 poena

1930 3122 1980 3184 C

2003 1901 2147 1955 enim
2190 1900 2398 1970 species
2440 1900 2509 1955 ab
2548 1899 2640 1954 illo
2677 1908 2787 1954 est.
2834 1898 2968 1966 Quis
3012 1907 3096 1954 est
3124 1908 3304 1954 autem
3335 1900 3445 1966 hic,
3476 1901 3582 1956 nisi

2004 2007 2146 2047 unus
2166 1991 2331 2057 Deus,
2362 2007 2469 2047 una
2497 1992 2721 2057 veritas,
2742 2005 2849 2045 una
2875 1991 3021 2046 salus
3044 1991 3306 2057 omnium,
3331 2001 3387 2046 et
3406 1993 3580 2062 prima

2002 2093 2168 2155 atque
2210 2099 2419 2139 summa
2452 2084 2711 2147 essentia,
2741 2097 2807 2138 ex
2837 2097 2941 2153 qua
2986 2090 3072 2138 est
3094 2097 3277 2147 mune,
3321 2081 3581 2153 quidquid

2004 2183 2108 2239 est,
2133 2175 2186 2228 in
2219 2182 2475 2244 quantum
2507 2182 2608 2235 est,
2637 2173 2787 2243 quia,
2824 2173 2879 2227 in
2909 2181 3165 2243 quantum
3191 2180 3293 2236 est,
3320 2171 3581 2243 quidquid

2003 2273 2107 2327 est,
2147 2264 2345 2317 bonum
2380 2271 2485 2317 est.
2523 2262 2592 2316 Et
2621 2263 2741 2319 ideo
2772 2276 2842 2317 ex
2880 2261 2995 2317 Deo
3011 2276 3124 2316 non
3152 2271 3433 2325 estmors;
3478 2278 3582 2316 non

2005 2352 2143 2405 enim
2175 2351 2313 2405 Deus
2334 2363 2548 2404 mortem
2576 2349 2715 2419 fecit,
2743 2365 2836 2404 nec
2860 2348 3088 2403 laetatur
3112 2349 3167 2404 in
3187 2349 3474 2419 perditione
3501 2349 3582 2403 vi-

2005 2456 2186 2494 vorum
2221 2437 2264 2505 ί,
2295 2439 2549 2507 quoniam
2573 2452 2782 2493 summa
2827 2437 3061 2493 essentia
3078 2424 3229 2492 facit
3254 2451 3373 2492 esse
3398 2450 3580 2501 omne,

2007 2530 2149 2600 quod
2171 2538 2273 2595 est,
2304 2530 2446 2584 unde
2472 2537 2528 2585 et
2562 2528 2796 2584 essentia
2825 2528 3045 2584 dicitur.
3083 2526 3227 2583 Mors
3257 2537 3437 2583 autem
3474 2542 3584 2582 non

2006 2636 2127 2677 esse
2145 2622 2309 2692 cogit,
2332 2621 2590 2693 quidquid
2615 2620 2865 2687 moritur,
2890 2619 2966 2693 [in
2990 2628 3249 2690 quantum
3271 2616 3580 2691 moritur’].

2008 2710 2143 2764 Nam
2181 2711 2229 2764 si
2251 2725 2335 2774 ea,
2360 2725 2498 2780 quae
2525 2710 2850 2776 moriuntur,
2878 2710 3093 2780 penitus
3118 2717 3480 2775 morerentur,
3514 2711 3584 2765 ad

2007 2803 2234 2857 nihiium
2265 2802 2381 2857 sine
2402 2801 2566 2857 dubio
2586 2801 2948 2870 pervenirent.
2973 2799 3078 2855 Sed
3105 2807 3315 2855 tantum
3343 2800 3585 2854 moriun-

2009 2904 2114 2958 tur,
2145 2886 2403 2962 quantuni
2417 2894 2595 2947 minus
2620 2879 2886 2947 esscniiae
2910 2891 3253 2961 participant.
3281 2889 3435 2958 Quod
3455 2891 3580 2944 breo

2008 2984 2129 3038 vius
2155 2982 2227 3037 ita
2255 2982 2358 3038 dici
2378 2989 2580 3052 potest:
2609 2989 2760 3035 tanto
2774 2979 2944 3053 magis
2969 2979 3015 3012 "
3036 2978 3360 3044 moriuntur,
3382 2988 3585 3047 quanto

1984 3073 2190 3129 'minus
2234 3081 2379 3128 sunt.
2433 3070 2641 3143 Corpus
2685 3080 2866 3124 autem
2914 3069 3094 3124 minus
3116 3075 3224 3133 est,
3272 3081 3437 3136 quam
3472 3064 3584 3119 vita
3670 3098 3673 3103 η

2011 3166 2303 3237 quaelibet,
2329 3164 2605 3235 quoniam,
2622 3160 3153 3232 quantulumcunque
3173 3166 3356 3214 manet
3381 3158 3435 3212 in
3463 3171 3588 3226 spe-

2009 3256 2112 3319 cie,
2143 3270 2241 3325 per
2262 3255 2426 3309 vitam
2474 3263 2672 3317 manet,
2705 3251 2819 3307 sive
2855 3264 2961 3321 qua
2999 3249 3419 3322 unumquodque
3468 3246 3588 3300 ani-

2008 3349 2264 3414 mal,sive
2291 3361 2395 3417 qua
2439 3345 2690 3400 universa
2722 3353 2912 3397 natura
2939 3341 3122 3397 mundi
3153 3339 3583 3395 administratur.

2007 3440 2217 3510 Corpus
2239 3453 2368 3508 ergo
2405 3436 2575 3506 magis
2598 3432 2842 3503 subiacet
2888 3431 3069 3494 morti,
3111 3438 3168 3484 et
3203 3428 3326 3484 ideo
3354 3426 3586 3482 vicinius

2007 3537 2091 3583 est
2118 3527 2303 3582 nihilo.
2333 3526 2672 3594 Quapropter
2693 3524 2825 3588 vita,
2847 3536 2988 3591 quae
3016 3519 3192 3574 fructu
3216 3517 3459 3587 corporis
3488 3516 3584 3572 de-

2009 3616 2202 3673 lectata
2241 3615 2462 3687 negligit
2486 3614 2528 3648 “
2562 3614 2750 3673 Deum.
2798 3611 3089 3687 inclinatur
3133 3609 3202 3664 ad
3244 3607 3494 3676 nihilum,
3531 3613 3588 3659 et

2004 3706 2113 3761 ista
2135 3716 2220 3761 est
2247 3686 2503 3774 nequitia.
2530 3701 2645 3757 Hoc
2671 3701 2812 3756 facto
2850 3709 3031 3755 autem
3057 3686 3105 3743 δ’
3142 3698 3250 3752 vita
3273 3695 3508 3752 carnalis
3533 3703 3587 3750 et

2010 3803 2224 3851 terrena
2255 3794 2505 3859 cmeitur,
2538 3800 2595 3847 et
2616 3792 2686 3847 ob
2713 3792 2815 3846 hoc
2842 3791 3004 3845 etiam
3035 3803 3163 3842 caro
3209 3794 3265 3842 et
3307 3795 3451 3841 terra
3490 3801 3589 3839 no-

2010 3887 2265 3948 minatur,
2294 3893 2349 3938 et
2369 3883 2624 3953 quamdiu
2666 3882 2737 3935 ita
2767 3889 2869 3946 est,
2898 3893 3121 3949 regnum
3153 3877 3244 3931 Dei
3274 3891 3378 3932 non
3416 3875 3586 3947 possi-

2009 3977 2158 4032 debit
2194 3978 2240 4042 ⁸,
2279 3984 2335 4031 ει
2373 3973 2601 4044 eripitur
2633 3972 2705 4037 ei,
2735 3971 2876 4041 quod
2926 3976 3093 4023 amat.
3132 3966 3191 4021 Id
3224 3967 3368 4021 enim
3416 3975 3583 4029 amat,

2009 4066 2152 4138 quod
2196 4074 2259 4122 et—
2280 4065 2455 4119 minus
2483 4070 2582 4127 est,
2612 4075 2773 4130 quam
2817 4058 2945 4123 vita,
2992 4057 3117 4125 quia
3150 4069 3348 4124 corpus
3376 4063 3478 4117 est,
3531 4061 3588 4106 et

2008 4163 2228 4229 propter
2256 4154 2429 4223 ipsum
2465 4158 2768 4220 peccatum,
2793 4161 2901 4216 quo
2934 4156 3168 4210 amatur,
3215 4143 3274 4196 tit
3313 4141 3581 4213 corrupti-

2008 4248 2134 4311 bile,
2157 4254 2215 4300 ut
2234 4243 2450 4298 ﬂuendo
2476 4241 2691 4296 deserat
2714 4245 3006 4292 amatorem
3034 4249 3211 4307 suum”,
3240 4233 3367 4302 quia
3401 4241 3457 4286 et
3494 4230 3583 4286 ille

2010 4338 2115 4395 hoc
2126 4333 2357 4391 amando
2377 4329 2616 4387 deseruit
2638 4329 2826 4383 Deum.
2847 4325 3138 4393 Praecepta
3162 4322 3305 4378 enim
3336 4321 3455 4392 ejus
3483 4336 3579 4376 ne-

338 4430 446 4487 est,
483 4437 644 4492 quam
671 4425 873 4494 patitur
910 4425 954 4478 '.
1000 4425 1064 4479 Et
1088 4423 1196 4479 hoc
1232 4433 1314 4479 est
1349 4433 1518 4479 totum
1548 4425 1771 4481 malum.
1800 4426 1901 4480 Fa-
1937 4462 1988 4522 Β
2012 4431 2162 4503 gligit
2188 4427 2232 4469 ¹³
2263 4424 2492 4481 dicentis
2528 4438 2541 4475 :
2577 4420 2691 4475 Hoc
2717 4418 3000 4482 manduca,
3028 4425 3082 4471 et
3113 4416 3213 4471 hoc
3238 4414 3368 4470 noli.
3392 4412 3585 4468 Trahi-

335 4525 467 4565 cere
497 4523 676 4568 autem
706 4523 765 4568 et
786 4513 908 4583 'pati
959 4529 1064 4569 non
1104 4515 1401 4570 substantia
1432 4523 1535 4570 est.
1570 4515 1909 4587 Quapropter
1938 4503 1984 4522 ν
2011 4536 2096 4582 un-
2115 4531 2242 4587 ergo
2271 4516 2338 4570 ad
2366 4526 2589 4584 poenas,
2624 4509 2748 4580 quia
2778 4507 3047 4577 diligendo
3089 4504 3345 4559 inferiora
3383 4503 3436 4558 in
3467 4517 3585 4572 ege-

338 4603 643 4657 substantia
668 4619 776 4658 non
806 4613 890 4659 est
919 4604 1138 4658 malum.
1173 4604 1263 4659 Sic
1288 4604 1432 4659 enim
1479 4619 1578 4660 nec
1622 4620 1758 4674 aqua
1791 4621 1907 4660 ma-

337 4690 452 4746 ιυω
486 4696 589 4758 est,
630 4708 730 4748 nec
763 4693 980 4757 animal,
1009 4694 1152 4764 quod
1188 4694 1318 4748 vivit
1359 4694 1411 4748 in
1440 4708 1592 4760 aere;
1620 4710 1742 4748 nam
1775 4695 1909 4750 istae

337 4781 819 4850 substantiae.th
853 4801 865 4836 :
896 4784 986 4838 sed
1008 4784 1207 4838 malum
1230 4794 1313 4839 est
1325 4785 1625 4841 voluntaria
1646 4785 1909 4858 praecipi-

2005 4620 2144 4670 state
2175 4607 2220 4641 "‘
2249 4606 2584 4676 voluptatum
2614 4613 2853 4662 suarum,
2881 4606 2935 4652 et
2959 4597 3013 4651 in
3034 4594 3307 4650 doloribus
3335 4590 3473 4664 apud
3497 4593 3584 4648 in-

2005 4704 2150 4761 feros
2168 4700 2470 4757 ordinatur.
2494 4693 2631 4762 Quid
2657 4698 2742 4747 est
2758 4690 2901 4745 enim
2928 4687 3099 4751 dolor,
3121 4686 3212 4757 qui
3240 4685 3438 4741 dicitur
3462 4699 3585 4740 cor-

2004 4794 2172 4865 poris,
2199 4790 2300 4847 nisi
2324 4786 2596 4857 corruptio
2623 4782 2901 4853 repentina
2924 4780 3114 4835 salutis
3141 4778 3256 4847 ejus
3282 4778 3380 4842 rei,
3421 4790 3584 4847 quam

1604 4937 1855 4994 VARIAE
1896 4940 2296 4999 LECTIONES.

404 5054 429 5088 ι
459 5044 588 5101 Ead.
621 5046 693 5111 al.
726 5061 796 5099 m.
823 5047 891 5118 ad
920 5062 1088 5118 marg.
1107 5048 1299 5118 adscr.
1338 5042 1619 5103 Peccatum
1654 5065 1687 5102 a
1722 5060 1963 5106 creatura
1990 5070 2093 5107 non
2135 5068 2265 5107 esse.
2342 5051 2361 5082 ³
2391 5048 2461 5103 al.
2495 5046 2686 5118 diligit.
2763 5046 2784 5077 ³
2806 5045 2877 5103 al.
2912 5045 3075 5118 mala.
3153 5044 3175 5077 ⁸
3210 5044 3281 5118 al.
3321 5045 3580 5118 paradisi.

336 5117 359 5149 '
385 5132 495 5169 esse
514 5118 785 5190 om.cod.,
802 5117 925 5190 add.
953 5114 1064 5190 M._'
1085 5116 1132 5190 _'_
1148 5118 1279 5172 Cod.
1296 5117 1640 5190 dinoscentia,
1664 5119 1741 5174 sic
1770 5120 1986 5190 ubique.
2061 5124 2082 5154 "
2107 5121 2238 5177 Ead.
2264 5120 2332 5174 al.
2360 5135 2432 5190 nt.
2457 5118 2532 5190 ad;
2551 5114 2721 5190 marg.
2738 5117 2919 5190 adscr;
2942 5116 3121 5190 vitium
3141 5114 3348 5190 animae
3366 5114 3581 5190 con/ite-

336 5202 444 5258 ων,
460 5187 598 5258 quod
612 5198 729 5258 ante
744 5189 970 5258 negavit1
985 5256 991 5258 _
1034 5188 1056 5219 ⁸
1079 5185 1170 5242 Sic
1183 5189 1325 5258 cod.,
1344 5188 1412 5258 Pd.
1431 5203 1554 5242 non.
1610 5186 1631 5217 ’
1646 5189 1699 5240 in
1711 5185 1961 5258 quantum
1976 5193 2195 5245 moritur
2205 5187 2593 5258 om.cod.,add.
2619 5185 2688 5258 Ml

2793 5187 2835 5216 ”
2880 5182 3059 5254 Cunj.,
3091 5185 3210 5238 cod.
3226 5192 3282 5237 et
3295 5181 3364 5236 Μ.
3382 5184 3576 5238 minus.

336 5259 380 5294 ιι
399 5254 775 5325 ιΣοαπερΙρθίι.
808 5254 821 5256 ἡ
853 5259 896 5289 ⁸⁸
940 5255 1030 5312 Sic
1050 5258 1194 5322 cod.,
1226 5256 1294 5310 M.
1326 5256 1442 5311 Hoc
1463 5267 1634 5311 mitem
1669 5254 1839 5326 pacto.
1913 5260 1963 5298 ⁸³
1992 5259 2122 5317 Cod.
2154 5260 2393 5332 neglegit,
2425 5257 2494 5313 Μ.
2523 5254 2766 5325 neglexit.
2845 5254 2884 5294 ι’
2923 5255 3055 5309 Cod.
3088 5261 3359 5322 aegesta“.

1844 5376 2021 5432 ΝΟΤΑ
2032 5379 2093 5433 E.

406 5493 437 5522 ι
472 5480 696 5536 Nat’um
722 5483 915 5539 malum
945 5485 1045 5540 nisi
1069 5501 1133 5539 ea
1156 5485 1306 5540 bona.
1337 5484 1504 5540 Pavo.

409 5550 439 5591 δ
460 5550 650 5605 Matth.
672 5551 780 5615 XII,
805 5555 877 5611 55

407 5630 434 5659 ο
462 5620 669 5674 Coloss.
698 5622 761 5684 ll,
789 5625 842 5677 5.

408 5689 437 5728 4
471 5689 637 5744 Eceli.
667 5690 733 5755 Χ,
766 5692 845 5746 lii.

2083 5500 2111 5528 ο
2142 5489 2421 5560 Augustin.
2446 5488 2510 5543 de
2543 5503 2663 5544 vera
2687 5484 2855 5556 Relig.
2878 5500 2928 5540 ε.
2954 5484 3047 5538 20.

2091 5558 2109 5596 ί
2146 5557 2274 5628 8³³1)·
2311 5557 2514 5628 [μυξη

2086 5629 2110 5666 ι
2137 5625 2293 5682 tear.
2318 5625 2435 5694 xv,
2457 5625 2548 5681 ευ..
