4028 6280
522 341 627 395 423

1889 341 2170 401 JOANNIS
2210 345 2406 403 SCO'I'I

3647 351 3753 407 421

535 447 660 502 nale
689 446 886 501 utendo
936 447 1113 501 anima
1154 449 1589 517 corruptionibus
1629 451 1900 507 noxiavit?
1947 455 2086 520 Quid
2115 461 2158 518 A
2188 457 2255 512 de
2277 473 2384 526 quo
2419 460 2688 514 hominem
2713 461 2891 516 divina
2919 477 3025 516 non
3071 462 3298 518 absolvit
3339 464 3654 532 clementia,
3702 470 3753 520 in

528 544 702 590 autem
739 535 758 567 ⁸
813 534 981 600 dolor,
1004 536 1096 604 qui
1125 536 1322 591 dicitur
1356 539 1543 604 animi,
1580 540 1684 595 nisi
1705 555 1890 596 carere
1908 550 2085 596 muta-

503 622 718 678 bilibus
761 624 942 690 rebus,
995 624 1188 692 quibus
1231 623 1530 692 fruebatur,
1567 636 1661 681 aut
1699 628 1806 694 frui
1834 644 1892 684 se
1927 643 2087 697 posse

519 713 772 782 sperabat
787 712 810 764 ?
826 713 937 766 Hoc
960 712 980 742 ¹
1003 720 1088 767 est
1114 715 1457 784 totum,un
1481 717 1677 770 dicitur
1690 718 1910 783 malum,
1935 718 1987 772 id
2004 730 2087 772 est

507 808 798 868 peccatum
842 808 897 854 ct
939 814 1110 870 poena
1160 804 1366 870 peccati
1416 823 1434 855 ι
1492 816 1540 858 α.
1581 805 1841 871 Quocirca
1906 808 2084 862 divina

520 889 764 956 aequitas
789 903 897 942 non
921 889 1092 957 punit,
1123 891 1264 958 quod
1294 907 1388 946 sua
1412 892 1621 948 bonitas
1646 910 1831 950 creare
1851 897 2037 951 voluit.

591 977 678 1031 VI.
710 978 903 1032 Procul
931 980 1091 1034 dubio
1115 981 1277 1050 igitur
1322 986 1629 1048 tenendum,
1678 987 1876 1040 nullam
1929 998 2085 1042 natu-

519 1085 634 1124 ram
681 1071 748 1125 ab
774 1071 875 1124 alia
908 1080 1098 1125 natura
1125 1074 1324 1141 pttniri,
1355 1090 1417 1130 ac
1448 1092 1542 1146 per
1581 1079 1684 1133 hoc
1719 1080 1916 1134 nullam
1953 1097 2080 1150 poe-

522 1176 644 1214 nam
671 1175 700 1212 a
726 1161 832 1214 Deo
859 1175 978 1214 esse
1010 1160 1227 1226 factam,
1255 1163 1584 1234 subindeque
1613 1183 1711 1222 nec
1739 1169 1807 1222 ab
1833 1185 1899 1222 eo
1931 1183 2084 1237 prae-

520 1251 734 1315 scitam,
752 1266 848 1304 nec
867 1252 1318 1320 praedestinatam
1342 1253 1362 1284 ³
1391 1271 1404 1320 ;
1431 1258 1678 1324 quamvis
1691 1274 1851 1327 saepe
1873 1260 2084 1315 dicatur

516 1347 569 1392 et
593 1338 804 1402 fecisse,
837 1348 886 1392 et
911 1341 1230 1408 praescisse,
1251 1342 1334 1394 vel
1358 1345 1801 1411 praedestinasse.
1825 1349 1908 1403 Ad
1928 1364 2083 1403 exer-

508 1429 698 1481 citium
721 1430 916 1498 quippe
937 1440 1150 1484 nostrae
1173 1431 1552 1502 intelligentiae
1580 1435 1718 1491 Deus
1753 1440 2079 1506 procuravit,

515 1527 571 1572 et
599 1519 652 1572 in
685 1518 982 1588 Scripturis
1008 1520 1138 1583 suis,
1168 1532 1222 1576 et
1251 1523 1302 1576 in
1336 1526 1720 1580 tractatoribns
1743 1526 1875 1594 ejus,
1903 1537 1962 1582 ut
1988 1545 2082 1581 au-

519 1609 722 1663 dientes
751 1609 884 1663 talcs
910 1610 1235 1664 locutionum
1274 1613 1461 1667 modos
1485 1613 1764 1681 evigilaret
1789 1626 1968 1670 nostra
1999 1617 2080 1669 in-

515 1699 683 1751 tentio
703 1699 768 1750 ad
792 1697 1211 1767 intelligendum,
1238 1701 1365 1769 quid
1385 1700 1405 1731 ⁵
1432 1702 1483 1755 in
1499 1702 1578 1757 eis
1599 1705 1881 1773 mysticum
1897 1705 2078 1771 lateat,

2188 549 2490 617 praesentis
2515 553 2771 620 temporis
2793 553 2973 608 studio
3014 553 3296 610 libidinose
3322 555 3626 613 forinsecus
3649 561 3749 611 mi-

2187 653 2364 692 serum
2404 651 2715 708 peccantem
2765 644 2817 697 in
2857 659 3030 712 coque
3070 656 3500 714 perseverantem
3524 648 3758 703 delecta-

2190 737 2277 782 tur
2305 731 2328 763 ⁸
2353 771 2370 796 ,
2415 733 2738 787 intrinsecus
2773 749 2902 789 vero
2932 749 2990 789 se
3037 736 3211 804 ipsum
3250 737 3423 805 punit.
3466 737 3524 790 In
3573 737 3754 792 futuro

2185 827 2384 884 autem,
2409 836 2530 875 cum
2563 822 2835 889 plenitudo
2861 824 3154 893 impietatis
3182 834 3398 893 peracta
3429 824 3612 888 fuerit,
3647 844 3754 880 om-

2185 908 2273 961 nia
2297 908 2408 970 illa,
2427 925 2564 977 quae
2592 911 2680 964 hic
2700 910 2933 975 fuerant,
2961 911 3347 967 delectamenta
3377 915 3586 981 peccati
3613 929 3752 968 com-

2185 997 2431 1051 mittendi
2454 998 2561 1053 illic
2586 1007 2868 1052 vertentur
2896 1001 2948 1054 in
2974 1001 3332 1054 instrumenta
3379 1003 3587 1068 peccati
3626 1018 3751 1057 cru-

2183 1086 2382 1140 ciandi.
2434 1086 2720 1141 Peccatum
2779 1089 2958 1158 itaque
3003 1091 3224 1144 omnino
3283 1099 3522 1161 peccato.
3557 1101 3618 1146 et
3670 1094 3753 1147 hic

2187 1176 2398 1231 occulte
2446 1178 2699 1246 incipitur
2743 1180 2940 1247 puniri,
2983 1188 3039 1232 et
3079 1181 3188 1234 illic
3226 1192 3412 1250 aperte
3444 1183 3754 1251 perficietur

2185 1266 2455 1333 torqueri;
2496 1267 2586 1321 hic
2609 1267 2819 1320 initium
2856 1267 3120 1332 dolorum,
3149 1268 3257 1323 illic
3296 1269 3418 1323 finis
3463 1270 3750 1338 supplicio-

2183 1371 2339 1419 rum;
2373 1356 2460 1410 hic
2491 1356 2620 1410 falsa
2665 1357 2865 1411 laetitia
2895 1358 2960 1412 de
3004 1357 3304 1411 voluntaria
3352 1358 3598 1421 libidine,
3646 1359 3750 1413 illic

2181 1461 2307 1499 vera
2335 1447 2548 1500 tristitia
2580 1448 2646 1500 de
2679 1435 2975 1501 necessaria
3006 1448 3273 1516 passione.
3323 1447 3514 1502 Merito
3551 1450 3749 1517 quippe

2181 1537 2479 1605 perniciosa
2514 1537 2602 1590 hic
2625 1537 2848 1591 dulcedo
2870 1537 3105 1591 libidinis
3128 1537 3235 1591 illic
3260 1547 3504 1591 vertetur
3526 1539 3580 1591 in
3606 1553 3750 1590 ama-

2181 1629 2467 1683 ritudinem
2501 1628 2741 1692 ultionis,
2763 1637 2843 1692 ut,
2865 1629 2988 1698 quia
3021 1630 3108 1683 hic
3131 1631 3328 1684 donum
3350 1630 3568 1684 divinae
3601 1630 3752 1698 largi-

2183 1719 2326 1782 tatis,
2353 1719 2454 1772 hoc
2467 1729 2568 1783 est,
2600 1719 2822 1773 liberum
2848 1718 3138 1774 voluntatis
3162 1721 3466 1784 arbitrium,
3499 1723 3649 1790 quod
3673 1731 3755 1776 est

511 1801 619 1876 non
669 1787 794 1855 quid
834 1788 1127 1876 verborum
1176 1789 1398 1858 simplex
1445 1793 1760 1861 superficies
1807 1797 2076 1851 oswndal.
2109 1793 2154 1851 Β
2188 1807 2447 1861 naturalis
2477 1807 2856 1876 intelligentiae
2886 1823 3079 1863 munus
3101 1807 3144 1872 ',
3177 1809 3233 1863 id
3254 1787 3557 1864 estulentis
3586 1810 3748 1872 acies,

512 1873 660 1939 Quae
686 1889 806 1928 cum
830 1875 901 1928 ita
931 1875 1060 1942 sint,
1086 1878 1280 1932 merito
1301 1881 1595 1946 quaeritur,
1629 1883 1754 1951 quid
1785 1885 2004 1953 punitur
2025 1887 2078 1940 in

513 1964 724 2017 miseris
749 1964 1127 2034 suppliciorum
1158 1970 1486 2025 cruciatibus
1511 1973 1828 2041 plcctendis,
1859 1988 1912 2030 et
1951 1979 2078 2046 quid

509 2053 685 2121 punit.
708 2053 805 2108 Cui
850 2055 1181 2123 inquisitioni
1220 2058 1408 2112 beatus
1438 2069 1591 2128 pater
1627 2063 1957 2132 Augustinus
1995 2082 2080 2122 rce

499 2144 790 2212 spondeat,
841 2145 932 2212 qui
972 2145 1024 2198 in
1064 2147 1398 2215 expositione
1437 2150 1626 2218 psalmi
1675 2155 1885 2220 septimi
1931 2156 1953 2187 ⁸
2001 2157 2079 2212 sic

491 2236 586 2286 lait
629 2253 642 2286 :
687 2252 706 2284 α
748 2234 1132 2304 lntelligamus,
1166 2235 1452 2305 unicuique
1503 2240 1704 2295 homini
1760 2244 2076 2312 supplicium

515 2321 631 2374 fieri
671 2322 736 2375 de
775 2331 996 2390 peccato
1026 2337 1143 2387 suo,
1177 2333 1230 2377 et
1259 2324 1374 2393 ejus
1400 2325 1733 2394 iniquitatem
1763 2330 1816 2383 in
1849 2347 2076 2400 poenam

510 2411 771 2476 converti,
804 2426 902 2466 nec
922 2424 1190 2481 putemus,
1223 2413 1367 2468 illam
1397 2418 1831 2487 tranquillitatem
1862 2432 1916 2476 et
1946 2423 2077 2477 inef-

502 2494 669 2552 ‘fabile
693 2498 869 2553 lumen
898 2500 993 2556 Dei
1023 2502 1088 2557 de
1111 2518 1168 2558 se
1175 2502 1437 2573 proferre,
1457 2506 1595 2561 unde
1616 2519 1833 2576 peccata
1858 2513 2077 2580 punian-

512 2598 617 2652 tur,
661 2591 752 2645 sed
778 2591 892 2660 ipsa
913 2605 1132 2662 peccata
1163 2594 1243 2648 sic
1269 2596 1540 2661 ordinare,
1582 2605 1661 2662 ut,
1694 2614 1831 2668 quae
1861 2601 2075 2657 fuerunt

499 2679 895 2736 delcctamenta
959 2683 1157 2736 homini
1198 2685 1487 2752 .peccanti,
1549 2686 1659 2740 sint
1718 2688 2074 2745 instrumenta

509 2767 735 2823 Domino
764 2770 1004 2838 punienti
1039 2790 1056 2822 ι
1095 2771 1143 2835 b,
1167 2773 1388 2840 pulchre
1408 2775 1624 2844 quidem
1649 2785 1808 2846 atque
1836 2781 2076 2848 praecla-

510 2873 568 2912 re
598 2858 888 2924 deliniens,
932 2875 1037 2915 non
1066 2876 1184 2916 esse
1212 2863 1316 2917 alia
1354 2867 1709 2921 instrumenta
1743 2873 2076 2938 torquendae

506 2947 817 3017 impietatis,
832 2960 1049 3019 praeter
1077 2952 1217 3007 illam
1241 2954 1410 3022 ipsam
1437 2956 1787 3026 impietatem.
1814 2959 1983 3017 Omne
2007 2963 2076 3018 si-

505 3036 720 3103 quidem
749 3047 1048 3106 peccatum,
1095 3041 1237 3109 quod
1277 3043 1332 3096 in
1375 3043 1476 3100 hac
1521 3047 1631 3100 vita
1682 3048 1966 3105 inchoatur
2006 3054 2075 3109 ab

2181 1912 2341 1966 quam
2365 1897 2609 1951 conditor
2645 1898 2893 1952 omnibus
2934 1897 3260 1967 generaliter
3301 1899 3522 1953 donavit
3569 1900 3640 1953 ad
3695 1914 3750 1953 sc

2180 1987 2564 2058 quaerendum,
2589 1987 2935 2056 diligendum,
2958 1985 3268 2052 fruendum,
3303 1989 3356 2042 in
3383 2003 3512 2042 usus
3527 1989 3750 2058 turpitu-

2179 2077 2320 2131 dinis
2346 2085 2553 2130 mutare
2581 2076 2938 2145 superbiendo
2964 2076 3291 2146 nequissime
3320 2077 3590 2141 voluerat,
3622 2078 3745 2140 illic.

2179 2184 2247 2224 ne
2267 2169 2484 2222 omnino
2504 2168 2744 2222 veritatis
2771 2169 3049 2222 honestate
3076 2168 3304 2233 fruatur,
3323 2168 3534 2236 justitia
3560 2170 3610 2202 "
3638 2187 3750 2240 per-

2178 2259 2286 2322 dat,
2316 2267 2454 2312 eteo
2475 2271 2694 2312 carcere
2720 2257 3020 2326 iniquitatis
3042 2259 3308 2328 propriae,
3341 2259 3392 2312 in
3415 2275 3522 2328 quo
3553 2261 3646 2315 hic
3691 2276 3746 2315 se

2178 2351 2349 2420 ipsum
2372 2349 2682 2411 incluserat,
2699 2349 2947 2404 tenebras
2966 2360 3215 2404 aeternae
3239 2350 3578 2416 ignorantiae
3605 2352 3747 2407 inex-

2179 2437 2494 2494 tricabiliter
2518 2438 2920 2507 poenaliterque
2947 2454 3050 2493 non
3065 2440 3247 2493 evitet.

2248 2527 2378 2582 VIII.
2419 2527 2554 2582 Hinc
2581 2528 2912 2598 Augustinus
2935 2529 2988 2582 in
3020 2528 3157 2584 libro
3181 2529 3248 2584 de
3272 2544 3399 2584 vera
3430 2529 3744 2600 Religione:

2183 2637 2200 2670 ι
2218 2617 2320 2685 Qui
2337 2634 2465 2689 ergo
2486 2637 2530 2682 ι,
2549 2619 2738 2686 inquit,
2764 2637 2782 2668 ε
2805 2617 2942 2672 male
2956 2628 3177 2673 utuntur
3195 2629 3343 2673 tanto
3361 2620 3559 2674 mentis
3589 2621 3744 2682 bono,

2176 2715 2237 2762 ut
2283 2716 2434 2761 extra
2472 2721 2590 2760 eam
2635 2707 2864 2760 visibilia
2905 2707 3074 2777 magis
3108 2715 3394 2777 appetant,
3441 2707 3645 2776 quibus
3683 2709 3746 2760 ad

2174 2796 2553 2864 conspicienda
2586 2803 2640 2850 et
2665 2795 2928 2866 diligenda
2955 2795 3306 2866 intelligibilia
3328 2798 3742 2851 commemorari

2175 2885 2499 2949 debuerunt,
2531 2884 2802 2938 dabuntur
2824 2885 2903 2938 eis
2927 2885 3224 2939 exteriores
3253 2885 3526 2951 tenebrae,
3553 2887 3743 2941 harum

2174 2974 2372 3043 quippe
2402 2974 2612 3028 initium
2644 2983 2727 3028 est
2749 2974 2932 3029 carnis
2955 2975 3239 3043 prudentia
3267 2983 3322 3029 et
3351 2991 3608 3031 sensuum
3633 2991 3746 3030 oor-

2178 3079 2464 3132 porcorum
2515 3064 2854 3118 imbecillitas
2877 3069 2946 3130 ιι,
2993 3074 3050 3119 et
3090 3066 3182 3134 qui
3228 3067 3617 3122 certaminibus
3657 3068 3744 3121 de-

507 3126 723 3222 homine
755 3127 1177 3222 delectabiliter,
1219 3133 1498 3222 perficitur
1530 3136 1584 3189 in
1634 3137 1817 3193 futuro
1844 3143 2078 3208 poenali-
2104 3141 2148 3201 C
2180 3126 2470 3217 Iectantur,
2503 3153 2879 3207 alienabuntur
2987 3126 3123 3222 pace
3135 3194 3150 3217 ,
3181 3163 3238 3208 et
3265 3156 3492 3210 summis
3520 3154 3745 3209 ditlicul-

509 3223 589 3266 ter
636 3213 681 3280 °,
716 3215 818 3269 nisi
847 3217 915 3272 ab
942 3233 1007 3272 eo
1044 3219 1214 3288 gratia
1242 3219 1418 3275 divina
1442 3239 1538 3292 per
1573 3223 1756 3280 Jesum
1797 3229 2070 3286 Christum

509 3304 794 3360 Dominum
838 3316 894 3361 et
921 3308 1243 3364 salvatorem
1289 3315 1470 3367 mundi
1521 3315 1848 3384 liberaverit,
1899 3323 2073 3389 prius-

510 3410 672 3463 quam
698 3396 764 3450 de
791 3397 892 3451 hoc
939 3399 1119 3453 seculo
1157 3409 1480 3456 transeatur.
1508 3403 1717 3459 Nullum
1745 3417 1920 3462 autem
1943 3427 2071 3479 pec-

507 3497 691 3540 catum
707 3495 812 3553 est,
833 3489 976 3558 quod
991 3504 1095 3544 non
1119 3495 1651 3562 peccantcmpuniat.
1674 3496 1730 3550 In
1758 3500 1901 3553 omni
1929 3501 2070 3555 enim

481 3585 790 3643 peccatore
809 3578 968 3632 simul
985 3579 1244 3649 incipiunt
1268 3582 1398 3635 oriri
1425 3594 1478 3637 et
1498 3595 1798 3652 peccatum,
1827 3599 1881 3642 et
1900 3605 2072 3658 pncua

506 3665 641 3733 ejus,
671 3667 794 3735 quia
824 3668 1028 3729 nullum
1048 3679 1325 3740 peccatum
1356 3683 1459 3739 est,
1485 3675 1626 3744 quod
1653 3693 1755 3730 non
1801 3693 1860 3733 se
1899 3681 2070 3747 ipsmn

502 3756 713 3824 puniat,
744 3756 956 3812 occulte
987 3767 1162 3814 tamen
1199 3760 1252 3814 in
1303 3761 1405 3817 hac
1451 3764 1581 3829 \ita,
1627 3776 1810 3835 aperte
1856 3784 1980 3823 vero
2019 3772 2069 3824 in

505 3847 696 3912 altera,
729 3863 868 3917 quae
896 3857 979 3903 est
1006 3847 1204 3904 futura.

575 3936 683 3990 VII.
713 3937 863 4004 Quod
903 3939 1338 3996 manifestissime
1378 3944 1642 4012 probatur
1677 3946 1890 4004 virtutis
1919 3965 2072 4015 argn-

481 4038 706 4082 mcnto.
758 4028 943 4086 Omnis
969 4033 1163 4102 quippe
1189 4034 1356 4088 virtus
1389 4051 1608 4092 necesse
1637 4048 1720 4092 est
1749 4040 1798 4092 in
1822 4041 1943 4100 ,bac
1966 4042 2069 4096 vita

505 4117 690 4185 incipi,
713 4128 767 4173 et
792 4119 844 4173 in
871 4119 1052 4176 futuro
1080 4124 1396 4192 perpetrari,
1441 4126 1511 4179 ita
1537 4136 1612 4189 ut,
1646 4128 1689 4180 si
1729 4143 1852 4182 veta
1879 4131 1969 4194 sit,
1999 4132 2071 4186 si-

505 4206 614 4258 mul
643 4224 764 4261 cum
790 4223 852 4262 ea
880 4211 1152 4265 beatitudo
1179 4229 1273 4267 sua
1311 4215 1520 4268 initium
1560 4218 2069 4288 sortiaturocculte,

505 4310 693 4368 aperte
719 4316 846 4356 vero
883 4302 1117 4357 laborem
1149 4314 1380 4376 propter
1402 4308 1742 4364 adversantia
1773 4311 1894 4375 sibi,
1925 4327 2071 4367 eam-

504 4406 608 4459 que
639 4393 853 4461 penitus
881 4393 1093 4450 auferre
1134 4398 1384 4452 volentia.
1428 4400 1494 4453 Et
1520 4403 1622 4456 hoc
1660 4402 1712 4456 in
1751 4403 1908 4470 hujus
1929 4407 2070 4462 vitae

2175 3244 2378 3297 tatibus
2407 3242 2843 3312 implicabantur.
2887 3242 3102 3296 Initium
3143 3244 3288 3298 enim
3334 3259 3576 3298 summae
3611 3244 3740 3298 ditii-

2174 3334 2316 3388 culta
2327 3334 2394 3388 tis
2416 3342 2501 3387 est
2522 3332 2716 3388 bellum
2741 3344 2902 3401 atque
2923 3335 3222 3398 contentio,
3244 3344 3299 3388 et
3319 3335 3420 3388 hoc
3447 3335 3746 3405 signiﬁcare

2175 3423 2432 3488 arbitror,
2461 3423 2605 3491 quod
2634 3423 2866 3492 ligantur
2893 3424 2967 3476 eis
2993 3439 3181 3477 manus
3215 3433 3262 3477 et
3298 3424 3450 3492 pedes
3475 3435 3522 3489 ο,
3562 3425 3618 3479 id
3647 3435 3742 3487 est,

2175 3513 2405 3567 facilitas
2436 3513 2614 3568 outnis
2643 3511 2886 3566 aufertur
2924 3514 3213 3581 aperandi,
3259 3522 3316 3567 et
3359 3515 3448 3582 qui
3497 3515 3652 3568 sitire
3695 3523 3744 3566 ct

2175 3603 2384 3657 esurire
2412 3601 2615 3663 volunt,
2644 3609 2700 3655 et
2726 3602 2778 3655 in
2809 3601 3085 3655 libidinem
3127 3603 3413 3656 ardescere
3454 3611 3511 3655 et
3551 3602 3742 3657 defati-

2172 3693 2315 3763 gari,
2343 3701 2400 3746 ut
2432 3691 2658 3745 libenter
2685 3691 2867 3754 edant,
2898 3701 2954 3746 et
2979 3693 3185 3755 bibant,
3204 3701 3258 3746 et
3282 3694 3665 3757 concumbant,
3693 3700 3744 3746 et

2177 3781 2472 3844 dormiant,
2494 3790 2677 3834 amant
2701 3780 3070 3849 indigentiam,
3097 3782 3238 3850 quod
3259 3792 3344 3836 est
3369 3782 3578 3835 initium
3606 3797 3742 3834 sum-

2174 3885 2386 3924 morum
2410 3870 2675 3924 dolormn.
2707 3868 3021 3924 Perticietur
3043 3886 3173 3940 ergo
3195 3872 3248 3924 in
3275 3871 3356 3925 eis
3376 3870 3516 3939 quod
3543 3877 3739 3932 autaut,

2174 3969 2232 4013 ut
2273 3959 2343 4012 ilti
2382 3959 2455 4011 eis
2501 3959 2567 4011 sit
2606 3957 2841 4027 ploratus
2883 3968 2930 4012 et
2979 3960 3174 4012 stridor
3219 3961 3449 4014 dentium
3469 3960 3519 4013 ά.
3563 3959 3741 4014 Plures

2173 4049 2318 4103 enim
2350 4059 2497 4112 sunt,
2529 4048 2620 4117 qui
2654 4048 2787 4101 haec
2817 4049 2998 4102 omnia
3032 4049 3183 4103 initia
3221 4048 3378 4104 simul
3410 4049 3656 4117 diligunt,
3691 4059 3740 4103 ct

2173 4153 2400 4206 quorum
2436 4137 2545 4191 vita
2576 4144 2660 4191 est
2689 4145 2955 4205 spectare,
3000 4137 3346 4203 contendere,
3396 4139 3738 4199 manducare.

2173 4228 2388 4304 bibere,
2409 4226 2786 4284 concumbere.
2816 4225 3071 4288 dormire,
3103 4235 3158 4280 et
3202 4227 3254 4280 in
3291 4225 3625 4296 cogitatione
3651 4242 3736 4278 sua

2174 4316 2305 4371 nihil
2330 4315 2494 4382 aliud,
2523 4331 2681 4386 quam
2711 4316 3262 4385 phantasmata,quae
3289 4316 3354 4370 de
3383 4315 3473 4370 tali
3504 4316 3611 4369 vita
3641 4313 3738 4370 col-

2175 4407 2366 4478 ligunt,
2393 4406 2692 4475 amplexari
2719 4445 2734 4471 ,
2769 4413 2824 4459 et
2854 4421 2921 4460 ex
2949 4421 3134 4460 eormn
3165 4406 3379 4460 fallacia
3413 4405 3740 4474 superstitio-

502 4485 678 4550 spatio
709 4484 828 4537 fieri
863 4500 1077 4553 semper
1097 4486 1404 4545 inevitabile
1428 4500 1530 4545 est.
1557 4491 1614 4545 ln
1671 4509 1734 4548 ea
1783 4509 1906 4549 vero
1936 4497 2067 4561 vita,
2101 4487 2146 4544 1)
2173 4498 2259 4551 nis
2288 4496 2372 4550 vel
2401 4495 2692 4565 impietatis
2721 4495 2935 4565 regulas
2961 4496 3124 4566 figere
3153 4504 3218 4561 η,
3249 4497 3443 4565 quibus
3473 4496 3739 4565 decipiun-

497 4571 558 4624 in
588 4587 691 4640 qua
719 4573 895 4627 omnis
920 4573 1093 4642 pietas
1121 4576 1414 4644 perficitur,
1459 4593 1779 4651 consumpto
1808 4586 1951 4639 omni
1993 4587 2069 4640 Ia-

505 4661 637 4715 bore
649 4662 1015 4718 defendendae
1039 4663 1270 4731 virtutis,
1299 4667 1412 4736 ipsa
1434 4671 1747 4742 sibimetipsi
1774 4675 1876 4743 erit
1892 4690 1998 4743 pax
2015 4685 2070 4731 et

503 4747 782 4806 beatitudo
809 4750 855 4809 ⁷.
896 4751 989 4809 Sic
1022 4753 1184 4825 igitur
1213 4769 1244 4810 e
1266 4758 1538 4814 contrario
1583 4740 1741 4816 omne
1763 4740 2066 4832 peccatum,

2178 4595 2286 4653 tur,
2307 4595 2362 4642 et
2383 4587 2578 4657 quibus
2604 4587 2910 4652 inhaerent,
2941 4588 3154 4642 etiamsi
3181 4589 3250 4643 ab
3277 4587 3543 4643 illecebris
3565 4587 3737 4642 carnis

2175 4686 2436 4732 conentur
2466 4677 2783 4750 [abstinere]
2803 4676 2871 4744 ⁸³,
2904 4678 3029 4748 quia
3070 4693 3176 4732 non
3224 4679 3361 4733 bene
3401 4687 3623 4732 utuntur
3659 4686 3734 4728 ta-

2176 4767 2324 4823 lento
2349 4767 2451 4824 sibi
2477 4768 2790 4834 commisso,
2817 4767 2871 4824 id
2883 4776 2984 4836 est,
3005 4769 3201 4824 mentis
3216 4769 3350 4836 acie,
3377 4783 3484 4838 qua
3497 4768 3736 4822 videntur

1802 4895 2052 4950 VARIAE
2088 4895 2489 4954 LECTIONES.

574 4994 596 5026 ³
629 4991 718 5046 Sic
737 4992 880 5058 cod.,
909 4992 979 5047 al.
1003 5001 1321 5119 corrtxtioni
1339 5002 1458 5072 fecit
1483 5005 1776 5062 obnoxiam.
1805 5009 1946 5075 Quid
1977 5021 2054 5066 est
2080 5024 2274 5067 autem.
2347 5016 2368 5046 ²
2413 5013 2504 5070 Sic
2531 5015 2675 5079 cod.,
2711 5016 2780 5071 al.
2810 5027 3121 5118 speraverat.
3157 5015 3226 5072 Ut
3265 5017 3380 5071 hoc.
3457 5017 3498 5070 ⁸.
3526 5015 3618 5070 Illa
3655 5014 3720 5069 al.

574 5104 578 5116 .
624 5063 688 5115 ad
737 5077 902 5119 marg.
929 5063 1105 5118 adscr.
1155 5092 1158 5096 -
1195 5069 1354 5119 ullam
1385 5090 1601 5119 noenum
1641 5095 1671 5119 ιι
1713 5077 1816 5119 nm
1844 5083 2147 5119 "mm-nn».
2183 5099 2272 5119 ηομ
2300 5085 2736 5119 "Mannum"...
2908 5087 2996 5119 ειη
3040 5087 3137 5119 Ma
3218 5087 3264 5119 tu
3319 5087 3457 5119 ηηηΑ
3556 5087 3578 5118 tt
3607 5086 3711 5119 rma

503 5080 578 5118 m.
624 5063 688 5115 ad
733 5077 902 5131 marg.
929 5063 1105 5118 adscr.

1195 5069 1354 5153 ullant
1383 5090 1601 5153 poetmm
1633 5095 1677 5153 _a_
1707 5069 2148 5153 Deo'praescitam
2180 5099 2272 5136 nec
2299 5069 2759 5153 praedestinatum.

3355 5087 3478 5139 uad.
3556 5087 3578 5118 ⁸
3607 5086 3730 5141 Cod.

2908 5087 2998 5141 Sic
3039 5087 3186 5151 cod.,
3217 5087 3286 5140 M.

501 5131 694 5225 illo“:
924 5134 1268 5225 {ltiti-tuam.
1288 5130 1461 5225 adscr.
1491 5144 1642 5225 Quod
1663 5151 1716 5201 in
1738 5130 1951 5225 hac-reita
1974 5151 2249 5225 inchoatur
2277 5130 2563 5225 precantum,
2584 5156 2638 5208 in
2667 5154 2846 5225 futuro
2866 5130 3186 5225 perficietur:
3255 5157 3275 5190 τ
3306 5130 3436 5209 ἐειᾱ.
3458 5155 3529 5208 aI.
3567 5172 3638 5209 m.
3670 5151 3729 5206 ad

507 5218 676 5288 marg.
711 5203 886 5288 adscr.
920 5203 1282 5288 beatitudine—nt
1315 5203 1921 5288 hominisvirtutesdicit
1949 5203 2077 5274 esse.
2104 5203 2173 5251 77'7"
2195 5203 2642 5286 cod;
2667 5203 3234 5280 ’ᾖξ’ὶὶὲιέἑι’ἇὶῖ”ὀ”ἰίιε
3256 5203 3438 5278 alt—ni:

505 5273 911 5361 3315‘“:
933 5274 1450 5361 gralifl‘e‘tfalttruleut
1492 5284 1614 5336 dicit
1643 5273 2074 5361 intelligentiam;
2134 5289 2177 5321 ¹⁰
2332 5273 3126 5361 "ﬁlled.
3567 5273 3729 5346 .ίῖνὲἷο

499 5344 649 5405 cod.,
678 5342 746 5395 al.
777 5342 990 5412 ﬁngere.
1067 5342 1111 5372 ⁸³
1137 5344 1393 5403 abstinere
1428 5365 1536 5403 om.
1567 5353 1710 5420 cod.,
1750 5342 1871 5411 add.
1913 5357 1962 5410 M

1973 5487 2222 5545 NOTAE.

573 5603 604 5670 ‘f‘
637 5604 914 5670 Augustin.
939 5607 1066 5659 ibid.
1091 5623 1140 5660 c-
1179 5597 1262 5655 ll,
1307 5598 1390 5649 12.

577 5661 606 5699 ³³
636 5661 768 5742 Aug.
796 5674 849 5725 in
875 5675 1008 5743 psal.
1037 5674 1105 5727 Vl
1139 5671 1234 5722 sub
1265 5671 1444 5721 linem.

2256 5615 2278 5642 ι
2321 5602 2694 5667 Mattlt.XXlI,
2731 5605 2816 5658 I5.

2229 5673 2254 5712 ά
2299 5671 2485 5727 Matth.
2514 5673 2651 5737 XIII,
2685 5675 2772 5728 50.
