4028 6280
309 284 420 340 Ᾱῖὅ

308 411 522 459 szztties,
555 394 645 464 qui
675 391 846 455 docti,
875 397 966 444 aut
995 389 1206 456 urbani,
1233 401 1326 447 aut
1347 393 1503 448 faceti
1528 387 1892 453 nominantur,
1923 393 1970 452 Α

309 485 612 552 excellere;
643 487 735 540 sed
762 487 964 541 habent
996 499 1116 540 eam
1146 485 1199 537 in
1219 484 1433 537 sudario
1477 482 1758 551 obligatam
1783 480 1797 509 ⁸
1837 491 1887 542 ι,

308 585 412 630 aut
438 577 492 629 in
519 585 657 628 terra
689 576 928 628 obrutam
951 575 1003 637 ι),
1042 574 1092 627 id
1124 582 1226 634 est,
1258 573 1497 627 delicatis
1531 582 1586 624 et
1613 568 1894 640 superﬂuis

311 665 500 728 rebus,
536 673 630 717 aut
659 665 891 718 terrenis
930 662 1313 733 cupiditatibus
1361 662 1652 715 involutam
1699 669 1750 714 et
1797 674 1894 728 op-

310 771 582 824 pressam.
625 755 952 825 Ligabuntur
990 769 1112 822 ergo
1179 753 1261 806 his
1308 768 1494 806 manus
1537 760 1584 805 et
1627 751 1800 820 pedes,
1847 759 1893 802 et

310 849 589 899 mittentur
622 848 675 898 in
715 845 947 898 tenebras
983 842 1290 907 exteriores,
1319 843 1390 896 ibi
1420 843 1515 895 erit
1569 841 1806 911 ploratus
1845 847 1894 892 et

309 936 516 988 stridor
559 935 793 988 dentiant
820 944 872 997 α,
921 949 1024 986 non
1073 933 1195 1001 quia
1244 933 1356 1000 ipsa
1402 930 1734 990 dilexerunt,
1777 929 1897 997 quis

312 1027 464 1079 enim
496 1026 630 1079 haec
661 1025 874 1094 diligat,
910 1023 1005 1078 sed
1046 1023 1171 1091 quia
1217 1021 1340 1085 illa,
1387 1034 1524 1088 quae
1569 1017 1896 1082 dilexerunt,

318 1115 475 1168 initia
511 1115 738 1167 istorum
774 1121 931 1174 sunt,
975 1121 1031 1166 et
1060 1109 1364 1164 necessario
1405 1106 1733 1162 dilectores'
1771 1120 1900 1158 suos

316 1204 388 1254 ad
421 1203 521 1255 ista
561 1202 890 1270 perducunt.
937 1199 1039 1266 Qui
1087 1199 1228 1253 enim
1282 1196 1453 1264 magis
1498 1201 1681 1247 amant
1725 1192 1748 1224 ³
1790 1193 1897 1254 ire,

321 1305 488 1359 quam
529 1289 730 1350 redire,
778 1295 870 1340 aut
913 1285 1218 1354 pervenire,
1291 1285 1345 1337 in
1388 1282 1678 1350 longinqua
1704 1281 1726 1312 ⁸
1773 1281 1898 1334 mit-

324 1380 473 1434 tendi
501 1388 646 1443 sunt,
681 1376 933 1445 quoniam
959 1391 1082 1429 caro
1108 1383 1249 1437 sunt,
1288 1382 1334 1425 et
1363 1372 1575 1440 spiritus
1603 1369 1899 1435 ambulans,

317 1477 369 1522 et
396 1481 500 1518 non
530 1473 783 1517 reuertens
803 1464 829 1501 ἀ
858 1483 898 1516 ι.

344 1558 354 1567 “
395 1551 485 1606 IX.
529 1551 629 1606 Cui
673 1552 942 1607 consentit
987 1549 1359 1604 sanctissimus
1415 1546 1902 1614 veracissimusque

327 1640 469 1710 Papa
499 1639 790 1710 Gregorius
823 1639 877 1692 in
905 1653 958 1691 xi
990 1637 1127 1691 libro
1161 1637 1212 1690 in
1249 1635 1375 1700 Job,
1408 1650 1713 1704 exponens,
1760 1633 1902 1702 quod

325 1729 590 1796 scriptum
616 1736 699 1782 est
726 1741 742 1780 :
773 1728 833 1781 Si
861 1726 1126 1779 incluserit
1153 1725 1436 1788 hominem,
1467 1721 1642 1776 nullus
1676 1731 1776 1786 est,
1811 1722 1899 1790 qui
1936 1717 1978 1774 Β

325 1817 526 1884 aperiat
547 1826 593 1879 ο,
618 1834 639 1866 ‹
665 1816 786 1884 quia
810 1813 990 1868 omnis
1018 1814 1178 1867 homo
1201 1827 1298 1880 per
1326 1812 1398 1874 id,
1422 1811 1564 1880 quod
1599 1808 1735 1862 male
1769 1808 1900 1878 agit,

325 1907 453 1975 quid
479 1906 585 1960 sibi
615 1905 786 1968 aliud,
837 1919 998 1974 quam
1042 1903 1406 1956 conscientiae
1453 1915 1584 1955 suae
1627 1913 1903 1953 carcerem

327 1994 495 2060 facit,
540 2003 598 2048 ut
639 1994 780 2047 hunc
825 1993 1038 2046 animae
1068 1991 1089 2022 ⁵
1131 2001 1312 2045 reatus
1355 1998 1598 2060 premat,
1647 1988 1810 2041 etiam
1860 1986 1904 2040 si

325 2102 488 2141 nemo
524 2085 767 2140 exterius
791 2091 1010 2138 accusat
1043 2082 1084 2136 °..
1119 2081 1220 2148 Qui
1246 2097 1368 2136 eum
1399 2079 1679 2149 iudicante
1710 2079 1819 2133 Deo
1852 2078 1904 2131 in

329 2177 570 2230 malitiae
609 2191 740 2231 suae
770 2174 1032 2229 caecitate
1067 2173 1407 2241 relinquitur,
1447 2171 1598 2240 quasi
1641 2170 1780 2222 intra
1817 2183 1905 2223 se-

327 2267 619 2337 metipsum
660 2265 952 2328 clauditur,
995 2278 1063 2317 ne
1110 2262 1370 2316 evadendi
1422 2261 1598 2315 locum
1649 2259 1904 2322 inveniat,

325 2371 491 2424 quem
516 2355 758 2409 invenire
779 2353 999 2406 minime
1025 2358 1282 2405 meretur.
1313 2347 1446 2402 Nam
1475 2361 1635 2416 saepe
1664 2345 1907 2400 nonnulli

326 2448 480 2500 exire
509 2461 539 2499 a
570 2445 749 2514 pravis
795 2443 1003 2496 actibus
1031 2441 1278 2508 cupiunt;
1322 2438 1415 2492 sed
1447 2439 1572 2507 quia
1611 2436 1908 2490 eorundem

327 2545 550 2591 actuum
581 2536 818 2606 pondere
845 2542 1184 2604 premuntur,
1215 2531 1268 2583 in
1299 2529 1472 2584 malae
1503 2526 1909 2583 consuetudinis

331 2641 558 2680 carcere
595 2625 805 2687 inclusi,
839 2640 870 2677 a
903 2621 1208 2690 semetipsis
1240 2619 1390 2674 exire
1422 2633 1526 2672 non
1558 2624 1800 2687 possunt.
1845 2614 1911 2668 Et

328 2715 549 2784 quidem
582 2716 600 2746 ⁷
624 2714 808 2782 culpas
833 2711 1076 2782 preprias
1112 2711 1299 2780 punire
1325 2708 1603 2777 cupientes
1626 2707 1746 2770 hoc,
1770 2704 1911 2775 quod

333 2815 484 2860 recte
520 2821 579 2859 se
614 2819 773 2874 agere
802 2802 1125 2864 aestimant,
1183 2800 1235 2853 in
1267 2798 1605 2869 gravioribus
1633 2793 1910 2865 peccatis“

333 2905 577 2959 vertunt,
606 2895 772 2964 ﬁtque
801 2894 959 2948 modo
989 2890 1303 2954 miserabili,
1333 2898 1392 2943 ut
1415 2888 1556 2956 quod
1587 2887 1788 2941 exitum
1818 2901 1908 2954 pu-

334 2996 478 3051 tant,
500 2989 601 3042 hoc
621 2986 974 3040 iuclusionem
1004 2983 1299 3037 inveniant.
1331 2979 1422 3034 Sic
1447 2979 1695 3033 videlicet
1723 2991 1910 3044 repro-

335 3079 442 3133 bus
470 3077 667 3139 Iudas,
700 3091 824 3130 cum
856 3083 1080 3128 mortem
1110 3072 1210 3126 sibi
1241 3078 1430 3126 contra
1455 3078 1734 3138 peccatum
1763 3068 1908 3120 intu-
1937 3047 1982 3109 ο

333 3169 420 3232 lit,
454 3169 519 3221 ad
547 3175 799 3220 aeternae
827 3165 1016 3218 mortis
1062 3161 1323 3232 supplicia
1368 3161 1631 3230 pervenit,
1673 3168 1728 3212 et
1757 3156 1938 3226 pejus~

335 3260 406 3312 de
443 3267 668 3327 peccato
698 3255 976 3325 ροειιίιυίι,
1007 3269 1167 3323 quam
1203 3253 1458 3321 peccavit.
1485 3250 1704 3304 Dicatur
1739 3263 1906 3317 ergo:

337 3347 399 3401 Si
437 3347 700 3400 incluserit
727 3345 1004 3407 hominem,
1057 3343 1230 3397 nullus
1260 3342 1465 3410 est,qui
1510 3340 1734 3410 aperiat,
1785 3339 1910 3407 quia

338 3438 486 3491 sicut
511 3451 671 3491 nemo
699 3435 913 3489 obsistit
948 3434 1177 3504 largitati
1212 3433 1474 3494 vocantis,
1504 3431 1578 3484 ita
1610 3429 1784 3484 nullus
1813 3429 1912 3482 ob-

340 3527 454 3579 viat
469 3525 713 3592 iustitiae
737 3524 1113 3593 relinquentis.
1131 3522 1411 3577 lncludere
1435 3521 1614 3590 itaque
1636 3519 1834 3574 dicitur
1849 3518 1871 3549 ⁹
1895 3557 1909 3584 ,

339 3614 552 3671 clausis
587 3629 690 3693 non
737 3613 966 3682 aperire.
1019 3612 1169 3667 Unde
1199 3621 1253 3665 et
1289 3612 1356 3664 ad
1398 3610 1578 3664 Mosen
1623 3609 1820 3663 dicitur
1847 3609 1914 3662 de

343 3695 626 3762 Pharaone
658 3708 698 3739 ιθ
735 3723 750 3760 :
805 3705 916 3775 Ego
965 3703 1228 3758 obdurabo
1274 3718 1365 3754 cor
1411 3702 1526 3770 ejus
1560 3700 1604 3755 ἵ.
1634 3699 1914 3754 Obdurare

343 3799 543 3867 quippe
573 3813 668 3866 per
694 3796 959 3865 justitiam
1000 3793 1198 3847 dicitur
1235 3791 1423 3864 [Deus]
1450 3801 1514 3855 ιι,
1561 3792 1774 3861 quando
1821 3807 1917 3846 cor

345 3890 630 3955 reprobum
669 3901 764 3955 per
798 3885 1026 3955 gratiam
1055 3898 1160 3937 non
1189 3882 1412 3937 emollit.
1459 3881 1706 3936 ltecludit
1736 3881 1917 3948 itaque

347 3978 640 4038 hominem,
673 3991 833 4045 quem
879 3976 931 4028 in
973 3988 1193 4029 suorum
1231 3987 1457 4042 cperam
1488 3969 1919 4024 teucbrisrelin-

346 4068 467 4135 quit
496 4085 515 4117 ι
539 4069 583 4118 ε.
603 4065 741 4120 Idem
770 4065 821 4117 in
845 4066 1032 4118 eodem
1061 4081 1073 4114 :
1109 4080 1128 4112 ι
1152 4061 1346 4130 Regum
1371 4061 1552 4128 itaque
1566 4057 1789 4111 balteum
1811 4058 1921 4111 dis-

347 4155 498 4209 solvit
520 4156 572 4220 ι,
603 4155 816 4224 quando
842 4153 894 4206 in
926 4153 1030 4215 his,
1059 4152 1147 4220 qui
1180 4153 1314 4205 bene
1343 4165 1531 4220 regere
1555 4164 1649 4203 sua
1679 4149 1918 4202 membra

347 4249 695 4311 videbantur,
734 4254 955 4315 propter
992 4243 1240 4298 elationis
1269 4243 1480 4310 culpam
1511 4241 1778 4295 castitatis
1808 4239 1921 4291 ciu-

349 4339 535 4408 gulam
560 4337 807 4392 destruit.
854 4336 991 4401 Quid
1032 4350 1161 4388 vero
1202 4335 1252 4387 in
1292 4332 1482 4386 fune"
1525 4331 1789 4400 accipitur
1815 4330 1919 4384 nisi

1414 283 1616 338 LIBER
1655 282 1744 336 DE
1777 274 2480 332 PIIAEDES'I‘INA'I'IONE.
3458 269 3562 324 iii

2481 385 2874 442 CAPITULUM
2915 385 3075 446 XVII.

2001 479 2108 534 Cur
2129 479 2268 533 Deus
2294 477 2485 531 dicitur
2509 477 2918 546 praedestinasse
2942 494 3157 547 poenas,
3204 491 3322 529 cum
3349 491 3434 529 eas
3462 490 3572 528 non

2420 547 2603 616 faciat,
2645 562 2736 600 nec
2770 547 3137 616 praedestinet.

2063 660 2105 713 I.
2151 657 2384 712 Proinde
2429 657 2637 711 ratione
2683 664 2845 725 atque
2889 657 3209 710 auctoritate
3254 653 3566 718 conficitur,

1997 750 2304 806 ﬁrmissime
2335 747 2624 802 tenendum
2648 787 2661 809 ,
2689 745 2856 798 Deum
2887 761 3110 815 prorsus
3144 745 3526 814 suppliciorum
3547 783 3568 805 ,

1997 840 2193 911 quibus
2243 839 2472 907 superba
2523 836 2774 905 impietas
2822 845 3043 890 aeterno
3081 835 3418 903 torquebitur
3449 848 3572 887 cru-

1998 932 2161 994 ciatu,
2199 927 2506 982 nullomodo
2537 941 2657 981 esse
2690 935 2996 986 auctorem,
3049 923 3355 978 nullomodo
3383 936 3572 976 eorum

1999 1035 2120 1074 esse
2150 1019 2430 1080 factorem,
2463 1014 2775 1069 nullomodo
2806 1013 3346 1083 praedestinatorem.
3381 1011 3455 1063 Ea
3493 1019 3577 1063 ta-

2000 1124 2122 1164 men
2151 1108 2361 1162 ratione
2387 1116 2576 1160 auctor
2601 1119 2788 1159 eorum
2819 1118 2938 1158 esse
2966 1103 3186 1166 dicitur,
3213 1109 3268 1156 et
3296 1100 3488 1162 factor,
3521 1109 3578 1152 et

2001 1197 2448 1269 praedestinator,
2473 1210 2578 1262 qua
2607 1193 2885 1247 verissime
2909 1191 3149 1245 creditur
3173 1190 3337 1243 totius
3361 1189 3575 1243 univer-o

2001 1288 2210 1350 sitatis,
2237 1287 2292 1340 in
2320 1300 2425 1354 qua
2456 1293 2610 1348 sunt,
2640 1282 2815 1336 factor
2857 1289 2912 1336 et
2957 1280 3258 1335 ordinator.
3308 1277 3387 1332 Ita
3430 1278 3580 1332 enim

2003 1379 2287 1432 universae
2319 1382 2601 1428 creaturae
2644 1387 2794 1436 suae,
2825 1380 3112 1438 antequam
3146 1370 3314 1439 ipsam
3346 1375 3577 1432 crearet,

2003 1476 2201 1521 statum
2241 1463 2658 1534 pulchritudinis
2697 1459 3120 1530 praedestinavit
3155 1473 3277 1511 esse
3316 1455 3576 1516 futurum,

2004 1566 2062 1611 ut
2105 1555 2364 1610 malorum
2415 1552 2721 1622 turpitudo,
2768 1565 2927 1620 quam
2977 1565 3084 1603 non
3126 1547 3576 1617 praedestinavit,

2005 1646 2130 1714 quia
2159 1659 2264 1697 non
2295 1657 2414 1696 eam
2444 1641 2685 1696 facturus
2710 1648 2873 1704 esset,
2906 1639 2958 1691 in
2988 1637 3240 1691 universo
3274 1635 3445 1704 turpis
3473 1650 3582 1687 non

2007 1743 2169 1797 esset,
2202 1732 2407 1786 malitia
2440 1731 2744 1786 nocentium
2777 1743 2882 1782 non
2911 1733 3165 1788 noceret,
3203 1739 3358 1780 error
3388 1738 3580 1777 errans

2008 1823 2141 1876 tium
2168 1836 2275 1874 non
2301 1825 2529 1882 erraret,
2559 1816 2778 1872 miseria
2811 1813 3229 1883 torquendorum
3269 1809 3585 1864 felicitatem-

2006 1925 2111 1964 nou
2141 1907 2386 1961 turbaret
2415 1904 2727 1959 electorum.
2770 1901 2977 1956 Nullius
3007 1900 3150 1954 enim
3189 1897 3462 1965 turpitudo
3495 1893 3584 1947 vel

2007 1997 2210 2052 malitia
2241 1995 2322 2048 vel
2358 2008 2514 2048 error
2552 2008 2644 2047 seu
2684 1991 2901 2045 miseria
2950 1986 3409 2058 praedestinatum
3456 1994 3585 2036 ante

2007 2086 2184 2143 secula
2215 2084 2511 2139 naturalem
2565 2081 2808 2136 ordinem
2835 2080 3192 2134 dehonestare
3228 2073 3578 2144 permittitur.

2076 2177 2139 2231 ll.
2181 2175 2314 2231 Cum
2345 2188 2474 2244 ergo
2502 2171 2768 2233 audimus,
2806 2165 3228 2238 praedestinavit
3274 2165 3413 2218 Deus
3458 2161 3581 2216 illos

2009 2267 2092 2317 vel
2124 2263 2244 2318 illos
2271 2263 2338 2316 ad
2371 2261 2671 2322 interitum,
2717 2257 2816 2312 vel
2849 2254 3189 2325 supplicium,
3235 2251 3315 2305 vel
3357 2263 3582 2318 poenas,

2008 2367 2100 2406 seu
2125 2350 2440 2411 cruciatum,
2467 2361 2559 2401 seu
2582 2359 2794 2414 quoquo
2810 2343 2966 2397 modo
2982 2341 3161 2396 vocari
3182 2339 3319 2394 solet
3341 2338 3583 2400 miseria,

2008 2460 2112 2512 qua
2147 2450 2425 2511 torquetur
2455 2439 2715 2507 iniquitas
2745 2453 2774 2490 a
2801 2452 2860 2491 se
2890 2436 3030 2505 ipsa,
3056 2434 3108 2487 iu
3137 2449 3195 2488 se
3219 2432 3354 2502 ipsa,
3395 2445 3492 2500 per
3527 2443 3599 2482 se.

2010 2538 2180 2604 ipsam
2205 2575 2219 2597 ,
2247 2547 2354 2586 non
2382 2523 2526 2584 aliud
2565 2529 2864 2598 intelligere
2889 2525 3162 2595 jubemur,
3205 2537 3366 2592 quam
3411 2522 3614 2589 ipsum:

2010 2637 2136 2681 ante
2176 2635 2416 2694 tempora
2460 2621 2782 2691 praesciisse
2806 2619 2849 2656 ί⁸
2885 2628 2939 2672 et
2965 2615 3428 2686 praedestinasse,
3480 2626 3614 2679 quo.

2009 2716 2204 2771 ordine
2231 2710 2599 2768 universitatis
2629 2708 2795 2762 futuri
2830 2716 2955 2760 sunt
2989 2705 3100 2769 illi,
3150 2716 3287 2772 quos
3330 2700 3587 2754 occultis-

2011 2809 2168 2870 simo,
2188 2805 2490 2875 iustissimo
2512 2811 2690 2855 tamen
2723 2798 2922 2869 judicio
2957 2795 3368 2850 amaritudinem
3394 2805 3588 2860 pecca-

2013 2907 2190 2950 torum
2220 2909 2439 2950 suorum
2465 2891 2664 2947 sentire
2688 2888 2932 2958 permisit
2957 2886 3023 2951 “,
3071 2885 3195 2954 quia
3227 2898 3320 2937 eos
3349 2883 3401 2935 in
3435 2881 3587 2934 dam-

2012 2985 2179 3042 nabili
2218 2983 2427 3054 origine
2471 2980 2720 3049 reliquit,
2763 2985 2974 3032 servata
3007 2975 3093 3028 illa
3125 2972 3406 3027 notissima
3439 2967 3589 3024 dill'e-

2014 3077 2185 3131 reutia
2208 3075 2350 3129 inter
2371 3070 2783 3142 praescientiam
2804 3076 2860 3122 et
2897 3061 3468 3135 praedestinationem,
3499 3067 3577 3122 ut,

2012 3183 2133 3222 cum
2179 3173 2385 3218 tantum
2436 3162 2543 3215 late
2587 3166 2769 3229 pateat
2813 3152 3274 3227 praedestinatio,
3321 3157 3585 3220 quantum

2012 3250 2571 3324 praescientia,unum
2595 3247 2792 3316 quippe
2817 3253 2978 3313 atque
2999 3242 3162 3304 idem,
3189 3239 3425 3294 divinam
3451 3251 3583 3306 pro-

2013 3346 2154 3399 lecto
2183 3341 2559 3404 substantiam,
2577 3336 2958 3407 significantes,
2983 3329 3404 3402 praedestinatio
3426 3327 3492 3381 ad
3519 3341 3592 3378 ea

2013 3442 2242 3496 tantum,
2277 3443 2417 3500 quae
2462 3429 2515 3482 in
2556 3428 2698 3480 bono
2726 3432 2869 3486 sunt,
2900 3420 3187 3492 pertineat,
3223 3413 3584 3485 praescientia

2014 3537 2140 3576 vero
2171 3520 2236 3574 ad
2268 3520 2409 3576 bona
2440 3516 2708 3586 malaque.
2749 3513 2898 3579 Quae
2935 3522 3115 3565 tamen
3149 3505 3450 3562 diﬂ'erentia
3481 3517 3589 3558 non

2015 3620 2096 3666 est
2123 3627 2190 3664 ex
2218 3617 2432 3673 natura,
2467 3606 2561 3660 sed
2587 3621 2653 3660 ex
2685 3620 2783 3659 usu
2812 3601 3162 3656 locutionum.

2086 3701 2170 3755 111.
2211 3698 2672 3766 Quemadmodum
2713 3695 2856 3750 enim
2889 3693 3086 3747 dicitur
3114 3690 3180 3743 de
3216 3688 3359 3758 Deo,
3399 3684 3600 3752 ubique

2017 3801 2100 3846 est
2127 3790 2433 3859 praesentia
2463 3786 2783 3857 potestatis,
2832 3784 2925 3838 sed
2956 3796 3060 3836 non
3089 3779 3290 3846 ubique
3314 3785 3396 3830 est
3421 3774 3598 3845 gratia

2021 3881 2388 3944 habitationis,
2419 3879 2492 3932 ita
2524 3878 2588 3930 de
2615 3891 2680 3930 eo
2703 3875 2806 3929 dici
2833 3871 3039 3941 possit,
3064 3868 3264 3935 ubique
3290 3863 3599 3934 praescien-

2022 3971 2122 4032 tia,
2164 3969 2256 4022 sed
2297 3983 2404 4021 non
2441 3967 2640 4033 ubique
2662 3960 3171 4032 praedestinatioue.
3205 3955 3338 4009 Cum
3372 3950 3599 4020 apertis-

2021 4059 2155 4110 sime
2181 4055 2382 4109 veritas
2421 4053 2616 4107 clamet
2659 4052 2726 4103 de
2769 4049 2900 4111 Deo,
2924 4047 3226 4110 ubicunque
3262 4041 3403 4094 Deus
3437 4037 3601 4090 merit

2023 4144 2356 4215 praesentia,
2403 4142 2476 4195 ibi
2520 4139 2762 4209 profecto
2789 4137 2895 4190 erit
2928 4133 3261 4188 habitatione
3295 4147 3308 4181 :
3350 4125 3600 4181 similiter

2024 4236 2326 4301 ubicunque
2351 4231 2514 4286 fuerit
2538 4226 2916 4300 praescieutia,
2956 4220 3268 4278 necessario
3300 4217 3405 4272 erit
3443 4227 3600 4282 prae-

2024 4323 2397 4378 destinatione.
2442 4319 2672 4374 Proinde
2715 4311 3170 4386 quemadmodum
3199 4305 3506 4378 praesentia
3544 4309 3600 4356 et

349 4385 658 4499 peccatum,
689 4427 826 4481 sicut
852 4441 949 4494 per
979 4423 1320 4478 Salomonem
1351 4422 1548 4475 dicitur
1572 4435 1586 4472 :
1614 4385 1919 4488 Iniquitate;
1951 4385 1997 4441 ί)
2028 4413 2288 4468 habitatio
2320 4411 2412 4466 Dei
2443 4425 2550 4465 non
2577 4417 2693 4473 est,
2723 4385 2829 4461 nisi
2865 4406 2919 4459 in
2947 4404 3063 4466 bis,
3097 4415 3236 4470 quae
3265 4398 3334 4452 ab
3360 4411 3426 4451 eo
3457 4393 3599 4493 facta

349 4533 479 4570 suae
518 4516 723 4583 capiunt
757 4514 994 4580 impium,
1037 4521 1084 4565 et
1099 4511 1310 4580 funibus
1345 4519 1673 4579 peccatorum
1702 4522 1922 4561 suorum

353 4605 726 4673 constringitur
757 4621 774 4652 ι
790 4604 832 4656 ί.

2028 4510 2174 4566 sunt,
2201 4503 2274 4555 ita
2305 4500 2422 4568 ejus
2444 4496 2803 4568 praescientia
2829 4504 2885 4549 et
2911 4487 3332 4561 praedestinatio
3347 4497 3464 4538 non
3495 4480 3600 4534 nisi

2030 4607 2237 4656 eorum,
2268 4605 2407 4660 quae
2437 4592 2549 4658 ipse
2573 4587 2814 4641 facturus
2840 4591 3005 4645 esset,
3043 4577 3318 4633 credenda
3337 4581 3480 4627 sunt.
3524 4570 3603 4622 Ac

2031 4698 2130 4751 per
2157 4683 2259 4736 hoc
2284 4658 2738 4750 quemadmodum
2765 4669 3070 4744 praesentia
3103 4666 3230 4735 eius.
3257 4674 3314 4720 et
3333 4658 3603 4717 habitatio

1638 4790 1888 4845 VARIAE
1929 4791 2335 4847 LECTIONES.

434 4925 452 4956 ι
484 4914 573 4969 Sic
608 4915 748 4975 cod.,
775 4913 842 4964 al.
883 4911 1144 4980 ιὶςμιιατη.Δ
1191 4908 1219 4937 "
1239 4905 1390 4980 Cod,
1419 4903 1719 4980 delatores.

353 4987 505 5050 cod.,
533 4984 604 5036 al.
629 4984 809 5036 animi.
886 4975 1295 5050 “'SicAco‘dqgl.
1325 4983 1547 5050 accuset.

361 5041 509 5112 cod.,
538 5053 617 5107 aI.
647 5052 741 5103 Dei
772 5061 866 5104 est.
943 5048 985 5080 ⁸ο
1013 5045 1145 5101 Cod.
1191 5041 1456 5098 Fumone.

367 5121 410 5158 ⁸³
438 5120 531 5177 Sic
572 5121 664 5184 M.,
692 5121 811 5174 cod.
840 5117 1093 5187 promisit.

1796 4901 1817 4932 ⁸
1841 4901 1933 4954 Sic
1963 4901 2056 4964 M.,
2084 4902 2202 4953 cod.
2229 4910 2392 4954 amat.
2467 4903 2489 4929 ⁵
2517 4899 2607 4952 Sic
2627 4910 2771 4952 000..
2802 4911 2870 4947 at.
2910 4909 2964 4945 in
3002 4903 3378 4964 .ongtnqut‘ora.

1625 4972 1642 5001 '
1682 4970 1771 5023 Sic
1799 4971 1941 5031 cod.,
1974 4955 2054 5022 al.
2073 4971 2305 5038 quidam.
2381 4969 2403 4999 ⁸
2432 4967 2523 5038 Sic
2548 4965 2868 5038 cod.,_al._in
2898 4955 3382 5038 gravioreslculpas.

1535 5046 1577 5079 ιι
1605 5039 1744 5092 Deus
1767 5053 1876 5092 om.
1903 5039 2046 5101 cod.,
2086 5037 2219 5092 add.
2252 5037 2323 5092 M.

3457 4885 3480 4916 '
3509 4882 3602 4939 Sic

3459 4953 3480 4984 ⁹
3511 4952 3602 5007 Sic

2401 5039 2443 5071 ι’
2479 5035 2567 5090 Sic
2615 5022 2757 5097 cod.,
2787 5032 2856 5084 Μ.
2891 5022 3011 5098 fine.
3094 5027 3138 5064 ι’
3165 5022 3297 5081 Cod.
3330 5022 3598 5088 prescisse.

1852 5213 2092 5272 MTAE.

433 5355 462 5384 ο
500 5339 632 5395 Luc.
667 5337 806 5401 XIX,
835 5335 924 5389 20.

436 5413 466 5453 δ
506 5412 691 5464 Matth.
727 5405 886 5466 XXV,
917 5404 1006 5458 18.

440 5493 460 5517 π
508 5479 691 5532 M'attli.
725 5475 888 5534 XXII,
919 5474 1004 5525 15.
1827 5529 1836 5534 λ
1873 5527 1886 5534 _
1932 5520 1934 5523 .

437 5551 462 5590 ἀ
508 5527 938 5602 ξίζάίξίὶίχγίι.
969 5538 1252 5611 Augustin.
1281 5539 1343 5590 de
1386 5552 1500 5590 rem
1533 5535 1694 5602 Reliq.
1733 5549 1780 5590 c.
1821 5527 1904 5589 51.

446 5633 467 5657 ἰ
507 5619 625 5674 Job.
662 5614 776 5681 XII,
817 5612 897 5666 14.

2103 5326 2122 5364 ί
2161 5326 2331 5380 Exod.
2363 5325 2452 5390 IV,
2489 5326 2539 5378 I.

2097 5396 2122 5434 ⁸
2161 5395 2320 5464 Greg.
2353 5389 2544 5447 Mo'ral.
2579 5395 2630 5447 in
2661 5392 2780 5446 Job.
2813 5391 2908 5454 XI,
2938 5389 2985 5443 5.

2093 5465 2118 5503 δ
2155 5464 2274 5518 Job.
2309 5464 2419 5522 XII,
2455 5465 2536 5517 I8.

2100 5536 2112 5572 ί
2158 5534 2289 5588 Ibid.
2317 5534 2405 5594 XI,
2435 5536 2486 5588 8.
