4028 6280
480 297 590 357 427

1858 290 2138 347 ιοΑΜιε
2173 293 2377 350 SCOTI

3620 301 3721 357 ἥδ

480 412 537 464 in
560 411 665 473 liis,
692 423 833 480 quae
858 422 959 463 nec
977 408 1046 463 ab
1069 421 1134 462 eo
1161 415 1303 469 sunt,
1336 420 1435 462 nec
1455 420 1520 460 ea
1550 405 1697 470 fecit,
1725 419 1756 458 e
1776 405 2051 461 contrario
2076 409 2121 468 Α
2152 404 2409 460 clentium
2457 405 2643 462 oculos
2688 407 3085 480 pulchritudine
3137 411 3236 467 sui
3267 423 3497 482 pascat,
3550 417 3724 475 nullus

478 514 598 555 esse
624 499 897 564 dicuntur,
930 514 1052 554 cum
1093 498 1147 553 in
1185 498 1265 555 eis
1292 513 1399 553 non
1429 497 1558 563 sint,
1590 497 1670 552 ita‘
1692 496 2050 567 praescientia

477 590 674 656 ejuset
702 576 1123 661 praedestinatio
1160 604 1190 645 e
1229 590 1503 645 contrario
1542 589 1960 660 pronuntiantur
1994 588 2051 644 in

476 679 607 746 illis,
649 694 790 749 quae
834 694 935 735 nec
973 677 1124 745 fecit,
1144 695 1242 735 nec
1266 679 1510 746 donavit,
1529 679 1655 751 quia
1694 678 1833 734 nihil
1852 686 1979 733 sunt
1998 689 2049 733 ι.

475 770 593 827 Non
620 771 918 839 incongrue
945 780 1124 826 tamen
1155 770 1512 825 aestimantur
1544 786 1664 826 esse
1692 771 1746 824 in
1774 770 1882 837 his,
1912 782 2051 840 quae

476 861 609 915 vitio
633 870 917 917 creaturae
942 868 1061 916 orta
1082 868 1228 927 sunt,
1250 876 1373 915 cum
1391 877 1496 916 non
1518 861 1691 917 solum
1711 862 1880 931 ipsam
1900 875 2052 916 crea-

477 962 659 1009 turam
682 952 958 1021 sapienter
982 951 1216 1019 ordinet,
1244 950 1339 1007 sed
1369 953 1532 1007 etiam
1561 951 1752 1011 vitium
1779 949 1895 1021 ejus
1922 965 2052 1005 suas

475 1041 623 1113 leges
648 1042 914 1097 excedere
941 1056 1047 1097 non
1076 1043 1239 1098 sinat.

546 1129 636 1185 IV.
677 1130 827 1197 Quod
857 1140 1040 1187 autem
1069 1131 1311 1186 latebrae
1333 1144 1625 1200 poenarum
1657 1130 1959 1195 hominum,
1994 1140 2051 1187 et

476 1210 951 1276 tenebrosissimae
977 1221 1331 1276 contritiones
1359 1220 1592 1275 ﬁliorum
1624 1220 1817 1285 Adam,
1856 1221 1909 1274 in
1946 1222 2049 1275 hac

476 1309 693 1365 mortali
737 1310 848 1364 vita
886 1311 1047 1365 etiam
1089 1311 1228 1365 bene
1264 1309 1506 1364 volentes
1544 1310 1730 1388 viyere
1768 1324 1874 1364 non
1908 1308 2049 1365 desi-

472 1411 606 1456 nunt
626 1401 836 1457 occulte
852 1402 1063 1471 punire,
1079 1401 1270 1457 beatus
1287 1401 1617 1470 Augustinus
1632 1401 1663 1441 ιι
1679 1400 1731 1455 in
1749 1400 1888 1456 libro
1909 1401 2049 1456 Con-

474 1490 773 1548 fessionum
806 1508 1024 1548 suarum
1059 1501 1270 1556 octavo,
1301 1493 1567 1546 humanae
1598 1490 1847 1546 miseriae
1874 1490 2044 1560 impe-

475 1591 589 1638 tum
622 1583 674 1638 in
711 1598 768 1639 se
798 1582 916 1653 ipso
939 1581 1242 1652 deplorans,
1278 1590 1465 1651 aperte
1507 1580 1675 1636 voluit
1716 1581 1997 1635 ostendere
2027 1598 2044 1634 :

474 1666 496 1724 i
530 1672 641 1743 Ego
669 1692 715 1739 ι,
745 1672 939 1742 inquit,
973 1690 992 1722 ο
1019 1688 1141 1726 cum
1170 1670 1552 1735 deliberabam,
1576 1668 1760 1738 utjam
1782 1669 2045 1725 servirem

2152 493 2325 561 locus,
2354 511 2515 565 quem
2543 497 2972 567 praeclarissima
3011 500 3103 558 lux
3130 502 3330 574 ubique
3358 507 3721 575 din‘usa,‘auri

2150 599 2592 656 gemmarumque
2617 587 2790 643 honor
2815 604 2846 643 a
2873 592 3157 660 superﬁcie
3186 594 3477 663 resultans,
3505 613 3721 655 eorum-

2150 690 2255 745 que
2282 677 2555 735 mirabiles
2580 679 2789 737 colores
2821 685 3045 740 trahens
3082 700 3187 739 non
3224 687 3536 757 profundat,
3580 693 3722 747 nulla

2149 764 2204 821 in
2233 781 2297 822 ea
2327 771 2503 835 sedes,
2531 787 2668 842 quae
2699 788 2803 829 non
2831 776 2901 830 sit
2929 777 3101 846 regia,
3132 778 3429 837 honoribus
3450 784 3733 854 quietique

2150 866 2309 927 apta;
2342 859 2394 913 in
2421 868 2569 915 tanta
2600 862 2791 918 deinde
2816 880 2880 919 ac
2913 874 3020 919 tam
3047 867 3279 922 mirabili
3308 869 3462 934 aede,
3496 880 3556 924 ut
3580 872 3722 927 dixi-

2148 963 2290 1014 nms,
2319 958 2476 1017 pater
2502 951 2642 1020 ipse,
2672 963 2860 1009 auctor
2883 956 3135 1012 videlicet
3172 957 3292 1027 ejus
3329 970 3385 1013 et
3420 962 3723 1030 ordinator,

2146 1038 2307 1094 aliter
2352 1041 2406 1095 in
2454 1056 2518 1096 ea
2567 1043 2706 1099 ﬁlios
2749 1061 2878 1100 suos
2923 1046 3261 1117 disponeret,
3303 1049 3464 1106 aliter
3504 1067 3721 1120 servos,

2147 1128 2305 1184 aliter
2340 1133 2513 1201 gratia
2560 1144 2855 1204 perpetuae
2895 1140 3147 1195 sanitatis
3188 1152 3531 1208 muneratos,
3565 1145 3727 1200 aliter

2147 1216 2331 1290 inopia
2375 1225 2640 1279 malarum
2685 1228 3073 1297 cupiditatum,
3121 1246 3258 1300 quas
3306 1233 3722 1302 intemperantia

2146 1326 2276 1367 suae
2300 1313 2534 1370 libidinis
2557 1324 2856 1383 traxerant,
2882 1320 3182 1386 cruciatos,
3211 1323 3464 1380 dentibus
3492 1327 3723 1381 striden-

2147 1407 2227 1455 tes
2265 1402 2309 1467 ",
2337 1404 2611 1459 vermibus
2634 1416 2925 1473 scatentes,
2952 1409 3178 1465 diversis
3198 1415 3451 1481 perennis
3473 1416 3723 1472 tristitiae

2144 1491 2435 1560 generibus
2470 1492 2777 1549 laborantes
2813 1514 2828 1549 :
2876 1498 3114 1567 nunquid
3157 1508 3306 1555 recte
3345 1504 3724 1559 aestimaretur

2144 1578 2471 1636 durissimus
2497 1583 2732 1650 punitor,
2766 1585 2857 1655 qui
2886 1585 3194 1641 laudaretur
3216 1588 3553 1657 justissimus
3575 1594 3729 1646 unli-

2144 1678 2303 1723 nator
2321 1670 2351 1725 ?
2390 1670 2576 1741 Neque
2617 1674 2758 1727 enim
2800 1675 3137 1733 honestatem
3167 1680 3359 1734 domus
3383 1696 3515 1737 suae
3538 1683 3727 1739 debuit

472 1763 704 1817 Domino
742 1764 761 1797 ί
802 1760 953 1826 meo,
983 1761 1125 1816 sicut
1166 1760 1258 1815 diu
1305 1755 1835 1830 disposueram,ego
1871 1774 2043 1824 eram,
2073 1754 2120 1812 B
2147 1757 2510 1826 confundere,
2550 1777 2620 1816 ne
2652 1763 2927 1818 videretur
2956 1780 3207 1833 perverse
3233 1769 3563 1825 intuentibus
3588 1787 3721 1838 eos,

470 1852 561 1920 qui
609 1851 877 1918 volebam,
925 1865 1049 1922 ego,
1096 1850 1190 1921 qui
1233 1849 1502 1915 nolebam,
1542 1863 1642 1919 ego
1672 1849 1694 1880 ²
1730 1864 1899 1915 eram,
1941 1863 2042 1904 nec

468 1941 626 2021 plene
665 1941 930 2006 volebam,
962 1956 1062 1996 nec
1086 1941 1242 2012 plene
1270 1941 1538 2006 nolebam,
1570 1950 1625 1997 et
1667 1941 1788 1996 ideo
1830 1955 2040 1996 mecum

420 2095 433 2107 .
470 2031 881 2109 contendebam,
908 2040 966 2087 et
991 2031 1294 2102 dissipabar
1321 2047 1351 2086 a
1378 2048 1466 2087 me
1488 2033 1623 2101 ipso,
1650 2040 1705 2086 et
1732 2032 1850 2101 ipsa
1879 2032 2041 2087 dissi-

468 2123 617 2197 patio
644 2137 728 2177 me
754 2122 923 2177 invito
944 2123 1161 2193 quidem
1188 2122 1378 2189 ﬁebat,
1400 2137 1499 2178 nec
1526 2131 1702 2176 tamen
1726 2123 2046 2178 ostendebat

439 2244 449 2253 ~
470 2223 721 2291 naturam
750 2213 946 2268 mentis
966 2212 1194 2279 alienae,
1220 2214 1318 2269 sed
1340 2228 1569 2285 poenam
1595 2228 1746 2269 meae
1771 2213 1812 2278 ³,
1843 2221 1899 2267 et
1922 2213 2043 2267 ideo

470 2318 579 2379 non
597 2303 709 2372 jam
736 2316 836 2373 ego
883 2303 1147 2373 eperabar
1193 2303 1360 2366 illam,
1392 2303 1485 2358 sed
1518 2302 1661 2373 quod
1708 2302 1916 2356 habitat
1937 2303 1959 2334 ⁵
1988 2302 2043 2357 in

469 2409 558 2451 me
572 2409 734 2469 pecca
742 2405 852 2451 tum
867 2396 932 2451 de
947 2396 1207 2466 supplicio
1221 2396 1490 2452 liberioris
1504 2396 1712 2467 peccati
1723 2435 1736 2461 ,
1751 2396 1876 2466 quia
1891 2411 2045 2451 eram

469 2482 612 2538 ﬁlius
652 2484 821 2540 Adam
847 2504 891 2538 ι.
941 2485 1058 2540 Non
1090 2486 1271 2556 itaque
1295 2485 1383 2540 ille
1403 2486 1575 2556 punit,
1600 2485 1692 2556 qui
1721 2485 2045 2555 semetipsos

468 2570 749 2628 laedentes
770 2573 1293 2642 amaritudinemque
1322 2588 1541 2628 suorum
1568 2573 1857 2628 criminum
1883 2573 1937 2627 in
1959 2588 2044 2628 se-

468 2664 716 2733 metipsis
745 2665 1013 2736 patientes
1040 2665 1094 2719 in
1142 2665 1250 2720 illis
1289 2664 1662 2719 universitatis
1702 2664 1919 2719 sedibus
1948 2666 2043 2720 ho-

470 2754 778 2810 nestissime
804 2756 1061 2821 ordinat,
1102 2755 1302 2825 quibus
1330 2769 1427 2809 eos
1462 2754 1710 2809 laborare
1744 2755 2043 2812 rectissime

469 2844 642 2898 decet.
1222 2910 1228 2915 Δ

539 2934 605 2988 ν.
648 2934 718 2990 Ut
745 2936 888 2991 enim
914 2935 1145 3006 quadam
1171 2934 1524 2992 similitudine
1550 2934 1856 3007 fungamur.
1903 2933 2042 3003 Quid

2143 1863 2278 1919 quos
2299 1851 2534 1919 ordinat,
2561 1854 2775 1923 punire.
2802 1857 2908 1909 Aut
2953 1872 3112 1925 quam
3156 1857 3384 1916 formam
3423 1877 3725 1931 poenarum

2142 1937 2338 1996 fecisse
2363 1942 2796 2008 convinceretur,
2824 1947 2917 2014 qui
2948 1947 2971 1978 '
3008 1949 3210 2012 omnia,
3242 1966 3380 2020 quae
3417 1953 3568 2017 fecit,
3611 1970 3718 2009 non

2143 2026 2197 2083 in
2226 2045 2358 2086 usus
2384 2033 2760 2100 miseriarum,
2797 2037 2892 2091 sed
2937 2037 2989 2091 in
3035 2041 3402 2097 universitatis
3429 2043 3717 2113 plenitudi-

2142 2132 2287 2185 nem,
2312 2120 2833 2194 pulchritudinisque
2863 2125 2978 2193 ejus
3010 2127 3281 2196 ’gratiam
3322 2131 3441 2185 ﬁeri
3470 2132 3637 2187 voluit
3658 2134 3728 2185 εἶ

2212 2207 2298 2263 Vl.
2335 2210 2474 2266 Hinc
2515 2213 2843 2283 Augustinus
2884 2216 2938 2270 in
2979 2216 3118 2272 libro
3142 2219 3209 2273 de
3249 2234 3375 2273 vera
3401 2219 3719 2291 Religione:

2147 2321 2166 2354 ι
2188 2303 2415 2358 Animae
2439 2305 2628 2359 vitium
2650 2325 2696 2371 s,
2711 2308 2906 2377 inquit,
2929 2325 3075 2363 snon
3106 2319 3297 2364 natura
3325 2310 3570 2378 ejus,sed
3590 2326 3716 2366 con-

2143 2400 2225 2445 tra
2276 2402 2520 2447 naturam
2571 2393 2688 2463 ejus
2711 2406 2820 2461 est,
2839 2397 3079 2466 nihilque
3105 2399 3248 2453 aliud
3276 2410 3383 2464 est,
3409 2415 3579 2468 quam
3593 2413 3720 2469 pec-

2142 2490 2322 2535 catum
2350 2490 2402 2535 et
2432 2496 2605 2552 poena
2646 2485 2875 2553 peccati.
2900 2484 3051 2540 Unde
3075 2487 3121 2527 ιο
3151 2487 3488 2557 intelligitur,
3517 2488 3721 2543 nullam

2143 2578 2411 2635 naturam,
2443 2571 2547 2638 vel,
2594 2572 2640 2627 si
2688 2573 2881 2628 melius
2924 2574 2996 2629 ita
3044 2575 3243 2629 dicitur
3266 2586 3330 2638 ιι.
3362 2578 3561 2633 nullam
3589 2580 3721 2633 sub-

2141 2659 2396 2713 stantiam
2455 2660 2568 2716 sive
2615 2662 3148 2718 essentiam.malum
3222 2682 3381 2730 esse,
3432 2684 3608 2737 neque
3653 2672 3725 2724 de

2140 2749 2375 2817 peccatis
2422 2751 2717 2820 poenisque
2755 2753 2966 2808 animae
2988 2756 3031 2790 ι’
3056 2756 3306 2820 elIicitnr,
3343 2767 3399 2809 ut
3457 2759 3717 2813 universi-

2142 2844 2225 2891 tas
2260 2837 2367 2892 ulla
2404 2838 2745 2895 deformitate
2782 2851 3053 2912 turpetur,
3099 2844 3223 2912 quia
3269 2845 3550 2900 rationalis
3587 2848 3715 2899 sub-

2142 2928 2357 2992 stantia,
2384 2945 2525 2998 quae
2549 2930 2618 2985 ab
2644 2931 2791 2986 omini
2827 2942 3053 3001 peccato
3082 2935 3285 2988 munda
3314 2946 3420 2999 est,
3456 2937 3566 2991 Deo
3594 2939 3718 2992 sub—

470 3026 516 3081 si
546 3035 702 3097 patet:
730 3028 1022 3082 multarum
1052 3027 1402 3093 familiarum,
1430 3028 1521 3098 qui
1558 3042 1654 3097 per
1688 3036 1858 3083 artem
1888 3044 2045 3083 suam

2144 3015 2312 3085 iecta,
2355 3018 2610 3088 subjectis
2632 3022 2748 3093 ‘sibi
2798 3025 2997 3079 ceteris
3037 3024 3366 3079 dominatur.
3401 3027 3475 3081 Ea
3499 3025 3541 3059 ⁸³
3572 3044 3725 3094 vero,

467 3096 641 3172 voluit
663 3117 1049 3186 amplissimam
1076 3117 1177 3172 sibi
1201 3118 1417 3172 domum
1440 3096 1776 3183 construere,
1807 3118 2040 3189 longitu—
2067 3096 2281 3175 Οιιιιειθ
2307 3108 2571 3176 PCRM“:
2604 3110 2675 3164 ibi
2699 3110 2944 3166 ordinata
2973 3122 3079 3179 εει,
3102 3113 3192 3168 ubi
3230 3130 3352 3169 esse
3380 3115 3515 3170 ιδίεε
3542 3116 3721 3181 decet.

468 3206 617 3272 dine,
643 3206 953 3272 latitudine,
985 3206 1473 3277 profunditatisque
1509 3208 1812 3277 capacitate
1842 3210 2043 3279 spatio-

467 3312 613 3363 sam,
655 3298 916 3365 laterum,
969 3299 1325 3368 angulorum,
1370 3298 1678 3354 absidarum
1705 3299 1759 3365 ',
1803 3298 2044 3355 diverso-

467 3404 700 3458 rumque
727 3392 1063 3445 schematum
1085 3391 1106 3422 ⁸
1144 3390 1406 3446 varietate
1447 3406 1824 3455 numerosam,
1861 3388 2045 3443 altitu-

470 3476 595 3532 dine
621 3476 1097 3533 fundamentorum
1119 3478 1411 3537 stabilitam
1430 3516 1447 3544 ,
1486 3479 1697 3533 basium
1714 3517 1729 3544 ,
1762 3477 2006 3532 stilorum
2024 3515 2045 3543 ,

470 3565 956 3637 capitellorumque
1010 3570 1316 3624 tramitibus
1373 3569 1719 3634 ordinatam,
1776 3583 2043 3633 arcuum,

471 3667 849 3729 tectorumque
896 3660 1307 3716 multiformium
1349 3661 1492 3716 elata
1537 3660 1865 3730 proceritate
1910 3659 2043 3714 emi-

472 3747 872 3815 acutissimam,
898 3750 1355 3805 excellentissimo
1386 3751 1612 3804 turrium
1642 3749 1891 3804 acumine
1917 3763 2045 3802 con—

471 3846 837 3904 summatam,
893 3840 1134 3895 exterius
1193 3841 1527 3910 interiusque
1571 3838 2042 3894 innumerabilium

472 3926 713 3982 colorum
746 3928 1151 3999 formarumque
1185 3929 1586 4000 pulchritudine
1617 3928 1672 3983 in
1701 3938 1848 3983 tanta
1873 3928 2045 3998 pictu—

470 4031 654 4072 rarum
705 4020 968 4074 varietate
1010 4021 1302 4087 decoram,
1363 4021 1601 4075 omnium
1662 4019 2041 4086 metallorum,

471 4106 1089 4179 pretiosissimorumque
1107 4108 1341 4179 lapidum
1358 4109 1636 4163 honestate
1658 4107 1933 4172 refertam,
1949 4121 2046 4176 per

471 4197 656 4254 varias
690 4198 1138 4270 multimodasque
1179 4199 1536 4255 fenestrarum
1581 4199 1788 4269 species
1827 4199 2045 4267 copiosa

472 4283 689 4347 luminis
707 4286 970 4363 elfusione
1000 4289 1346 4353 illustratam,
1371 4298 1657 4357 ceteraque
1680 4290 1746 4343 ad
1769 4287 2045 4358 perfectis-

472 4373 665 4430 simam
695 4375 1107 4445 pulchritudinis
1130 4377 1353 4446 gloriam
1382 4375 1740 4446 pertinentia,
1780 4390 1917 4445 quae
1946 4388 2045 4430 nu-

2146 3209 2205 3253 ut
2227 3200 2336 3255 Deo
2362 3200 2638 3257 conditore
2674 3211 2838 3272 atque
2889 3213 3099 3261 rectore
3127 3206 3495 3263 universitatis
3524 3209 3717 3265 decora

2143 3287 2252 3341 sint
2277 3289 2479 3342 omnia.
2518 3289 2586 3342 Et
2616 3298 2700 3344 est
2729 3290 3070 3360 pulchritudo
3115 3293 3401 3348 universae
3438 3304 3718 3349 creaturae

2143 3390 2241 3444 per
2266 3378 2401 3432 haec
2430 3378 2530 3432 tria
2563 3379 2921 3449 inculpabilis,
2952 3382 3295 3437 damnatione
3334 3394 3679 3453 peccatorum
3698 3425 3723 3448 ,

2143 3468 2530 3523 exercitatione
2549 3466 3189 3542 justorum,perfectione
3217 3474 3501 3529 beatorum
3531 3495 3552 3528 ι
3582 3475 3631 3529 δ.
3654 3476 3723 3529 Et

2142 3566 2263 3625 post
2287 3557 2558 3626 aliquanta
2600 3558 2669 3613 de
2705 3560 2884 3614 anima
2913 3560 3134 3630 loquens
3165 3563 3282 3616 ait:
3327 3583 3345 3613 ι
3375 3563 3598 3618 Defeetu
3626 3579 3719 3617 au—

2144 3656 2251 3702 tem
2284 3663 2382 3702 suo
2412 3650 2465 3702 in
2493 3650 2922 3719 pulchritudines
2964 3652 3422 3721 corruptibiliores
3443 3693 3461 3718 ,
3502 3654 3558 3708 id
3596 3664 3715 3717 est,

2142 3755 2437 3815 poenarum
2458 3744 2698 3798 ordinem
2717 3744 3123 3814 praecipitatur.
3141 3746 3252 3800 Nec
3278 3746 3560 3811 miremur,
3575 3748 3717 3817 quod

2144 3831 2320 3885 adhuc
2344 3831 2772 3900 pulchritudines
2799 3836 3036 3890 nomino.
3063 3835 3205 3891 Nihil
3236 3837 3381 3891 enim
3407 3847 3490 3892 est
3508 3839 3720 3893 ordinao

2145 3931 2279 3988 tum,
2303 3925 2443 3993 quod
2470 3940 2577 3980 non
2607 3926 2677 3979 sit
2704 3925 3010 3995 pulchrum.
3040 3927 3104 3980 Et
3130 3928 3270 3982 sicut
3293 3929 3370 3983 ait
3388 3928 3675 3999 Apostolus
3694 3942 3715 3983 :

2145 4013 2327 4069 Omnis
2353 4015 2481 4069 ordo
2505 4033 2537 4069 a
2565 4015 2672 4070 Deo
2696 4027 2769 4071 est
2795 4025 2819 4055 ⁸
2849 4036 2893 4072 ι.

2216 4104 2323 4159 Vll.
2362 4105 2500 4172 Quid
2519 4122 2648 4178 ergo
2668 4109 2861 4162 mirum
2884 4117 2991 4172 est,
3017 4107 3061 4163 si
3075 4109 3315 4167 hominis
3330 4110 3535 4175 anima,
3558 4122 3716 4179 quae,

2144 4194 2448 4265 ubicunque
2475 4197 2563 4260 sit,
2588 4205 2643 4252 et
2671 4197 3061 4267 qualiscunque
3087 4199 3180 4265 sit,
3207 4200 3359 4254 omni
3380 4213 3612 4268 corpore
3635 4206 3716 4251 est

2145 4283 2354 4347 melior,
2387 4283 2561 4338 dicam
2592 4284 2814 4354 pulchre
2837 4285 3114 4350 ordinari,
3160 4293 3216 4340 et
3260 4287 3327 4340 de
3373 4287 3564 4355 poenis
3603 4284 3719 4353 ejus

2147 4370 2282 4444 alias
2314 4373 2739 4441 pulchritudines
2763 4373 2923 4440 ﬁeri,
2964 4391 3086 4431 cum
3135 4377 3206 4431 ibi
3246 4392 3351 4432 non
3383 4379 3472 4441 sit,
3503 4378 3717 4446 quando

473 4444 928 4534 merareilongum
955 4473 1072 4530 est,
1122 4444 1192 4518 ita
1235 4474 1293 4519 ut
1333 4444 1534 4519 nullum
1568 4456 1715 4519 inea
1743 4444 2046 4523 inveniatur
2073 4444 2122 4502 D
2146 4461 2341 4517 misera
2368 4471 2484 4527 εει,
2516 4463 2604 4518 “bi
2635 4479 2758 4520 esse
2789 4465 2975 4520 b98108
3004 4468 3178 4531 decet.
3224 4469 3317 4522 sed
3362 4468 3436 4522 ibi
3485 4444 3557 4523 Sil
3580 4508 3596 4533 ι
3631 4467 3715 4521 ubi

474 4552 732 4621 spatium,
757 4553 901 4622 quod
934 4569 1038 4609 non
1068 4568 1257 4609 clunes
1286 4553 1620 4609 habitatores
1645 4554 1765 4624 ejus
1787 4556 2045 4629 amplitu-

476 4643 601 4699 dine
621 4644 707 4700 stti
737 4645 935 4717 capiat,
965 4644 1109 4700 nulla
1139 4660 1462 4723 pars,_quae
1488 4660 1597 4700 non
1625 4646 1869 4701 omnium
1894 4647 2045 4717 aspi-

2147 4564 2268 4605 esse
2298 4551 2524 4606 miseros
2553 4554 2726 4608 decet.
2755 4553 2985 4608 Proinde
3009 4554 3153 4608 nulla
3178 4556 3544 4613 universitatis
3567 4564 3714 4625 parte

2147 4642 2370 4712 punitur
2387 4643 2598 4713 impius,
2622 4645 2717 4699 sed
2739 4659 2835 4699 sua
2862 4645 3081 4715 propria
3105 4645 3379 4714 impietate
3421 4647 3475 4700 in
3498 4661 3559 4700 se
3580 4646 3711 4715 ipso,

1751 4755 2010 4811 VARIAE
2047 4754 2448 4812 LECTIONES.

551 4873 570 4906 ι
600 4854 691 4920 Sic
716 4864 860 4930 cod.,
888 4863 959 4919 Μ.
996 4864 1218 4921 Domino
1239 4864 1348 4920 Deo
1396 4882 1528 4920 meo.
1604 4876 1627 4906 ³
1656 4864 1748 4921 Sic
1772 4866 1919 4931 cod.,
1973 4864 2044 4919 Μ.
2074 4882 2104 4920 e

551 4934 577 4967 (Ι
673 4933 697 4965 Ι
725 4934 815 4967 Cha
859 4934 958 4967 ΛΛΑ
1056 4934 1101 4967 Μ
1169 4934 1401 4967 nis-italum
1528 4934 1550 4967 ο
1595 4934 1706 4967 ΓΑΔ
1781 4943 2060 4967 annmnlasm

859 4934 1004 4997 cod.,
1054 4934 1124 4988 Μ.
1167 4934 1424 4989 absidum.
1528 4934 1550 4967 ⁸
1595 4934 1726 4990 Cod.
1777 4943 2083 4994 scematum.
2133 4934 2147 4937 Ὗ
2186 4937 2206 4968 ⁷
2256 4934 2349 4990 Sic
2391 4937 2538 4999 cod.,
2583 4936 2652 4991 Μ.
2700 4937 3017 5006 frendentes.
3099 4934 3135 4973 ⁷⁸
3167 4938 3259 4993 Sic
3310 4938 3455 5001 cod.,
3486 4938 3555 4991 Μ.
3587 4954 3707 5008 quo<

849 5003 871 5035 ’
902 5002 993 5077 Sic
1022 5002 1268 5077 e_o_d.,_M.
1297 5005 1364 5058 ei.
1441 5004 1486 5038 ⁸⁸
1515 5004 1605 5059 Sic
1633 5004 1774 5069 cod.,
1803 5003 1875 5059 al.
1912 5004 2053 5058 inde.
2130 5011 2177 5044 ιι
2202 5005 2293 5060 Sic
2330 5004 2448 5060 cod.
2490 5005 2588 5071 Μ.,
2622 5006 2848 5061 dicatur.
2926 5009 2973 5042 ιι
2999 5007 3091 5063 Sic
3138 5008 3290 5073 cod.,
3316 5006 3390 5061 al.
3439 5008 3554 5077 ejus
3594 5005 3707 5060 aui-

478 4934 599 4991 cod.
673 4934 738 4986 ’ξ

478 5018 621 5061 tuam
647 5020 757 5073 qui.
850 5018 871 5035 υ
902 5018 993 5057 Sic
1022 5018 1166 5065 cod.,
1198 5018 1234 5057 Μ

476 5085 622 5128 mae.
696 5072 742 5107 “
771 5071 867 5128 Sic
883 5073 1024 5137 cod.,
1048 5072 1118 5126 Μ.
1141 5072 1234 5128 Et.

673 4933 697 4965 ⁸
725 4934 816 4988 Sic
859 4934 1004 4997 cod.,
1054 4934 1124 4988 Μ.
1167 4934 1424 4989 absidum.

2106 4882 2195 4937 rgo
2238 4879 2359 4990 ego.
2433 4867 2454 4898 ³
2483 4865 2576 4922 Sic
2625 4868 2771 4934 cod.,
2800 4868 2871 4923 Μ.
2924 4886 3113 4935 meant,
3168 4869 3241 4924 at.
3294 4885 3456 4923 meae.

2186 4937 2206 4968 '
2301 4940 2349 4990 ic
2391 4937 2538 4990 cod..
2583 4936 2652 4990 Μ.
2701 4937 3017 4990 frendentes.
3112 4939 3135 4973 ⁸
3167 4938 3259 4990 Sic
3310 4938 3455 4990 cod..

3552 4869 3575 4901 ⁸
3602 4867 3710 4922 Sic.

2301 4940 2349 4990 ic
2391 4937 2539 5016 eod:3
2583 4936 3054 5016 M._frendentes.__
3112 4939 3135 4973 ⁸
3167 4938 3259 5016 Si_c
3310 4938 3555 5016 cod.,_bl.
3587 4954 3711 5016 quo-

2006 5183 2256 5243 NOTAE.

554 5304 580 5335 ι
616 5292 942 5351 Prudentius
967 5312 981 5348 :
1009 5293 1076 5350 In
1096 5294 1283 5350 divinis
1309 5295 1523 5364 eloquiis
1550 5309 1805 5364 nusquam
1831 5293 1927 5349 Dei
1952 5295 2047 5348 Ita-

2148 5307 2301 5368 petuo
2325 5299 2635 5368 mancipari,
2663 5299 2821 5353 bonos
2864 5314 2982 5353 vero
3015 5314 3173 5368 supra
3202 5312 3358 5368 omne
3394 5294 3493 5348 Iter
3522 5290 3705 5352 uisibile

481 5364 779 5444 bitationem
801 5365 856 5417 in
879 5364 986 5446 his;
1006 5378 1139 5446 quae
1166 5379 1267 5418 non
1296 5375 1439 5446 sunt,
1482 5365 1704 5446 positam
1739 5379 1868 5446 esse,
1896 5379 2049 5446 prae-
2148 5364 2526 5446 caelun4,quod
2548 5367 2931 5446 ﬁrmamentum
2953 5364 3175 5446 sanetae
3189 5365 3495 5446 Scriptura
3515 5376 3701 5416 πευκα-
3726 5378 3730 5382 ’

480 5433 750 5487 scientiam
785 5448 903 5486 vero
940 5432 1039 5487 Dei
1071 5433 1226 5487 etiam
1253 5432 1489 5486 malitiae
1520 5441 1568 5485 et
1602 5432 1827 5501 pereatis
1854 5434 2047 5487 nostris

480 5516 585 5555 non
611 5501 806 5555 abesse.

551 5569 581 5609 ιι
619 5568 902 5640 Augustin.
929 5566 1166 5638 Confess.
1197 5567 1444 5640 \'lll,__lQ.

555 5647 577 5676 ⁸
618 5636 940 5694 Prudentius
962 5636 1243 5706 respondet
1271 5656 1284 5692 :
1311 5636 1481 5691 Malos
1504 5654 1556 5692 tn
1579 5636 1778 5692 inferno
1799 5638 1905 5704 iqni
1931 5656 2040 5701 ner-

2146 5446 2292 5504 pant,
2323 5435 2635 5504 sempiterna
2665 5437 2978 5490 beatitudine
3001 5435 3308 5504 glori/ﬁcari.

2215 5502 2242 5543 δ
2279 5502 2559 5574 Augustin.
2578 5505 2654 5574 de
2679 5521 2799 5559 uera
2824 5504 2992 5573 Relig.
3022 5520 3074 5558 c.
3098 5502 3191 5559 23.

2222 5584 2245 5612 ε
2288 5573 2439 5628 Rom.
2475 5573 2609 5639 XIII,
2644 5574 2728 5627 7|.
2753 5604 2821 5614 ——
2845 5574 3124 5643 Augustin.
3155 5574 3281 5627 ibid.
3310 5589 3358 5630 c.
3392 5574 3484 5629 ιι.
3562 5620 3569 5627 .
