4028 6280
256 292 381 347 4'21

1382 290 1583 348 LIBER
1621 293 1706 347 DE
1742 292 2444 354 I’BAISUL'STINATIONE.

3428 310 3546 367 ‘3')

260 416 338 458 ut
375 404 685 475 praedictae
721 416 1031 462 sanctorum
1069 405 1289 462 Patrum
1323 408 1623 462 sententiae
1654 415 1856 461 testan-
1883 414 1929 469 Α
1956 408 2252 479 eademque
2298 424 2436 479 aqua
2468 418 2742 467 natantem
2777 411 2953 467 elevat
2977 453 2995 473 ,
3058 414 3341 472 cadentem
3367 420 3533 475 sulfu-

257 510 384 555 tur.
424 499 493 557 Ut
521 499 668 555 enim
694 499 836 556 Deus
861 514 968 555 non
1000 500 1120 554 ideo
1150 498 1278 554 fecit
1307 497 1472 553 solem
1491 537 1505 561 ,
1534 506 1594 552 ut
1628 496 1746 564 ejus
1777 512 1857 551 ra-

254 591 380 645 diis
457 590 763 647 inordinate
818 606 943 647 eum
1006 590 1317 662 aspicientis
1373 589 1652 645 oculorum
1709 589 1857 644 visus

256 680 572 752 refringat,
593 697 796 752 eosque
822 683 876 736 in
909 683 1159 738 tenebras
1191 680 1540 751 repercutiat,
1573 695 1708 749 quas
1738 695 1857 749 pro-

259 772 418 828 fecto
442 788 549 827 non
573 773 709 842 ipse,
735 773 829 829 sed
852 774 969 842 ipsa
987 772 1294 837 inordinata
1316 770 1452 826 visio
1472 770 1654 835 ellicit,
1681 785 1856 839 neque

257 867 330 914 ut
359 860 658 930 patientem
686 860 965 915 oculorum
996 860 1370 931 gravissimam
1410 858 1713 928 passionem
1746 866 1854 912 tor-

255 957 441 1018 queat
466 948 519 1013 ⁸,
565 964 688 1003 cum
729 948 807 1002 illi
847 948 901 1003 in
937 963 1035 1003 sua
1071 948 1319 1017 passione
1355 947 1489 1003 nihil
1517 956 1722 1001 tantum
1758 962 1852 1002 no-

260 1043 417 1101 ceat,
443 1045 703 1105 quantum
733 1036 986 1107 splendor
1010 1036 1224 1102 solaris,
1254 1036 1380 1091 dum
1401 1036 1514 1106 ipsa
1538 1034 1716 1104 passio
1744 1050 1850 1089 non

257 1125 614 1180 extrinsecus
641 1134 843 1179 natura
864 1139 1044 1179 rerum
1075 1124 1375 1195 contingat,
1400 1124 1495 1179 sed
1524 1123 1852 1179 intrinsecus

260 1213 452 1282 aliqua
484 1212 781 1283 corporalis
809 1213 1056 1268 sanitatis
1074 1214 1420 1283 corruptione
1444 1213 1712 1269 dolentem
1741 1221 1851 1268 tor-

257 1314 474 1374 queat:
502 1307 582 1361 sie
609 1305 863 1360 nimirum
892 1306 1030 1376 ignis
1061 1305 1149 1360 ille
1174 1316 1460 1371 aeternus,
1504 1307 1595 1379 qui
1623 1322 1847 1375 praepa-

261 1409 419 1453 ratus
447 1408 522 1453 est
553 1398 762 1453 diabolo
787 1407 837 1453 et
867 1399 1066 1470 angelis
1092 1399 1208 1469 ejus
1231 1413 1280 1465 ιι,
1311 1399 1619 1454 nullomodo
1649 1399 1716 1453 ad
1746 1398 1858 1453 hoc.

260 1496 509 1553 creatus,
534 1488 855 1558 praesertim
884 1488 928 1543 si
966 1498 1217 1557 quartum
1258 1488 1441 1543 mundi
1470 1488 1792 1544 elementum
1825 1489 1847 1518 ¹¹

260 1577 381 1643 sit;
415 1577 745 1647 probabilius
774 1579 1011 1634 creditur
1046 1579 1114 1633 ad
1162 1579 1528 1635 universitatis
1560 1578 1843 1649 integrita-

262 1677 400 1734 tem,
428 1684 590 1739 quam
618 1669 760 1724 Deus
784 1668 1085 1724 faciendam
1110 1668 1397 1739 praevidit,
1430 1683 1548 1723 esse
1573 1667 1844 1731 conditus,

1955 507 2081 562 cat;
2118 499 2345 554 duorum
2396 500 2450 554 in
2502 500 2621 554 aula
2664 501 2828 571 regali
2888 518 2994 558 uno
3062 504 3359 575 eodemque
3410 508 3546 565 luco-

1955 589 2252 659 positorum
2281 605 2419 644 unus
2463 589 2774 653 febricitat,
2818 592 2964 648 alter
2995 595 3228 664 gaudet;
3272 598 3529 666 gaudenti

1954 679 2133 733 omnia
2165 679 2328 733 totius
2351 680 2506 736 aulae
2527 690 2844 736 ornamenta
2875 683 3263 755 delectabiliter
3291 687 3539 756 placent,

1955 767 2296 823 laudabiliter
2357 778 2649 840 apparent,
2706 771 3095 827 honorabiliter
3152 777 3525 842 concordant,

1953 856 2280 914 febricitanti
2337 875 2465 914 vero
2534 860 2674 914 intra
2741 876 2799 915 se
2868 852 3091 930 ipsum,
3147 863 3526 936 doloribusque

1954 950 2067 1029 suis
2090 951 2300 1006 ardenti
2330 952 2603 1017 omnium,
2633 967 2771 1020 quae
2811 954 3148 1009 extrinsecus
3187 955 3331 1010 videt
3350 997 3365 1019 ,
3395 958 3530 1011 nihil

1951 1056 2072 1096 eum
2097 1041 2344 1106 delectat,
2376 1042 2508 1096 nihil
2530 1042 2820 1108 laudabile,
2854 1044 2978 1113 quia
3005 1046 3187 1098 omnia
3235 1047 3526 1116 vituperat,

1951 1131 2082 1189 nihil
2128 1132 2511 1197 consentiens,
2544 1132 2670 1201 quia
2713 1133 2951 1187 omnium
3004 1134 3261 1189 abhorret
3308 1137 3522 1191 merito.

1949 1218 2086 1286 Quid
2132 1220 2273 1273 cnim
2306 1220 2568 1275 bonorum
2615 1222 2689 1275 illi
2742 1238 2848 1275 non
2902 1233 3160 1289 noceret,
3208 1227 3426 1294 quando
3474 1228 3523 1285 ei

1950 1318 2136 1360 auctor
2160 1308 2398 1361 omnium
2431 1309 2640 1378 placere
2670 1325 2777 1362 non
2805 1312 3047 1378 poterat?
3074 1315 3180 1381 Aut
3205 1314 3295 1368 ubi
3321 1315 3523 1370 nullum

1950 1394 2146 1459 bonum
2206 1413 2313 1451 non
2360 1397 2615 1463 nocebit,
2672 1398 2769 1453 cui'
2808 1414 3019 1455 smnmo
3070 1400 3212 1457 bono
3258 1403 3364 1458 frui
3416 1421 3521 1460 non

1948 1485 2149 1554 placuit
2173 1485 2197 1538 ?

2018 1575 2107 1629 IX.
2124 1576 2354 1632 Proinde
2380 1578 2422 1632 si
2438 1578 2581 1632 nulla
2604 1580 2877 1634 beatitudo
2896 1590 2996 1645 est,
3022 1584 3122 1638 nisi
3147 1584 3256 1638 vita
3282 1595 3522 1650 acterna,

1947 1664 2058 1730 vita
2084 1675 2261 1718 autem
2290 1676 2508 1732 aeterna
2534 1677 2617 1722 est
2640 1669 2880 1724 veritatis
2907 1671 3164 1741 cognitio,
3194 1675 3337 1745 nulla
3363 1676 3526 1747 igitur

259 1772 432 1826 quam
461 1758 531 1813 ad
560 1758 823 1819 urendum
851 1766 1175 1828 apostatam,
1206 1757 1295 1813 cui
1325 1756 1695 1824 suasuperbia
1721 1755 1836 1809 suf-
1875 1759 1914 1817 Β
1945 1752 2218 1819 beatitudo
2272 1764 2374 1819 est,
2413 1756 2512 1811 nisi
2564 1759 2804 1813 veritatis
2850 1762 3104 1830 cognitio.
3140 1761 3245 1817 Sed
3303 1780 3370 1817 ne
3418 1765 3523 1823 ista

258 1848 463 1910 liceret,
498 1848 567 1903 ad
609 1855 954 1911 tormentum.
991 1848 1127 1904 Huic
1166 1849 1358 1904 rationi
1405 1849 1654 1912 additur,
1699 1848 1841 1916 quod

258 1953 390 1993 eum
418 1938 474 1993 in
501 1939 756 1993 aethereo
780 1953 1007 2008 corpore
1035 1938 1269 2009 primum
1296 1954 1325 1992 a
1359 1939 1469 1992 Deo
1498 1947 1717 1993 creatus
1745 1937 1839 2002 sit,

257 2029 321 2083 in
356 2043 466 2098 quo
510 2028 644 2083 nihil
689 2028 801 2099 pati
848 2029 1057 2098 potuit,
1105 2043 1301 2098 corpus
1345 2025 1464 2096 ejus
1507 2027 1839 2093 aethereum,

255 2131 552 2192 postquam
600 2121 853 2193 superbia
901 2121 1175 2185 intumuit,
1225 2137 1257 2176 a
1305 2121 1554 2191 supernis
1602 2119 1839 2184 sedibus,

254 2210 518 2269 videlicet
539 2211 832 2275 aethereis,
861 2211 915 2267 in
945 2213 1090 2267 hunc
1118 2226 1299 2267 aerem
1341 2211 1661 2267 humiditate
1690 2225 1839 2265 cras-

255 2316 383 2357 sum
419 2300 460 2364 ⁸,
491 2301 718 2372 caligine
746 2301 1088 2358 tenebrosum
1108 2340 1123 2366 ,
1152 2300 1650 2372 perturbationibus
1672 2299 1843 2369 passi-

256 2389 430 2445 bilem
457 2391 707 2448 detrusus
745 2399 851 2455 est.
895 2400 963 2459 ut
996 2392 1047 2446 ei
1092 2390 1215 2447 inde
1257 2404 1457 2458 corpus
1493 2389 1700 2445 meritis
1731 2389 1844 2445 suis

263 2481 595 2551 condignum
629 2482 746 2551 ipso
775 2481 991 2537 nolente
1021 2480 1364 2551 copularetur
1385 2519 1402 2547 ,
1438 2495 1502 2535 ac
1531 2495 1628 2549 per
1657 2480 1758 2534 hoc
1790 2479 1842 2539 in

258 2583 329 2633 eo
364 2569 651 2640 iniquitate
685 2585 781 2625 sua
819 2578 1159 2640 torqueretur
1176 2567 1226 2624 ιι.

334 2678 469 2736 VIII.
505 2677 634 2735 Sive
661 2680 842 2748 itaque
870 2680 1012 2751 ignis
1046 2680 1135 2735 ille
1155 2693 1449 2750 corporeus
1473 2719 1488 2744 ,
1528 2684 1590 2733 ut
1617 2677 1693 2732 ait
1725 2677 1840 2732 Au-

258 2767 529 2840 gustinus,
556 2769 672 2823 sive
697 2770 1047 2840 incorporeus
1067 2808 1083 2836 ,
1109 2778 1166 2824 ut
1212 2768 1476 2839 Gregorio
1519 2768 1716 2838 placet,
1745 2783 1843 2839 pro

260 2857 371 2923 sui,
390 2865 450 2913 ut
468 2859 679 2928 opinor,
694 2859 989 2915 subtilitate
1009 2868 1290 2930 propterea
1312 2858 1740 2929 praedestinatus
1760 2858 1841 2912 vel

259 2957 618 3018 praeparatus
634 2949 1075 3021 dieitur,diabolo,
1092 2950 1345 3019 quoniam
1362 2949 1496 3004 ineo
1512 2948 1685 3003 fuerat
1698 2949 1843 3003 ordi'

261 3038 493 3105 nandus,
506 3053 629 3094 cum
645 3039 894 3095 omnibus
913 3040 1154 3095 malitiae
1171 3039 1508 3095 consortibus
1520 3040 1836 3108 puniendus.

261 3126 329 3183 Et
343 3130 793 3197 quemadmodum
811 3129 953 3186 idem
970 3131 1108 3202 ignis
1123 3131 1296 3187 bonus
1309 3130 1566 3202 profecto,
1583 3130 1833 3200 quoniam

259 3232 293 3272 ι
321 3217 467 3273 bono
492 3216 686 3280 factus,
711 3233 817 3273 non
839 3219 999 3274 aliam
1039 3222 1110 3276 ob
1132 3234 1351 3275 causam
1373 3220 1574 3273 malum
1603 3220 1830 3283 dicatur,

260 3305 366 3361 nisi
393 3305 538 3376 quod
581 3306 635 3361 in
664 3321 732 3363 eo
758 3307 887 3362 mali
915 3310 1314 3365 ordinatissime
1343 3310 1716 3380 disponantur,
1759 3310 1833 3363 ita

260 3394 427 3450 etiam
441 3410 612 3465 poena
641 3411 749 3451 non
779 3397 1073 3464 incongrue
1093 3399 1373 3463 asseritur,
1395 3399 1654 3467 quoniam
1672 3398 1832 3453 iidem

258 3485 388 3540 mali
415 3487 469 3541 in
496 3488 684 3543 eodem
718 3488 1038 3546 criminibus
1062 3492 1174 3545 suis
1203 3490 1486 3546 libidinose
1532 3490 1835 3545 commissis

264 3576 532 3639 laboriose
558 3578 1041 3650 miserabiliterque
1081 3581 1409 3636 cruciantur.
1442 3580 1557 3634 Non
1587 3596 1718 3651 ergo
1746 3580 1835 3637 ille

260 3664 403 3735 ignis
420 3674 504 3721 est
529 3681 723 3736 poena,
751 3683 926 3738 neque
952 3672 1021 3724 ad
1044 3685 1162 3723 eam
1187 3679 1540 3739 praeparatus
1563 3670 1647 3724 vel
1672 3686 1812 3740 prae.

259 3756 591 3822 destinatus,
616 3758 709 3812 sed
732 3759 822 3827 qui
847 3758 1020 3814 fuerat
1046 3761 1501 3830 praedestinatus,
1528 3772 1586 3816 ut
1608 3771 1753 3816 esset
1778 3762 1831 3817 in

257 3844 612 3900 universitate
638 3848 877 3901 omnium
904 3848 1191 3914 bonorum,
1218 3851 1377 3905 sedes
1415 3850 1588 3904 factus
1625 3860 1706 3904 est
1732 3851 1825 3904 im«

256 3935 469 4004 piorum
495 3947 542 3991 ε.
568 3937 625 3992 in
648 3952 755 4008 quo
783 3940 1144 4009 proculdubio
1166 3955 1269 3995 non
1306 3940 1483 3995 minus
1513 3941 1835 3997 habitabant

257 4025 426 4089 beati,
456 4042 616 4095 quam
658 4028 842 4082 miseri
867 4028 932 4094 d;
964 4029 1058 4083 sed
1094 4030 1237 4083 sicut
1266 4044 1369 4082 una
1404 4030 1696 4098 eademque
1743 4030 1834 4084 lux

257 4114 429 4179 sanis,
458 4124 519 4168 ut
541 4115 793 4182 diximus,
837 4117 1009 4172 oculis
1051 4118 1319 4182 convenit,
1352 4118 1575 4187 impedit
1601 4118 1832 4173 dolenti-

256 4200 409 4269 bus;
434 4218 572 4258 unus
600 4204 849 4274 idemque
891 4206 1082 4272 cibus,
1114 4205 1196 4261 vel
1237 4213 1394 4276 potus
1431 4206 1674 4261 fascibus
1713 4207 1833 4260 lan-

258 4294 540 4362 guentium
584 4311 823 4362 amarus,
873 4296 1107 4352 sanitate
1142 4296 1435 4351 fruentium
1479 4296 1690 4361 dulcis,
1730 4296 1835 4353 illis

257 4383 459 4452 quippe
496 4398 626 4440 suae
689 4385 877 4441 salutis
930 4385 1103 4455 placet
1153 4385 1364 4455 integra
1420 4385 1659 4449 laetitia,
1715 4386 1834 4440 istis

1941 1841 2190 1915 collectio
2230 1844 2536 1899 nullomodc
2567 1845 2618 1899 in
2653 1848 3143 1904 tuentibusnostris
3190 1861 3379 1916 nutet,
3422 1869 3519 1906 au-

1942 1932 2151 1988 diamus
2200 1934 2343 1988 illam
2388 1936 2556 2005 ipsatn
2584 1936 2875 1993 Veritatem
2922 1950 3107 2009 aperte
3147 1941 3467 1997 clamantem
3502 1963 3517 1996 ;

1942 2020 2046 2093 Qui
2060 2023 2229 2094 diligit
2256 2041 2336 2077 me
2354 2065 2367 2089 ,
2393 2026 2640 2096 diligetur
2665 2027 2687 2058 ⁸
2711 2047 2741 2081 a
2759 2028 2920 2084 Patre
2951 2047 3087 2095 meo,
3117 2041 3164 2087 et
3187 2048 3278 2103 ego
3303 2034 3521 2104 diligant

1939 2128 2089 2177 eum,
2110 2124 2157 2167 et
2179 2115 2521 2184 manifestabo
2555 2120 2805 2187 meipsum
2828 2117 2905 2172 illi
2932 2130 2976 2173 ο.
3008 2120 3137 2175 Item
3172 2121 3295 2175 alibi
3325 2139 3339 2175 :
3374 2121 3519 2176 Haec

1940 2210 2014 2269 est
2038 2212 2212 2256 autem
2252 2204 2354 2257 vita
2377 2215 2609 2269 aeterna,
2634 2216 2689 2258 ut
2726 2196 3036 2275 cognoscant
3059 2218 3107 2261 te
3147 2210 3314 2264 solum
3345 2229 3519 2266 verum

1941 2289 2127 2356 Deum,
2154 2303 2200 2347 et
2229 2309 2381 2363 quem
2426 2294 2613 2348 misisti
2638 2295 2821 2349 Iesum
2866 2296 3127 2352 Christum
3174 2299 3218 2352 ἲ.
3249 2301 3519 2370 Quidquid

1942 2392 2119 2436 autem
2137 2384 2203 2437 de
2221 2384 2551 2439 beatitudine
2571 2385 2834 2450 creditur,
2858 2388 2923 2441 de
2963 2386 3079 2456 ejus
3101 2388 3332 2453 defectu,
3355 2392 3409 2443 id
3439 2401 3541 2445 est...

1947 2474 2186 2538 miseria,
2212 2490 2430 2529 necesse
2454 2484 2539 2528 est
2562 2490 2591 2529 e
2617 2478 2894 2532 contrario
2907 2478 3179 2532 credatur.
3201 2478 3278 2553 Ita
3297 2481 3350 2534 si
3374 2480 3537 2534 nulla

1940 2569 2157 2627 miseria
2189 2578 2292 2633 est,
2324 2569 2426 2621 nisi
2459 2583 2602 2621 mors
2634 2576 2872 2632 acterna,
2898 2576 3121 2623 aeterna
3141 2562 3341 2623 autem
3370 2584 3519 2625 mors

1941 2666 2027 2711 est
2083 2656 2328 2711 veritatis
2388 2656 2714 2727 ignorantia,
2746 2656 2888 2711 nulla
2947 2657 3111 2729 igitur
3159 2658 3377 2714 miseria
3434 2668 3526 2715 est

1941 2746 2042 2801 nisi
2095 2745 2347 2800 veritatis
2411 2744 2730 2815 ignorantia.
2818 2743 2919 2799 Ubi
2989 2746 3169 2814 itaque
3236 2746 3520 2816 ignoratur

1938 2835 2166 2898 veritas,
2194 2833 2268 2887 ibi
2293 2833 2436 2888 nulla
2461 2834 2588 2887 vita.
2616 2831 2715 2887 Ubi
2745 2843 2922 2901 autem
2969 2833 3115 2888 nulla
3145 2835 3250 2888 vita
3270 2876 3284 2899 ,
3314 2836 3389 2891 ibi
3422 2851 3518 2891 ne-

1941 2938 2089 2978 cesse
2116 2932 2197 2978 est
2218 2924 2527 2977 continuam
2557 2932 2787 2977 mortem
2811 2923 3020 2979 adesse.
3034 2923 3183 2990 Quae
3211 2925 3254 2978 si
3284 2926 3357 2979 ita
3382 2926 3517 2989 sint,

1940 3013 2062 3083 quis
2114 3014 2308 3083 audeat
2358 3013 2560 3078 dicere,
2615 3014 2782 3067 Deum
2832 3026 2951 3067 esse
2996 3012 3513 3083 praedestinatorem

1865 3102 1911 3165 C
1942 3118 2162 3174 poenae,
2190 3104 2291 3158 nisi
2322 3103 2413 3174 qui
2435 3104 2597 3157 audet
2624 3118 2747 3157 eum
2776 3117 3021 3158 asserere
3056 3113 3330 3175 auctorem
3357 3105 3511 3175 igno-

1937 3193 2166 3263 rantiae,
2194 3193 2317 3247 dum
2362 3194 2430 3247 ab
2459 3208 2523 3248 eo
2565 3193 2635 3250 sit
2676 3194 2853 3247 omnis
2892 3193 3263 3271 intelligentia.
3306 3193 3515 3249 Unum-

1934 3297 2203 3353 qucmque
2215 3284 2377 3353 igitur
2391 3299 2487 3338 sua
2505 3284 2655 3353 punit
2667 3283 3026 3347 contumacia,
3041 3299 3179 3352 quae
3194 3285 3338 3341 nullo
3357 3287 3535 3341 modo

1935 3388 1964 3429 a
1993 3372 2103 3427 Deo
2130 3382 2216 3427 est
2242 3390 2257 3438 ;
2287 3388 2353 3428 ac
2380 3389 2477 3444 per
2523 3375 2625 3427 hoc
2653 3369 2771 3441 ejus
2808 3381 3000 3427 auctor
3044 3372 3353 3429 nullomodo
3395 3391 3512 3431 cre-

1934 3460 2143 3516 dendus
2166 3469 2250 3516 est
2274 3469 2326 3516 ε.

2414 3528 2812 3586 CAPITULUM
2850 3529 3031 3586 XVIII.

1937 3614 2089 3681 Quod
2138 3635 2288 3673 error
2325 3635 2539 3681 eorum,
2583 3619 2671 3688 qui
2694 3619 2887 3682 "aliter,
2922 3636 3080 3689 quam
3120 3618 3303 3674 Patres
3344 3625 3535 3675 sancti

2005 3689 2238 3760 sentiunt
2252 3688 2315 3741 de
2339 3688 2827 3760 praedestinntione,
2861 3688 2941 3741 ω
2963 3688 3255 3742 liberalium
3284 3692 3515 3760 discipli-

2007 3773 2197 3810 narum
2222 3757 2521 3826 ignorantia
2542 3758 2772 3810 inolevit.

2008 3846 2047 3901 Ι.
2063 3847 2314 3900 Errorem
2332 3846 2510 3914 itaque
2534 3846 2905 3899 saevissimum
2930 3860 3136 3911 eorum,
3162 3848 3261 3914 qui
3291 3862 3515 3902 venera-

1934 3935 2121 3989 bilium
2143 3934 2385 3997 Patrum,
2410 3935 2751 4002 maximeque
2777 3935 2951 3989 sancti
2973 3935 3257 4001 AuguStiui
3289 3947 3508 3991 senten-

1936 4024 2038 4078 tias
2066 4021 2312 4085 conl‘use,
2346 4038 2410 4075 ac.
2436 4035 2535 4090 per
2559 4022 2660 4076 hoc
2693 4021 2970 4076 mortifere
3007 4025 3075 4078 ad
3113 4040 3273 4077 suum
3306 4028 3513 4092 pravis-

1934 4114 2131 4169 simum
2159 4127 2375 4169 sensum
2398 4112 2675 4182 redigunt,
2717 4127 2782 4166 ex
2822 4112 3033 4168 utilium
3069 4114 3529 4182 disciplinarum,.

1933 4218 2070 4273 quas
2094 4203 2213 4273 ipsa
2261 4201 2525 4270 sapientia
2556 4216 2683 4256 suas
2709 4202 2934 4259 comites
2973 4203 3511 4274 investigatriccsque

1932 4296 2052 4351 ﬁeri
2107 4294 2314 4359 voluit,
2367 4293 2745 4366 [ignorantia].
2773 4294 2796 4326 ⁸
2839 4294 3158 4361 crediderim
3214 4296 3527 4371 sumpsisse;

1933 4384 2250 4457 primordia.
2297 4383 2519 4452 Insuper
2556 4383 2719 4437 etiam
2761 4397 2826 4436 ex
2877 4398 3193 4454 graecarum
3225 4384 3502 4453 literarum

256 4486 392 4528 suae
451 4475 811 4545 corruptionis
862 4476 1109 4545 displicet
1161 4476 1401 4546 poenalis
1429 4476 1643 4531 tristitia
1671 4494 1685 4541 ;
1728 4492 1833 4531 una
1867 4473 1913 4532 D
1939 4476 2151 4531 inscitia
2176 4475 2226 4528 ιι.
2261 4473 2317 4530 In
2347 4474 2542 4543 quibus
2587 4473 3093 4544 praedestinationis
3130 4475 3506 4545 interpretatio

260 4636 261 4639 η
1540 4589 1624 4644 VA
1634 4589 1791 4644 ΜΔΕ
1823 4587 2220 4645 LECTIONES.

299 4675 348 4714 -¹
376 4675 473 4732 Sic
506 4677 1094 4749 cod.,ibi._retorqueat.
1170 4678 1195 4709 ⁸
1219 4676 1351 4733 Cod.
1407 4676 1724 4735 elimentum.
1801 4680 1823 4710 ³
1854 4677 1989 4734 Cod.
2050 4695 2280 4734 erasum.
2351 4677 2373 4709 ⁸
2412 4677 2503 4735 Sic
2536 4677 2791 4743 cod...”
2824 4677 3079 4749 diligitur.
3157 4678 3179 4711 ⁵
3210 4681 3508 4749 ignorantia

253 4760 370 4800 om.
418 4748 564 4812 cod.,
594 4747 717 4801 add.
752 4745 821 4799 Μ.

1780 4835 2037 4892 NOTAE;

333 4955 359 4983 ιι
404 4941 589 4996 Matth.
619 4942 784 5006 XXV,
809 4943 900 4998 bl.

196 5015 203 5079 ξ
331 5011 361 5050 δ
401 5011 569 5065 Recte
614 5012 939 5067 Prudentius
978 5031 991 5067 :

259 5080 594 5151 proplieticae
621 5090 773 5150 atque
795 5081 1111 5151 apostolirae
1131 5082 1343 5151 minime
1366 5096 1515 5151 posse
1539 5081 1769 5148 probari.

336 5147 369 5219 ἦ
387 5147 649 5212 Dominus
669 5147 791 5203 cum
815 5147 1122 5219 parabolarn
1139 5147 1644 5219 piscium'boncrum
1671 5160 1847 5219 atque.

189 5216 207 5286 ξ
262 5215 531 5269 malorum
572 5215 974 5286 pronuntiasset
1007 5235 1021 5273 :
1060 5215 1534 5285 Exibunt,.inquit,
1567 5215 1760 5285 angeli"
1784 5228 1832 5271 et

260 5286 576 5355 separabunt
603 5287 768 5340 malos
784 5289 855 5341 de
875 5287 1042 5341 medio
1057 5287 1420 5356 justorum,get
1450 5288 1649 5356 mittent
1674 5301 1761 5356 eos
1781 5288 1835 5356 in

263 5353 527 5425 caminum
554 5356 712 5425 ign},
742 5357 831 5409 ubi
850 5358 953 5425 erit
974 5353 1125 5425 ﬂetus
1146 5366 1210 5425 et»
1233 5354 1429 5408 stridor
1448 5353 1702 5425 dentium.
1729 5354 1835 5409 llla

250 5421 450 5489 igitur.
476 5421 616 5492 quae
645 5422 882 5480 Ioannes
937 5421 1130 5481 Scelus
1182 5423 1450 5492 disputat,
1482 5423 1693 5476 veritati
1729 5440 1835 5478 non

265 5495 399 5547 satis
427 5503 749 5558 congruunt.

336 5559 363 5643 fl
398 5559 720 5643 Euan-“Non
763 5562 945 5643 sedem
994 5561 1280 5643 suavitatis
1311 5570 1372 5622 et
1399 5561 1674 5643 dignitatis
1698 5602 1713 5626 ,
1743 5562 1836 5617 sed

266 5635 547 5683 aeternum
575 5638 900 5687 tormentum
921 5633 1119 5686 veritas
1132 5632 1287 5685 docet
1309 5645 1426 5685 esse
1460 5631 1607 5684 illum
1638 5633 1835 5701 ignem.

1046 5012 1112 5066 Itl
1170 5011 1478 5064 auctoritate
1533 5011 1837 5079 Srripurae
1927 5012 2060 5080 justi
2090 5024 2262 5064 autem
2310 5012 2556 5080 invitum
2599 5022 2883 5064 aeternam.

1941 4944 2155 5025 dicente
2196 4943 2460 5022 Domino;
2495 4940 2655 4996 Ibunt
2680 4941 2734 4995 lii
2765 4943 2819 4995 in
2857 4943 3168 5064 sugplirium
3210 4949 3511 5004 aeternum.

1941 5023 2059 5064 iusti
2090 5024 2262 5064 autem
2310 5028 2363 5064 in
2402 5022 2556 5064 vitam
2599 5022 2883 5064 aeternam.
2963 5027 3184 5064 usauam
3232 5026 3509 5064 sacrarunt

2963 5027 3184 5081 usquam
3232 5026 3509 5065 sacrarum

1933 5079 2506 5151 litteraruinillejgnis
2531 5080 2640 5134 vita
2660 5090 2879 5136 aeterna
2903 5079 3258 5151 nuncupatur.

2012 5162 2036 5190 θ
2064 5149 2220 5204 «Ιοειιι.
2251 5146 2506 5208 χμιγξει.

2015 5218 2036 5258 ί
2069 5217 2224 5272 Joan.
2265 5216 2428 5280 XVII,
2454 5217 2509 5271 5.

2012 5290 2038 5329 ⁸
2070 5286 2392 5341 Prudentius
2419 5287 2674 5340 observat
2696 5303 2709 5338 :
2744 5283 2803 5339 Si
2823 5286 2971 5353 impii
2998 5285 3053 5337 in
3081 5283 3172 5337 illo
3198 5284 3314 5353 igne
3334 5284 3505 5335 sedem

1937 5364 2142 5409 tantum
2165 5355 2414 5417 habituri,
2431 5371 2532 5408 non
2553 5364 2600 5406 et
2619 5371 2836 5422 poenam
2858 5356 3063 5419 passuri
3089 5362 3227 5422 sunt,
3248 5356 3508 5422 quomodo

1939 5424 2140 5477 nullam
2176 5424 2334 5475 vitam
2359 5420 2670 5476 habebunt?
2703 5423 2804 5476 Sed
2831 5423 3015 5475 veritas
3059 5420 3272 5485 clamat,
3300 5420 3508 5472 habitu-

1938 5509 2024 5546 ros
2049 5493 2155 5544 illic
2186 5493 2368 5556 impios
2396 5493 2679 5555 uitant,setl
2705 5492 2993 5559 poenalem.

2010 5564 2037 5601 ιι
2057 5561 2375 5614 Prudentius
2394 5578 2407 5613 :
2437 5559 2617 5613 Patres
2634 5557 2914 5628 perfectam
2928 5557 3210 5628 earundem
3236 5557 3508 5628 scientiam

1940 5631 2181 5684 habuisse
2206 5628 2501 5683 nullatenus
2528 5626 2755 5701 dubitari
2778 5644 2954 5696 posse,
2985 5626 3297 5697 Scotttmqite
3337 5626 3508 5701 potius
3528 5664 3539 5676 .
3602 5672 3613 5675 _
