3988 5714
526 342 629 398 «151

1902 338 2185 403 JOANNIS
2220 340 2415 398 SGUTI

3655 350 3759 405 ιδς

530 453 728 514 nullam
769 450 1132 522 ambiguitatis
1156 449 1437 521 caliginem
1481 449 1669 521 gignit.
1705 450 1854 520 Quae
1887 450 1933 506 si
1967 450 2091 506 dili-
2120 459 2166 517 Α
2194 453 2477 519 bonorum,
2503 463 2558 509 et
2592 454 2746 511 bonis
2776 454 3061 513 consulens
3084 456 3248 512 etiam
3274 457 3342 513 de
3379 458 3573 528 poenis
3597 463 3755 518 Inan—

527 541 740 612 gentius
764 539 831 595 ab
857 536 1264 610 inquisitoribus
1289 538 1554 603 veritatis,
1584 553 1690 595 non
1712 539 1781 595 ab
1800 538 2083 595 asserturi-

523 628 626 685 bus
673 627 919 684 falsitatis
967 626 1314 684 attendantur
1340 666 1358 691 ,
1406 627 1828 697 quotiescunque
1870 628 1989 683 sive
2019 627 2087 683 de

526 718 680 773 bouis
708 716 924 781 usitate,
948 716 1063 770 sive
1104 715 1172 770 de
1222 714 1378 770 malis
1408 715 1629 771 abusive
1670 714 2088 785 praedestinatio

526 804 719 861 frontis
744 819 894 867 suae.
923 804 1255 875 sapientibus
1275 803 1492 873 quidem
1523 803 1855 868 natissimae,
1889 802 2088 858 innatis

524 912 652 952 vero
680 896 969 967 superbiae
994 895 1161 965 typho
1182 893 1635 959 abstrusissimae,
1671 895 1875 964 primas
1903 901 2088 963 partes

523 986 814 1057 aperuerit,
849 994 957 1041 tota
981 985 1258 1051 nimirum,
1296 984 1441 1039 nulla
1468 984 1794 1041 interstante
1808 998 1981 1050 mora,
2000 984 2089 1054 pie

524 1075 947 1147 intelligentibns
972 1088 1091 1129 eam
1126 1072 1351 1143 patebit.

593 1165 654 1220 ll.
677 1164 774 1220 Est
786 1158 948 1236 igitur
966 1162 1186 1218 verbum
1204 1162 1342 1233 apud
1363 1161 1598 1218 Graecos
1611 1162 1714 1238 ὃρῦ
1730 1162 1745 1193 ⁸
1757 1202 1770 1227 ,
1785 1161 2091 1244 quod_apud

524 1255 743 1311 Latinos
767 1255 939 1310 tribus
962 1253 1227 1322 excipitur
1251 1252 1429 1308 verbis
1452 1269 1469 1319 ;
1488 1253 1593 1326 ὁρῶ
1614 1253 1809 1323 quippe
1832 1261 1888 1308 et
1910 1252 2089 1316 video,

523 1356 579 1400 et
593 1344 809 1410 definio,
826 1352 881 1399 et
905 1343 1112 1399 destino
1132 1342 1534 1411 interpretatur.
1549 1339 1809 1397 Similiter
1828 1340 2093 1410 composi-

525 1444 636 1490 tum
650 1440 871 1509 προσρῶ,
883 1431 1189 1503 praevideo,
1205 1430 1554 1501 praedetlnio,
1566 1432 1923 1501 praedestino.
1938 1429 2091 1498 Quod

521 1539 587 1579 ex
626 1530 882 1579 contextu
914 1534 1103 1577 sacrae
1148 1520 1460 1590 Scripturae
1486 1519 1739 1577 facillime
1776 1521 2088 1592 colligitur:

522 1617 578 1671 in
607 1613 831 1685 epistola
874 1612 941 1667 ad
976 1611 1251 1667 Romanos
1275 1628 1290 1666 :
1320 1619 1409 1668 τοῦ
1439 1612 1718 1691 ὁρισθέντος
1744 1615 1859 1668 υἱοῦ
1882 1620 2008 1669 Θεοῦ
2039 1615 2090 1667 ἐν

520 1704 730 1776 δυνάμει
746 1704 790 1769 ¹,
820 1701 1063 1756 destinati
1078 1699 1176 1769 filii
1198 1700 1293 1755 Dei
1310 1701 1364 1755 in
1384 1701 1639 1768 virtutel;
1664 1702 1732 1756 ad
1761 1701 2021 1772 Ephesios
2043 1700 2085 1755 ⁸.

2186 557 2305 597 rum
2342 562 2362 597 ι
2391 554 2436 598 ο.
2457 542 2558 600 Ubi
2596 544 2840 614 profecto
2889 545 3312 615 intelligendum,
3327 563 3438 602 non
3486 548 3631 604 aliud
3670 567 3756 606 vo-

2185 625 2349 688 luisse
2375 633 2430 686 in
2473 634 2637 690 verbo
2677 635 3202 704 praedestinationis,
3240 653 3401 708 quam
3426 638 3574 708 quod
3598 640 3761 697 voluit

2185 719 2239 774 in
2258 720 2423 778 verbo
2449 722 2823 791 praevisionis.

2252 806 2342 861 iV.
2372 807 2505 876 Quis
2530 823 2662 878 ergo
2687 810 2789 867 nisi
2817 812 3094 868 insaniens
3122 828 3227 869 non
3256 819 3463 881 viceat,
3492 832 3601 871 non
3645 834 3759 874 esse

2186 895 2453 954 aliudDeo
2472 901 2892 970 praedestiuare,
2915 917 3076 971 quam
3097 906 3475 974 praedeﬁnire,
3497 923 3601 963 nec
3622 909 3758 963 aliud

2187 999 2308 1042 esse
2320 987 2697 1056 praedelinire,
2721 1005 2880 1059 quam
2902 992 3215 1061 praevidere
3235 993 3278 1047 ι.
3302 993 3419 1050 Non
3440 997 3592 1051 aliud
3605 998 3761 1067 igitur

2185 1075 2604 1144 Ρηθάοδιὶωτο,
2633 1092 2793 1147 quam
2818 1080 3149 1149 praevidere.
3173 1080 3426 1148 Proinde,
3454 1084 3598 1139 sicut
3626 1085 3756 1138 diei-

2188 1177 2339 1229 mus,
2362 1163 2530 1220 Deum
2571 1166 2920 1235 praevidisse,
2941 1183 3079 1237 quae
3104 1168 3350 1226 facturus
3383 1180 3441 1227 et
3484 1188 3628 1242 quae
3660 1188 3759 1228 non

2189 1249 2449 1317 facturus,
2481 1267 2605 1309 cum
2623 1255 3011 1323 proculdubio,
3034 1272 3173 1327 quae
3202 1261 3315 1328 ipse
3339 1276 3447 1316 non
3488 1262 3756 1326 lacmrus,

2194 1340 2329 1395 nihil
2369 1351 2528 1410 sunt;
2561 1344 2734 1398 omnia
2760 1345 2957 1416 quippe
2996 1363 3089 1416 per
3111 1347 3282 1418 ipsum
3328 1349 3476 1419 facta
3522 1361 3680 1415 sunt,
3712 1360 3759 1403 et

2188 1433 2301 1486 sine
2321 1432 2431 1502 ipso
2455 1434 2653 1502 factum
2687 1446 2761 1490 est
2798 1436 2926 1490 nihil
2955 1437 3015 1501 ⁸,
3050 1437 3181 1495 nihil
3220 1448 3400 1495 autem
3442 1439 3618 1496 videri
3662 1458 3759 1496 non

2191 1530 2367 1594 potest
2393 1540 2407 1576 :
2433 1522 2506 1577 ita
2536 1538 2699 1594 saepe
2744 1534 2995 1582 auctores
3019 1527 3199 1582 dicere
3227 1528 3555 1593 invenimus,
3599 1528 3755 1584 Deum

2191 1613 2642 1682 praedestinasse,
2667 1628 2806 1683 quae
2824 1613 3079 1679 facturus,
3105 1624 3160 1670 et
3182 1632 3322 1686 quae
3347 1632 3458 1673 non
3491 1619 3756 1683 facturus,

2192 1700 2438 1757 similiter
2447 1702 2829 1772 praedetinisse
2849 1704 2912 1757 ".
2936 1703 2992 1759 Si
3013 1705 3157 1759 enim
3179 1705 3231 1759 in
3255 1707 3473 1776 graecis
3488 1708 3756 1763 codicibus

519 1793 576 1851 ἰν
605 1797 775 1869 ἀγάπῃ
800 1796 1079 1871 προορίσας
1105 1794 1241 1865 ἡμᾶς
1262 1792 1303 1858 ⁸,
1336 1794 1391 1846 in
1439 1794 1657 1847 caritate
1702 1793 2092 1863 praedestinans

2195 1791 2529 1848 invenientes
2571 1795 2862 1868 προώρισεν
2883 1832 2898 1859 ,
2946 1809 3053 1851 non
3097 1794 3409 1851 dubitamus
3462 1796 3759 1868 intelligere

520 1900 612 1938 nos
626 1886 653 1925 δ
670 1900 685 1949 ;
698 1892 751 1939 et
765 1884 924 1954 paulo
943 1893 1065 1952 post
1079 1900 1092 1936 :
1107 1884 1492 1961 προορισθέντες
1505 1882 1632 1939 κατὰ
1650 1882 1887 1955 πρόθεσιν
1895 1889 2021 1939 eum)
2035 1882 2060 1915 ⁸
2074 1921 2090 1950 ,

517 1973 889 2045 praedestinati
917 1973 1199 2028 secundum
1225 1972 1547 2042 propositum
1571 1970 1668 2024 Dei
1697 1981 1745 2026 ε.
1769 1969 1829 2024 ιιι
1866 1970 1950 2025 his
1974 1985 2091 2025 om-

520 2064 678 2120 nibus
691 2065 960 2134 interpres
981 2063 1146 2117 verbo
1168 2061 1679 2133 praedestinationis
1697 2076 1828 2117 usus
1847 2073 1951 2127 est,
1971 2076 2095 2117 cum

517 2161 700 2224 posset
711 2161 765 2208 et
778 2151 896 2207 aliis
909 2151 1005 2217 uti,
1022 2151 1075 2205 id
1089 2158 1249 2215 est,et
1264 2148 1693 2220 praevisionis,et
1704 2148 2097 2219 praedelluitio-

521 2243 628 2309 nis,
644 2242 897 2312 quoniam
911 2241 1045 2295 haee
1057 2240 1159 2294 tria
1174 2239 1356 2305 verba,
1373 2246 1433 2293 ut
1465 2238 1716 2306 diximus,
1746 2240 1905 2295 unius
1916 2240 2095 2309 graeci

520 2335 669 2392 verbi
681 2350 897 2392 sensum
912 2334 1237 2406 exprimunt.
1252 2332 1387 2391 Hinc
1400 2333 1527 2389 illud
1541 2349 1735 2389 nomen
1754 2333 1941 2412 ὅρασις
1955 2335 1996 2368 ⁸⁸
2015 2335 2097 2390 vel

520 2428 805 2502 προόρασις
822 2424 873 2491 ⁸,
902 2425 1046 2496 quod
1072 2424 1212 2495 apud
1244 2424 1364 2480 illos
1392 2441 1423 2479 a
1452 2424 1612 2481 verbo
1636 2424 1738 2500 ὁρῶ
1764 2425 1849 2481 vel
1867 2432 2092 2505 προορῶ,

523 2516 822 2581 derivatur,
851 2514 993 2585 apud
1016 2528 1117 2569 nos
1157 2514 1356 2569 dicitur
1383 2514 1552 2579 visio,
1578 2514 1665 2569 vel
1705 2513 1976 2581 definitio,
2012 2512 2097 2570 vel

520 2603 898 2669 destinatio,et
925 2616 1115 2657 eorum
1137 2603 1432 2672 composita
1461 2603 1748 2673 praevisio,
1772 2600 2093 2673 praedelini-

518 2693 618 2758 tio,
645 2707 677 2747 a
703 2691 1000 2762 composito
1039 2689 1245 2747 Graeco
1278 2691 1519 2758 veniunt,
1551 2692 1693 2762 quod
1734 2694 2019 2767 προόρασις
2047 2693 2092 2747 ⁷.

520 2783 728 2838 Dehinc
774 2791 958 2853 aperte
991 2782 1275 2838 conﬁcitur
1299 2821 1315 2849 ,
1357 2782 1411 2837 in
1457 2783 1543 2838 his
1574 2782 1745 2839 tribus
1772 2785 1952 2841 verbis
2002 2793 2097 2840 aut

519 2871 747 2929 eundem
777 2884 993 2927 sensum
1023 2884 1166 2937 esse,
1189 2880 1282 2926 aut
1323 2881 1527 2927 tantam
1556 2871 1938 2944 intelligentiae
1960 2873 2094 2929 vici-

518 2963 683 3027 niam,
716 2969 777 3017 ut
806 2961 1224 3033 unumquodque
1250 2962 1474 3019 alterius
1500 2963 1620 3020 loco
1643 2964 1768 3034 poni
1796 2965 1988 3036 possit.

2192 1882 2477 1955 praevidit,
2509 1882 2591 1939 vel
2606 1884 2998 1955 praedellnivit,
3030 1885 3114 1941 vel
3136 1888 3560 1956 praedestinavit
3590 1906 3605 1940 :
3640 1889 3758 1959 quid

2193 1987 2294 2029 nos
2344 1973 2613 2043 prohibet,
2651 1974 2931 2030 audientes
2956 1976 3375 2044 praedestinavit
3407 1977 3449 2008 “
3478 2018 3495 2044 ,
3520 1980 3761 2050 accipere

2193 2064 2457 2135 praevidit
2482 2064 2562 2119 vel
2582 2064 2975 2135 praedelinivit,
2989 2075 3198 2121 servata
3220 2065 3309 2121 ilia
3336 2069 3761 2126 incommutabili

2192 2152 2422 2218 ratione,
2438 2168 2543 2222 qua
2564 2153 2699 2209 haec
2723 2163 2779 2209 et
2806 2152 3109 2223 hujusmodi
3139 2156 3301 2210 verba
3332 2156 3387 2210 in
3418 2158 3518 2212 bis
3536 2166 3763 2223 tantum,

2194 2255 2333 2312 quae
2365 2240 2506 2296 Deus
2542 2238 2693 2307 fecit,
2740 2240 3108 2312 intelligantur
3143 2242 3353 2310 inesse,
3381 2243 3439 2298 in
3485 2243 3603 2300 illis
3619 2260 3762 2310 vero,

2195 2344 2333 2399 quae
2356 2329 2499 2385 Deus
2523 2344 2628 2384 non
2652 2327 2844 2395 fecit,e
2875 2331 3148 2387 contrario
3167 2332 3272 2387 dici
3292 2347 3475 2402 posse,
3502 2349 3631 2391 cum
3658 2351 3760 2391 nou

2194 2419 2334 2475 sint?
2354 2417 2398 2475 Ο
2412 2427 2627 2476 aeterna
2649 2420 2866 2486 veritas,
2879 2429 2936 2475 et
2948 2434 3075 2479 vera
3094 2421 3315 2488 caritas,
3328 2424 3556 2479 ostende
3580 2433 3764 2480 temet-

2195 2512 2367 2582 ipsam
2412 2512 2793 2582 quaerentibus
2841 2514 2894 2567 te
2942 2513 2998 2567 in
3047 2514 3318 2580 omnibus,
3349 2514 3408 2570 in
3448 2515 3650 2586 quibus
3673 2530 3752 2571 es.

2195 2602 2452 2670 Ostende,
2479 2603 2712 2659 creatrix
2743 2603 3175 2673 sapientissima,
3199 2606 3334 2659 nihil
3359 2621 3481 2661 esse
3504 2616 3662 2662 extra
3686 2616 3759 2672 te,

2195 2702 2248 2749 et
2270 2696 2476 2759 omnia,
2498 2706 2634 2761 quae
2661 2700 2787 2748 sunt
2806 2693 2947 2747 intra
2974 2702 3044 2758 te,
3073 2708 3136 2748 ea
3160 2694 3203 2724 “
3230 2703 3439 2750 tantum
3462 2711 3495 2750 a
3524 2707 3576 2750 te
3607 2710 3758 2766 prae-

2194 2783 2312 2839 visa
2340 2791 2395 2838 et
2424 2782 2820 2853 praedestinata
2840 2821 2854 2847 ,
2886 2783 3233 2853 praedetinita
3248 2793 3305 2840 et
3323 2786 3590 2854 praescita
3625 2800 3759 2848 esse,

2195 2872 2288 2928 illa
2316 2886 2463 2936 vero,
2477 2884 2617 2941 quae
2642 2870 2896 2926 dicuntur
2922 2885 3061 2937 esse,
3088 2888 3214 2927 cum
3244 2887 3349 2927 non
3372 2873 3503 2939 sint,
3533 2889 3631 2929 nec
3653 2891 3683 2928 a
3707 2886 3761 2930 te

2196 2974 2339 3027 esse,
2365 2975 2466 3016 nec
2489 2961 2544 3015 in
2575 2968 2626 3015 te
2662 2974 2805 3026 esse,
2828 2961 3056 3031 ideoque
3075 2978 3177 3018 nec
3199 2978 3228 3016 a
3259 2971 3311 3018 te
3328 2966 3720 3032 praedestinata
3737 3005 3755 3030 ,

528 3064 531 3071 '
589 3051 673 3109 ιιι.
702 3050 853 3118 Quae
868 3052 1011 3107 ratio
1038 3051 1105 3107 ab
1131 3051 1416 3123 Augustini
1436 3053 1762 3108 dictionibus
1787 3053 2096 3109 ﬁrmissime
2132 3106 2164 3123 ζ
2198 3066 2299 3108 nec
2312 3050 2674 3122 praedeliuita,
2693 3067 2791 3106 nec
2801 3054 3195 3122 praescita,nec
3205 3055 3470 3123 praevisa.
3487 3043 3762 3119 ODornipe

520 3145 921 3214 comprobatur.
974 3142 1109 3198 Cum
1153 3120 1299 3198 enim
1345 3143 1459 3214 ipse
1482 3145 1536 3198 in
1566 3144 1725 3210 libro,
1750 3144 1844 3214 qui
1868 3153 2090 3200 vocatur
2122 3120 2166 3182 (ἶ
2200 3120 2728 3198 misericordissimel
2760 3120 3038 3210 peccatum
3071 3158 3175 3197 non
3201 3120 3397 3208 fecisti,
3422 3159 3599 3214 neque
3622 3160 3763 3200 mor-

519 3233 868 3290 Enchiridion
924 3232 1400 3303 “,Psalmograpbi
1461 3245 1754 3303 exponeret
1809 3248 2027 3289 versum
2077 3252 2090 3288 :

521 3323 720 3394 Magna
761 3339 915 3393 opera
932 3322 1163 3389 Domini,
1210 3323 1466 3394 exquisita
1493 3316 1556 3379 in
1596 3341 1773 3379 omnes
1807 3324 2094 3379 voluntates

522 3414 634 3484 ejus
666 3453 683 3477 ,
723 3415 867 3468 inter
910 3422 1092 3468 cetera
1134 3412 1269 3466 dixit
1307 3429 1320 3466 :
1364 3430 1382 3462 ι
1426 3411 1573 3479 Quos
1610 3412 1754 3481 juste
1794 3412 2094 3482 praedesti-

522 3504 673 3560 navit
699 3505 764 3559 ad
778 3518 1006 3575 poenam
1032 3502 1084 3573 ἰ,
1102 3511 1157 3559 et
1180 3503 1454 3569 continuo,
1492 3522 1512 3555 ι
1532 3518 1666 3573 quos
1690 3504 1917 3574 benigne
1942 3518 2098 3575 prae-

522 3596 816 3649 destinavit
864 3593 932 3649 ad
980 3591 1259 3665 gratiamd
1297 3612 1344 3646 ι.
1391 3593 1634 3648 Eundem
1694 3607 1908 3647 versum
1943 3592 1998 3647 in
2043 3592 2096 3648 xi

524 3686 865 3742 Exemeron’
888 3685 1023 3741 libro
1038 3700 1311 3756 exponens
1338 3684 1528 3740 eodem
1547 3683 1707 3739 modo
1731 3700 1746 3738 :
1780 3701 1800 3734 ι
1828 3682 2024 3754 Magna
2046 3702 2092 3748 ι,

524 3776 736 3845 inquit,
767 3793 786 3828 ι
815 3791 971 3845 opera
994 3773 1230 3838 Domini,
1258 3772 1515 3844 exquisita
1541 3774 1596 3825 in
1617 3788 1790 3826 omnes
1812 3772 2097 3826 voluntates

524 3866 660 3936 ejus.
684 3852 1190 3919 {Praevidetbonos
1212 3861 1419 3918 futuros
1432 3872 1487 3917 et
1502 3869 1671 3928 creat,
1695 3862 1969 3932 praevidet
1988 3877 2097 3917 ma-

525 3955 608 4010 los
632 3953 844 4009 futuros
870 3961 925 4007 et
948 3961 1136 4008 creat:
1165 3966 1224 4007 se
1244 3952 1417 4023 ipsum
1443 3951 1511 4006 ad
1531 3951 1814 4006 fruendum
1835 3951 2098 4021 praebens

523 4043 700 4107 bouis,
751 4041 919 4096 multa
959 4054 1240 4096 munerum
1270 4054 1488 4096 suorum
1527 4039 1760 4111 largiens
1805 4048 1860 4094 et
1902 4039 2055 4095 malis
2079 4078 2096 4106 ,

525 4132 950 4189 misericorditer
972 4132 1272 4203 ignoscens,
1317 4129 1461 4199 juste
1490 4130 1756 4186 ulciscens
1784 4146 1803 4197 ;
1835 4130 1965 4185 item
1993 4129 2098 4184 mi-

525 4223 873 4279 sericorditer
900 4223 1200 4287 ulciscens,
1248 4221 1394 4291 juste
1441 4220 1757 4291 ignoscens,
1804 4220 1942 4275 nihil
1981 4233 2099 4274 me-

527 4322 686 4367 tuens
710 4313 776 4367 de
797 4310 1113 4381 cujusquam
1141 4308 1366 4373 malitia,
1396 4308 1530 4362 nihil
1554 4308 1800 4376 indigens
1825 4308 1891 4362 de
1919 4306 2099 4376 cujus-

527 4416 690 4469 quam
711 4401 920 4470 iustitia
939 4437 955 4465 ,
986 4397 1122 4453 nihil
1145 4396 1248 4452 sibi
1281 4397 1598 4463 consulens,
1629 4411 1730 4452 nec
1755 4397 1821 4452 de
1841 4397 2092 4466 operibus

2199 3238 2325 3292 tem,
2357 3243 2528 3298 neque
2555 3230 2851 3295 interitum,
2876 3245 3050 3301 neque
3072 3233 3415 3303 supplicium,
3442 3244 3497 3289 et
3516 3236 3640 3291 ideo
3658 3252 3762 3292 nou

2197 3327 2340 3385 sunt,
2368 3333 2469 3373 nec
2494 3333 2526 3372 a
2554 3328 2605 3374 te
2631 3329 2811 3390 potest
2836 3336 2980 3385 esse,
3002 3325 3145 3391 quod
3175 3332 3229 3376 tu
3256 3323 3376 3379 ﬁeri
3404 3325 3449 3356 "
3498 3326 3757 3383 noluisti:

2200 3409 2323 3476 Non
2350 3411 2421 3465 vis
2466 3419 2681 3464 mortem
2708 3412 2993 3481 peccatoris
3009 3451 3024 3475 ,
3052 3412 3144 3466 sed
3168 3413 3242 3467 vis
3267 3425 3322 3468 ut
3353 3427 3693 3471 convertatur
3711 3428 3760 3471 α

2196 3500 2329 3555 vivat
2354 3501 2408 3555 δ.
2443 3499 2487 3556 Ο
2523 3510 2740 3555 aeterna
2782 3501 3071 3571 sapientia!
3107 3504 3173 3556 da
3198 3542 3213 3567 ,
3251 3505 3341 3573 qui
3383 3504 3570 3560 videat
3602 3506 3759 3562 vitam

2195 3590 2512 3647 creatricem
2538 3590 2844 3647 uullomodo
2875 3590 3068 3648 fecisse
3094 3605 3323 3648 mortem
3353 3595 3499 3651 vitae
3516 3606 3758 3662 creatae,

2195 3681 2429 3751 quando,
2456 3680 2502 3735 si
2528 3689 2850 3746 moreretur,
2887 3694 3088 3750 poenas
3110 3697 3216 3736 non
3238 3690 3515 3752 pateretur
3541 3685 3587 3739 ί.
3616 3685 3764 3753 Quod

2195 3769 2241 3824 si
2282 3767 2459 3823 anima
2483 3767 2756 3838 peccatrix
2801 3782 3002 3837 poenas
3039 3770 3269 3839 patitur,
3316 3770 3498 3826 vivere
3544 3774 3761 3828 convin-

2197 3858 2357 3913 citur.

2272 3944 2333 3999 V.
2372 3945 2517 4001 Mors
2561 3946 2725 4015 igitur
2765 3947 2976 4001 animae
3017 3952 3295 4016 peccatum
3320 3956 3444 4002 est:
3476 3947 3621 4003 Deus
3666 3964 3762 4002 non

2198 4034 2322 4091 fecit
2345 4045 2623 4107 peccatum
2655 4037 2887 4103 animae,
2915 4037 3347 4108 quandoquidem
3374 4038 3445 4092 de
3475 4053 3542 4093 eo
3579 4038 3763 4093 liberat

2196 4141 2346 4183 eam:
2394 4143 2501 4182 non
2533 4129 2715 4196 itaque
2748 4136 2977 4182 mortem
3001 4126 3143 4181 vitae
3182 4125 3308 4182 fecit
3344 4127 3459 4182 vita
3496 4127 3561 4180 ιδ.
3591 4127 3761 4182 Poena

2196 4218 2402 4290 peccati
2453 4233 2599 4273 mors
2645 4227 2727 4273 est
2763 4233 2777 4271 :
2820 4217 2961 4273 Deus
3000 4226 3227 4272 mortem
3288 4231 3397 4271 non
3430 4213 3595 4272 feciti
3620 4233 3635 4271 :
3660 4231 3762 4272 non

2195 4309 2324 4365 fecit
2356 4309 2517 4379 igitur
2536 4323 2784 4379 poenam.
2801 4306 3131 4378 Supplicium
3148 4321 3321 4376 poena
3345 4314 3431 4362 est
3451 4323 3468 4360 :
3501 4308 3643 4363 Deus
3665 4323 3763 4362 non

2196 4397 2326 4454 fecit
2363 4412 2589 4468 poenam
2622 4414 2637 4451 :
2677 4413 2785 4453 non
2829 4398 2988 4467 igitur
3039 4394 3169 4452 fecit
3215 4395 3558 4466 supplicium.
3586 4396 3760 4452 Poena

1812 4524 1901 4580 VA
1909 4524 2068 4580 RIAE
2106 4523 2508 4581 LECTlONES.

603 4656 617 4671 ι
649 4638 781 4693 Cod.
815 4658 931 4712 ωρω
966 4655 1218 4710 «pompm,
1249 4634 1329 4688 sic
1352 4632 1567 4701 ubique.
1641 4633 1665 4663 ¹
1693 4631 1825 4687 Cod.
1852 4653 1945 4688 του
1975 4637 2253 4709 ορισθεντος
2273 4654 2388 4689 νιου
2415 4636 2468 4689 θε
2495 4633 2764 4704 “discum.
2837 4631 2858 4662 ³
2885 4632 3021 4688 Cod.
3047 4633 3252 4701 efesios.

603 4728 828 4756 οωοισαε
852 4727 1004 4756 παις.
1082 4705 1245 4756 l“God.
1272 4722 1678 4756 προωριστηντκ
1698 4723 1830 4756 κατα
1856 4710 2138 4756 «caedua-tv
2168 4712 2248 4756 Θῖ.
2323 4704 2365 4735 ⁸⁴
2392 4702 2579 4756 Couc..
2623 4704 2744 4756 cod.
2769 4702 2968 4756 ὅροσια.
3009 4702 3060 4756 Μ
3093 4704 3252 4756 debet:

529 4728 828 4782 προωρισας
852 4702 1019 4776 ἧμας(
1082 4702 1245 4759 “Cod.
1272 4722 1678 4782 προωριστηντις
1698 4723 1830 4757 κατα
1856 4702 2138 4776 «paeana-iv
2168 4712 2248 4759 Θῖ.
2323 4704 2365 4735 ⁸⁴
2392 4702 2579 4766 Couc.,
2623 4702 2744 4758 end.
2769 4702 2968 4779 ὃροσια,
3009 4702 3060 4756 Μ
3093 4704 3305 4776 ὡρόσια.
3392 4702 3413 4732 ⁸
3438 4702 3524 4757 Cal

529 4798 786 4851 πρᾳωσεᾳ,
819 4778 868 4829 Μ
893 4776 1242 4851 «paupriem...
1321 4774 1501 4851 lion}?
1526 4773 1978 4851 00d'.ﬂp0ﬂ900_m,
2085 4793 2403 4851 npmpoatc._
2465 4773 2635 4851 ’ςιοὼ
2665 4772 2978 4851 εζξειριᾷρηε.
3027 4770 3048 4801 ⁹
3072 4770 3524 4851 God.__rEn;up§v:

529 4728 836 4782 προωρισας
848 4727 1004 4782 nunc.

3577 4708 3761 4827 ’λῇ

530 4839 674 4911 cod.,
707 4839 779 4899 ll.
808 4839 1128 4966 gaeﬁms'se.
1205 4842 1245 4873 ¹¹
1278 4840 1369 4921 Sic
1391 4839 1535 4906 ced.,
1560 4839 1636 4894 vel
1654 4839 2545 4911 pfaed'estinavit-Jpraedestinavit
2566 4856 2675 4895 om.
2704 4839 2807 4895 M.‘
2852 4841 2896 4872 “
2924 4839 3016 4894 Sic
3042 4841 3185 4905 cod.,
3207 4839 3257 4893 bl
3286 4839 3356 4894 et.
3400 4839 3413 4846 “
3434 4841 3478 4873 ³³
3506 4840 3600 4896 Sic
3624 4845 3759 4907 cod.,

534 4916 647 4966 ﬁeri
671 4929 779 4966 om.
864 4951 878 4965 .
956 4911 1000 4943 ιδ
1029 4912 1121 4966 Sic
1145 4909 1290 4966 cod..
1315 4918 1420 4965 tnta
1448 4924 1558 4963 om.
1586 4908 1657 4962 Μ.

2037 4994 2287 5054 NOTAE.

533 5114 797 5171 tantillula
824 5130 1004 5168 earum
1048 5112 1318 5167 scientiola
1354 5112 1494 5165 ultra
1523 5112 1652 5166 vires
1673 5125 1797 5165 suas
1822 5109 2093 5175 tumuisse,
2120 5119 2174 5180 ι)
2196 5109 2778 5181 praedestinanturnec
2801 5109 3275 5181 praedeliuiuntur.

532 4908 779 4983 ﬁeri—om.
808 4908 878 4966 Μ.
933 4908 1000 4943 ⁷⁸
1029 4912 1121 4967 Sic
1145 4909 1290 4977 cod.,
1315 4910 1420 4965 vita
1448 4924 1558 4963 om.
1586 4908 1657 4962 Μ.

533 5198 712 5307 atqueB
712 5186 767 5237 in
791 5184 1130 5306 bltlzsi‘ihemias
1154 5182 1309 5249 impie
1338 5182 1645 5263 prorupisse.

602 5267 630 5293 ι
714 5268 819 5306 om.
874 5292 889 5307 .
942 5291 956 5304 .

602 5267 630 5293 ι
669 5267 819 5307 nom.
845 5267 889 5316 ι,
902 5267 956 5305 a.

602 5322 632 5360 ³³
658 5322 858 5400 £39999:
892 5323 931 5400 ιι
952 5320 1012 5400 ἔίο
1040 5320 1094 5373 5'

607 5402 627 5427 ε
655 5390 784 5443 Ibid.
816 5390 875 5444 ν.
912 5391 995 5443 ll.

604 5457 632 5495 ἀ
664 5458 940 5525 AuguStin.
973 5456 1246 5525 Enchirid.
1279 5468 1331 5525 c._
1364 5450 1488 5525 llo.

613 5537 635 5563 ο
660 5517 941 5594 Augustin.
967 5529 1030 5578 tle
1055 5524 1239 5578 Cenes.
1265 5521 1461 5594 a_d__litt_.
1495 5517 1587 5594 iii,
1618 5519 1704 5571 ll.

614 5594 631 5630 ί
666 5586 1210 5646 Ριέἶθιιθειίιιειιὶοιιειη
1234 5590 1366 5642 nihil
1388 5586 1528 5640 aliud
1551 5600 1671 5645 esse
1705 5599 1865 5640 quam
1897 5597 2074 5632 ιιι-τιον·

542 5661 741 5714 sionem
769 5660 960 5714 falsum
985 5670 1085 5712 est.
1105 5659 1261 5706 Mlllln
1280 5659 1420 5696 anivr
1446 5670 1527 5677 ην
1552 5668 1563 5672 ο

2270 5179 2299 5218 ⁸
2328 5179 2482 5234 Joan.
2510 5181 2550 5244 Ι,
2581 5181 2634 5233 5.

2264 5249 2295 5285 ιι
2329 5249 2527 5301 Ezech.
2570 5248 2809 5315 χχχιιι,
2832 5248 2919 5302 ιι.

2278 5316 2295 5355 ί
2328 5315 2679 5372 Prudentius:
2697 5312 2863 5371 Deum
2883 5327 2930 5371 et
2954 5312 3262 5387 praecidisse
3283 5325 3333 5368 et
3359 5318 3759 5386 praedestinam

2201 5396 2416 5456 mortem
2430 5395 2701 5453 etpoenas,
2719 5387 2807 5456 qui
2825 5384 3154 5455 peccaturum
3167 5384 3279 5434 [pm-
3296 5387 3308 5401 ’
3332 5402 3337 5403 γ
3358 5384 3424 5408 ἔμοι
3448 5403 3465 5410 ι
3530 5402 3537 5403 κ
3558 5402 3597 5407 νη
3624 5388 3654 5410 ,ο
3688 5398 3709 5403 μ
3724 5403 3741 5408 κ

2202 5454 2272 5513 ei,
2298 5468 2361 5505 ne
2393 5464 2664 5520 peccaret,
2706 5454 2779 5494 δέ’
2828 5454 2831 5455 ⁷
2864 5456 2895 5468 ”’
3000 5458 3023 5468 "

2207 5535 2319 5571 rum
2352 5521 2498 5564 illum
2532 5540 2536 5546 ·
