4028 6280
176 346 296 401 433

1293 341 1487 396 LIBER
1524 341 1608 396 DE
1646 339 2344 404 PBAEDESTINATIONE.

3337 350 3442 407 BI

180 458 403 529 peccati
432 471 578 512 mors
597 466 722 512 est:
755 470 901 512 mors
935 456 1077 510 vitae
1121 463 1403 524 peccatum
1437 464 1560 508 est:
1593 467 1766 521 poena
1799 455 1845 511 Α
1876 454 2112 522 nequitia
2147 456 2459 512 honestetur
2500 458 2762 515 laudanda
2802 463 3096 534 sapientiae
3132 467 3438 538 disciplina,

183 551 380 618 itaque
405 547 612 616 peccati
642 555 725 602 est
746 553 1049 616 peccatum.
1081 545 1258 600 Poena
1291 554 1373 599 est
1404 544 1724 614 supplicium
1753 560 1765 595 :

184 639 516 708 supplicium
542 637 708 708 igitur
727 636 931 705 peccati
970 645 1250 705 peccatum
1280 646 1382 690 est.
1405 633 1525 688 Vita
1550 643 1770 689 aeterna

183 727 354 782 Jesus
374 726 623 781 Christus
638 734 722 780 est
746 724 935 780 :Jesus
954 724 1204 780 Christus
1219 740 1368 780 mors
1389 723 1579 778 mortis
1602 732 1772 777 aeter-

187 831 298 870 nae
314 826 397 870 est
415 834 428 868 :
451 816 561 868 vita
581 816 761 884 itaque
775 825 994 870 aeterna
1014 830 1160 870 mors
1191 816 1381 869 mortis
1401 825 1654 870 aeternae
1666 823 1768 879 est,

187 911 342 963 sicut
381 909 492 978 ipse
528 906 700 960 dixit:
732 906 840 959 Ero
868 907 883 936 ⁸
911 922 1051 960 mors
1086 915 1200 969 tua,
1232 923 1262 960 ο
1289 922 1446 971 mors,
1477 916 1523 960 et
1565 921 1770 960 morsus

189 1011 342 1063 tuus,
372 1015 403 1051 ο
443 998 647 1066 inferne
679 1009 727 1050 α.
760 995 992 1051 Proinde
1036 997 1146 1050 vita
1181 1012 1285 1050 non
1318 1005 1401 1051 est
1432 1013 1576 1051 mors
1604 999 1769 1059 vitae,

189 1105 360 1158 quam
389 1088 538 1152 fecit,
582 1088 675 1142 sed
705 1099 790 1142 est
814 1103 962 1142 mors
986 1089 1198 1152 mortis,
1226 1103 1387 1157 quam
1421 1088 1687 1142 destruxit
1717 1090 1770 1142 in

191 1182 305 1245 his,
325 1195 460 1250 quos
481 1180 904 1250 praedestinavit
928 1180 994 1234 ad
1015 1195 1074 1234 se
1096 1181 1400 1234 fruendum.
1431 1180 1486 1234 In
1511 1181 1594 1234 his
1620 1195 1770 1246 vero,

191 1289 336 1342 quos
387 1272 810 1342 praedestinavit
863 1272 929 1324 ad
982 1270 1280 1334 interitum,
1318 1286 1422 1324 non
1471 1270 1770 1332 destruxit,

191 1364 324 1433 quia
352 1377 448 1418 eos
475 1363 527 1416 in
554 1376 733 1417 massa
785 1361 1066 1429 originalis
1101 1362 1310 1430 peccati
1353 1361 1716 1414 remotissima
1741 1375 1771 1414 a

193 1455 356 1509 nobis
375 1469 474 1508 suo
492 1451 698 1520 judicio
723 1451 958 1520 reliquit,
987 1451 1202 1504 relictos
1227 1450 1467 1504 deseruit
1491 1489 1506 1514 ,
1529 1450 1772 1506 desertos

193 1547 404 1600 lumine
432 1544 685 1599 tenebrae
702 1551 953 1612 torquent
971 1543 1270 1607 ',desertos
1297 1541 1403 1594 vita
1432 1557 1576 1594 mors
1606 1542 1773 1596 inter-

194 1638 336 1692 imit.
377 1635 492 1691 Non
532 1636 674 1704 quod
707 1635 758 1688 in
794 1635 872 1688 eis
898 1635 1012 1703 ipse
1055 1633 1182 1688 fecit
1207 1675 1220 1698 ,
1259 1632 1515 1702 relinquit
1554 1632 1636 1684 vel
1674 1632 1770 1686 de-

196 1730 342 1793 ferit,
372 1729 609 1796 alioquin
644 1741 828 1780 eorum
859 1736 1048 1780 natura
1093 1725 1158 1779 ad
1186 1725 1409 1778 nihilum
1451 1724 1680 1788 rediret,
1725 1724 1769 1778 si

196 1837 407 1876 summa
443 1819 674 1873 essentia
711 1817 762 1871 in
803 1818 882 1872 eis
919 1833 1026 1870 non
1065 1827 1209 1872 esset
1239 1832 1252 1879 ;
1290 1816 1384 1870 sed
1414 1816 1554 1886 quod
1599 1816 1650 1869 in
1691 1818 1771 1872 eis

197 1927 304 1964 non
329 1908 476 1968 fecit,
509 1909 559 1962 id
577 1917 659 1964 est
682 1907 1012 1977 superbiam,
1043 1907 1263 1976 Sprevit.
1287 1905 1430 1960 Deus
1451 1907 1594 1960 enim
1627 1907 1678 1960 in
1708 1922 1772 1961 ea

197 2009 393 2056 natura
420 2041 434 2064 ,
487 2014 646 2069 quam
688 1999 754 2051 ad
792 2013 852 2052 se
887 1997 1122 2060 creavit,
1172 2012 1387 2066 semper
1433 1995 1668 2059 habitat,
1710 2011 1774 2050 ac

196 2109 295 2162 per
324 2093 428 2146 hoc
456 2105 670 2160 semper
707 2107 771 2143 ea
811 2097 1011 2155 manet,
1044 2089 1097 2142 in
1131 2103 1258 2158 qua,
1298 2088 1387 2157 qui
1425 2101 1639 2156 semper
1666 2097 1770 2151 est,

201 2184 407 2238 residet
436 2183 478 2235 ³.
679 2181 691 2192 ⁸

265 2273 354 2326 Vl.
388 2272 541 2338 Quou
571 2285 701 2326 vero
729 2269 838 2325 dixi
882 2287 1011 2340 quos
1041 2271 1442 2340 praedestinavit
1471 2271 1542 2324 ad
1596 2271 1774 2325 interi-

195 2377 327 2428 tum,
350 2373 635 2434 propterea
664 2363 773 2417 dixi
800 2403 814 2427 ,
859 2363 1111 2432 quoniam
1149 2363 1367 2418 beatum
1413 2365 1772 2434 Augustinum

197 2455 325 2509 talia
351 2455 554 2508 dixisse
571 2468 730 2522 saepe
745 2454 975 2524 reperio,
995 2454 1462 2509 demonstraturus
1491 2456 1774 2524 adiuvante

193 2546 459 2610 Domino,
519 2545 656 2611 Quid
713 2544 803 2598 tali
859 2545 1184 2599 locutionum
1246 2561 1444 2617 genere
1500 2549 1773 2605 insinuare

188 2635 366 2688 voluit
427 2634 700 2704 piissimus
765 2635 1044 2690 doctrinae
1092 2644 1283 2704 pater,
1349 2637 1772 2706 pulcherrimum

190 2725 482 2791 exemplar
507 2723 868 2793 eloquentiae,
897 2725 1240 2779 acutissimus
1265 2727 1512 2781 veritatis
1542 2728 1773 2797 inquisi-

194 2831 301 2883 tor,
328 2818 763 2874 studiosissimus
787 2819 1088 2875 liberalium
1115 2821 1313 2874 artium
1345 2823 1621 2890 magister,
1649 2839 1774 2892 pro-

190 2910 599 2964 videntissimus
663 2909 965 2964 animorum
1028 2911 1388 2975 exercitator,
1443 2911 1772 2970 humillimus

190 3015 506 3071 persuasor,
530 3015 595 3054 ne
615 3001 669 3054 in
696 3000 809 3055 suis
835 3001 1160 3055 dictionibus
1199 3001 1321 3070 quis
1352 3002 1601 3056 aestimet
1647 3018 1770 3056 eum

191 3093 456 3156 voluisse,
489 3091 629 3160 quod
679 3091 927 3146 videatur
957 3092 1172 3146 veritati
1213 3093 1482 3148 resistere.
1518 3093 1632 3147 Non
1667 3095 1771 3146 ita-
1800 3125 1844 3184 C

191 3199 298 3250 quc
329 3183 522 3236 eodem
556 3181 712 3234 modo
727 3181 895 3244 voluit
920 3181 1164 3250 intelligi,
1196 3183 1337 3250 quod
1365 3183 1500 3237 dixit
1528 3200 1540 3236 :
1574 3201 1592 3234 ι
1627 3183 1773 3249 Quos

187 3273 333 3340 juste
365 3271 784 3340 praedestinavit
818 3272 884 3324 ad
912 3267 1138 3340 poenam
1165 3291 1182 3323 ι
1217 3311 1232 3336 ,
1273 3288 1380 3342 quo
1410 3272 1599 3338 voluit,
1628 3275 1772 3342 quod

193 3363 330 3415 dixit
360 3380 373 3414 :
407 3379 425 3412 ‹
466 3376 598 3431 quos
621 3360 853 3429 benigne
881 3361 1302 3428 praedestinavit
1334 3361 1399 3414 ad
1418 3363 1648 3431 gratiam
1673 3362 1700 3400 δ
1726 3381 1772 3415 ι.

192 3454 432 3507 Attende
485 3453 536 3505 in
583 3452 736 3515 haec,
773 3465 911 3520 quae
935 3459 1254 3520 sequuntur.
1287 3450 1475 3505 Omnis
1503 3461 1771 3516 creatura,

194 3546 516 3616 priusquam
553 3542 728 3606 ﬁeret,
769 3543 843 3596 ita
882 3550 965 3596 est
1000 3559 1028 3596 a
1061 3542 1321 3596 Creatore
1350 3542 1774 3611 praedestinata,

196 3639 250 3691 id
279 3647 385 3698 est,
414 3635 761 3705 praedelinita
795 3645 850 3690 et
879 3635 1140 3703 praevisa,
1168 3645 1225 3687 ut
1258 3635 1519 3689 terminos
1549 3644 1776 3691 naturae

197 3743 348 3786 suae,
392 3727 533 3779 intra
555 3740 689 3794 quos
714 3724 891 3778 fuerat
919 3724 1224 3788 condenda,
1251 3723 1472 3776 omnino
1500 3725 1774 3794 impleret,

197 3815 349 3871 nullo
379 3816 536 3870 modo
577 3815 882 3870 excederet.
924 3813 1161 3868 Termini
1193 3824 1374 3868 autem
1402 3814 1646 3868 omnium
1673 3831 1773 3868 na-

198 3918 445 3962 turarum
495 3907 772 3961 constituti
821 3907 872 3959 in
917 3915 1032 3958 arte
1085 3905 1470 3974 omnipotentis
1521 3905 1773 3971 artiﬁcis,

197 4020 340 4074 quae
365 4012 449 4058 est
477 4003 649 4057 Patris
670 4002 954 4072 sapientia,
979 4002 1028 4054 in
1059 4017 1162 4070 qua
1185 4010 1239 4054 et
1274 4015 1370 4071 per
1397 4015 1556 4069 quam
1581 4006 1775 4054 cuncta

199 4102 327 4148 sunt
353 4093 588 4146 condita.
616 4091 941 4145 Naturarum
967 4090 1158 4144 deinde
1179 4097 1482 4143 creatarum
1509 4089 1773 4156 quaedam

198 4192 349 4248 sunt,
399 4199 540 4253 quae
588 4184 833 4237 ordinem
891 4182 1022 4251 legis
1071 4181 1278 4235 aeterni
1331 4179 1635 4250 transgredi
1672 4192 1776 4232 nec

198 4273 408 4337 volunt,
439 4288 538 4328 nec
579 4281 823 4342 possunt,
869 4283 928 4325 ut
957 4273 978 4303 ⁸
999 4282 1126 4326 sunt
1158 4271 1336 4325 omnia
1371 4271 1580 4324 ratione
1609 4277 1664 4325 et
1694 4271 1775 4324 in-

201 4361 421 4414 tellectu
447 4362 686 4415 carentia
713 4377 728 4425 ;
760 4363 1024 4430 quaedam
1056 4377 1183 4414 vero
1229 4370 1378 4424 sunt,
1409 4360 1606 4429 quibus
1634 4361 1776 4416 ratio

1870 551 1924 595 et
1939 544 2094 598 unius
2108 547 2277 614 partis
2293 547 2595 604 inordinata
2609 553 2920 609 deformitas
2935 558 3096 612 totius
3119 561 3443 616 universita-

1871 633 1939 686 tis
1954 634 2408 690 ordinatissimam
2423 639 2875 707 pulchritudinem
2895 659 2998 698 non
3015 646 3240 702 minuat.

1943 722 2050 778 VII.
2081 723 2314 781 Proinde
2350 743 2560 782 summa
2610 739 2665 784 et
2700 731 2986 809 ineliabilis
3021 736 3199 790 divina
3229 739 3444 809 sapien-

1871 814 1942 868 tia
1969 816 2386 884 praedestinavit
2416 820 2468 874 in
2511 822 2622 876 suis
2663 822 2867 892 legibus
2900 807 3104 890 modos,
3137 827 3275 882 ultra
3293 807 3445 899 quos

1871 903 2158 971 impiorum
2189 906 2388 960 malitia
2416 910 2663 979 progredi
2689 926 2790 964 non
2823 920 3019 981 potest.
3050 913 3164 970 Non
3193 919 3336 971 enim
3368 920 3442 973 si-

1871 995 2018 1049 nitur
2060 996 2287 1067 alicujus
2315 999 2520 1054 malitia
2568 1002 2619 1055 in
2653 1001 2942 1068 infinitum,
2979 1015 3137 1075 prout
3166 995 3444 1071 velit,lex-

1874 1088 2264 1151 tendi,divinis
2310 1089 2517 1160 legibus
2563 1095 2940 1164 progrediendi
2994 1098 3208 1152 modum
3272 1099 3444 1169 impo-

1872 1179 2141 1233 nentibus.
2169 1179 2309 1246 Quid
2340 1181 2482 1235 enim
2532 1185 2735 1253 appetit
2777 1187 3062 1256 impiorum
3092 1189 3357 1255 omnium,
3388 1199 3444 1244 et

1872 1268 1957 1322 sui
1988 1271 2201 1338 capitis,
2227 1274 2367 1340 quod
2401 1281 2480 1328 est
2506 1275 2771 1340 diabolus,
2803 1279 3062 1345 nequitia,
3104 1280 3207 1334 nisi
3261 1280 3329 1334 ab
3355 1297 3443 1346 eo,

1874 1357 1963 1424 qui
1993 1367 2077 1411 est
2109 1375 2318 1414 summa
2348 1364 2601 1428 essentia,
2630 1367 2904 1431 recedere,
2927 1367 2978 1420 in
3006 1377 3233 1434 tantum,
3261 1379 3320 1423 ut
3351 1387 3444 1425 eo—

1873 1461 1994 1500 rum
2029 1457 2243 1512 natura,
2273 1450 2316 1504 si
2355 1451 2438 1505 lex
2467 1451 2645 1506 divina
2679 1454 2911 1520 sineret,
2946 1457 2998 1510 in
3032 1458 3260 1512 nihilum
3299 1461 3445 1514 redi-

1873 1543 1998 1596 ret?
2029 1542 2167 1598 Hinc
2191 1560 2423 1614 namque
2461 1549 2699 1617 nequitia
2742 1558 2824 1604 est
2859 1551 3024 1616 dicta,
3056 1553 3196 1621 quod
3221 1555 3446 1622 nequic-

1874 1633 2099 1700 quam',
2122 1633 2174 1687 id
2204 1643 2286 1688 est
2309 1635 2536 1690 nihilum
2567 1652 2686 1692 esse
2722 1642 3018 1694 contendit.
3050 1641 3155 1696 Sed
3185 1645 3444 1712 quoniam

1875 1723 1924 1776 ei
1962 1724 2244 1780 dillicultas
2269 1743 2335 1781 ex
2365 1731 2603 1784 aeternis
2626 1731 2834 1799 legibus
2859 1734 3096 1798 obsistit,
3141 1752 3208 1788 ne
3236 1736 3288 1789 in
3320 1745 3442 1791 tan-

1875 1824 1984 1870 tum
2016 1818 2194 1883 cadat,
2225 1829 2484 1888 quantum
2518 1823 2698 1888 vellet,
2736 1839 2802 1878 ex
2835 1839 2900 1879 ea
2944 1826 3252 1881 dillicultate
3297 1829 3446 1883 labo-

1874 1916 1979 1972 rat,
2004 1908 2298 1964 Iaborando
2321 1919 2619 1981 torquetur,
2638 1915 2876 1982 punitur,
2897 1916 3190 1970 cruciatur.
3216 1917 3282 1970 Et
3302 1918 3444 1971 unde

1875 1998 1929 2052 Iit
1961 2001 2199 2054 misera?
2221 2001 2461 2056 Iuanium
2494 2004 2824 2074 voluptatum
2848 2015 3106 2075 egestate.
3136 2007 3446 2062 Praedcsti-

1880 2088 2033 2141 navit
2058 2089 2240 2159 itaque
2263 2090 2402 2146 Deus
2428 2093 2620 2162 impios
2651 2095 2716 2148 ad
2747 2110 3000 2163 poenam,
3031 2096 3112 2149 vel
3142 2083 3442 2162 interitum,

1876 2179 1979 2231 hoc
2003 2187 2107 2243 est,
2138 2179 2562 2252 circumscripsit
2602 2197 2696 2237 eos
2751 2183 2960 2254 legibus
3005 2186 3118 2240 suis
3148 2185 3448 2240 incommu-

1877 2271 2148 2337 tabilibus,
2175 2286 2312 2340 quas
2340 2287 2526 2325 eorum
2555 2272 2803 2340 impietas
2832 2274 3060 2328 evadere
3089 2289 3194 2328 non
3224 2275 3447 2344 permit-

1876 2362 2054 2415 titur:
2111 2363 2177 2415 ad
2220 2376 2446 2431 poenam
2498 2361 2739 2431 profecto
2775 2378 2960 2427 suam;
3005 2379 3066 2416 ea
3095 2363 3288 2433 quippe
3312 2362 3448 2418 ditii—

1875 2451 2064 2513 cultas,
2097 2459 2152 2504 ut
2179 2459 2263 2506 est
2291 2453 2516 2516 dictum,
2545 2467 2648 2521 qua
2697 2453 3051 2521 prohibentur
3076 2455 3359 2524 pervenire
3380 2454 3448 2508 ad

1876 2555 1960 2603 ea,
1993 2556 2132 2609 quae
2185 2541 2471 2594 libidinose
2516 2551 2796 2610 appetunt,
2828 2541 3056 2597 ellicitur
3093 2543 3174 2597 eis
3207 2542 3450 2612 poenalis

1876 2631 2146 2694 interitus,
2178 2640 2233 2684 et
2260 2645 2390 2685 suae
2439 2632 2777 2686 miserrimae
2821 2634 3090 2703 cupidinis
3115 2632 3449 2702 justissimus

1874 2723 2168 2776 cruciatus.
2197 2721 2349 2776 Sicut
2374 2723 2516 2777 enim
2558 2723 2698 2777 Deus
2721 2723 3038 2784 electorum,
3064 2737 3200 2792 quos
3224 2722 3450 2792 praede-

1875 2810 2190 2865 stillavit-ad
2237 2810 2499 2880 gratiam,
2545 2811 2792 2865 liberavit
2835 2811 3184 2875 voluntatem,
3218 2827 3451 2880 eamque

1875 2901 2117 2956 caritatis
2168 2917 2299 2955 suae
2356 2900 2636 2954 affectibus
2689 2901 2967 2971 implevit,
3014 2911 3072 2956 ut
3120 2918 3225 2957 non
3274 2903 3446 2957 solum

1876 2990 2016 3044 intra
2059 2989 2192 3042 lines
2233 2995 2487 3044 aeternae
2527 2989 2660 3057 legis
2700 2990 2970 3058 gaudeant
3023 2990 3304 3055 contineri,
3355 2990 3450 3044 sed

1875 3081 2039 3134 etiam
2078 3080 2220 3149 ipsos
2248 3079 2478 3133 transire
2515 3095 2612 3133 nec
2645 3080 2797 3141 velle,
2829 3094 2927 3134 nec
2951 3095 3109 3149 posse
3151 3081 3448 3134 maximum

1878 3185 2009 3225 suae
2033 3171 2234 3241 gloriae
2269 3185 2462 3225 munus
2486 3185 2604 3224 esse
2634 3184 2740 3223 non
2763 3169 3007 3224 dubitent
3042 3184 3056 3222 :
3089 3169 3164 3224 ita
3194 3169 3451 3239 reprobo-

1879 3275 2021 3324 rum,
2059 3275 2196 3330 quos
2245 3259 2666 3328 praedestinavit
2695 3258 2760 3311 ad
2794 3273 3024 3327 poenam
3057 3259 3446 3328 turpissimam,

1877 3360 2094 3405 coercet
2115 3349 2469 3413 voluntatem,
2525 3355 2584 3401 ut
2634 3363 2666 3402 e
2710 3347 3008 3411 contrario,
3051 3347 3306 3416 quicquid
3347 3346 3452 3401 illis

1877 3441 2113 3510 pertinet
2162 3440 2228 3493 ad
2263 3439 2515 3509 gaudiqu
2543 3438 2734 3492 beatae
2763 3436 2930 3502 vitae,
2971 3435 3090 3490 istis
3119 3443 3364 3490 vertatur
3395 3435 3451 3490 in

1877 3532 2194 3602 supplicium
2222 3531 2491 3584 miseriae.

1949 3622 2086 3675 Vlll.
2134 3621 2319 3688 Itaque
2359 3619 2641 3688 utriusque
2680 3619 2853 3687 partis
2892 3617 3326 3687 praedestinatus
3370 3625 3456 3672 est

1879 3725 2136 3764 numerus
2160 3726 2174 3773 ;
2209 3710 2259 3761 in
2289 3718 2514 3777 utraque
2535 3707 2732 3776 quippe
2761 3705 2904 3760 Deus
2927 3705 3334 3761 substantialem
3357 3721 3452 3759 na-

1881 3811 2033 3855 turae
2073 3814 2356 3852 numerum
2399 3798 2697 3861 substituit,
2737 3797 3132 3878 substitutam,ll
3180 3797 3451 3866 praedeli-

1880 3890 2032 3942 nivit.
2068 3887 2182 3941 Una
2230 3889 2376 3940 enim
2403 3886 2701 3955 eademque
2733 3896 2926 3940 natura
2951 3902 3241 3941 numerose
3269 3887 3452 3941 multi-

1880 3981 2106 4050 plicatur
2129 3980 2181 4032 in
2213 3980 2484 4038 omnibus.
2519 3979 2590 4031 ita
2619 3987 2680 4032 ut
2723 3994 2828 4031 una
2872 3979 2924 4031 in
2981 3979 3226 4047 singulis,
3260 3986 3314 4032 et
3342 3979 3454 4032 sin-

1877 4070 1985 4140 guli
2016 4071 2067 4123 in
2099 4085 2202 4123 una
2229 4069 2356 4132 sint,
2387 4081 2558 4135 neque
2593 4075 2679 4122 est
2709 4067 2851 4120 aliud
2884 4067 2998 4134 ipsa
3025 4067 3130 4121 nisi
3158 4067 3450 4136 unusquis-

1877 4177 2002 4231 que,
2042 4174 2217 4228 neque
2254 4155 2398 4211 aliud
2443 4156 2813 4224 unusquisque
2853 4156 2955 4220 nisi
3016 4156 3150 4225 ipsa.
3195 4154 3448 4211 Omnium

1879 4255 2062 4323 igitur,
2094 4267 2230 4321 quos
2263 4251 2405 4305 Deus
2442 4248 2666 4312 creavit,
2694 4247 3124 4316 praedestinatus
3146 4255 3228 4300 est
3255 4261 3448 4300 nume-

1819 4349 1836 4374 ’
1879 4363 2002 4411 rus;
2033 4347 2128 4400 sed
2151 4344 2406 4414 quoniam
2447 4339 2694 4394 conditor
2721 4337 3021 4408 praevidit,
3056 4336 3229 4406 ipsum
3262 4351 3453 4389 nume-

199 4461 255 4505 et
277 4451 584 4506 intellectus
609 4427 1034 4505 substantialiter
1062 4451 1272 4504 insitus.
1291 4427 1531 4516 Quarum
1559 4451 1774 4519 quidem

1884 4453 2001 4492 rum
2034 4436 2086 4490 in
2135 4436 2309 4501 primo
2360 4432 2580 4488 homine
2619 4428 2944 4500 generaliter
2997 4427 3320 4497 periturum,
3354 4441 3450 4479 ex-

200 4562 327 4618 pars
365 4559 470 4597 una
499 4542 798 4597 conditoris
827 4541 906 4594 sui
939 4541 1108 4611 gratia
1139 4541 1362 4594 liberata
1385 4541 1618 4594 aeternis
1642 4540 1774 4610 legi-

200 4639 303 4691 bus
337 4634 567 4690 volendo
607 4633 789 4694 servit,
834 4631 1175 4685 adhaerendo
1206 4631 1363 4684 beata
1413 4630 1508 4693 Iit;
1565 4631 1778 4684 altera“

197 4740 352 4788 vero,
391 4723 586 4777 merito
614 4721 800 4776 relicta
839 4721 1121 4789 superbiae
1158 4732 1320 4789 atque
1359 4721 1775 4787 inobedientiae,

200 4817 344 4869 intra
373 4811 619 4868 ordinem
643 4809 948 4880 praedictae
968 4809 1122 4878 legis,
1140 4809 1386 4863 videlicet
1400 4819 1671 4872 aeternae,
1689 4826 1780 4864 co-

197 4902 368 4957 artari
405 4901 595 4964 noluit,
615 4901 707 4954 sed
727 4914 846 4953 eam
893 4897 1274 4951 transcendere
1299 4913 1401 4950 non
1424 4898 1612 4965 potuit.
1637 4897 1781 4964 Quo-

197 5008 306 5063 quo
343 4993 507 5046 modo
535 4991 679 5046 enim
709 5005 766 5045 se
792 4997 1003 5042 titoveat
1031 4988 1256 5056 turpiter
1278 4987 1558 5041 rationalis
1590 4988 1778 5042 volun-

199 5095 298 5146 tas,
317 5084 370 5136 in
389 5092 606 5136 aeterna
622 5078 887 5150 inveniet,“
909 5088 1022 5131 arte
1041 5078 1348 5140 terminum,
1369 5077 1420 5130 in
1433 5092 1541 5146 quo
1555 5079 1780 5147 turpitu-

199 5177 268 5228 do
281 5189 382 5229 sua
405 5172 744 5228 ordinabitur
766 5171 1005 5232 honeste,
1033 5169 1104 5222 ita
1125 5177 1180 5222 ut
1201 5168 1265 5222 dc
1290 5168 1457 5236 ipsius
1480 5167 1780 5222 detestabili

1880 4539 2037 4596 cepto
2082 4525 2321 4579 vulneris
2372 4522 2788 4582 medicamento,
2853 4519 2996 4586 quod
3040 4527 3124 4572 est
3177 4515 3451 4580 Christus,

1879 4615 2322 4688 praedestinavit,
2355 4613 2458 4666 hoc
2484 4619 2587 4674 est,
2634 4617 2924 4676 antequam
2957 4608 3168 4668 tierent,
3209 4603 3455 4658 deﬁnivit

1881 4715 2142 4760 eteorum
2171 4717 2474 4764 numerum,
2519 4714 2658 4770 quos
2690 4712 2784 4752 sua
2813 4696 2986 4766 gratia
3030 4696 3376 4757 liberaturus,
3401 4701 3453 4746 et

1881 4811 2090 4858 eorum,
2123 4808 2259 4863 quos
2305 4808 2399 4847 sua
2441 4790 2649 4860 iustitia
2700 4788 3003 4848 relicturus,
3039 4786 3094 4840 in
3135 4783 3294 4838 istis'
3346 4783 3452 4837 cle-

1882 4885 2118 4941 mentiae
2148 4897 2278 4938 suae
2321 4881 2462 4934 dona
2493 4879 2741 4943 daturus,
2783 4877 2836 4929 in
2883 4875 2988 4929 illis
3013 4875 3055 4906 ‘°
3100 4882 3324 4928 naturae
3351 4889 3454 4926 nu-

1887 4994 2120 5041 merum,
2151 4989 2259 5045 quo
2311 4971 2635 5027 universitas
2693 4967 3077 5038 perﬁceretur,
3117 4965 3452 5031 impleturus,

1886 5071 1940 5126 in
1970 5069 2215 5136 utrisque
2254 5063 2472 5119 divitias
2509 5060 2768 5115 bonitatis
2807 5072 2938 5112 suae
2968 5057 3452 5117 demonstraturus,

1887 5161 2136 5217 omnibus
2167 5156 2413 5211 tribuens
2437 5151 2582 5222 leges
2607 5164 2733 5205 suas
2757 5146 3004 5204 servandi
3035 5150 3377 5215 potestatem,
3407 5137 3451 5193 si

1475 5279 1729 5336 VARIAE
1767 5274 2169 5339 LECTIONES.

274 5380 290 5409 ¹
321 5377 415 5431 Sic
443 5375 564 5432 cod.
597 5375 666 5441 Μ,
703 5390 844 5428 caro.
922 5376 942 5406 ’
967 5372 1145 5437 Corn,
1174 5373 1292 5427 cod.
1329 5380 1384 5425 et
1439 5369 1487 5424 Μ
1543 5380 1802 5441 torquent.

199 5447 268 5507 bl,
311 5447 435 5511 cod.
488 5439 662 5498 alter.‘
717 5445 736 5476 ⁸
769 5445 858 5498 Sic
895 5444 964 5506 Μ,
1009 5445 1129 5498 cod.
1181 5443 1425 5498 inveniat.
1498 5441 1520 5474 ⁷
1565 5439 1695 5498 Cod.
1755 5443 2086 5512 nequiquam.

197 5517 396 5570 missis.
475 5515 518 5547 ¹⁰
549 5515 642 5569 Sic
666 5514 810 5578 cod.,
847 5513 896 5568 M
924 5512 1050 5567 illis.

2682 5357 2705 5389 ’⁵
2729 5357 2818 5412 Sic
2843 5354 2990 5411 cod..
3040 5350 3089 5406 Μ
3145 5348 3244 5402 uti.
3319 5347 3339 5377 '
3366 5343 3459 5399 Sic

1879 5373 1900 5404 ³
1929 5371 2022 5426 Sic
2065 5369 2136 5436 M,
2193 5364 2314 5421 cod.
2359 5361 2604 5434 possidet.
2682 5361 2818 5412 ‘Sie
2843 5361 2990 5436 θος..
3040 5361 3089 5406 nl
3145 5361 3244 5428 uti.
3319 5361 3455 5399 ’διε

1879 5443 2062 5477 n'mmm
2177 5435 2320 5477 .Sin
2369 5432 2490 5477 cmi-
2519 5469 2534 5477 -
2583 5427 2634 5477 Μ
2688 5427 3050 5477 substantiam.
3124 5416 3258 5471 ’SIC
3311 5416 3455 5477 ωδ..

2177 5437 2202 5470 ⁸
2228 5435 2320 5490 Sic
2359 5425 2490 5489 'cod.
2518 5469 2534 5497 ,
2583 5427 2634 5482 Μ
2688 5425 3050 5484 substantiam.

1721 5598 1968 5656 NOTAE.

273 5712 298 5739 ι
333 5700 456 5754 Ose.
489 5695 628 5760 XIII,
666 5694 752 5747 Η.

1973 5689 1997 5728 b
2026 5687 2249 5756 August.
2279 5683 2332 5737 in
2364 5677 2635 5734 Enchirid.
2665 5693 2710 5731 c.
2747 5675 2864 5730 I00.
