4028 6280
604 309 710 367 455

2012 324 2130 381 sos
2140 325 2294 382 NNIS
2335 325 2532 396 3130'"

3746 329 3852 384 456

599 437 824 499 vellent,
856 442 1142 502 antequam
1169 447 1357 488 omnes
1385 434 1435 487 in
1462 449 1569 488 uno
1598 443 1909 504 peccarent,
1936 436 2030 490 sed
2060 452 2166 490 non
2196 444 2242 500 Α
2271 453 2404 505 quae
2444 437 2602 491 voluit
2656 438 2797 506 fecit,
2857 439 3037 495 omnia
3088 440 3172 493 sul
3193 440 3517 494 stantialiter
3543 442 3846 508 constituis.

598 525 848 582 omnibus
875 524 1136 588 tribuens,
1173 532 1232 576 ut
1270 523 1465 588 velint,
1488 533 1607 594 post
1638 533 1918 594 peccatum
1948 539 2168 594 praepa-

599 631 728 672 rans
750 616 952 671 electos
970 613 1036 668 ad
1059 613 1468 677 beatitudinem,
1491 613 1782 682 disponens
1814 613 2093 681 reprobos,
2112 621 2169 666 ut

597 705 732 766 suis,
761 704 1010 775 quamvis
1038 702 1213 767 inviti,
1263 702 1471 772 legibus
1500 703 1758 767 serviant,
1791 717 1912 756 cum
1942 717 2075 766 non,
2104 711 2163 754 ut

597 797 676 851 sic
700 795 801 850 sibi
828 795 1116 859 servirent,
1163 793 1587 864 praedestinavit
1631 809 1726 848 eos
1749 793 2045 857 faciendos,
2075 793 2166 848 sed

596 893 657 940 ut
679 886 730 939 ei
757 883 1033 938 voluntate
1072 883 1308 953 perlecta
1353 884 1740 949 adhaererent;
1781 883 1933 936 inviti
1985 892 2167 938 autem

599 977 649 1031 el
680 976 946 1039 serviunt,
973 990 1077 1029 non
1117 973 1326 1028 illorum
1359 983 1572 1040 natura,
1611 989 1773 1044 quam
1818 974 1871 1028 in
1895 974 1976 1029 eis
2016 974 2164 1038 l'ecit,

597 1077 653 1121 et
690 1067 743 1120 in
774 1067 855 1120 eis
906 1081 1012 1120 non
1057 1066 1232 1136 punit,
1283 1065 1375 1120 sed
1426 1065 1565 1118 mala
1615 1063 1893 1118 voluntate
1937 1065 1974 1128 ³,
2009 1079 2169 1134 quam

598 1159 654 1212 in
687 1159 766 1213 eis
796 1174 900 1213 non
943 1157 1090 1223 fecit,
1123 1166 1178 1211 et
1208 1158 1260 1211 in
1284 1157 1363 1210 eis
1387 1157 1561 1225 punit.
1585 1169 1612 1196 ι
1645 1155 1700 1210 lu
1729 1173 1795 1211 eo
1827 1157 1992 1218 enim,
2027 1157 2170 1225 quod

597 1251 647 1304 ei
675 1249 829 1303 inviti
883 1249 1144 1311 serviunt,
1189 1245 1482 1315 puniuntur
1512 1246 1565 1299 in
1597 1246 1792 1315 seipsis
1826 1261 1920 1300 sna
1949 1261 2121 1314 poena
2151 1285 2168 1310 ,

596 1342 663 1395 de
691 1357 794 1408 qua
841 1355 971 1409 quos
998 1337 1142 1406 juste
1193 1339 1329 1392 Deus
1376 1353 1480 1391 non
1527 1338 1742 1402 liberat,
1789 1339 2006 1392 adeam
2055 1337 2174 1392 illos

596 1430 989 1501 quodammodo
1019 1438 1322 1498 praeparat,
1356 1429 1483 1481 dum
1532 1443 1626 1482 eos
1671 1429 1739 1482 ad
1781 1443 1900 1482 eam
1944 1444 2003 1483 se
2030 1429 2173 1496 ipsos

595 1534 916 1588 praeparare
937 1517 1214 1587 permittat
1229 1516 1278 1580 δ,
1293 1533 1414 1570 cum
1439 1518 1644 1570 \eritas
1667 1518 1877 1580 doceat,
1895 1527 1945 1571 et
1970 1518 2170 1572 nullum

595 1606 1028 1679 praedestinasse
1089 1607 1156 1660 ad
1207 1607 1523 1671 interitum,
1583 1615 1638 1660 et
1698 1607 1828 1661 nulli
1893 1608 2170 1661 interitum

595 1710 970 1765 praeparasse.

2269 526 2449 579 omnia
2491 525 2697 597 legibus
2725 527 2840 583 suis
2884 529 3286 597 pulcherrimis,
3311 529 3654 596 justissimis,
3684 534 3848 588 mise-

2271 618 2765 688 ricordissimisque
2799 621 3093 684 ordinavit,
3148 630 3205 674 ut
3240 621 3448 674 liberati
3478 637 3579 690 per
3610 622 3851 692 unigeni-

2272 714 2384 760 tum
2409 707 2504 761 Dei
2550 704 2718 762 lilium
2751 710 3038 764 Dominum
3082 718 3326 764 nostrum
3360 710 3544 765 Jesum
3571 711 3848 766 Christum

2269 795 2436 850 libere
2466 797 2728 866 beateque
2758 799 2810 852 in
2837 798 2916 852 eis
2939 807 3242 867 regnarent.
3272 798 3341 852 ab
3388 813 3456 854 eo
3497 808 3684 853 autem
3708 799 3728 830 ⁸
3763 815 3849 853 re-

2269 885 2380 940 licti
2416 887 2569 942 inviti
2599 888 2678 942 eis
2705 889 2989 952 servirent,
3014 905 3077 944 ac
3097 905 3194 960 per
3215 890 3317 944 hoc
3341 892 3442 944 sub
3472 891 3558 944 eis
3584 891 3848 959 perirem,

2271 992 2375 1030 non
2407 985 2465 1030 ut
2493 978 2559 1032 de
2585 993 2771 1032 eorum
2811 989 3028 1044 natura,
3069 996 3231 1049 quam
3286 981 3400 1049 ipse
3449 980 3604 1044 fecit,
3639 981 3844 1048 aliquid

2271 1077 2480 1138 pereat,
2509 1073 2601 1124 sed
2629 1079 2688 1124 ut
2715 1071 2768 1124 in
2799 1071 2899 1134 eis,
2931 1073 3074 1140 quod
3096 1073 3210 1140 ipse
3235 1089 3342 1126 non
3371 1071 3518 1136 fecit,
3548 1072 3732 1141 puniri
3763 1086 3849 1125 co-

2271 1169 2381 1230 gat.
2409 1160 2541 1215 Cum
2563 1161 2744 1230 itaque
2769 1163 2930 1216 audio
2962 1180 2979 1213 ι
3010 1178 3148 1232 quos
3162 1165 3308 1233 juste
3331 1165 3766 1234 praedestinavit
3786 1165 3848 1217 ad

2271 1266 2498 1320 poenam
2524 1270 2572 1313 ι,
2606 1251 2862 1322 intelligo,
2907 1268 3134 1320 quorum
3171 1254 3454 1316 malitiam,
3485 1269 3592 1322 qua
3625 1253 3852 1323 puniun-

2275 1343 2586 1411 turlegibus
2628 1345 2759 1408 suis,
2789 1345 3166 1399 refrenandam
3212 1345 3662 1414 praedestinavit.
3703 1345 3850 1400 Sicut

2271 1437 2412 1490 enim
2439 1438 2582 1490 nullo
2613 1438 2770 1493 modo
2799 1439 2968 1493 malos
3007 1439 3432 1508 praedestinavit
3462 1440 3532 1493 ad
3559 1440 3844 1504 malitiam,

2272 1527 2344 1582 ita
2377 1528 2522 1581 nullo
2551 1529 2710 1580 modo
2758 1529 3181 1596 praedestinavit
3225 1529 3486 1584 malitiam
3517 1531 3589 1583 ad
3616 1532 3846 1598 punien-

2273 1617 2369 1672 dos
2399 1618 2588 1672 malos.
2617 1618 2681 1671 Et
2707 1619 2848 1672 sicut
2879 1620 3302 1686 praedestinavit
3335 1620 3508 1675 malos
3541 1621 3745 1674 invitos
3774 1621 3845 1676 le-

2273 1709 2429 1778 gibus
2475 1709 2586 1763 suis
2611 1709 2927 1773 servituros,
2964 1710 3033 1764 ita
3077 1709 3224 1781 leges
3253 1726 3380 1766 suas
3419 1711 3847 1780 praedestinavit

661 1807 752 1862 lx.
795 1807 1222 1862 Praedestinavit
1275 1809 1478 1878 itaque,
1524 1811 1716 1880 impios
1773 1812 2013 1866 aeternis
2058 1811 2170 1866 suis
2199 1782 2246 1841 Β
2276 1799 2448 1852 malos
2487 1799 2688 1852 malitia
2719 1815 2814 1852 sua
2841 1800 3056 1868 punitos
3090 1817 3194 1853 non
3225 1817 3506 1856 evasuros.
3537 1801 3637 1856 Ubi
3673 1803 3844 1855 subti-

585 1895 1010 1965 justissimisque
1062 1896 1266 1966 legibus
1321 1899 1473 1953 inviti
1514 1901 1535 1931 ³
1581 1900 1916 1967 servituros,
1968 1915 2171 1969 easque

591 1987 739 2042 nullo
767 1988 969 2056 impetu
1002 1987 1292 2056 impietatis
1320 2004 1450 2043 suae
1495 1989 1549 2043 in
1582 1989 1908 2059 profundum
1934 1990 2170 2045 malitiae

595 2078 866 2133 tendentis
913 2079 1257 2144 transituros,
1287 2094 1459 2148 eoque
1501 2081 1660 2133 modo
1689 2080 1944 2148 puniendi
1985 2078 2170 2134 interi-

593 2178 764 2224 turos.
791 2167 947 2223 Nulla
993 2169 1192 2238 quippe
1232 2170 1448 2238 gravior
1503 2184 1672 2238 poena
1709 2169 1967 2239 inﬂigitur
2013 2181 2170 2222 servo

593 2257 798 2327 iniquo,
821 2271 983 2326 quam
1016 2268 1074 2312 ut
1099 2267 1321 2328 cogatur
1343 2258 1548 2312 servire
1592 2258 1795 2312 invitus
1814 2258 1962 2326 justo
1987 2256 2169 2311 Domi-

592 2361 683 2401 no.
712 2344 836 2400 Plus
865 2345 1064 2400 etenim
1093 2346 1149 2400 in
1174 2361 1232 2401 se
1259 2346 1374 2416 ipso
1419 2346 1644 2401 interius
1673 2347 1938 2417 superbae
1971 2346 2164 2401 volun-

592 2437 726 2492 tatis
749 2437 953 2505 patitur
978 2436 1349 2502 incitamenta,
1379 2452 1538 2504 quam
1577 2438 1817 2492 exterius
1863 2437 1916 2490 in
1943 2451 2170 2505 corpore

591 2527 881 2583 durissima
911 2527 1144 2599 ﬂagella,
1169 2529 1316 2598 quia,
1345 2544 1466 2582 eum
1491 2529 1698 2582 Domini
1725 2529 1806 2582 sui
1836 2528 2168 2584 voluntatem

591 2631 848 2686 spernere
877 2632 984 2672 non
1031 2617 1226 2673 sinitur
1269 2616 1312 2682 ³,
1346 2617 1489 2670 intra
1523 2619 1872 2687 semetipsum
1909 2633 1941 2670 a
1973 2632 2029 2672 se
2053 2619 2168 2687 ipso

591 2707 888 2761 cruciatur.
912 2706 1042 2772 Quis
1059 2716 1238 2762 autem
1271 2715 1417 2762 recte
1441 2705 1802 2774 iudicantium
1822 2707 1943 2762 talis
1964 2722 2168 2775 poenae

590 2801 966 2854 auctoritatem
998 2799 1145 2870 justo
1189 2799 1448 2864 Domino,
1495 2807 1551 2853 et
1598 2813 1705 2853 non
1745 2800 1926 2868 potius
1971 2799 2170 2856 referat

591 2890 792 2960 injuste
834 2905 1016 2956 servo,
1060 2892 1496 2960 quandoquidem
1549 2891 1690 2945 intra
1721 2893 1956 2960 seipsum
1984 2892 2170 2947 inobe-

591 2980 829 3036 dientiae
859 2995 987 3036 suae
1019 2980 1227 3036 lacibus
1275 2981 1580 3036 incenditur
1602 3021 1617 3045 ,
1653 2982 1968 3051 priusquam
2000 2997 2030 3034 a
2061 2981 2168 3036 Do-

593 3069 741 3124 mino
777 3071 1117 3125 extrinsecus
1156 3071 1224 3125 ad
1277 3062 1551 3128 cumulum
1594 3085 1800 3139 poenae
1843 3080 2165 3125 tormentum

588 3161 807 3232 aliquod
855 3162 1100 3218 addatur.
1139 3162 1215 3216 Eo
1246 3162 1407 3232 igitur
1441 3162 1691 3231 loquendi
1724 3163 1882 3217 modo
1924 3161 2065 3217 Deus
2085 3163 2165 3215 di-

591 3254 733 3310 citur
768 3255 965 3324 impios
987 3254 1053 3307 ad
1080 3254 1356 3307 interitum
1387 3255 1840 3322 praedestinassc,
1866 3269 1976 3322 quo
2011 3255 2165 3308 dice-

590 3354 744 3400 retur
765 3359 953 3399 eorum
983 3345 1338 3414 impietatem,
1364 3359 1469 3413 qua
1496 3345 1785 3407 intereunt,
1816 3343 2026 3414 legibus
2055 3345 2168 3399 suis

591 3436 1108 3505 circumscripsisse,
1136 3436 1503 3506 impetumque
1525 3435 1840 3488 libidinosae
1865 3451 2051 3488 eorum
2079 3452 2168 3490 su-

591 3523 812 3590 perbiae
847 3521 1149 3589 iustissimo
1184 3523 1266 3577 sui
1326 3523 1710 3577 moderaminis
1745 3532 2168 3592 temperamento

596 3615 917 3675 rel‘renasse,
952 3623 1009 3668 ut
1034 3630 1172 3669 miro
1201 3621 1362 3684 atque
1389 3612 1642 3667 ineﬁ‘abili
1669 3614 1825 3668 modo
1861 3615 2165 3670 divinarum

597 3706 772 3776 legum
820 3705 1179 3776 pulcherrima
1230 3703 1525 3758 moderatio
1561 3718 1747 3757 eorum
1787 3704 2057 3772 nequitiae
2085 3721 2168 3760 es-

597 3808 680 3852 set
708 3797 999 3852 deterrima
1041 3797 1336 3850 damnatio.
1374 3795 1485 3850 Una
1515 3795 1814 3863 eademque
1845 3795 1930 3848 lex
1954 3797 2168 3864 aequis-

595 3887 734 3940 simo
762 3885 1145 3955 rempublicam
1191 3885 1381 3939 ordine
1419 3882 1732 3952 disponens,
1761 3884 1902 3938 sicut
1921 3884 2056 3938 bene
2085 3884 2166 3938 vi-

591 3991 720 4031 vere
763 3975 1062 4030 voleutibus
1091 3975 1311 4029 adhibet
1340 3973 1526 4038 vitam,
1564 3974 1634 4027 ita
1681 3974 1821 4027 male
1863 3975 2044 4028 vivere
2071 3988 2166 4027 cu-

595 4067 867 4137 pientibus
895 4067 1192 4122 interitum.
1215 4065 1358 4120 lntra
1391 4064 1579 4119 eadem
1608 4075 1760 4134 septa
1790 4063 1984 4133 regalis
2011 4063 2167 4119 aulae

596 4161 912 4214 febricitans
944 4175 1040 4214 sua
1093 4157 1311 4211 miseria
1353 4165 1653 4225 torquetur,
1685 4155 1916 4208 sanitate
1959 4153 2166 4222 pollens

591 4249 846 4303 laetatur.
881 4250 1118 4302 Duorum
1159 4248 1326 4300 solem
1375 4244 1534 4300 simul
1567 4243 1978 4312 adspicientium
2027 4259 2165 4298 unus

593 4339 844 4393 ordinato
875 4338 989 4392 visu
1020 4337 1372 4401 illuminatur,
1400 4335 1538 4388 alter
1585 4335 1887 4389 inordinate
1923 4336 2160 4389 tenebris

2275 1890 2399 1944 liter
2427 1891 2856 1960 intelligendum,
2880 1893 3022 1960 quod
3045 1893 3469 1961 praedestinatio
3501 1894 3616 1962 ipsa
3645 1894 3719 1947 sit
3744 1894 3844 1958 lex,

2272 1991 2326 2036 et
2356 1983 2438 2036 lex
2465 1983 2576 2051 ipsa
2609 1984 2682 2036 sit
2709 1983 3147 2049 praedestinatio.
3193 1982 3248 2036 Si
3277 1983 3418 2036 enim
3466 1983 3649 2036 omnis
3691 1998 3847 2051 prae-

2271 2073 2562 2128 destinatio
2589 2073 2832 2127 deﬁnitio
2859 2083 2964 2136 cst,
2991 2071 3045 2126 et
3073 2073 3249 2126 omnis
3272 2071 3354 2126 lex
3386 2071 3653 2134 deﬁnitio,
3679 2072 3849 2124 omnis

2274 2165 2438 2234 igitur
2467 2163 2889 2232 praedestinatio
2914 2162 2994 2216 lex
3025 2170 3125 2222 est,
3160 2170 3216 2215 et
3241 2161 3417 2214 omnis
3442 2161 3524 2212 los
3555 2161 3851 2229 praedesti-

2271 2257 2437 2311 natio.
2458 2255 2645 2309 Divina
2665 2255 2842 2323 itaque
2857 2254 3273 2322 praedestinatio
3287 2262 3370 2306 est
3387 2253 3472 2306 lex
3493 2253 3740 2305 omnium
3763 2269 3852 2304 na-

2272 2358 2519 2404 turarum
2541 2359 2782 2411 acterna,
2800 2356 2855 2400 et
2875 2345 3323 2400 incommutabilis
3343 2345 3653 2414 disciplina,
3672 2345 3851 2398 ruinas

2271 2440 2545 2494 mutabilis
2584 2448 2864 2492 creaturae
2901 2437 2953 2490 in
2998 2437 3104 2501 his,
3134 2451 3268 2505 quos
3309 2436 3482 2506 gratia
3529 2452 3626 2490 sua
3671 2436 3847 2505 elegit,

2273 2531 2694 2586 misericorditer
2729 2546 3018 2596 renovans,
3051 2531 3103 2584 in
3133 2531 3217 2585 bis
3251 2546 3400 2594 vero,
3433 2545 3571 2599 quos
3595 2529 3747 2597 juste
3773 2545 3850 2583 re-

2271 2622 2422 2692 pulit,
2442 2629 2686 2690 potenter
2706 2621 2982 2684 ordinans,
3001 2622 3074 2674 ita
3097 2629 3153 2674 ut
3171 2621 3284 2690 ipsa
3305 2619 3613 2690 disciplina,
3633 2621 3763 2672 dum
3784 2619 3848 2671 sit

2271 2715 2458 2768 eadem
2493 2714 2544 2767 in
2573 2728 2634 2768 se
2657 2729 2870 2783 semper
2909 2714 3470 2784 aequalitermanens,
3504 2713 3852 2784 diligentibus

2270 2820 2388 2858 eam
2421 2805 2490 2858 sit
2517 2799 3095 2874 beatitudinis‘gloria,
3135 2803 3442 2858 odientibus
3467 2816 3590 2857 eam
3618 2803 3693 2856 sit
3723 2818 3846 2871 sup-

2267 2897 2545 2967 pliciorum
2592 2897 2934 2953 contumelia.
2967 2896 3095 2950 dum
3133 2895 3470 2967 diligentium
3519 2894 3658 2948 nihil
3709 2893 3847 2947 aliud

2268 2990 2338 3044 sit
2383 2987 2688 3051 beatitudo,
2737 2987 2842 3040 nisi
2877 2987 3129 3056 gaudium
3171 2987 3237 3039 de
3261 2985 3520 3047 veritate,
3553 2983 3847 3037 odientium

2272 3077 2416 3131 nulla
2460 3077 2530 3131 sit
2565 3076 2803 3134 miseria.
2849 3075 2948 3128 nisi
2977 3075 3129 3128 dolor
3166 3074 3233 3128 de
3279 3073 3526 3127 veritatis
3557 3073 3844 3139 aequitate.

2269 3165 2392 3220 lllos
2421 3180 2516 3218 sua
2565 3163 2762 3218 invidia
2813 3170 3028 3231 torquet
3074 3162 3290 3227 invitos,
3342 3161 3472 3216 istos
3518 3176 3614 3215 sua
3655 3161 3849 3214 raritas

2269 3266 2494 3313 coronat
2527 3255 2815 3311 benevolos
2839 3255 2879 3308 '.

2767 3362 3163 3418 CAPITULUM
3205 3361 3340 3416 XIX.

2827 3455 2903 3508 De
2919 3457 3036 3522 igne
3051 3463 3283 3506 aeterno.

2333 3548 2374 3603 l.
2417 3548 2492 3601 De
2521 3556 2742 3601 aeterno
2762 3560 2889 3599 vero
2913 3545 3056 3614 igne,
3084 3545 3150 3597 de
3173 3558 3278 3612 quo
3309 3540 3565 3595 Dominus
3593 3540 3647 3593 in
3674 3539 3846 3592 Evan-

2268 3640 2405 3710 gelio
2427 3641 2503 3693 ait
2527 3663 2538 3692 ;
2566 3638 2666 3702 Ite,
2687 3637 2969 3702 maledicti,
2995 3638 3048 3688 in
3072 3637 3238 3704 ignem
3265 3641 3552 3693 aeternum,
3576 3631 3672 3701 qui
3698 3647 3844 3698 prac-

2266 3744 2482 3801 paralus
2518 3740 2591 3783 est
2628 3728 2837 3781 diabolo
2871 3736 2918 3780 et
2975 3724 3171 3794 angelis
3202 3723 3317 3792 ejus
3351 3735 3397 3786 ο,
3433 3721 3565 3774 nulli
3597 3721 3844 3775 dubitan-

2267 3825 2416 3887 dum,
2443 3835 2762 3890 corporenm
2807 3833 2946 3879 esse,
2975 3815 3220 3885 quamvis
3268 3829 3366 3882 pro
3403 3811 3703 3866 subtilitate
3751 3826 3844 3863 na-

2267 3920 2420 3966 turae
2446 3912 2793 3978 incorporeus
2819 3921 2938 3960 esse
2963 3907 3195 3968 dicatur,
3228 3902 3683 3973 quemadmodum
3713 3899 3845 3953 soleo

2269 4017 2386 4056 mus
2416 4002 2594 4055 dicere
2634 3998 2944 4052 aethereum
2995 3995 3264 4064 spiritum,
3313 4009 3435 4048 cum
3483 4000 3675 4059 quarta
3723 4004 3840 4058 pars

2266 4091 2641 4162 sitcorporalis
2663 4098 2962 4144 creaturae.
2993 4086 3104 4142 Nec
3131 4085 3286 4140 facile
3304 4084 3648 4143 crediderim,
3683 4081 3841 4133 alium

2268 4181 2443 4252 ignem
2490 4185 2868 4250 praeparatum
2918 4177 2986 4231 ad
3029 4175 3355 4245 puniendum
3401 4173 3675 4228 diabolum
3723 4186 3839 4225 cum

2266 4271 2516 4324 omnibus
2543 4269 2656 4324 suis
2710 4269 2987 4330 membris,
3029 4273 3244 4336 praeter
3292 4264 3453 4317 istum
3499 4264 3714 4331 ipsum,
3754 4261 3840 4329 qui

2270 4371 2355 4418 est
2376 4372 2626 4430 quartum
2667 4360 2846 4413 mundi
2879 4354 3269 4412 elementumd.
3311 4354 3448 4421 Quid
3487 4353 3838 4407 enim?Num~

592 4429 914 4520 percutitur.
963 4427 1114 4483 Unus
1168 4428 1416 4520 idemque
1467 4426 1622 4520 cibus
1669 4441 1884 4520 amarus
1921 4427 2156 4520 inﬁrmo,
2195 4459 2243 4518 D
2269 4426 2650 4520 quid'mhmn’
2701 4448 2745 4502 si
2798 4447 2884 4501 illa
2933 4447 3218 4516 impiorum
3250 4459 3504 4512 corpora,
3530 4457 3672 4510 quae
3726 4456 3841 4510 pro,

595 4519 769 4573 dulcis
795 4532 964 4580 sano;
998 4532 1104 4570 una
1128 4517 1424 4585 eademque
1447 4515 1744 4584 spiritualis
1764 4516 2009 4570 doctrina
2041 4516 2163 4572 aliis

596 4611 732 4664 odor
759 4607 902 4661 vitae
929 4607 1194 4672 invitam,
1227 4605 1348 4660 aliis
1380 4607 1515 4663 odor
1543 4607 1735 4661 mortis
1763 4607 1815 4660 in
1843 4617 2093 4662 mortem.

664 4720 734 4774 Χ.
762 4721 992 4774 Proinde
1022 4719 1201 4773 divina
1233 4719 1673 4787 praedestinatio,
1700 4734 1839 4789 quae
1865 4719 2051 4788 procul
2070 4718 2168 4772 dn-

597 4813 686 4869 bio
723 4813 857 4867 nihil
885 4812 1028 4867 aliud
1070 4815 1362 4882 est,{quam
1411 4813 1592 4867 divina
1648 4813 1935 4898 praevisio.
1993 4815 2168 4867 omnia

2273 4542 2412 4598 l‘ecto
2460 4541 2636 4595 dehis
2663 4547 2918 4608 quattuor
2965 4535 3336 4605 corporalibus
3387 4533 3674 4588 elementis
3723 4540 3842 4586 sunt

2273 4640 2588 4700 compacta.
2641 4630 2693 4682 in
2740 4629 2929 4682 eadem
2967 4625 3278 4680 resolvenda
3340 4633 3581 4694 tempore
3633 4637 3838 4692 quoque

2272 4721 2644 4792 praedelinito,
2685 4720 2753 4773 ab
2796 4719 2998 4772 eisdem
3041 4718 3231 4770 iterum
3284 4714 3697 4769 resurrectionis
3727 4727 3837 4764 mo-

2275 4807 2457 4866 mento
2517 4809 2839 4872 revocanda,
2891 4809 2943 4861 in
2994 4808 3083 4861 illo
3135 4807 3275 4875 igne,
3329 4820 3434 4874 quo
3473 4815 3836 4857 resurrectura

1871 4945 2126 5002 VARIAE
2161 4945 2563 5001 LECTLONES.

695 5063 711 5094 ¹
739 5062 830 5119 Sic
855 5059 926 5124 Μ,
950 5060 1070 5114 cod.
1095 5059 1288 5114 malum
1329 5057 1659 5114 roluntatem.

595 5133 619 5168 '
645 5133 779 5190 Cod.
811 5129 1090 5194 benivolos.

1774 5059 1794 5088 '
1821 5055 1911 5113 Sic
1938 5059 2080 5122 cod.,
2103 5057 2150 5110 Μ
2199 5057 2374 5112 invite.

2480 5055 2605 5111 ’Sic
2626 5054 2773 5119 cod.,
2796 5053 2841 5106 M
2868 5055 3096 5107 siualur.
3209 5052 3231 5082 ⁸
3271 5051 3362 5107 Sic
3401 5051 3546 5115 cod.,
3577 5047 3622 5102 Μ
3648 5060 3816 5100 (anim

2104 5196 2354 5252 NOTAE.

667 5308 694 5334 ι
723 5290 1045 5349 Prudentius
1071 5291 1343 5352 observat,
1368 5299 1664 5359 utrumque,
1686 5298 1732 5342 et
1763 5298 2006 5341 naturam
2031 5287 2178 5359 scili-

595 5372 696 5427 cet,
727 5373 774 5416 et
808 5362 1127 5415 uoluntatem
1156 5361 1432 5427 impiorum
1465 5358 1572 5412 Deo
1601 5361 1758 5412 invite
1784 5359 1992 5427 servire,
2007 5358 2178 5425 juste-

593 5425 918 5504 que'puniri,
950 5445 1053 5508 non
1075 5446 1107 5482 a
1129 5445 1184 5482 se
1203 5425 1327 5498 ipsis
1350 5443 1447 5480 sua
1471 5444 1657 5496 poena,
1681 5427 1770 5480 sed
1795 5428 1860 5480 ab
1888 5425 1999 5490 illo,
2024 5429 2176 5496 cujus

599 5511 674 5554 est
703 5511 928 5569 potestas
945 5509 1116 5567 jllﬂa.

669 5565 712 5610 δ’
741 5565 1064 5624 Prudentius
1097 5585 1108 5619 :
1145 5566 1210 5619 Id
1246 5565 1429 5618 Patres
1471 5579 1736 5634 nunquam
1775 5567 1869 5621 tali
1921 5566 2176 5620 locutione

598 5641 792 5692 dictum
824 5639 1060 5703 sensisse,
1085 5639 1206 5706 quin
1229 5636 1330 5688 imo
1353 5635 1474 5690 istos
1488 5646 1534 5689 et
1559 5652 1871 5706 praeparare
1887 5655 1940 5692 se
1957 5653 2092 5704 ipsos
2109 5637 2175 5690 ad

2275 5303 2490 5356 poenam
2527 5301 2698 5354 imque
2723 5284 2953 5348 meando,
2984 5283 3112 5356 etin
3148 5276 3828 5356 iniquitate.persereramlo,

2274 5349 2322 5411 et
2355 5358 2515 5410 Deum
2563 5349 2876 5423 praeparare
2917 5370 3001 5407 eos
3033 5352 3312 5419 iustissime
3327 5349 3637 5418 judicando.

2349 5438 2370 5465 ο
2416 5426 2602 5479 Matth.
2633 5438 2757 5485 xxv,
2787 5423 2875 5475 41.

2345 5496 2371 5536 ἀ
2417 5497 2488 5550 De
2528 5495 2628 5548 hac
2663 5509 2718 5546 re
2745 5482 2898 5546 nihil
2946 5499 3178 5545 consmt.
3212 5486 3503 5542 Prudentio
3543 5482 3680 5536 alius
3723 5494 3830 5550 on;-

2275 5567 2402 5621 nino
2428 5566 2565 5636 ignis
2585 5578 2704 5619 esse
2734 5562 2966 5626 videtur,
2997 5561 3248 5629 quoniam
3291 5557 3532 5611 diversae
3566 5549 3831 5622 qualitatis

2275 5638 2402 5691 sint.
