3988 5524
54 422 147 477 457

1077 423 1277 478 LIBER
1320 422 1406 476 DE
1444 421 2152 482 PliAEDESTlNATlONE.

3189 432 3295 488 £58

57 534 287 589 ninnium
308 548 533 603 corpora
569 533 804 588 maxime
824 535 1252 591 substantialiter
1278 537 1620 601 constabunt,
1650 543 1697 601 Α
1720 536 1840 608 jici,
1869 555 1974 593 non
2030 542 2406 611 substantiam,
2453 559 2626 614 neque
2652 548 2674 577 ⁸
2712 545 2830 616 ejus
2869 546 3159 617 qualitates
3200 560 3298 616 ge-

58 623 240 676 meritu
265 623 555 693 impietatis
585 639 717 679 suae
744 630 1011 679 tormenta
1040 626 1309 695 patientur
1334 627 1589 680 aeterna?

1724 628 1937 682 lienuali
1962 627 2175 684 ﬂamma
2203 633 2550 702 torquendas,
2581 635 2675 690 sed
2703 651 2919 693 sensum
2950 635 3204 707 patientis
3244 642 3302 690 et

56 734 64 742 ~
118 710 178 764 ll.
224 710 329 767 Ubi
371 727 476 767 non
520 713 815 783 incongrue
849 715 1197 780 credendum,
1226 716 1366 784 quod
1396 731 1624 786 corpora
1724 718 1967 775 aninmm
1992 719 2309 777 reluctantis
2333 731 2554 785 aeterna
2585 724 2799 780 miseria
2840 724 3156 781 luctaturos.

60 809 358 856 sanctorum
396 803 449 856 in
507 803 820 857 aetlteream
888 805 1240 858 mutabuntur
1290 805 1624 874 qualitatem,

60 905 187 958 quae
216 892 286 945 ab
324 891 426 944 alia
455 891 717 961 qualitate
737 893 978 946 consumi
1010 908 1115 947 non
1139 902 1335 961 potest,
1357 893 1621 948 cuminfe—

38 981 253 1034 triorum
285 995 570 1051 corporum
625 982 914 1051 qualitates
951 983 1003 1037 in
1055 999 1114 1038 se
1145 992 1354 1039 mutare
1388 984 1621 1053 possit‘,

34 1070 339 1144 ξὶωρίοτυηι
362 1086 487 1126 vero
515 1086 737 1142 corpora
769 1072 821 1127 in
850 1087 1062 1128 aeream
1089 1072 1400 1144 qualitatem
1449 1082 1628 1130 trans-

22 1130 37 1221 ί
61 1130 290 1224 itura,ut
317 1175 347 1213 a
375 1130 654 1229 superiore
680 1163 805 1231 igne
824 1130 1167 1231 patiantur-ﬂ.
1193 1163 1328 1218 Hine
1357 1174 1461 1228 est,
1487 1164 1630 1234 quod

57 1248 295 1304 diabolus
333 1259 455 1320 post
494 1250 700 1319 lapsum
732 1253 983 1307 detrusus
1030 1253 1097 1307 ab
1139 1253 1394 1309 aelhereo
1434 1255 1628 1323 spatio,

58 1339 360 1409 adiunctum
377 1351 459 1395 est
480 1342 529 1396 ei
553 1341 721 1406 invito
747 1359 963 1398 aereum
981 1358 1196 1414 corpus,
1220 1345 1273 1399 in
1296 1360 1404 1414 quo
1430 1360 1632 1415 poenas

58 1446 178 1486 suae
202 1432 487 1502 superbiae
514 1433 644 1487 luat.
684 1433 819 1487 Miro
844 1444 1007 1504 atque
1037 1434 1294 1491 ineﬂ'abili
1319 1445 1630 1503 naturarum

58 1525 211 1578 modo
260 1527 567 1595 peragitur,
611 1526 823 1581 occulto
888 1536 1064 1581 tamen
1106 1528 1359 1597 justeque
1406 1527 1628 1597 judicio,

59 1622 134 1677 ut,
160 1614 307 1681 quod
344 1614 605 1668 elementa
633 1615 814 1668 mundi
839 1614 981 1670 inter
1010 1630 1070 1669 se
1098 1616 1251 1684 quasi
1274 1616 1505 1684 quodam
1533 1631 1631 1670 na-

58 1701 248 1756 turalis
278 1702 483 1757 amoris
535 1702 748 1755 vinculo
782 1702 1061 1772 complexa
1101 1704 1637 1773 inseparabiliterque

58 1791 342 1861 conjuncta
380 1792 784 1847 ordinatissime
828 1801 975 1847 motu
1015 1802 1294 1863 appetunt,
1345 1794 1634 1849 veritatem

2336 854 2694 911 EPILOGUS.

2114 962 2191 1017 De
2223 963 2397 1019 divina
2427 965 2917 1036 praedestinatione.

1798 1071 1838 1126 l.
1882 1072 2031 1140 Quae
2079 1091 2203 1130 cum
2254 1075 2325 1130 ita
2371 1076 2502 1141 sint,
2554 1090 2702 1140 ecce,
2746 1091 2911 1131 unum
2952 1075 3119 1130 Deum
3166 1075 3310 1142 colo,

1728 1180 1896 1219 unum
1924 1166 2164 1221 omnium
2193 1167 2515 1237 principium
2535 1168 3062 1238 etsapientiam,qua
3084 1168 3304 1236 sapiens

1731 1261 1835 1319 est,
1863 1270 2213 1324 quaecunque
2233 1256 2411 1310 anima
2441 1257 2654 1327 sapiens
2686 1265 2790 1320 est,
2811 1264 2866 1311 et
2888 1258 3059 1326 ipsum
3085 1271 3302 1319 munus,

1726 1350 1839 1413 quo
1885 1345 2041 1399 beata
2080 1355 2246 1410 sunt,
2295 1362 2646 1416 quaecunque
2690 1348 2845 1402 beata
2897 1357 3055 1409 sunt,
3097 1355 3152 1400 et
3195 1346 3315 1415 ejus

1732 1446 1895 1486 unam
1940 1441 1995 1485 et
2044 1432 2210 1488 solam
2237 1441 2293 1488 et
2321 1449 2503 1488 veram
2553 1434 3099 1504 praedestinationem
3150 1433 3315 1503 proli-

1735 1531 1872 1587 teor,
1896 1538 2035 1592 quae
2062 1533 2166 1586 est,
2188 1524 2331 1593 quod
2358 1524 2469 1594 ipse
2502 1535 2605 1587 est,
2645 1524 2769 1592 quia
2799 1524 2885 1577 lex
2926 1523 3044 1592 ejus
3088 1531 3308 1576 aeterna

1734 1621 1789 1667 et
1815 1613 2275 1679 incommutabilis
2297 1622 2399 1678 est,
2427 1628 2565 1682 quae
2598 1614 2737 1667 sicut
2778 1613 3046 1692 neminem
3084 1610 3316 1681 praede-

1737 1702 1957 1758 stinavit
1982 1702 2048 1755 ad
2077 1702 2513 1771 interitum,quia
2544 1702 2650 1755 vita
2680 1710 2780 1762 est,
2816 1709 2870 1753 et
2900 1698 3318 1762 reflexim,sicut

1738 1789 1868 1845 nulli
1910 1790 2054 1845 malo
2094 1790 2513 1860 praedestinavit
2555 1789 2836 1853 malitiam,
2881 1803 3020 1858 quae
3064 1786 3317 1842 interitus

56 1880 363 1935 odientibus
388 1889 630 1935 vertatur
657 1881 711 1935 in
734 1883 1071 1950 supplicium.
1093 1883 1250 1952 Ignea
1280 1882 1477 1953 quippe
1500 1898 1633 1953 qua-
1660 1874 1708 1934 B
1735 1892 1838 1945 est,
1871 1882 1945 1936 ita
1989 1880 2120 1936 nulli
2168 1882 2313 1937 malo
2358 1881 2777 1953 praedestinavit
2822 1878 3098 1935 interitum
3118 1918 3134 1944 ,
3188 1878 3317 1946 quia

58 1969 174 2025 litas
212 1971 469 2040 superior
508 1972 736 2026 naturali
788 1973 838 2026 vi
895 1973 1211 2028 inferiorum
1242 1974 1633 2028 elementorum

59 2059 349 2131 qualitates
380 2061 430 2113 in
465 2076 522 2115 se
551 2060 924 2116 transfundere
944 2076 1157 2132 semper
1178 2062 1383 2133 appetit
1404 2061 1637 2118 naturali

60 2161 227 2217 motu,
256 2152 414 2220 quasi
444 2153 710 2220 quoddam
732 2153 814 2207 sui
848 2153 1181 2208 alimentum.

128 2240 214 2294 Ill.
256 2241 396 2295 Cum
424 2256 571 2311 ergo,
605 2251 661 2295 ut
693 2242 946 2306 diximus,
969 2258 1218 2312 suprema
1253 2244 1492 2298 omnium
1513 2259 1637 2299 cor-

59 2343 245 2398 porum
273 2329 535 2398 qualitas,
558 2345 696 2398 quae
718 2339 799 2385 est
828 2331 1105 2396 aetlterea,
1137 2330 1425 2388 inferiores
1468 2333 1642 2402 quali-

61 2427 197 2472 tates
217 2427 277 2474 et
315 2419 458 2471 intra
495 2433 551 2473 se
573 2417 858 2473 ambiendo
894 2428 1147 2486 coartat,
1177 2430 1231 2475 et
1268 2421 1320 2475 in
1352 2436 1434 2486 se,
1479 2431 1665 2492 prout'

61 2509 140 2563 lex
167 2521 492 2564 naturarum
522 2510 670 2574 sinit,
700 2524 1044 2565 commovere
1086 2526 1193 2565 non
1223 2512 1456 2579 desinat,
1486 2522 1644 2567 natu-

62 2602 412 2655 rarumintra
437 2616 499 2655 se
525 2600 769 2654 mirabile
794 2602 1073 2671 perficitur
1087 2602 1362 2672 gaudium,
1378 2603 1639 2660 malarum

61 2708 186 2746 vero
233 2693 571 2746 voluntatum
623 2691 887 2747 ineffabile
941 2701 1271 2748 tormentum
1306 2694 1357 2747 ιι.
1413 2693 1645 2749 Proinde

62 2783 349 2853 impiorum
389 2782 669 2847 omnium,
709 2782 1019 2854 angelorum
1046 2784 1296 2839 videlicet
1338 2784 1647 2839 hominum-

60 2887 161 2940 que
187 2886 594 2940 perversorum,
625 2886 852 2941 corpora
906 2872 979 2926 ita
1026 2881 1153 2927 sunt
1202 2873 1463 2944 supplicia
1508 2874 1646 2944 ignis

62 2964 265 3017 aeterni
300 2978 644 3032 perpessum,
673 2972 732 3017 ut
761 2964 1074 3035 integritate
1094 2980 1282 3021 eorum
1311 2966 1647 3021 substantiae
1684 2990 1687 2995 λ

60 3053 205 3108 nullo
238 3054 404 3108 modo
451 3051 725 3119 defutura,
760 3055 1222 3109 eorum-naturali
1276 3055 1647 3110 incolumitate

61 3158 443 3211 permansura,
472 3143 725 3197 omnibus
763 3143 954 3198 deinde
992 3153 1218 3199 naturae
1245 3145 1400 3199 bonis
1429 3145 1497 3200 ad
1524 3145 1647 3199 uni—

1736 1974 1940 2028 malitia
1982 1983 2085 2028 est.
2135 1972 2275 2027 Nulli
2318 1988 2549 2042 namque
2599 1971 2864 2026 catholico
2903 1970 3031 2025 licet
3070 1968 3319 2032 credere,

1737 2080 2002 2119 summam
2026 2064 2339 2125 bonitatem,
2369 2078 2437 2118 ex
2470 2078 2574 2131 qua
2599 2071 2683 2116 est
2704 2076 2864 2115 omne
2891 2061 3115 2122 bonum,
3165 2073 3322 2127 prae-

1737 2155 2039 2209 destinasse
2061 2152 2221 2206 alicui
2237 2151 2469 2221 aliquam
2495 2150 2835 2214 malitiam,ct
2850 2163 3116 2204 summam
3133 2148 3319 2211 vitam,

1738 2264 1804 2304 ex
1831 2264 1959 2318 qua,
1989 2255 2043 2302 et
2065 2248 2120 2302 in
2151 2262 2281 2316 qua,
2301 2254 2357 2300 et
2396 2258 2494 2315 per
2517 2259 2679 2314 quam
2702 2241 2884 2296 omnia
2909 2241 3118 2305 vivunt,
3158 2239 3322 2293 alicui

1738 2339 2168 2410 praedestinasse
2216 2335 2491 2390 interitum
2541 2334 2624 2387 vel
2665 2347 2915 2403 poenam,
2953 2330 3172 2399 quando
3203 2342 3271 2383 ne
3299 2326 3323 2358 '

1742 2429 1795 2484 id
1845 2428 2062 2499 quidem
2089 2467 2105 2493 ,
2144 2425 2291 2496 quod
2332 2439 2390 2480 se
2428 2422 2657 2479 invicem
2701 2421 2916 2492 perdit,
2961 2419 3142 2490 perire
3193 2432 3323 2486 per-

1742 2521 1940 2573 mittat.

1810 2609 1875 2663 ll.
1914 2604 2149 2663 Proinde
2172 2621 2293 2661 cum
2323 2604 2484 2659 audio
2513 2601 2914 2673 praedicatores
2945 2607 3085 2662 tuos,
3130 2611 3165 2651 o
3188 2596 3324 2652 bea-

1743 2701 1949 2755 tissima
1972 2699 2191 2758 veritas,
2220 2697 2329 2751 vita
2351 2695 2589 2749 omnium
2617 2690 2937 2754 communis,
2967 2688 3226 2751 dicentes,
3274 2696 3329 2740 to

1741 2788 2177 2859 praedestinasse
2207 2785 2405 2853 impios
2453 2784 2518 2837 ad
2566 2780 2861 2842 interitum,
2897 2786 2990 2832 aut
3045 2776 3324 2830 interitum

1744 2877 1943 2945 impiis,
1993 2875 2269 2939 continuo,
2317 2873 2407 2927 lux
2467 2871 2808 2932 clarissima,
2864 2876 2915 2922 te
2978 2866 3320 2921 illutninante

1746 2966 1998 3022 tenebras
2026 2979 2192 3029 meas,
2222 2964 2275 3017 in
2303 2971 2354 3017 te
2382 2963 2538 3015 video
2563 2970 2618 3014 te
2645 2958 3101 3029 praedestinasse,
3133 2955 3185 3009 id
3218 2962 3322 3017 est,

1746 3064 1870 3110 ante
1908 3054 2089 3110 secula
2118 3052 2393 3108 definiisse
2424 3052 2466 3082 ¹⁰
2493 3052 2632 3104 intra
2662 3049 2807 3117 leges
2830 3046 3328 3101 tuasincommuta‘

1746 3145 1882 3201 biles
1902 3154 2111 3199 certum
2138 3157 2421 3197 numerum
2447 3155 2656 3203 eorum,
2689 3138 2780 3207 qui
2810 3139 2863 3191 in
2895 3150 2992 3190 sua
3030 3135 3326 3203 impietate,

60 3233 344 3288 versitatis
364 3242 741 3287 ornamentum
770 3232 1005 3288 mirabili
1048 3234 1238 3289 ordine
1284 3233 1568 3289 refulsuris
1597 3246 1645 3301 ο,

1749 3249 1911 3304 quam
1937 3247 2212 3302 nunquam
2238 3238 2292 3288 et
2314 3245 2576 3300 nusquam
2604 3225 3040 3299 praedestinasti,
3056 3222 3341 3278 interituri.

60 3331 289 3392 excepta
322 3321 692 3388 beatitudine,
724 3337 827 3391 qua
854 3323 1230 3392 privabuntur,
1254 3338 1392 3393 quae
1416 3340 1523 3380 non
1563 3335 1649 3381 est

34 3428 127 3489 {ex
156 3424 381 3479 natura,
416 3415 509 3469 sed
539 3429 606 3468 ex
644 3416 850 3485 gratia,
897 3416 1194 3486 superioris
1220 3416 1360 3487 ignis
1399 3417 1649 3487 corporei

28 3490 35 3513 ί
59 3521 183 3562 cum
206 3506 490 3561 inferioris
509 3506 652 3560 acris
680 3507 999 3575 corporibus
1021 3506 1281 3575 qualitate
1303 3506 1649 3572 colluctante,

60 3596 298 3650 naturali
332 3595 385 3650 vi
413 3604 643 3659 servata,
689 3594 976 3650 infelicium
1006 3596 1305 3651 animarum
1334 3597 1558 3653 intentio
1586 3597 1654 3651 de

58 3687 394 3755 corporibus
421 3689 536 3743 suis
567 3696 815 3743 aeternas
854 3688 1090 3757 patiatur
1116 3690 1137 3720 ³
1162 3704 1451 3743 aerumnas
1471 3689 1501 3729 ἀ
1530 3707 1543 3743 :
1580 3688 1653 3743 ita

59 3777 346 3843 videlicet,
370 3788 431 3832 ut
452 3778 595 3833 idem
626 3778 738 3847 ipse
761 3779 901 3848 ignis
930 3779 1182 3835 omnibus
1212 3779 1532 3849 corporibus
1561 3779 1655 3834 llat

59 3866 235 3935 gloria
273 3877 329 3932 ⁸,
379 3881 487 3935 quo
515 3866 835 3922 damnandis
869 3867 1152 3923 animabus
1191 3869 1517 3925 intrinsecus
1547 3869 1655 3924 ini-

57 3958 274 4026 quitate
306 3958 553 4026 propria,
584 3958 923 4014 extrinsecus
948 3958 1309 4014 cumulabitur
1335 3976 1528 4030 poena.

129 4045 223 4101 IV.
286 4046 448 4112 Quod
496 4045 543 4101 si
588 4047 747 4102 alicui
797 4047 1112 4105 incredibile
1144 4049 1379 4115 videtur,
1428 4064 1653 4120 corpora

58 4132 288 4201 quidem
324 4149 543 4204 semper
567 4149 780 4201 arsura,
809 4144 867 4190 et
901 4136 968 4191 de
1009 4136 1246 4206 ipsorum
1292 4138 1425 4193 nihil
1455 4140 1659 4208 peritu-

59 4240 181 4278 rum
205 4233 435 4291 natura,
468 4225 648 4280 videat
670 4226 816 4281 illum
846 4228 1096 4297 lapidem,
1118 4228 1287 4298 quiin
1310 4229 1536 4285 Arcadia
1560 4231 1659 4285 sub

60 4324 254 4370 monte
306 4315 556 4371 nascitur
613 4316 1247 4387 Erimantbi’;quicum
1283 4318 1353 4373 sit
1374 4316 1535 4374 ferrei
1580 4319 1662 4373 ni-

60 4406 219 4468 toris,
242 4414 396 4461 tacto
420 4421 705 4472 accensus,
726 4407 793 4461 ab
811 4406 920 4478 igni
942 4406 963 4437 ‘
983 4407 1220 4477 extingui
1242 4408 1427 4477 nequit
1446 4407 1661 4476 “,quem

64 4497 219 4553 Graii
247 4499 271 4530 ⁸
298 4498 522 4553 nomine
552 4512 682 4552 vero
730 4498 1022 4561 asbestum,
1065 4499 1119 4552 id
1143 4509 1243 4561 est,
1282 4499 1662 4566 inextinguibi-

58 4588 167 4643 lem
195 4595 537 4651 memorant,
569 4587 664 4650 ita,
691 4594 751 4640 ut
784 4594 839 4641 et
867 4586 1018 4642 color
1055 4586 1106 4640 ei
1132 4586 1455 4656 praebeatur
1503 4587 1660 4657 ignea

61 4689 288 4743 natura,
322 4687 379 4731 et
400 4676 539 4732 nihil
568 4676 840 4731 minuatur
870 4677 939 4732 de
964 4676 1079 4746 ejus
1116 4677 1416 4732 substantia
1441 4678 1662 4734 :.videat

61 4767 478 4822 salamandram
513 4766 535 4797 "
566 4765 621 4819 in
658 4764 782 4835 igne
827 4765 1117 4820 viventem.
1160 4763 1298 4819 Hinc
1326 4775 1503 4835 potest
1527 4782 1660 4821 con-

1752 3335 1952 3382 essent.
1984 3325 2136 3392 Quod
2165 3324 2272 3378 alio
2303 3323 2463 3377 modo
2505 3321 2608 3377 dici
2650 3327 2826 3390 potest
2851 3335 2865 3372 :
2889 3313 3335 3387 praedestinasti,

1756 3419 2005 3483 Domine,
2028 3417 2080 3471 in
2114 3424 2203 3470 tua
2249 3412 2627 3485 praescientia,
2673 3424 2814 3481 quae
2858 3408 2970 3462 falli
3026 3404 3330 3472 mutarique

1754 3527 1861 3567 non
1884 3519 2083 3580 potest,
2108 3523 2393 3564 numerum
2422 3506 2661 3570 illorum,
2692 3518 2832 3574 quae
2866 3516 2997 3583 suae
3041 3497 3337 3570 impietatis

1754 3611 1809 3658 et
1838 3616 2061 3672 poenam
2101 3610 2159 3655 et
2187 3600 2466 3654 interitum
2493 3595 2863 3668 praeparaturi
2903 3600 3104 3655 essent,
3146 3605 3251 3645 non
3281 3588 3336 3643 in

1755 3695 1853 3757 eis,
1889 3693 2031 3763 quod
2065 3692 2262 3758 fecisti,
2306 3691 2613 3760 puniturus,
2644 3688 2738 3742 sed
2790 3687 2849 3740 in
2897 3684 2997 3748 eis,
3042 3682 3188 3752 quod
3228 3694 3340 3735 non

1756 3785 1954 3849 fecisti,
1998 3785 2177 3854 puniri
2231 3783 2539 3838 relicturus.
2615 3778 2764 3833 Haec
2807 3783 2892 3831 est
2943 3774 3076 3829 fides
3114 3785 3257 3832 mea,
3303 3783 3344 3824 o
3388 3852 3397 3857 ι

1757 3884 1975 3930 aeterna
2026 3878 2114 3929 lux
2191 3873 2485 3937 mentium,
2540 3872 2606 3925 de
2651 3878 2743 3923 tua
2813 3860 3337 3936 praedestinatione,
3437 3941 3441 3945 ν

1797 3980 1896 4020 uae
1920 3972 1975 4018 ιιι
2008 3978 2087 4017 88.

1758 3980 2161 4123 quautam“
2188 4052 2293 4106 hoc
2318 4066 2441 4106 cum
2464 4049 2714 4104 omnibus
2738 4042 3055 4100 ortbodoxis
3083 4039 3341 4094 fidelibus

1760 4143 2157 4200 anathematizo
2184 4157 2297 4206 eos,
2322 4139 2413 4209 qui
2443 4139 2645 4199 dicunt,
2663 4136 2796 4191 duas
2815 4128 3343 4202 praedestinationea

1761 4250 1902 4299 esse,
1932 4241 2026 4287 aut
2059 4246 2219 4285 unam
2247 4229 2541 4300 geminam,
2593 4224 2922 4294 bipertitam,
2971 4227 3063 4273 aut
3097 4215 3341 4285 duplam.

1765 4324 1824 4378 Si
1852 4323 1996 4377 enim
2021 4320 2161 4375 duae
2180 4329 2329 4382 sunt,
2347 4333 2451 4373 non
2476 4325 2560 4372 est
2579 4331 2685 4369 una
2720 4312 2898 4368 divina
2924 4306 3248 4364 substantia.
3279 4303 3344 4357 Si

1733 4410 1999 4483 gemina,
2045 4424 2151 4463 non
2180 4418 2266 4462 est
2314 4406 2607 4461 individua.
2659 4403 2718 4457 Si
2765 4398 3050 4470 bipertita,
3098 4410 3203 4449 non
3259 4400 3345 4446 est

1767 4501 2020 4570 simplex,
2047 4498 2139 4553 sed
2167 4498 2409 4567 partibus
2435 4492 2752 4563 composita.
2775 4489 2834 4544 Si
2859 4487 3018 4556 dupla
3039 4495 3146 4548 est,
3190 4496 3341 4537 com-

1691 4551 1741 4610 Β
2150 4551 2303 4652 ῥυσὰ
2349 4584 2396 4638 si
2436 4551 2787 4652 prohibemur
2813 4551 3051 4631 divinam
3083 4572 3347 4627 unitatem

1768 4678 1953 4733 dicere
1978 4676 2215 4747 triplam,
2238 4688 2342 4743 qua
2373 4670 2644 4726 dementia
2689 4667 2850 4721 audet
2889 4663 3196 4719 haereticus
3222 4671 3346 4713 eam

1769 4781 2015 4823 asserere
2042 4763 2297 4835 duplam?
2332 4761 2449 4816 Tali
2490 4761 2650 4831 igitur
2695 4762 3024 4819 monstroso,
3052 4759 3346 4807 venenoso,

446 4917 454 4923 .
1357 4872 1614 4931 VARIAE
1650 4876 2055 4935 LECTIONES.

132 4977 151 5006 ⁸
195 4973 298 5029 Sic
365 4972 515 5035 cod.,
561 4968 615 5039 li
658 4977 862 5039 possetL
923 4971 944 5000 ³
982 4965 1333 5039 Sicﬂcod._et
1378 4965 1476 5039 M._
1559 4968 1580 5000 ³
1616 4970 1653 5039 tl

1793 4968 2057 5039 erimauti.
2094 5036 2139 5039 ῃ
2169 4965 2190 4995 ⁵
2229 4964 2323 5039 Stc
2377 4961 2522 5039 c_o_d.,
2576 4959 2628 5014 Μ
2685 4957 2903 5039 ἱφξεὶψ
2935 4952 2958 4985 ⁸
2997 4945 3353 5039 pyxis-tinu-

57 5045 150 5113 gui
203 5034 506 5113 "equitare?
599 5037 620 5069 ⁶
655 5034 790 5094 Cod.
821 5034 968 5091 Grai.

63 5109 106 5144 ⁵⁸
146 5109 299 5169 Cod.
329 5109 605 5182 diﬁinisse.

1071 5016 1331 5101 ’ἓίῖθὶζ
1378 5016 1500 5092 Ede.
1550 5016 2057 5095 εαιῖιῆἀηᾶἐιῖῗ⁷⁷⁷ῖ
2086 5036 2177 5091 Sic
2228 5016 2372 5097 sua,
2404 5016 2652 5102 Μαὶφιο.
2705 5016 2727 5026 '
2754 5025 2776 5057 ο
2818 5022 2912 5078 sn:
2952 5024 3100 5083 cod.,
3138 5016 3190 5071 tu
3240 5026 3351 5099 nec.

1608 5191 1861 5253 NOTAE.

134 5311 161 5338 ι
202 5291 591 5350 Prudentius:
633 5290 950 5345 Sanctorum
977 5304 1193 5355 corpora
1233 5300 1558 5355 nequaquam
1586 5281 1665 5355 vel

55 5372 110 5422 in
133 5366 232 5420 illa
256 5361 519 5436 igne,_vel
539 5360 726 5436 absque
745 5361 859 5426 ipso
884 5357 937 5436 in
969 5350 1258 5436 aetheream
1278 5350 1472 5407 muniri
1497 5350 1665 5436 quali-

57 5449 221 5488 ιιιιρ-,ι
277 5422 472 5470 ἷοεεέκ
494 5422 702 5466 can-511:1...
728 5422 969 5470 urit-wine
1008 5427 1179 5468 rami:
1208 5436 1364 5464 πει-ιη
1410 5422 1637 5456 ικηοιιιιοοὶ

1769 5297 2242 5406 "uznl’rudentius
2279 5362 2291 5397 :
2340 5341 2528 5396 Dicere
2556 5340 2881 5407 Scripturam
2906 5346 2926 5384 :
2961 5350 2983 5384 ί
3186 5318 3362 5377 nulla!

1772 5426 1906 5466 nrrln
1920 5403 1977 5458 in!
2008 5403 2345 5454 .Qs....;n.........
2376 5412 2564 5446 ληκηε*
2593 5403 2849 5452 iub-nbit."
2885 5419 2936 5451 ’.
