4028 6280
681 314 785 367 459
2093 320 2374 378 JOANMS
2412 319 2604 376 SCOTI
3823 318 3913 369 “tl

685 423 958 479 mortifero
996 425 1245 496 dogmate
1272 445 1304 484 a
1331 431 1580 485 cordibus
1611 431 1808 484 nostris
1857 431 2112 487 radicitus
2154 449 2247 486 ex-
2272 438 2319 494 Α
2348 448 2411 488 ea
2468 447 2594 493 vero
2626 473 2640 495 ,
2687 446 2825 502 quae
2871 446 2977 485 non
3015 438 3162 496 sunt,
3208 431 3354 482 nullo
3407 428 3564 482 modo
3621 427 3908 496 pertinere.

631 533 633 535 ί
683 511 831 581 ploso
857 515 1162 583 credamus,
1207 533 1367 572 unam
1401 529 1675 574 aeternam
1708 523 2248 590 praedestinationem
2350 526 2578 594 Explicit
2602 525 2640 578 ⁸.

681 602 776 657 Del
804 601 1014 658 Domini
1042 619 1181 671 esse,
1211 616 1266 661 ct
1293 625 1398 663 non
1430 611 1532 664 nisi
1562 610 1613 663 in
1662 611 1768 675 bis,
1812 627 1952 682 quae
1987 620 2130 676 sunt,
2180 612 2246 666 ad

1945 740 2192 797 VARIAE
2227 741 2625 799 LECTIONES.

752 848 768 878 ⁸
808 848 1032 918 Explicit
1063 865 1251 906 recens
1271 852 1372 906 alia
1397 868 1588 908 manus
1613 854 1881 908 addidisse
1905 853 2132 908 videtur.

681 979 3911 1020 Μ

1591 1174 2386 1290 σοΛΝΝιε
2463 1173 2969 1288 SCO’I‘I

1767 1413 1957 1464 ΠΕΡΙ
2019 1416 2315 1464 ΦΥΣΕΩΣ
2378 1413 2812 1464 ΜΕΡΙΣΜΟΥ

2184 1579 2250 1621 ID
2293 1579 2405 1622 EST

869 1767 1154 1900 DE
1351 1757 2494 1904 DIVISIONE
2699 1755 3735 1896 NATURAE

1887 2032 2162 2110 LIBRI
2219 2029 2688 2124 QUINQUE
2787 2047 2794 2054 '

1223 2323 3320 2387 Editioprinceps....................._...........§

1218 2389 1332 2436 Οιηι.
1353 2384 1442 2436 ms.
1473 2384 1758 2436 Parisiensis
1775 2391 1827 2438 S.
1848 2389 2072 2436 Germani
2101 2391 2144 2437 in
2175 2388 2388 2435 editione
2419 2387 2634 2447 principe
2654 2384 2896 2447 adhibitus
2931 2423 2945 2436 .
2981 2422 2994 2436 .
3037 2422 3049 2435 .
3086 2420 3102 2434 .
3137 2424 3152 2438 .
3191 2420 3204 2435 .
3241 2422 3254 2436 .
3282 2385 3343 2447 13’

1217 2450 1330 2500 Ctld.
1356 2462 1446 2497 ins.
1472 2451 1522 2497 S.
1547 2451 1773 2496 Germani
1795 2451 1886 2497 509
1908 2451 2023 2498 bibi.
2053 2449 2175 2510 Heg.
2203 2449 2334 2496 Paris
2359 2485 2372 2506 ,
2396 2445 2812 2510 membranusec.
2841 2446 2905 2510 XIV
2937 2481 2950 2495 .
2973 2481 3002 2510 _.
3036 2481 3052 2497 .
3090 2483 3105 2497 .
3140 2483 3155 2498 .
3192 2481 3205 2495 .
3240 2483 3252 2495 .
3282 2445 3316 2510 ρ

1216 2510 1330 2556 t'od.
1357 2523 1444 2556 nis.
1473 2510 1555 2558 lat.
1581 2510 1698 2561 i'i6l
1718 2511 1832 2559 bibl.
1859 2511 1980 2568 Reg.
2011 2503 2179 2564 Parui.
2201 2503 2490 2560 membran..
2516 2519 2616 2555 sec.
2645 2503 2729 2553 XII
2754 2507 3006 2568 (mutilus).
3042 2543 3057 2555 .
3095 2544 3106 2556 .
3145 2545 3158 2557 .
3193 2543 3206 2556 .
3243 2543 3255 2554 .
3285 2505 3324 2568 ρ

1220 2571 1336 2620 Cod.
1363 2583 1450 2619 ms.
1475 2571 1524 2620 S.
1553 2571 1776 2618 Germani
1799 2573 1889 2618 280
1913 2567 2026 2618 bibl.
2059 2571 2180 2630 Reg.
2209 2569 2377 2627 Paris,
2399 2568 2687 2630 membran.,
2709 2567 3168 2630 Sec.__ilil(mutilus)
3283 2567 3317 2630 Ε

1219 2635 1331 2681 Lod.
1361 2642 1448 2680 ms.
1471 2632 1522 2680 S.
1550 2632 1775 2681 Germani
1798 2634 1890 2683 850
1915 2625 2174 2688 ιιίὺΙΛὶθιξ.
2195 2625 2788 2690 Ρθτίε.;ῐηειιιὺη;ι.,ςθο.
2807 2626 2865 2676 ει
2893 2625 3000 2690 (lib.
3023 2628 3081 2678 ιν
3109 2625 3161 2680 et
3185 2628 3261 2684 γ).
3289 2625 3323 2675 it'

1630 2898 2115 2978 MONITUM
2183 2899 2312 2975 AD
2371 2896 2933 2975 LECTOREM.

745 3178 970 3233 Joannis
994 3177 1140 3233 Scoti
1177 3195 1194 3228 ι
1225 3178 1291 3232 de
1310 3177 1574 3232 divisione
1595 3177 1830 3233 Naturae
1860 3197 1879 3228 ι
1913 3177 2033 3232 libri
2058 3179 2190 3232 satis
2214 3177 2375 3246 ampli
2407 3175 2626 3232 omnino
2666 3173 2932 3243 duplicem
2975 3171 3207 3241 speciem
3250 3183 3378 3240 prae
3409 3183 3470 3225 se
3504 3167 3710 3225 ferunt.
3756 3168 3897 3248 Modo

668 3269 818 3322 enim
845 3268 1004 3321 [idem
1035 3265 1306 3320 Ecclesiae
1334 3282 1438 3319 non
1477 3267 1730 3336 migrant,
1758 3275 1814 3320 et
1843 3285 1862 3318 ‹
1890 3275 2199 3322 sanctorum
2248 3266 2465 3320 Patrum
2518 3264 2823 3318 intellectus
2865 3263 2952 3331 pie
2993 3276 3058 3316 ac
3101 3260 3480 3316 venerabiliter
3531 3259 3897 3329 suscipiendos

667 3371 791 3412 esse
825 3377 844 3406 ι
877 3371 973 3409 nos
997 3353 1242 3418 edocent,
1268 3355 1424 3410 modo
1452 3355 1846 3425 philosophicas
1874 3356 2115 3410 referunt
2142 3356 2378 3410 theorias
2407 3371 2436 3409 a
2468 3355 2696 3410 veritate
2722 3354 3008 3423 plurimum
3038 3353 3367 3407 recedentes.
3392 3349 3545 3407 Unde
3573 3350 3652 3412 ﬁt,
3678 3360 3890 3416 nt,cum

668 3445 754 3499 his
785 3445 1005 3499 theoriis
1035 3446 1241 3513 primae
1267 3457 1448 3514 partes
1478 3445 1799 3512 tribuantur,
1828 3447 2044 3514 pessimi
2078 3460 2466 3516 saepenumero
2499 3454 2791 3500 nascantur
2816 3459 3048 3500 errores.
3076 3444 3224 3512 Quos
3272 3457 3534 3499 excusare
3581 3443 3727 3506 ideo,
3765 3441 3894 3511 quod

614 3527 616 3530 ’
669 3531 908 3588 Joannes
935 3532 1128 3587 Scotns
1149 3533 1268 3588 aliis
1298 3534 1432 3588 locis
1459 3534 1726 3589 saniorem
1753 3535 2051 3590 doctrinam
2081 3535 2321 3605 protulit,
2366 3534 2450 3591 vel
2487 3535 2754 3590 interdum
2803 3535 2974 3605 ipsam
3016 3535 3296 3590 veritatem
3345 3531 3619 3603 ingeniose
3657 3547 3727 3588 ac
3757 3545 3901 3602 μηδ’

669 3623 816 3680 clare
841 3624 1107 3693 exposuit,
1144 3640 1247 3679 non
1275 3625 1417 3679 licet.

743 3715 889 3771 llaec
913 3717 1072 3786 igitur
1086 3733 1248 3786 quum
1275 3718 1484 3773 illorum
1500 3719 1758 3775 librorum
1780 3721 1986 3777 indoles
2007 3723 2096 3786 sit,
2111 3731 2170 3776 ut
2196 3723 2248 3776 in
2279 3723 2345 3778 iis
2370 3723 2569 3778 veritas
2590 3737 2710 3777 cum
2737 3720 3030 3782 erroribus,
3050 3732 3185 3787 quos
3204 3730 3435 3772 soannes
3457 3715 3655 3773 Scotns
3679 3732 3710 3771 e
3731 3716 3890 3786 philo-

669 3811 856 3877 sophia
873 3824 969 3862 sua
994 3809 1200 3878 petivit,
1225 3810 1514 3864 artiﬁciose
1541 3811 1851 3875 misceatur,
1866 3813 1992 3881 quid
2020 3813 2235 3877 mirum,
2254 3816 2394 3882 quod
2420 3813 2689 3868 Ecclesiae
2703 3811 2975 3865 antistites
2998 3807 3102 3861 tale
3124 3822 3279 3875 opus,
3316 3806 3427 3869 ubi,
3457 3821 3702 3874 eousque
3727 3806 3892 3875 negle-

669 3909 837 3965 ctum,
875 3916 905 3954 a
934 3902 1093 3955 medii
1125 3903 1239 3955 aevi
1265 3902 1604 3957 haereticise
1632 3901 1970 3959 bibliothecis
2013 3904 2254 3973 protrahi
2305 3914 2360 3960 et
2399 3920 2497 3974 pro
2540 3904 2688 3974 apice
2727 3900 2988 3956 scientiae
3022 3913 3086 3952 ac
3120 3896 3362 3951 veritatis
3399 3895 3671 3949 venditari
3713 3898 3894 3965 coepit,

669 4000 1011 4060 reSpnernnt,
1036 3991 1382 4054 damnarunt,
1416 3999 1577 4060 atque
1606 3988 1876 4047 Honorius
1909 3993 2052 4062 Papa
2084 3992 2150 4047 lll
2181 3994 2231 4047 id
2263 3993 2368 4062 igni
2400 3992 2809 4060 adjudicandnm
2834 4003 2953 4043 esse
2977 3986 3223 4042 censuit?
3243 3982 3621 4053 Cujus-bullam
3644 3983 3893 4052 integram

665 4090 724 4132 ut
755 4080 808 4132 in
843 4081 1074 4134 medimn
1099 4080 1406 4144 aii'eramus,
1443 4096 1528 4136 res
1557 4081 1832 4150 postulare
1863 4082 2095 4136 videtur.
2135 4082 2230 4136 Est
2255 4083 2398 4135 enim
2429 4083 2549 4135 talis
2583 4099 2596 4134 :

738 4167 1009 4222 Honorius
1030 4171 1317 4239 episcopus,
1346 4189 1522 4226 servus
1547 4189 1809 4226 servorum
1841 4172 1959 4236 Dei,
1983 4172 2380 4242 archiepiscopis
2407 4181 2454 4225 et
2478 4172 2726 4240 episcopis
2769 4177 2866 4222 et...

742 4259 990 4314 Inimicus
1015 4261 1166 4314 homo
1196 4262 1400 4314 zizania
1431 4264 1559 4316 bono
1588 4265 1770 4317 semini
1791 4266 2048 4319 seminare
2077 4281 2180 4319 non
2213 4274 2378 4318 cessat
2429 4274 2528 4317 etc.
2563 4261 2744 4331 Nuper
2763 4261 3044 4331 siquidem,
3070 4260 3204 4312 sicut
3234 4257 3379 4312 nobis
3410 4257 3726 4327 signiﬁcavit
3757 4274 3892 4312 seue-

663 4348 844 4401 rabilis
881 4348 1046 4416 frater
1073 4360 1244 4402 noster
1266 4349 1579 4403 Parisiensis
1605 4353 1891 4421 episcopus,
1915 4363 1989 4407 est
2017 4354 2226 4424 quidam
2256 4353 2403 4415 liber,
2423 4352 2721 4421 Periphysis
2760 4350 3020 4414 titulatus,
3045 4350 3296 4409 inventus,
3324 4357 3396 4400 tot
3425 4358 3629 4401 scatens
3654 4348 3892 4401 rentibus

667 4438 958 4488 haereticae
985 4438 1276 4504 pravitatis,
1303 4439 1438 4490 unde
1460 4455 1492 4490 a
1523 4439 1800 4492 venerabili
1836 4441 1999 4508 fratre
2048 4451 2224 4495 nostra
2267 4441 2653 4509 at‘chiepisc0po
2687 4439 2971 4495 Senonensi
2993 4448 3040 4491 et
3070 4438 3412 4506 su/fraganeis
3440 4437 3580 4506 ejus,
3606 4438 3662 4490 in
3700 4437 3894 4504 procin-

663 4523 787 4578 ciali
822 4525 1040 4579 concilio
1067 4528 1406 4596 congregatis,
1425 4527 1571 4595 justo
1599 4539 1672 4582 est
1699 4529 1797 4583 Dei
1809 4531 2012 4599 judicio
2037 4531 2358 4600 reprobatus.
2407 4531 2545 4596 Quia
2584 4532 2745 4600 igitur
2793 4531 2950 4593 liber,
2995 4530 3126 4583 sicut
3173 4530 3478 4597 recepimus,
3523 4530 3580 4582 in
3635 4527 3892 4597 prionnullis

666 4617 993 4669 monasteriis
1013 4627 1059 4670 et
1084 4616 1202 4671 aliis
1231 4617 1356 4672 locis
1379 4619 1614 4684 habetur,
1638 4631 1685 4674 et
1708 4621 2016 4675 claustrales
2042 4622 2282 4676 nonnulli
2305 4631 2354 4677 et
2389 4623 2488 4676 uiri
2506 4621 2826 4686 scholastici,
2857 4621 2973 4675 novi
2998 4628 3171 4674 tamen
3193 4619 3326 4688 forte
3344 4618 3460 4687 plus
3478 4634 3636 4687 quam
3669 4617 3890 4688 expediat

667 4717 952 4773 amatores,
970 4724 1024 4761 se
1037 4708 1322 4761 studiosius
1343 4709 1560 4765 lectione
1581 4721 1834 4779 occupant
1855 4713 1982 4764 dicti
2005 4710 2449 4782 libri,gloriosum
2475 4720 2789 4781 reputantes,
2814 4711 3022 4780 ignotas
3051 4709 3281 4779 proferre
3302 4710 3602 4773 sententias,
3629 4726 3747 4762 cum
3770 4711 3894 4775 Apo-

668 4797 832 4851 stolus
871 4800 1120 4867 profanas
1160 4801 1406 4855 novitates
1429 4802 1607 4855 doceat
1633 4804 1826 4868 vitare,
1849 4819 1943 4856 nos
1971 4804 2132 4873 juxta
2159 4804 2439 4872 pastoralis
2476 4802 2845 4858 sollicitudinis
2885 4802 3114 4855 debitum
3147 4801 3488 4870 corruptelae,
3533 4817 3699 4870 quam
3740 4809 3890 4868 posset

665 4889 898 4957 ingerere
927 4887 1057 4942 liber
1079 4889 1403 4958 hujusmodi,
1435 4907 1706 4945 occurrere
1725 4901 2040 4962 satagentes,
2070 4891 2213 4946 vobis
2241 4893 2492 4947 uniuersis
2532 4907 2581 4946 et
2623 4889 2841 4960 singulis
2881 4890 2938 4943 in
2965 4890 3150 4943 uirtute
3189 4888 3356 4941 sancti
3401 4887 3631 4956 Spiritus
3679 4885 3891 4940 districts

663 4981 1025 5054 praecipiendo
1056 4984 1387 5048 mandamus,
1414 4994 1668 5052 quatenus
1693 4985 1923 5038 libellum
1956 4987 2111 5037 istum
2139 4983 2356 5038 sollicite
2380 4984 2716 5054 perquiratis,
2744 4990 2790 5036 et
2819 4982 3112 5050 ubicunque
3149 4980 3318 5048 ipsum
3353 4978 3431 5032 vel
3457 4988 3660 5046 partem
3688 4979 3799 5046 ejus
3825 4977 3891 5026 in—

664 5070 828 5123 ueniri
848 5070 1140 5138 contigerit,
1160 5071 1228 5123 ad
1255 5087 1369 5135 nos,
1393 5071 1438 5124 si
1457 5088 1635 5125 secure
1661 5073 1776 5140 ﬁeri
1800 5073 1981 5142 possit,
2003 5073 2114 5125 sine
2139 5071 2388 5125 dilatione
2408 5073 2625 5126 mittatis
2656 5069 2954 5124 solemniter
2977 5069 3412 5128 combureudum;
3437 5066 3671 5135 alioquin
3698 5083 3781 5119 nos
3806 5064 3888 5130 ipsi

663 5156 865 5224 publice
909 5155 1224 5210 comburatis
1246 5158 1482 5220 eundem,
1505 5160 1726 5213 subditis
1759 5160 1938 5212 vestris
1965 5175 2204 5225 expresse
2247 5160 2600 5228 injungentes,
2638 5169 2726 5224 ut,
2764 5159 3058 5229 quicunque
3103 5159 3336 5227 ipsorum
3379 5157 3567 5210 habent
3600 5156 3678 5209 vel
3718 5156 3890 5207 habere

664 5258 878 5319 possunt
907 5249 962 5302 in
993 5257 1100 5302 toto
1122 5248 1200 5304 vel
1226 5249 1279 5302 in
1301 5261 1446 5318 parte
1464 5250 1780 5319 exemplaria
1810 5250 1936 5303 dicti
1957 5249 2096 5313 libri,
2121 5266 2182 5302 ea
2212 5249 2356 5302 nobis
2385 5251 2630 5318 di/ferant
2660 5250 2944 5318 resignare,
2974 5249 3027 5300 in
3056 5262 3250 5310 omnes,
3297 5245 3387 5316 qui
3432 5244 3567 5297 ultra
3608 5243 3887 5311 quindecim

665 5344 795 5406 dies,
825 5350 1098 5412 postquam
1124 5341 1427 5410 hujusmodi
1452 5343 1758 5394 mandatum
1786 5356 1877 5393 seu
1907 5339 2228 5393 denuntiatio
2256 5340 2325 5392 ad
2353 5340 2586 5393 notitiam
2625 5355 2802 5391 eorum
2841 5337 3120 5406 pervenerit
3141 5375 3156 5402 ,
3182 5334 3370 5387 librum
3407 5334 3571 5398 ipsum
3619 5342 3784 5384 totum
3808 5339 3887 5382 aut

663 5444 862 5502 partem
890 5434 1112 5487 scienter
1130 5433 1350 5486 retinere
1369 5430 1828 5500 praesumpserint,
1867 5429 2414 5482 excommunicationis
2463 5429 2768 5482 sententiam
2795 5427 3074 5480 incurrisse
3114 5433 3390 5491 notamque
3427 5423 3695 5491 prauitatis
3725 5425 3886 5474 haere-

664 5527 797 5581 ticae
821 5543 922 5581 non
951 5529 1186 5582 evadent.
1218 5527 1413 5583 Datum
1437 5527 1683 5598 Laterani
1710 5526 1907 5580 decimo
1938 5524 2204 5580 Kalendas
2235 5523 2510 5578 Februarii
2530 5534 2624 5577 etc.
2661 5523 2755 5594 (ιι).

739 5665 814 5734 (a)
842 5666 1146 5722 Cin'onicon
1177 5665 1408 5722 Alberici
1438 5665 1503 5722 ad
1535 5681 1582 5720 a.
1616 5664 1771 5732 l225,
1800 5664 1881 5719 ed.
1917 5663 2181 5718 Letbnitz.
2222 5659 2434 5730 Lipsiae
2476 5656 2699 5714 MDCEIC
2739 5671 2791 5726 p.
2832 5656 2950 5711 5H.
