4028 6280
73 379 188 438 ιιι
1002 401 1090 457 DE
1128 404 1465 464 DIVISIONE
1500 409 1682 466 NATU

1788 410 1849 465 E.
1885 441 1953 450 —
1987 407 2187 465 LlBER
2228 409 2500 466 PRIMUS.
3275 404 3380 459 ιω

166 497 322 602 Lata
349 502 450 558 hac
485 507 751 602 sententia
781 513 1153 583 acerbissima,
1183 520 1323 574 nulla
1352 523 1529 578 medio
1556 538 1688 578 aevo
1713 523 1921 578 illorum
1950 524 2205 578 librorum
2233 525 2460 595 amplius
2485 533 2684 578 mentio
2719 523 2796 578 lit.
2826 525 2981 581 Auno
3001 526 3214 580 demum
3241 521 3370 576 168i

79 591 443 686 profici-unt
464 597 599 664 typis
626 600 808 654 excusi
841 619 968 657 cura
999 604 1235 664 Thomae
1273 610 1448 678 Galei,
1478 614 1652 683 Angli.
1686 615 1878 670 Statim
1913 617 2175 686 repetitur
2201 591 2426 671 censura
2467 617 2755 671 Ecclesiae.
2783 617 2916 670 Nam
2941 618 2992 670 iu
3019 617 3193 672 indice
3216 617 3378 670 libro-

85 693 225 777 runi
253 685 663 777 prohibitorum
690 692 819 746 haec
850 697 1052 764 reperis
1085 717 1096 750 :
1133 699 1358 770 Erigena
1383 703 1615 759 Joannes
1647 705 1833 762 Seotus
1862 709 1925 760 de
1951 685 2213 762 Dirisione
2250 717 2467 762 naturae
2497 707 2616 760 libri
2652 706 2714 760 V.
2744 708 2952 761 Accedit
2991 707 3262 777 Appendix
3316 723 3380 761 ea:

85 772 397 868 Arn—(riguis
422 776 482 830 S.
515 777 738 834 Maximi
772 801 956 853 graece
995 798 1041 841 et
1074 788 1254 845 latine.
1291 792 1562 849 Decretum
1604 797 1701 850 111
1734 799 1900 868 April.
1931 796 2361 852 MDCLXXXV.

169 863 337 920 Haec
369 867 530 937 igitur
556 885 719 940 quum
755 876 826 929 ita
854 892 912 930 se
940 879 1203 948 habeant,
1235 886 1362 952 quid
1388 886 1453 940 de
1489 886 1666 941 indole
1701 863 1984 942 ae'nalura
2028 889 2222 942 horum
2270 887 2527 941 librorum
2568 885 2910 941 statuendum
2961 885 3064 951 sit,
3108 885 3249 939 inter
3292 898 3382 938 ca-

90 953 352 1011 tholicos
385 959 602 1053 dubium
635 978 756 1019 esse
789 970 995 1036 nequit.
1026 970 1134 1025 Cur
1163 973 1197 1027 ii
1228 973 1316 1029 hic
1337 976 1490 1053 typis
1529 988 1860 1046 repetantur,
1892 980 1945 1032 in
1978 979 2261 1034 Prooemio
2306 979 2635 1047 aperuimus.
2694 977 2942 1048 Systema
2987 987 3162 1031 autem
3191 990 3380 1031 eorum

88 1051 786 1146 exponet-etsingulosque
815 1073 1032 1115 errores
1060 1051 1458 1135 perstringere,
1493 1069 1632 1137 quod
1674 1069 1777 1124 hoc
1815 1069 1932 1124 loco
1979 1071 2331 1140 supersedere
2381 1086 2694 1140 possumus,
2741 1069 2990 1139 scriptori
3033 1069 3382 1123 Commenta-

91 1139 272 1190 tionis
305 1139 376 1192 de
405 1139 613 1198 Joanne
643 1145 807 1202 Scoto
829 1165 988 1220 supra
1021 1153 1315 1222 impressae
1355 1161 1616 1214 debetur:
1646 1161 1798 1230 cujus
1825 1164 1890 1216 ad
1919 1139 2127 1232 partem
2171 1139 2394 1217 alteram
2415 1204 2429 1227 ,
2454 1179 2591 1232 quae
2639 1164 2691 1217 in
2746 1163 2847 1218 hoc
2892 1173 3209 1233 argumento
3241 1163 3384 1216 inte-

92 1242 212 1324 εει-τι-
232 1241 514 1324 versatur,
549 1252 615 1290 ne
649 1248 766 1292 acta
809 1257 970 1312 agere
1015 1247 1309 1314 videamur,
1342 1253 1670 1324 delegamus.

168 1317 1028 1418 GuilelmusMalmesburiensis
1066 1355 1201 1406 opus
1245 1341 1373 1395 illud
1415 1344 1688 1411 praedicat
1726 1357 1935 1415 propter
1977 1346 2363 1416 perplexitate»:
2405 1349 2738 1418 quarundam
2766 1351 3125 1418 quaestionum
3179 1349 3384 1409 solven-

94 1410 226 1512 dam
262 1415 396 1512 bene
417 1417 571 1512 utile;
603 1421 696 1512 sed
720 1424 870 1476 addit
896 1441 910 1478 :
939 1427 986 1478 si
1011 1437 1183 1482 tamen
1211 1431 1513 1501 ignoscatur
1537 1437 1585 1488 ei
1614 1435 1826 1507 (Joanni
1862 1439 2048 1510 Scoto)
2077 1441 2129 1493 in
2157 1441 2492 1511 quibusdam,
2522 1442 2706 1512 quibus
2738 1459 2769 1494 a
2814 1441 3122 1494 Latinorum
3174 1445 3385 1496 tramite

93 1502 374 1601 detviapit,
402 1506 856 1601 {uniin‘Graeeos
897 1516 1086 1568 acriter
1111 1521 1287 1573 oculos
1317 1521 1558 1577 intendit.
1611 1525 1939 1597 Quapropter
1983 1539 2031 1582 et
2077 1531 2366 1584 haereticus
2411 1540 2624 1585 putatus
2665 1543 2807 1585 est...
2848 1533 2982 1585 Sunt
3025 1535 3160 1587 enim
3207 1551 3382 1588 revera

94 1592 154 1686 in
210 1592 357 1686 libro
407 1592 532 1686 Peri
558 1597 778 1686 physion
805 1602 1148 1670 perplurima,
1179 1625 1333 1678 quae,
1381 1612 1482 1665 nisi
1505 1592 1781 1682 diligenter
1825 1592 2200 1682 discutiantur,
2233 1638 2264 1671 a
2298 1619 2403 1686 ﬁde
2431 1620 2686 1674 catholica
2714 1622 3044 1676 abhorrentia
3074 1617 3374 1678 videa'ntur.

94 1680 467 1780 Anglus-cuin
498 1681 660 1738 Scoto
697 1685 890 1742 leniter
913 1706 1071 1759 agere
1103 1694 1331 1750 videtur.
1363 1696 1554 1753 Libros
1581 1680 1707 1755 vero
1733 1708 1850 1778 περὶ
1881 1707 2083 1766 φύσεως
2108 1680 2364 1780 μιρισμόῦ
2393 1707 2436 1760 si
2480 1717 2681 1762 attente
2716 1709 3010 1779 perlegeris
3033 1751 3046 1776 ,
3093 1713 3185 1765 tibi
3221 1712 3382 1768 facile

93 1775 487 1913 persuilldebis,
514 1791 751 1844 errores,
789 1796 925 1849 quos
956 1782 1008 1836 in
1043 1783 1180 1841 libro
1227 1788 1292 1842 de
1322 1775 1820 1848 Praedestinatione
1873 1775 2274 1867 cognovimus;
2306 1813 2372 1853 ex
2419 1799 2630 1854 illorum
2662 1775 2957 1870 svstemate
2987 1775 3138 1870 quasi
3180 1813 3371 1876 sponte

98 1875 272 1913 nroee
315 1877 430 1913 ere.

98 1875 430 1927 procedere.

105 2042 2407 2091 __________________.______________v

1319 2207 1481 2259 ΠΕΡΙ
1515 2211 1632 2260 ΦΥΣ
1643 2213 1770 2261 ΕΩΣ
1810 2215 1856 2262 Μ
1871 2214 2180 2264 ΕΡΙΣΜΟΥ

1606 2382 1682 2425 ID
1738 2388 1871 2430 EST

691 2545 887 2656 DE
991 2547 1859 2667 DIVISIONE
1962 2499 2774 2674 NA'TURAE.

1334 2892 1637 2970 LIBER
1709 2885 2124 2975 PRIMUS'

171 3173 479 3228 Macrsrsn.
537 3175 710 3244 Saepe
766 3176 896 3231 mihi
952 3177 1232 3249 cogitanti,
1268 3177 1685 3250 diligentiusque
1715 3191 1760 3248 Α
1790 3191 2046 3252 quattuor
2073 3182 2231 3238 binae
2259 3184 2358 3238 sibi
2395 3185 2624 3240 invicem
2655 3196 3032 3256 opponuntur;
3065 3204 3187 3244 nam
3221 3193 3378 3248 tertia

103 3275 367 3333 quantum
393 3265 538 3319 vires
565 3276 854 3336 suppetunt
887 3271 1201 3340 inquirenti,
1221 3288 1399 3328 rerum
1421 3277 1684 3338 omnium,

103 3370 241 3424 quae
276 3358 362 3412 vel
397 3359 578 3413 animo
631 3362 832 3431 percipi
897 3374 1142 3433 possunt,
1199 3367 1300 3419 vel.
1333 3355 1685 3423 intentionem

102 3444 217 3513 ejus
251 3459 532 3516 superant,
556 3451 784 3520 primam
814 3468 1190 3525 summamque
1219 3455 1538 3513 divisionem
1568 3474 1688 3514 esse

103 3535 156 3589 in
190 3551 255 3591 ea
286 3553 429 3606 quae
457 3548 598 3601 sunt,
629 3549 684 3595 et
727 3542 778 3596 in
826 3558 889 3596 ea
935 3560 1074 3613 quae
1126 3561 1230 3599 non
1279 3555 1438 3611 sunt,
1493 3549 1684 3602 horum

103 3631 346 3683 omnium
378 3633 626 3695 generale
653 3635 971 3689 vocabulum
1003 3639 1273 3717 occurrit,
1306 3639 1448 3708 quod
1494 3656 1686 3710 graece

104 3717 282 3789 τῦσις,
311 3719 481 3775 latine
503 3738 632 3778 vero
660 3736 868 3778 natura
901 3727 1173 3780 vocitatur
1199 3719 1238 3781 ¹.
1265 3729 1347 3782 An
1401 3729 1495 3783 tibi
1527 3731 1687 3784 aliter

105 3810 358 3864 videtur?
392 3811 726 3869 DISCIPULUS.
771 3814 902 3880 lmo,
943 3789 1260 3883 1consentio;
1311 3834 1434 3872 nam
1483 3829 1538 3873 et
1587 3835 1686 3888 ego

104 3895 225 3951 dum
259 3899 612 3954 ratiocinandi
653 3903 796 3956 viam
832 3905 1122 3972 ingredior,
1155 3907 1287 3962 haec
1320 3909 1392 3962 ita
1438 3908 1555 3964 ﬁeri
1602 3926 1684 3964 rc-

107 3990 272 4056 perio.
324 3989 462 4046 Hac.
494 3991 588 4046 Est
632 3993 794 4062 igitur
840 4004 1032 4050 natura
1079 3997 1331 4067 generale
1384 4013 1598 4061 nomen,
1629 4007 1686 4051 ut

107 4082 357 4146 diximus,
382 4084 619 4137 omnium
649 4101 787 4153 quae
817 4086 940 4140 sunt
970 4098 1023 4141 et
1047 4102 1189 4156 quae
1221 4103 1325 4141 non
1352 4097 1497 4142 sunt.
1534 4090 1680 4143 DISC.

107 4172 198 4228 Est
219 4175 474 4243 quidem;
510 4177 640 4229 nihil
691 4179 834 4232 enim
879 4179 930 4232 in
969 4180 1220 4235 universo
1269 4181 1686 4252 cogitationibus

107 4267 302 4321 nostris
340 4277 844 4336 p0testoccurrere,
871 4272 1011 4341 quod
1057 4271 1150 4326 tali
1197 4272 1456 4328 vocabulo
1511 4273 1686 4329 valeat

107 4371 290 4412 carere
327 4358 367 4410 ³.
406 4357 542 4412 MAG.
571 4359 834 4426 Quoniam
862 4362 1027 4430 igitur
1056 4363 1198 4417 inter
1225 4378 1323 4418 nos
1343 4364 1595 4418 convenit
1619 4365 1684 4418 de

114 4449 206 4504 hoc
251 4449 513 4504 vocabulo
539 4452 787 4521 generale
809 4467 952 4518 esse,
999 4453 1158 4508 velim
1207 4454 1355 4508 dicas
1404 4454 1684 4509 divisionis

109 4539 216 4606 ejus
243 4554 342 4610 per
365 4540 695 4598 diﬂerentias
736 4543 1046 4614 in.species
1096 4545 1361 4599 rationem
1406 4558 1422 4598 :

109 4631 220 4685 cubi
249 4632 274 4662 ⁵
303 4632 455 4696 libet,
486 4634 636 4703 prius
665 4634 901 4689 conabor
926 4635 1184 4700 dividere,
1210 4644 1358 4688 tuum
1399 4650 1525 4689 vero
1554 4635 1678 4698 erit,

109 4721 271 4778 divisa
293 4723 558 4793 judicare.
593 4725 739 4780 Disc.
770 4724 1078 4795 Ingredere,
1107 4741 1348 4795 quaeso;
1396 4726 1680 4796 impatiens

109 4815 242 4868 enim
277 4817 501 4879 sum,de
529 4815 614 4870 his
635 4831 816 4871 veram
846 4817 1105 4872 rationem
1130 4833 1158 4870 a
1183 4826 1234 4871 te
1259 4816 1446 4870 audire
1474 4816 1714 4903 volens.0

171 4905 220 4958 l.
255 4904 398 4960 Msa.
440 4905 664 4962 Videtur
707 4908 835 4961 mihi
889 4907 1084 4968 divisio
1125 4915 1350 4960 naturae
1401 4920 1496 4975 per
1523 4913 1679 4973 quat-

109 5001 218 5048 tuor
276 4995 606 5074 dill’erentias
662 5006 921 5066 quattuor
973 4996 1179 5066 species
1223 4997 1462 5066 recipere
1496 5013 1509 5048 :
1541 5009 1676 5076 qua--

107 5100 216 5144 rom
285 5088 460 5158 prima
515 5098 595 5145 est
629 5090 680 5144 in
718 5105 837 5145 eam
862 5090 904 5156 ⁸,
938 5105 1075 5160 quae
1106 5098 1255 5145 creat
1283 5097 1338 5143 et
1385 5105 1487 5142 non
1519 5101 1676 5141 crea-

107 5186 221 5242 tur;
293 5179 526 5234 secunda
584 5182 636 5234 in
695 5195 847 5244 eam,
920 5195 1058 5250 quae
1123 5188 1340 5234 creatur
1388 5186 1442 5234 et
1494 5186 1676 5242 creat;

108 5270 255 5321 tertia
323 5269 376 5322 in
451 5285 605 5334 eam,
677 5286 816 5340 quae
893 5281 1110 5326 creatur
1181 5281 1238 5327 et
1307 5287 1408 5327 non
1468 5281 1670 5336 creat;

105 5364 291 5423 quarta
311 5395 326 5420 ,
355 5371 494 5427 quae
530 5372 629 5412 nec
658 5368 808 5414 creat
837 5375 936 5414 nec
978 5369 1213 5416 creatur.
1265 5360 1464 5415 Harum
1501 5377 1628 5416 vero
1653 5361 1675 5392 °

1790 3273 2078 3341 Opponitur
2112 3275 2338 3342 primae,
2359 3285 2551 3344 quarta
2578 3291 2705 3330 vero
2731 3278 3025 3344 secundae;
3059 3281 3152 3336 sed
3177 3293 3373 3352 quarta

1789 3361 1930 3416 inter
1981 3364 2327 3432 impossibilia
2378 3366 2629 3435 ponitur,
2689 3365 2842 3433 cujus
2887 3367 3186 3424 differentia
3237 3375 3370 3426 est'

1789 3469 1893 3508 non
1933 3469 2088 3523 posse
2116 3470 2254 3510 esse.
2286 3456 2522 3510 Reetaue
2551 3457 2642 3510 tibi
2672 3457 2792 3512 talis
2817 3459 3007 3513 divisio
3039 3461 3272 3526 videtur,
3296 3478 3365 3516 an

1786 3547 1934 3600 non?
1978 3546 2120 3601 DISC.
2153 3546 2320 3600 Recta
2367 3548 2581 3616 quidem
2618 3562 2632 3601 :
2675 3550 2767 3602 sed
2825 3548 2982 3604 velim
3037 3561 3269 3620 repetas,
3321 3562 3380 3607 ut

1786 3636 2184 3704 praedictarum
2219 3636 2513 3691 formarum
2535 3639 2800 3706 oppositio
2827 3640 3023 3694 clarius
3071 3641 3367 3698 elucescat.

1787 3727 1925 3781 MAG.
1959 3725 2140 3791 Vides,
2177 3727 2227 3780 ni
2285 3727 2464 3792 fallor,
2496 3729 2686 3784 tertiae
2734 3731 2931 3798 speciei
2973 3731 3181 3800 primae
3204 3749 3373 3804 oppo-

1787 3818 2056 3872 sitionem.
2085 3817 2264 3871 Prima
2296 3832 2528 3886 namque
2554 3827 2706 3872 creat
2745 3829 2800 3873 et
2846 3836 2951 3874 non
2991 3831 3234 3890 creatur;
3287 3825 3374 3879 cui

1785 3922 1815 3961 e
1844 3907 2117 3961 contrario
2143 3908 2431 3977 opponitur
2453 3909 2565 3972 illa,
2593 3924 2729 3978 quae
2759 3921 2974 3964 creatur
3000 3921 3177 3968 etnon
3203 3925 3370 3970 creat.

1788 3997 2032 4050 Secunda
2055 4011 2184 4049 vero
2205 4005 2460 4064 quartae;
2493 3996 2754 4064 siquidem
2798 4000 3031 4053 secunda
3061 4009 3115 4054 et
3157 4011 3376 4054 creatur

1786 4096 1842 4142 et
1893 4096 2045 4142 creat
2081 4087 2127 4150 ⁸,
2179 4087 2265 4141 cui
2327 4086 2705 4140 universaliter
2747 4096 2936 4154 quarta
3007 4090 3368 4153 contradicit,

1785 4195 1926 4249 quae
1953 4194 2053 4234 nec
2079 4187 2228 4234 creat
2256 4191 2429 4247 neque
2449 4186 2680 4231 creatur.
2712 4177 2856 4232 Disc.
2880 4177 3035 4233 Clare
3062 4179 3236 4233 video.
3263 4178 3371 4233 Sed

1787 4271 2012 4325 multum
2043 4283 2128 4324 me
2156 4277 2336 4323 movet
2360 4275 2549 4336 quarta
2581 4269 2807 4337 species,
2837 4283 2974 4338 quae
3023 4283 3052 4322 a
3085 4277 3135 4322 te
3187 4269 3369 4323 addita

1785 4373 1891 4418 est.
1927 4363 2060 4417 Nam
2089 4365 2154 4418 de
2183 4362 2304 4416 aliis
2333 4363 2504 4417 tribus
2526 4361 2668 4417 nullo
2694 4362 2852 4426 modo
2877 4361 3146 4416 haesitare
3171 4362 3367 4425 ausim,

1787 4471 1906 4510 cum
1937 4455 2135 4526 prima,
2159 4463 2219 4508 ut
2246 4453 2502 4518 arbitror,
2531 4454 2581 4507 in
2609 4469 2770 4507 causa
2799 4453 3217 4522 omnium,quae
3245 4464 3374 4508 sunt

1470 4552 1564 4597 aut
1604 4544 1679 4598 si-
1712 4544 1754 4602 B
1783 4555 1836 4600 et
1865 4561 2001 4614 quae
2029 4561 2132 4600 non
2160 4548 2304 4610 sunt;
2335 4543 2696 4615 intelligatur;
2722 4545 2955 4599 secunda
2985 4559 3116 4599 vero
3162 4545 3214 4598 in
3249 4545 3368 4613 pri-

1784 4633 2135 4687 mordialihns
2156 4633 2365 4698 causis;
2387 4633 2542 4687 tertia
2569 4633 2620 4686 in
2648 4632 2747 4696 his,
2765 4647 2906 4706 quae
2939 4632 2992 4686 in
3025 4633 3374 4702 generatione

1781 4727 2218 4795 temporibusque
2249 4734 2304 4780 et
2327 4725 2458 4780 locis
2483 4733 2897 4794 cognoscuntur.
2921 4724 3100 4793 Atque
3131 4724 3253 4778 ideo
3305 4725 3372 4779 de

1779 4817 2004 4886 singulis
2050 4816 2309 4885 disputari
2340 4815 2589 4870 subtilius
2619 4815 2983 4870 necessarium
3013 4817 3056 4880 ⁸,
3099 4825 3158 4869 ut
3189 4815 3368 4870 video.

1781 4906 1917 4962 Msa.
1952 4906 2116 4959 Recte
2143 4906 2417 4960 aestimas.
2451 4903 2556 4958 Sed
2579 4919 2687 4974 quo
2727 4904 2916 4967 ordiue
2942 4904 3372 4960 ratiocinationis

1782 4999 1866 5052 via
1899 4997 2128 5052 tenenda
2154 4999 2246 5062 sit,
2272 4997 2371 5052 hoc
2393 5005 2495 5060 est,
2511 4999 2576 5050 de
2603 5012 2707 5066 qua
2731 4997 2908 5067 specie
2943 5005 3166 5052 naturae
3195 4998 3370 5066 primo
3403 4993 3414 5004 ”

1781 5087 2198 5151 discutiendum,
2231 5095 2321 5140 tuo
2359 5085 2584 5139 arbitrio
2629 5086 2930 5139 committo.
2978 5085 3122 5140 Disc.
3171 5086 3364 5138 llatnm

1785 5179 1914 5232 mihi
1961 5177 2193 5240 videtur,
2241 5185 2362 5230 ante
2412 5175 2546 5230 alias
2603 5177 2669 5231 de
2727 5177 2924 5244 prima,
2973 5176 3230 5244 quicquid
3275 5175 3364 5228 lux

1784 5269 2040 5323 tuentium
2074 5269 2262 5338 largita
2293 5265 2471 5331 fuerit,
2503 5265 2705 5322 dicere.

1847 5361 1900 5414 2.
1943 5359 2080 5414 MAG.
2112 5360 2186 5414 Ita
2212 5361 2321 5414 liat.
2357 5357 2461 5414 Sed
2482 5358 2632 5427 prius
2655 5358 2720 5414 de
2748 5373 2954 5414 summa
2983 5373 3046 5412 ac
3073 5355 3360 5427 principan

1386 5523 1473 5578 VA
1483 5522 1641 5577 RIAE
1679 5519 2076 5578 LECTIONES.

173 5640 186 5670 ‘
222 5639 314 5693 Sic
345 5639 421 5700 A;
451 5639 493 5695 C
543 5641 721 5710 incipit
759 5642 958 5711 primus
995 5647 1114 5721 περὶ
1161 5647 1388 5716 piam;
1426 5643 1471 5696 D
1520 5642 1732 5696 titulum
1780 5641 1998 5696 omittit.

173 5721 255 5762 tnr
285 5722 730 5764 natura—carere
749 5726 854 5764 om.
885 5714 949 5766 A.
1028 5714 1048 5744 ⁸
1083 5717 1125 5768 A
1165 5718 1230 5768 si.
1310 5715 1330 5745 ⁵
1359 5716 1410 5768 in
1458 5730 1569 5768 eam
1624 5727 1731 5767 om.
1765 5715 1828 5768 Α.
1905 5712 1926 5742 ⁸
1956 5729 1998 5765 re

1359 5732 1410 5768 ιη
1458 5730 1569 5768 eam
1624 5727 1731 5767 om.
1765 5727 1828 5768 Α.

109 5707 255 5775 igitur
285 5707 730 5764 natura—carere
749 5707 854 5764 nm.
885 5714 949 5766 A.
1028 5707 1125 5769 VA
1165 5707 1230 5768 si.

109 5789 202 5834 tur.
281 5781 302 5812 ’
339 5781 381 5834 Α
414 5783 762 5835 necessarium
786 5793 880 5836 est.

2098 5643 2118 5673 ¹
2158 5641 2198 5694 Α
2262 5648 2507 5703 vocatur,
2559 5638 2600 5691 D
2640 5637 2904 5691 vocitetur.
3006 5635 3025 5664 ³
3077 5633 3218 5703 Mag.
3282 5641 3360 5687 est

1905 5712 1926 5742 ⁸
1956 5728 2070 5766 vero
2106 5728 2214 5768 om.
2245 5711 2306 5764 Α.
2382 5711 2402 5741 ⁷
2429 5722 2502 5765 est
2532 5725 2638 5763 om.
2673 5708 2732 5761 ἰ).
2808 5705 2830 5738 ⁸
2864 5705 2904 5756 Α
2951 5716 3088 5760 creat
3118 5718 3170 5760 er
3216 5720 3356 5758 erea-
