3988 5262
620 382 736 448 463

1930 420 1935 425 ρ
1994 379 2272 437 JOANNIS
2308 379 2503 440 SCOTI

3794 391 3882 446 ιιι

624 497 891 565 omnium,
926 504 987 554 ut
1011 496 1265 562 diximus,
1294 497 1556 554 divisione
1582 497 1636 552 in
1672 508 1758 558 ea,
1788 508 1926 565 quae
1978 501 2103 547 sunt
2155 499 2210 549 et
2237 494 2283 551 Λ
2311 492 2401 558 qui
2433 492 2484 544 in
2515 498 2826 548 naturarum
2848 501 3159 549 creatarutn
3177 493 3223 527 ”
3244 493 3532 550 ordinibus
3556 504 3726 566 atque
3746 497 3881 553 dile-

620 604 766 659 quae
789 604 893 643 non
919 596 1065 653 sunt,
1091 589 1324 642 breviter
1357 585 1642 642 dicendum
1692 584 1942 640 existimo
1964 583 2006 635 ¹.
2052 581 2199 635 Disc.

627 680 757 736 Jure
788 678 1134 750 provideque.
1163 677 1275 731 Non
1306 677 1448 730 enim
1468 672 1533 731 e'x
1549 675 1653 729 alio
1672 672 1964 745 primordio
1990 669 2205 726 ratioci-

635 768 907 822 nationem
939 767 1177 821 inchoari
1205 774 1461 834 oportere
1490 764 1679 829 video;
1719 776 1819 818 nec
1851 760 2045 827 solum,
2078 760 2203 829 quia

629 858 802 927 prima
830 857 1067 909 omnium
1098 857 1119 887 ³
1163 854 1484 919 ditl'erentia,
1513 852 1606 907 sed
1651 851 1775 922 quia
1803 849 2091 905 obscurior
2123 863 2207 903 ce-

630 946 765 1001 teris
799 946 1008 999 videtur
1038 959 1180 1008 esse,
1204 952 1259 998 et
1285 953 1386 998 est.
1418 941 1559 997 Μλς.
1590 940 1710 1011 Ipsa
1748 940 1931 1010 itaque
1974 939 2208 1009 primor-

630 1033 789 1088 dialis
813 1032 1052 1087 omnium
1091 1032 1378 1087 diseretiva
1407 1030 1705 1086 differentia
1733 1036 1911 1085 certos
1941 1040 2070 1084 suae
2120 1028 2206 1082 in-

637 1122 1032 1190 terpretationis
1062 1121 1250 1174 modos
1276 1120 1517 1189 inquirit.

702 1212 755 1265 5.
786 1213 1024 1278 Quorum
1046 1212 1252 1281 primus
1288 1210 1501 1265 videtur
1547 1224 1667 1265 esse
1717 1209 1850 1278 ipse,
1906 1223 2004 1279 per
2048 1221 2205 1279 quem

642 1301 782 1354 ratio
808 1301 1020 1363 suadet,
1043 1300 1243 1363 omnia,
1267 1313 1404 1367 quae
1432 1314 1693 1368 corporeo
1719 1298 1920 1363 sensui,
1947 1298 2034 1353 vel
2064 1298 2212 1353 intel-

632 1388 884 1461 ligentiac
921 1388 1252 1459 perceptioni
1285 1389 1663 1453 succumbunt,
1692 1403 1849 1456 posse
1879 1387 2211 1443 rationabili-

638 1487 719 1531 ter
738 1478 841 1531 dici
864 1493 982 1532 esse
1000 1494 1014 1542 ;
1047 1491 1107 1531 ea
1125 1492 1275 1541 vero,
1301 1490 1439 1546 quae
1458 1491 1554 1546 per
1572 1477 1940 1532 excellentiam
1963 1492 2092 1532 suae
2114 1492 2209 1530 na-

639 1578 793 1643 turae
830 1583 936 1620 non
969 1566 1140 1621 solum
1173 1568 1326 1629 sum.
1356 1566 1406 1619 id
1432 1575 1518 1621 est
1540 1566 1561 1597 ³
1588 1582 1801 1622 omnem
1851 1583 2088 1631 sensum,
2120 1567 2212 1622 sed

633 1656 804 1710 etiam
837 1655 1165 1709 intellectura
1219 1656 1595 1724 rationemque
1639 1655 1868 1725 fugiunt,
1892 1656 2015 1726 jure
2043 1655 2213 1709 videri

637 1760 741 1799 non
782 1761 920 1810 esse.
953 1746 1101 1811 Quae
1125 1760 1229 1799 non
1269 1746 1369 1800 nisi
1399 1746 1449 1799 in
1475 1746 1590 1801 solo
1622 1746 1750 1809 Deo,
1782 1745 2132 1815 materiaque,
2160 1752 2214 1799 et

2307 580 2496 635 rentiis
2542 581 2960 649 consideratur,
3004 581 3096 653 qui
3140 583 3214 638 ab
3246 583 3621 640 excelsissima
3664 593 3725 640 et.
3757 587 3881 640 circa

2307 671 2472 725 Deum
2517 672 2761 741 proxime
2820 672 3112 727 constituta
3166 672 3521 728 intellectuali
3570 674 3776 729 virtute
3816 676 3876 729 ia-

2304 762 2531 828 cboans,
2559 777 2727 830 usque
2760 763 2827 817 ad
2854 762 3252 819 extremitatem
3290 762 3574 818 rationalis
3604 764 3879 819 irrationa-

2306 848 2479 918 lisque
2520 859 2801 904 creaturae
2829 849 3107 904 descendit
3130 850 3210 913 “;
3254 850 3356 906 hoc
3402 859 3512 916 est,
3557 861 3622 905 ut
3665 853 3885 922 apertius

2307 936 2573 1003 dicamus,
2609 951 2640 990 a
2679 936 3057 992 sublimissimo
3081 938 3267 1009 angelo
3296 954 3469 1009 usque
3511 940 3581 995 ad
3602 950 3883 997 extremam

2307 1024 2641 1079 rationabilis
2666 1025 3149 1096 irrationabilisque
3186 1027 3401 1082 animae
3438 1037 3681 1099 partem,
3725 1032 3883 1086 nutri-

2308 1115 2472 1169 tivam
2500 1114 2618 1169 dico
2638 1124 2693 1170 et
2712 1116 2978 1171 auetivam
3002 1118 3047 1148 "
3071 1117 3233 1172 vitam
3259 1118 3326 1171 ".
3348 1117 3503 1186 Quae
3525 1134 3659 1189 pars
3678 1136 3886 1191 genera-

2310 1202 2377 1257 lis
2399 1203 2610 1259 animae
2639 1204 2823 1259 ultima
2854 1213 2953 1269 est,
2986 1221 3122 1275 quae
3139 1206 3188 1239 “
3207 1224 3405 1280 corpus
3434 1211 3613 1264 nutrit
3640 1220 3699 1265 et
3723 1222 3882 1280 anget.

2310 1290 2415 1349 Ubi
2449 1293 2683 1349 mirabili
2731 1294 3110 1365 intelligentiae
3151 1299 3308 1352 modo
3350 1299 3734 1369 unusquisque
3770 1302 3882 1353 ordo

2309 1397 2432 1437 cum
2460 1383 2575 1454 ipso
2603 1383 2853 1438 deorsum
2885 1400 3072 1439 versus
3101 1387 3389 1440 novissimo
3409 1426 3427 1451 ,
3467 1388 3564 1456 qui
3600 1397 3689 1439 est
3719 1404 3883 1456 ait-po-

2309 1488 2455 1539 rum,
2487 1485 2542 1528 et
2570 1474 2621 1528 iu
2652 1490 2760 1545 quo
2788 1476 2964 1530 omnis
2997 1477 3185 1531 divisio
3214 1479 3565 1541 terminatur,
3597 1489 3774 1549 potest
3800 1480 3881 1531 dici

2310 1577 2431 1617 esse
2454 1570 2509 1615 et
2537 1578 2640 1617 non
2670 1577 2807 1617 esse.
2844 1564 3115 1619 Inferioris
3144 1566 3284 1620 enim
3311 1566 3630 1629 aﬂirmatio,
3663 1568 3886 1636 superio-
3979 1564 3981 1617 ἒ

2313 1652 2388 1707 ris
2413 1661 2497 1707 est
2524 1653 2750 1723 negatio.
2777 1652 3014 1724 itemque
3048 1654 3317 1710 inferioris
3344 1658 3592 1726 negatio,
3617 1658 3884 1726 superioris

2317 1750 2401 1798 est
2463 1741 2764 1799 aﬂirmatio.
2838 1745 3146 1816 Eodemque
3198 1740 3356 1803 modo
3409 1748 3721 1819 superioris
3765 1748 3887 1801 εει·-

637 1831 691 1886 in
730 1833 969 1887 omnium
996 1849 1196 1898 rerum,
1230 1849 1368 1903 (piae
1391 1835 1542 1888 abeo
1569 1833 1819 1889 conditae
1860 1841 2003 1897 sunt,
2044 1833 2209 1886 ratio-
2246 1814 2289 1874 Β
2318 1832 2502 1894 matio,
2536 1831 2804 1887 inferioris
2828 1842 2912 1888 est
2937 1814 3165 1904 negatio.
3217 1835 3445 1903 Negatiu
3484 1853 3629 1891 vero
3673 1840 3885 1908 superis-

634 1923 795 1978 nibus
817 1932 978 1993 atque
1004 1924 1253 1978 essentiis
1286 1935 1428 1979 recte
1471 1924 1857 1994 intelliguntur.
1889 1922 1997 1977 Nec
2026 1923 2216 1977 imme-

638 2012 773 2076 rito;
806 2013 919 2081 ipse
941 2028 1171 2081 namque
1195 2000 1433 2066 omnium
1468 2012 1700 2067 essentia
1742 2020 1819 2066 est
1852 2013 1893 2054 ⁸-
1946 2011 2037 2085 qui
2068 2011 2214 2065 solus

640 2115 764 2153 vere
788 2110 890 2163 est,
918 2108 977 2153 ut
1021 2099 1097 2153 ait
1135 2100 1417 2170 Dionysius
1452 2098 1772 2168 Areopagita
1800 2116 1814 2152 :
1848 2095 1995 2163 Esse,
2022 2098 2213 2167 inquit,

640 2189 873 2243 euntium
900 2199 995 2253 est,
1049 2206 1310 2258 superesse
1342 2188 1594 2243 Divinitas
1619 2190 1662 2241 ⁸.
1691 2189 1979 2257 Gregorius
2007 2190 2170 2244 etiam
2191 2188 2214 2220 ⁸

641 2278 945 2348 Theologus
961 2279 1144 2334 multis
1171 2280 1488 2344 rationibus,
1513 2280 1714 2334 nullam
1741 2281 2093 2335 substantiam
2120 2296 2216 2337 seu

643 2371 932 2425 essentiam
964 2370 1010 2435 ',
1055 2371 1167 2426 sive
1194 2370 1421 2425 visibilis
1446 2372 1559 2426 sive
1586 2371 1872 2427 invisibilis
1910 2382 2214 2440 creaturae,

644 2460 917 2515 intellectu
958 2460 1040 2515 vel
1079 2462 1283 2516 ratione
1310 2463 1690 2531 comprehendi
1728 2478 1885 2533 posse
1908 2464 2214 2530 conﬁrmat,

644 2549 773 2618 quid
797 2550 884 2604 sit.
911 2549 1042 2604 Nam
1074 2552 1211 2606 sicut
1234 2551 1347 2621 ipse
1375 2552 1514 2609 Deus
1548 2554 1603 2608 in
1634 2554 1813 2624 seipse
1843 2554 1979 2609 ultra
2002 2570 2216 2623 omnem

646 2649 949 2693 creaturam
963 2640 985 2671 ⁸
1008 2641 1153 2695 nullo
1170 2642 1438 2697 intellectu
1460 2647 1955 2723 comprehenditur,
1972 2646 2044 2701 ita
2055 2648 2218 2702 etiam

648 2729 705 2783 in
732 2730 1107 2785 secretissimis
1157 2733 1407 2799 sinibus?
1433 2737 1809 2812 creaturae‘ab
1841 2752 1906 2791 eo
1958 2735 2137 2813 factae
2166 2746 2221 2793 et

646 2821 700 2874 in
738 2836 804 2874 eo
844 2821 1122 2877 ex‘istentis
1151 2824 1195 2855 ίθ
1220 2825 1560 2880 considerata
1589 2806 1741 2883 eaEa
1765 2806 2221 2897 incomprehensi-

646 2909 769 2963 bilis
792 2921 891 2963 est.
918 2909 1179 2991 Quicquid
1201 2923 1377 2968 autem
1410 2914 1461 2968 iu
1510 2916 1655 2969 omni
1680 2924 1929 2971 creatura
1956 2916 2036 2972 vel
2059 2924 2219 2972 sensu

646 3015 906 3067 corporeo
926 3004 1237 3073 percipitur,
1255 3020 1346 3058 seu
1379 3005 1650 3060 intellectu
1675 3007 2064 3071 consideratur,
2090 3007 2222 3061 nihil

648 3090 791 3143 aliud
813 3099 915 3155 est,
949 3092 1049 3146 nisi
1081 3096 1347 3162 quoddam
1383 3097 1635 3151 accidens
1682 3097 2222 3167 incomprehensibile

647 3194 743 3248 per
769 3194 847 3243 se,
877 3189 937 3234 ut
956 3182 1156 3238 dictum
1186 3184 1722 3256 est,uuiuscujusque
1745 3146 2044 3252 esseiniae;
2080 3201 2216 3259 quae

2324 3146 2456 3233 Tros
2482 3185 2661 3231 autem
2683 3177 2899 3232 ordines
2926 3186 3073 3241 sunt,
3098 3146 3233 3246 quos
3259 3176 3531 3251 ὁμοτατιῖς
3579 3179 3628 3210 ι’

650 3286 744 3330 aut
766 3276 808 3309 ¹¹
847 3292 943 3348 per
976 3278 1312 3348 qualitatem,
1338 3281 1822 3349 antqnautitatcm,
1851 3288 1944 3333 aut
1969 3278 2216 3341 formam,

647 3378 743 3423 aut
791 3369 1069 3424 materiem
1132 3370 1195 3435 ¹¹,
1251 3377 1344 3423 aut
1390 3369 1745 3424 diﬂ‘erentiam
1791 3369 2080 3439 quandam,
2128 3378 2221 3424 aut

650 3457 860 3520 locum,
912 3466 1005 3510 aut
1054 3466 1263 3525 tempus
1316 3458 1742 3527 cognoscitur",
1772 3474 1878 3514 non
1925 3459 2053 3529 quid
2106 3469 2219 3525 est,

652 3544 746 3597 sed
789 3544 914 3613 quia
973 3552 1074 3599 est.
1129 3543 1233 3598 Isle
1274 3546 1436 3613 igitur
1476 3548 1664 3602 modus
1701 3548 1905 3615 primus
1953 3565 2018 3604 ac
2067 3563 2219 3605 suin-

653 3647 775 3686 mus
797 3641 882 3688 est
904 3634 1184 3690 divisionis
1203 3648 1410 3699 eorum,
1442 3638 1591 3704 quae
1611 3636 1863 3691 dicuntur
1913 3636 1956 3672 ⁸⁸
2001 3653 2123 3694 esse
2166 3650 2223 3696 et

654 3737 759 3777 non
786 3738 936 3789 esse;
959 3725 1084 3794 quia
1114 3740 1241 3781 vero
1264 3724 1309 3757 "
1334 3727 1521 3781 modus
1549 3727 1650 3781 iste
1670 3768 1685 3791 ,
1713 3728 1803 3798 qui
1837 3729 2046 3784 videtur
2088 3745 2224 3799 quo-

654 3810 775 3865 dam
808 3814 966 3868 modo
989 3815 1252 3869 introduci
1281 3816 1565 3885 possc,qui
1595 3816 1646 3870 in
1672 3817 2059 3887 privatiouibtts
2077 3819 2224 3874 circa

655 3902 982 3958 substantias
1031 3904 1422 3969 habitudinum,
1456 3917 1516 3960 ut
1546 3908 1690 3963 circa
1709 3908 1894 3965 oculos
1923 3912 2070 3965 Visus
2089 3918 2146 3964 et
2181 3910 2223 3941 ¹⁶

650 3991 857 4045 orbitas
884 3992 949 4056 ¹⁷,
971 3993 1337 4059 constituitur,
1361 3994 1505 4049 nullo
1542 3997 1710 4052 modo
1741 3998 2075 4068 recipiendus
2120 4007 2222 4063 est,

653 4089 714 4133 ut
734 4081 989 4137 arbitror.
1018 4081 1150 4137 Nam
1182 4084 1322 4152 quod
1348 4085 1558 4153 penitus
1582 4102 1684 4140 non
1715 4095 1831 4149 est,
1858 4102 1957 4142 nec
1983 4103 2105 4144 esse
2132 4104 2224 4157 po-

652 4178 775 4234 test,
806 4187 904 4226 nec
928 4188 1056 4241 prae
1101 4174 1427 4231 eminentiae
1483 4193 1612 4232 suae
1666 4177 1986 4251 existentiae
2026 4180 2226 4236 intelle-

652 4273 798 4317 ctum
827 4275 1110 4334 exuperat,
1141 4267 1410 4334 quomodo
1446 4266 1497 4321 iu
1524 4283 1702 4322 rerum
1747 4269 2097 4326 divisionibus
2141 4287 2226 4327 rc-

651 4353 756 4420 cipi
790 4352 984 4418 valeat,
1013 4370 1118 4408 non
1148 4356 1321 4420 video,
1352 4356 1453 4410 nisi
1483 4355 1620 4410 forte
1645 4358 1765 4425 quis
1790 4359 2222 4425 dixerit,rerum,

653 4455 793 4507 quae
829 4450 979 4505 sunt,
1033 4442 1307 4496 absentias
1358 4454 1415 4499 et
1467 4445 1793 4512 privatioues
1847 4463 1950 4502 non
2009 4451 2226 4506 omnino

655 4529 789 4582 nihil
832 4545 972 4594 esse,
996 4532 1088 4586 sed
1118 4546 1326 4595 earum,
1357 4548 1581 4603 quarum
1622 4536 1951 4603 privationes
1994 4553 2085 4592 seu
2111 4540 2226 4594 abs-

656 4619 836 4673 entiae
866 4635 959 4674 seu
998 4622 1360 4689 oppositiones
1410 4630 1563 4687 sunt,
1597 4623 1828 4679 mirabili
1858 4626 2089 4693 quadam
2137 4641 2227 4681 tta-

657 4710 815 4763 turali
856 4712 900 4743 “
920 4712 1119 4766 virtute
1143 4712 1433 4778 contineri,
1463 4721 1520 4766 ut
1552 4714 1782 4784 quodam
1810 4716 1967 4770 modo
1991 4716 2118 4770 sint.

727 4803 782 4857 4.
823 4805 941 4860 Fiat
971 4806 1012 4838 ⁸⁸
1035 4809 1303 4862 secundus
1328 4808 1514 4864 modus
1535 4809 1747 4864 essendi
1777 4818 1961 4865 etnon
1988 4810 2226 4877 essendi,

2316 1919 2393 1974 ris
2435 1919 2539 1975 erit
2565 1919 2851 1976 allii-tuatio
2877 1922 3163 1978 inferioris.
3223 1924 3533 1979 Aﬂirmatio
3579 1927 3774 1995 quippe
3808 1926 3887 1980 lio-

2317 2009 2521 2075 minis,
2580 2011 2825 2065 mortalis
2873 2013 3047 2068 adhuc
3098 2015 3215 2068 dico
3244 2054 3259 2079 ,
3311 2016 3539 2084 negatio
3582 1986 3885 2083 est-
3982 1986 3983 2019 ἶ

2316 2098 2540 2169 Negatio
2568 2115 2695 2155 vero
2722 2101 2956 2157 hominis
3004 2101 3289 2158 aﬂirmatio
3334 2114 3423 2159 est
3464 2104 3648 2174 angeli
3678 2123 3693 2158 :
3723 2114 3775 2159 et
3817 2104 3887 2157 ti-

2316 2192 2520 2247 eissim.
2559 2192 2614 2248 Si
2637 2194 2778 2247 enim
2810 2195 2969 2248 homo
2994 2203 3079 2248 est
3107 2195 3301 2249 animal
3350 2207 3377 2237 ι
3430 2196 3726 2260 rationale,
3769 2210 3888 2250 mor-

2320 2279 2446 2345 tale,
2502 2280 2713 2335 visilsile
2748 2321 2763 2343 ,
2815 2280 3056 2349 proiecto
3090 2283 3309 2352 angelus
3356 2299 3537 2352 neque
3580 2284 3783 2337 animal
3821 2300 3889 2337 ra-

2321 2369 2516 2424 tionale
2542 2378 2643 2434 est,
2676 2384 2848 2439 neque
2877 2371 3123 2434 mortale,
3160 2388 3335 2443 neque
3385 2374 3605 2428 visibile
3652 2374 3722 2424 ’⁸.
3775 2373 3887 2428 ita

2320 2463 2365 2518 si
2396 2461 2617 2533 angelus
2648 2472 2732 2517 est
2769 2463 3068 2518 essentialis
3111 2473 3285 2518 motus
3330 2465 3723 2520 intellectualis
3768 2470 3889 2519 circa
3984 2460 3985 2463 “

2323 2552 2490 2608 Deum
2516 2566 2804 2622 rerumque
2827 2553 2874 2584 “
2898 2568 3108 2616 cs'usas,
3138 2553 3378 2623 proiecto
3398 2556 3563 2608 homo
3594 2570 3703 2609 non
3722 2563 3800 2609 est
3820 2568 3893 2607 es-

2316 2640 2564 2695 sentialis
2598 2650 2773 2696 motus
2802 2641 3175 2698 intellectualis
3212 2644 3358 2699 circa
3407 2643 3580 2697 Deum
3632 2653 3690 2698 et
3730 2659 3890 2697 rerum

2323 2745 2532 2784 causas.
2589 2730 2894 2799 Eademque
2946 2732 3126 2801 regula
3179 2732 3231 2786 in
3279 2734 3534 2789 omnibus
3584 2733 3892 2787 caelestibus

2323 2819 2792 2889 essentiisyusque
2828 2820 2951 2874 dum
2983 2820 3049 2874 ad
3075 2835 3385 2889 supremum
3413 2822 3460 2853 ’⁷
3500 2823 3753 2876 omnium
3793 2838 3895 2892 μετα
3986 2819 3988 2892 !

2324 2909 2569 2964 veniatur
2602 2911 2648 2940 ⁸⁸
2690 2910 2955 2973 ordinem,
3004 2910 3278 2965 observari
3307 2920 3520 2979 potest;
3550 2912 3674 2980 ipse
3704 2914 3891 2965 vernis
3986 2909 3988 2933 ⁵

2325 3014 2571 3067 suprema
2600 3013 2813 3052 sursum
2838 3000 3118 3069 negatione
3146 3000 3497 3054 terminatur-
3520 3001 3657 3068 Ejus
3678 3016 3894 3071 tuamque

2328 3088 2539 3157 negatio
2564 3087 2762 3140 nullam
2792 3096 3095 3142 creaturam
3121 3089 3454 3158 superiorem
3501 3106 3560 3145 se
3600 3090 3889 3145 conﬁrmat.

3677 3192 3861 3235 νοω*
3878 3196 3893 3239 ἑ

2319 3283 2547 3339 quorum
2566 3267 2772 3337 primus
2784 3265 3094 3334 Cherubim,
3118 3268 3425 3339 Seraphim,
3441 3269 3682 3335 Thmui;
3704 3286 3888 3326 secu-

2321 3357 2420 3411 dus
2435 3354 2689 3419 Virtutes,
2712 3355 3028 3419 Potestates,
3048 3356 3449 3412 Dominationes
3465 3375 3483 3423 ;
3502 3358 3695 3413 tertius
3705 3357 3895 3412 Princi-

2320 3453 2501 3516 patos,
2521 3444 2865 3516 Archangeli.
2893 3445 3102 3516 Angeli.
3153 3446 3418 3503 Deorsum
3446 3462 3575 3504 vero
3623 3464 3893 3517 coquntur

2322 3536 2648 3591 novissimus
2685 3536 3019 3590 solummodo
3063 3537 3393 3607 superiorem
3421 3553 3484 3593 se
3511 3548 3607 3594 aut
3637 3548 3799 3610 negat
3820 3546 3896 3591 ω

2322 3625 2552 3679 allirtuat
2582 3625 2647 3688 ³ο,
2668 3626 2791 3694 quia
2821 3624 2955 3679 infra
2983 3641 3041 3681 se
3064 3626 3192 3680 nihil
3210 3628 3392 3691 habet,
3416 3629 3565 3697 quod
3588 3628 3676 3681 vel
3702 3628 3896 3682 auferat

2323 3714 2406 3769 vel
2456 3715 2767 3776 constituat,
2802 3715 2929 3785 quia
2955 3713 2995 3745 ³¹
3029 3716 3096 3770 ab
3143 3715 3392 3770 omnibus
3422 3716 3820 3787 ,superioribus
3846 3729 3894 3769 se

2324 3802 2682 3874 praeceditur,
2706 3804 2906 3857 nullum
2931 3819 3060 3859 vero
3086 3798 3473 3858 inferiorem'se
3488 3806 3784 3873 praecedit.
3800 3804 3893 3857 liae

2324 3894 2451 3948 item
2468 3894 2672 3947 ratione
2684 3893 2860 3947 omnis
2872 3893 3002 3947 ordo
3019 3891 3293 3946 rationalis
3305 3880 3360 3946 et
3375 3892 3758 3947 intellectualis
3770 3907 3895 3948 cm-

2324 3993 2475 4038 turae
2495 3998 2613 4037 esse
2640 3982 2836 4037 dicitur
2866 3991 2921 4037 et
2952 3998 3056 4036 non
3098 3997 3236 4036 esse.
3266 3980 3362 4036 Est
3389 3984 3566 4047 enim,
3594 3994 3841 4052 quantum
3868 3997 3893 4033 a

2323 4073 2685 4143 superioribus
2712 4072 2794 4126 vel
2822 4089 2851 4126 Ί
2876 4087 2934 4126 se
2950 4072 3062 4140 ipso
3077 4072 3452 4142 cognoscitur;
3493 4090 3601 4126 non
3617 4082 3693 4126 est
3715 4082 3893 4132 autem,

2324 4172 2585 4235 quantum
2628 4163 2696 4217 ab
2735 4161 3077 4218 inferioribus
3112 4176 3171 4216 se
3201 4163 3594 4232 comprehendi
3629 4179 3734 4217 non
3764 4162 3891 4216 siniL

2395 4273 2449 4327 5.
2495 4272 2710 4328 Tertius
2736 4273 2927 4327 modus
2948 4287 3052 4326 non
3081 4271 3376 4342 incongrue
3405 4273 3706 4343 inspicitur
3728 4275 3779 4329 in
3804 4272 3892 4335 Et,

2325 4363 2522 4432 quibus
2549 4360 2707 4430 hujus
2732 4362 2914 4416 mundi
2956 4361 3180 4416 visibilis
3206 4361 3491 4430 plenitudo
3517 4364 3817 4431 perﬁcitur,
3848 4369 3895 4415 at

2258 4479 2303 4537 υ
2330 4451 2384 4506 in
2415 4451 2526 4507 suis
2554 4452 2730 4507 causis
2767 4450 3214 4519 praecedentibus
3240 4451 3293 4504 in
3325 4452 3723 4507 secretissimis
3761 4463 3894 4507 natl-

2328 4557 2423 4597 rae
2466 4541 2691 4596 sinibus.
2745 4539 3011 4610 Quicquid
3056 4539 3200 4595 enim
3243 4540 3487 4610 ipsarum
3529 4555 3816 4599 causarum
3850 4540 3891 4592 in

2327 4631 2550 4684 materia
2576 4629 2830 4695 formata,
2862 4629 2917 4684 in
2934 4620 3262 4701 tbmporibus
3283 4631 3397 4685 et"
3420 4630 3560 4686 locis
3580 4647 3685 4701 per
3700 4646 3893 4703 genera

2325 4723 2525 4777 tionem
2560 4723 2925 4793 cognoscitur,
2962 4725 3193 4791 quadam
3236 4722 3477 4775 humana
3521 4721 3894 4777 consuetudine

2327 4812 2681 4879 dicituresse.
2732 4810 3000 4881 Quicquid
3027 4824 3156 4865 vero
3189 4810 3368 4865 adhuc
3410 4810 3467 4864 in
3514 4810 3657 4880 ipsis
3698 4821 3895 4866 nam

1938 4923 2190 4979 vanus
2224 4896 2623 4980 Lticrtonss.

733 5016 746 5047 '
852 5016 1086 5102 aestimo.
1164 5017 1251 5102 ‘DA
1283 5018 1451 5085 prima
1481 5028 1554 5092 est
1580 5018 1839 5073 omnium.
1916 5018 1937 5050 ³
1961 5019 2095 5073 ὅλων
2134 5006 2188 5070 id
2211 5026 2283 5070 est
2316 5031 2426 5094 om.
2456 5016 2673 5102 CD‘uon
2712 5030 2885 5096 solum
2998 5031 3186 5084 graece
3220 5016 3844 5102 primampatben'm
3866 5028 3893 5063 ι

652 5086 864 5137 domino
890 5085 1032 5132 nullo
1064 5103 1143 5113 ινα
1161 5088 1209 5108 Δί

3147 5095 3192 5110 ἰ-
3216 5085 3327 5126 M'a
3349 5083 3673 5139 mniectura
3700 5098 3898 5139 asseas-

3704 5160 3713 5165 (
3836 5162 3841 5163 ,

3904 5190 3905 5193 η
3970 5160 3988 5203 .I
