4028 6280
161 395 292 451 445

162 506 398 561 sinibus
421 501 744 564 continetur,
779 514 952 569 neque

162 594 305 650 loco
334 591 415 647 vel
458 601 719 660 tempore,
773 590 1075 658 celerisque
1107 591 1477 645 accidentibus
1522 600 1759 659 apparet,

161 686 374 739 eadem
435 681 707 753 praedicta
764 679 1154 734 consuetudine
1217 680 1413 734 dicitur
1460 695 1565 733 non
1621 696 1761 735 esse.

165 771 501 844 Huiusmodi
527 768 769 838 exempla
804 767 910 823 late
943 777 1144 838 patent,
1188 777 1243 824 et
1292 770 1527 823 maxime
1564 769 1617 822 in
1665 769 1766 822 hu-

165 879 345 917 mana
385 869 591 914 natura.
642 857 776 913 Cum
820 860 961 912 enim
987 858 1148 927 .Deus
1187 872 1375 912 omnes
1417 858 1661 912 homines
1707 858 1763 911 in

164 952 271 1006 illo
294 952 470 1022 primo
499 958 661 1016 atque
690 963 819 1011 uno,
848 962 1008 1016 quem
1037 948 1103 1002 ad
1133 948 1416 1017 imaginem
1442 964 1593 1002 suam
1614 947 1760 1011 fecit,

164 1042 344 1096 simul
380 1041 742 1104 constituerit,
790 1040 885 1093 sed
922 1055 1025 1093 non
1061 1037 1220 1092 simul
1251 1038 1303 1091 iii
1334 1038 1476 1091 hunc
1507 1038 1761 1091 mundum

158 1132 446 1186 visibilem
499 1131 752 1201 produxit
780 1131 824 1196 ’,
858 1128 1024 1184 certis
1077 1144 1206 1183 vero
1244 1129 1577 1198 temporibus
1606 1127 1764 1183 locis-

165 1242 284 1296 que
313 1237 581 1292 naturam,
608 1241 769 1295 quam
817 1223 976 1279 simul
1019 1223 1354 1287 condiderat,
1396 1223 1652 1291 quadam,
1703 1230 1762 1275 tit

170 1319 295 1387 ipse
329 1319 494 1382 novit,
533 1317 673 1371 serie
714 1316 781 1370 ad
830 1314 1094 1369 visibilem
1131 1314 1418 1369 essentiam
1462 1315 1679 1368 adducit
1715 1314 1758 1380 β,

168 1407 256 1472 lii,
288 1408 381 1476 qui
418 1406 529 1475 jam
566 1407 620 1475 in
670 1408 869 1461 mundo
894 1406 1173 1460 visibiliter
1201 1413 1482 1475 apparent,
1512 1415 1567 1460 et
1592 1420 1760 1475 appa-

167 1507 426 1562 ruerunt,
456 1498 707 1551 dicuntur
732 1512 884 1561 esse;
918 1496 1007 1565 qui
1039 1506 1164 1549 vero
1186 1496 1362 1549 adhuc
1384 1494 1567 1559 latent,
1599 1496 1760 1551 l'ttttiri

171 1600 363 1642 tamen
388 1599 535 1654 sunt,
562 1588 813 1643 dicuntur
841 1604 944 1640 non
974 1601 1116 1641 esse.
1149 1585 1294 1641 Inter
1316 1586 1544 1655 primum
1572 1595 1627 1641 et
1652 1596 1761 1641 ter-

170 1683 318 1735 tium
343 1679 364 1710 ⁸
402 1682 506 1734 hoc
553 1680 734 1734 distat.
792 1678 1001 1732 Primus
1032 1677 1356 1746 generaliter
1390 1677 1442 1731 in
1489 1677 1758 1741 omnibus,

170 1769 542 1841 quae‘simul
589 1778 642 1823 et
668 1768 834 1823 semel
873 1768 924 1821 in
968 1767 1145 1822 causis
1192 1774 1247 1821 et
1292 1765 1572 1821 ell'ectibus
1616 1766 1757 1821 facta

1065 393 1153 448 os
1192 392 1526 451 DlV'lSlONE
1561 394 1908 451 summa.
1951 426 2017 435 —
2057 378 2255 452 LIBER
2295 398 2573 457 panius.

1055 501 1106 553 iii
1137 500 1365 555 formata
1404 503 1648 565 materia,
1677 501 1761 557 vel
1791 504 1839 564 Α
1865 501 1908 554 si
1938 500 2065 571 quid
2093 513 2308 572 praeter
2333 504 2432 560 hos
2461 508 2646 564 modos
2674 506 2978 582 litdagatior
3015 514 3157 574 ratio
3201 516 3445 580 invenire

3320 411 3443 467 ’486

1863 599 2058 661 potest.
2102 591 2208 649 Sed
2238 597 2684 665 praesentialiter,
2725 613 2785 655 ut
2821 602 3055 659 arbitror
3080 644 3097 672 ,
3150 607 3218 662 de
3268 609 3353 666 bis
3395 613 3443 645 ⁸⁸

1864 683 1996 738 satis
2020 683 2221 738 dictum
2247 695 2349 751 est,
2366 687 2410 741 si
2442 688 2535 742 tibi
2563 689 2721 744 aliter
2747 707 2851 745 non
2877 694 3105 748 videtur.
3134 696 3276 752 Disc.
3298 699 3442 757 Satis

1864 772 2041 840 plane,
2067 772 2118 826 ni
2138 774 2184 806 ’ί
2209 790 2295 829 ωε
2317 775 2589 847 paulisper
2609 781 2945 848 perturbaret
2960 783 3028 847 “,
3044 786 3186 852 quod
3201 802 3231 840 a
3253 782 3444 844 sancto

1861 862 2160 932 Augustino
2191 866 2241 917 in
2283 864 2544 920 Exemero
2567 868 2629 904 ⁸³·
2658 884 2755 923 suo
2777 870 2975 924 dictum
3005 873 3213 927 videtur
3231 874 3307 941 ¹³;
3340 878 3443 932 hoc

1860 960 1945 1004 est
1959 966 1973 1003 :
1990 953 2274 1021 angelicam
2298 964 2540 1010 naturam
2567 968 2686 1011 ante
2701 975 2900 1013 onmem
2914 971 3207 1016 creaturam
3221 965 3441 1035 dignita-

1863 1048 1929 1101 te,
1956 1055 2058 1093 non
2084 1048 2312 1110 tempore
2338 1044 2597 1098 conditam
2614 1046 2810 1114 fuisse;
2837 1064 2900 1102 ac
2915 1063 3012 1119 per
3023 1049 3125 1106 hoc
3136 1059 3191 1106 et
3211 1053 3441 1110 aliorum

1861 1130 2102 1183 omnium
2149 1140 2363 1200 praeter
2404 1133 2602 1187 suimet
2649 1136 3022 1203 primordiales
3071 1153 3280 1205 causas,
3339 1140 3442 1197 hoc

1861 1226 1965 1283 est,
1996 1219 2308 1290 principalia
2339 1222 2597 1291 exempla,
2629 1240 2767 1293 quae
2795 1226 2983 1281 Graeci
3011 1234 3326 1305 πρωτότυπα
3350 1248 3445 1287 no—

1861 1308 2090 1373 minant,
2125 1311 2274 1378 prius
2299 1312 2351 1364 in
2389 1312 2496 1364 Deo
2523 1316 2912 1381 considerasse,
2941 1318 3133 1373 deinde
3165 1320 3217 1374 in
3245 1322 3441 1390 seipsa,

1849 1400 2055 1455 .deinde
2076 1402 2220 1472 ipsas
2245 1415 2521 1459 creaturas
2545 1407 2595 1458 in
2621 1406 2900 1463 ell‘ectibus
2926 1412 3057 1465 suis.
3090 1411 3222 1465 Nam
3247 1415 3444 1470 suimet

1861 1506 2098 1557 causam,
2127 1494 2440 1562 priusquam
2469 1495 2521 1547 iit
2546 1497 2775 1564 Speciem
2799 1501 3072 1568 propriam
3103 1506 3441 1571 procederet,

1860 1595 2184 1650 cognoscere
2199 1598 2305 1636 non
2324 1583 2506 1637 valuit.
2525 1584 2788 1641 MamNec
2818 1588 2943 1643 illud
2968 1599 3018 1644 te
3037 1607 3256 1647 movere
3285 1608 3445 1664 opor-

1861 1679 1957 1726 tet.
1990 1672 2096 1729 Sed
2135 1675 2392 1731 intentius
2429 1693 2493 1731 ea
2520 1678 2591 1745 ",
2621 1696 2760 1748 quae
2784 1682 2923 1736 dicta
2959 1694 3103 1750 sunt,
3136 1688 3440 1744 considera.
3471 1727 3481 1735 -

1863 1763 1922 1818 Si
1951 1764 2096 1819 enim
2125 1767 2343 1837 angelos
2381 1769 2704 1840 principales
2755 1789 2934 1827 rerum
2986 1792 3178 1831 causas
3227 1778 3280 1832 iu
3330 1780 3442 1834 Deo

169 1871 329 1917 sunt.
377 1860 592 1913 Tertius
634 1855 1016 1927 “specialiter
1066 1857 1117 1909 iii
1160 1855 1265 1921 bis,
1313 1854 1453 1924 quae
1494 1855 1687 1924 partim
1732 1856 1752 1887 '
1786 1857 1831 1915 B
1859 1857 2179 1935 constitutas
2205 1861 2516 1929 cognovisse
2540 1862 2871 1930 dixerimus,
2901 1865 3153 1935 Apostolo
3184 1869 3441 1923 resistere

170 1953 360 2007 adhuc
406 1952 458 2005 in
501 1949 679 2005 causis
702 1949 813 2002 suis
836 1948 1022 2012 latent,
1054 1949 1248 2018 partim
1276 1947 1328 2000 in
1358 1946 1635 2002 ell'ectibus
1663 1963 1758 2017 pa-

172 2051 321 2106 tent,
370 2040 566 2110 quibus
622 2038 838 2109 proprie
890 2039 1120 2092 mundus
1174 2037 1273 2092 iste
1317 2037 1642 2092 contexitur.
1678 2035 1759 2090 Ad

172 2132 323 2187 liuiic
351 2132 565 2184 modum
594 2129 826 2198 pertinet
859 2127 998 2180 ratio
1036 2126 1146 2191 illa,
1190 2139 1327 2194 quae
1372 2126 1626 2178 virtutem
1670 2138 1758 2178 se—
1798 2128 1799 2131 “

176 2225 385 2279 mitium
435 2220 759 2280 considerat,
809 2218 924 2273 sive
976 2217 1029 2272 in
1089 2217 1426 2281 animalibus,
1475 2216 1589 2270 sive
1635 2216 1687 2269 in
1735 2215 1759 2247 ⁸

174 2317 487 2380 arboribus,
515 2316 627 2370 sive
655 2314 708 2367 in
736 2312 936 2367 herbis.
972 2310 1150 2364 Virtus
1171 2310 1193 2342 ⁹
1221 2310 1364 2363 enim
1390 2309 1654 2379 seminum
1693 2322 1760 2362 eo

177 2418 442 2478 tempore,
486 2420 590 2475 qtio
617 2404 669 2458 in
695 2404 919 2459 secretis
948 2410 1173 2455 naturae
1198 2400 1337 2461 silet,
1371 2401 1494 2468 quia
1524 2399 1758 2452 nonduin

177 2501 421 2569 appaiﬁt,
454 2496 649 2551 dicitur
674 2511 781 2550 non
810 2508 968 2555 esse;
1000 2494 1127 2547 dum
1153 2507 1279 2546 vero
1316 2491 1370 2544 in
1414 2490 1760 2544 nascentibus

175 2587 655 2655 crescentibtisqtie
678 2582 1020 2647 animalibus,
1062 2598 1156 2636 seu
1184 2581 1405 2635 lloribus
1430 2579 1760 2634 frtictibusve

172 2679 445 2748 lignorum
474 2683 528 2729 et
554 2672 841 2728 herbarum
871 2672 1199 2740 apparuerit,
1229 2670 1428 2723 dicitur
1453 2682 1593 2722 esse.

243 2766 298 2819 6.
340 2763 579 2830 Quartus
607 2760 797 2816 modus
826 2768 929 2823 est,
955 2758 1045 2827 qui
1076 2758 1372 2812 secundum
1414 2755 1760 2827 philosophos

168 2869 281 2908 non
308 2848 738 2919 improbabiliter
766 2861 827 2902 ea
873 2845 1228 2909 solummodo,
1270 2858 1410 2913 quae
1449 2843 1565 2898 solo
1613 2858 1760 2898 com-

169 2941 583 3012 prehenduntur
624 2935 919 3001 intellectu,
969 2935 1098 2989 dicit
1146 2935 1190 2965 ¹⁰
1239 2948 1366 2990 vere
1413 2949 1567 3000 esse;
1622 2949 1759 3004 quae

168 3049 302 3089 vero
331 3047 431 3102 per
457 3030 883 3101 generationem,
931 3026 1187 3080 materiae
1232 3026 1644 3081 disteiitionibus
1691 3026 1755 3091 “,

168 3141 267 3180 seu
294 3120 742 3185 detractionibus,
773 3118 1012 3172 locorum
1058 3131 1271 3186 quoque
1315 3117 1504 3186 spatiis
1550 3126 1757 3186 tempo-

1860 1945 2178 2012 videbimur,
2204 1948 2295 2016 qui
2315 1965 2470 2018 super
2487 1966 2655 2014 omne,
2676 1952 2814 2021 quod
2835 1952 3027 2006 dicitur
3044 1965 3090 2008 et
3112 1955 3437 2025 intelligitur,

1860 2036 2032 2106 ipsum
2059 2036 2222 2091 Deum
2253 2046 2303 2092 cl
2333 2054 2526 2094 causas
2554 2043 2793 2095 omnium
2819 2044 2870 2096 in
2899 2059 2983 2109 eo,
3014 2044 3126 2098 sive
3156 2046 3298 2099 aliud
3323 2047 3438 2101 sive

1858 2138 1965 2177 non
1994 2126 2135 2178 aliud
2165 2126 2272 2179 sint
2301 2127 2348 2158 "
2368 2138 2585 2196 praeter
2612 2130 2684 2195 id,
2716 2131 2859 2199 quod
2902 2131 3016 2201 ipse
3055 2141 3160 2198 est,
3209 2133 3415 2190 allirma

1857 2225 1996 2267 esse.
2023 2213 2102 2268 Ac
2139 2229 2235 2283 per
2262 2214 2364 2270 lioc
2391 2217 2752 2271 necessarium
2784 2228 2885 2285 est,
2934 2231 3135 2277 rectam
3178 2225 3435 2279 mediam-

1843 2315 1963 2372 que
1989 2303 2126 2357 viam
2156 2312 2357 2369 tenere,
2381 2321 2448 2359 ne
2474 2305 2556 2361 vel
2575 2306 2831 2377 Apostolo
2860 2309 3139 2363 videamur
3165 2321 3437 2378 resistere,

1856 2393 1942 2447 vel
1972 2394 2292 2449 sententiain
2319 2410 2560 2450 summae
2586 2414 2650 2453 ac
2677 2409 2896 2456 sanctae
2934 2403 3241 2458 autoritatis
3273 2406 3444 2475 inagi-

1857 2485 1952 2538 stri
1975 2499 2080 2538 non
2104 2486 2368 2540 obtinere.
2401 2486 2698 2559 Utrumque
2721 2490 2885 2560 igitur
2904 2507 3087 2546 verum
3111 2493 3312 2549 dixisse
3335 2509 3441 2551 non

1857 2575 2228 2641 dubitandum,
2260 2564 2370 2632 iino
2408 2579 2635 2633 lirniiter
2664 2582 2973 2636 tenendum.
3021 2583 3251 2639 Causam
3280 2587 3445 2656 igitur

1856 2665 2096 2718 omnium
2139 2668 2317 2719 rerum
2346 2667 2413 2732 ",
2441 2683 2579 2736 quae
2604 2684 2818 2723 omnem
2859 2671 3189 2727 intellectum
3238 2689 3442 2746 exupe-

1856 2764 1960 2817 rat,
1991 2754 2119 2808 nulli
2158 2764 2373 2810 creatae
2424 2768 2646 2813 naturae
2686 2759 2993 2814 secundum
3026 2762 3343 2832 Apostolum
3394 2765 3438 2797 "

1856 2843 2125 2912 cOgnitain
2153 2846 2291 2909 lieri,
2312 2845 2457 2900 ratio
2485 2847 2632 2900 sinit.
2676 2848 2807 2914 Quis
2836 2852 2994 2916 enim,
3040 2852 3235 2921 inquit,
3283 2854 3441 2908 intel-

1857 2931 2044 2985 lectum
2070 2932 2279 2987 Domini
2302 2936 2537 3003 cognovit
2559 2937 2586 2989 .’
2608 2948 2665 2991 et
2691 2938 2816 2992 alibi
2849 2955 2863 2992 :
2895 2938 3016 2993 Pax
3049 2938 3264 3005 Christi,
3307 2958 3443 3012 quae

1855 3031 2101 3090 exuperat
2130 3036 2332 3075 munem
2357 3023 2694 3079 intellectum.
2725 3026 2796 3081 At
2821 3029 2865 3082 si
2893 3043 3056 3083 causa
3096 3033 3337 3093 omnium
3373 3033 3444 3087 ab

1858 3112 2127 3175 omnibus,
2141 3127 2280 3181 quae
2296 3113 2363 3167 ab
2383 3129 2448 3168 ea
2462 3125 2644 3170 creata
2660 3119 2864 3184 sunt”,
2885 3129 3090 3175 remota
3112 3132 3214 3185 est,
3242 3123 3445 3194 absque

170 3226 408 3281 rumque
442 3209 676 3264 motibus
720 3202 1021 3270 variantur,-
1067 3205 1408 3276 Colliguiitur,
1458 3205 1756 3270 solvuntur,
1788 3209 1831 3267 C
1865 3203 1971 3257 ulla
1995 3202 2325 3259 dubitatione
2351 3206 2584 3261 rationes
2604 3209 2843 3262 omnium
2873 3225 3075 3277 rerum,
3102 3227 3241 3281 quae
3269 3224 3445 3269 aeter-

169 3318 299 3358 vere
325 3302 578 3355 dicuntur
600 3313 703 3352 non
729 3312 867 3360 esse,
899 3307 957 3348 ut
987 3304 1109 3349 sunt
1141 3295 1320 3349 omnia
1345 3309 1594 3365 corpora,
1621 3310 1761 3364 quae

170 3393 324 3448 nasci
355 3401 409 3446 et
430 3388 700 3457 corrumpi
730 3394 975 3457 possunt.

248 3484 305 3537 Ἰ.
371 3481 601 3548 Quintus
625 3480 815 3534 modus
839 3485 923 3532 est
960 3478 1023 3543 ",
1065 3491 1224 3546 queui
1265 3476 1318 3530 in
1362 3476 1477 3531 sola
1526 3477 1759 3530 humana

174 3586 379 3632 natura
420 3576 557 3627 ratio
586 3571 842 3626 intuetur.
870 3569 1021 3635 Quae
1070 3585 1190 3623 eum
1248 3568 1461 3623 divinae
1513 3567 1761 3637 imaginis

140 3666 147 3672 ’
172 3666 517 3735 dignitatem,
547 3662 600 3716 in
640 3676 744 3730 qua
771 3660 985 3730 proprie
1011 3659 1250 3713 substitit
1284 3658 1348 3725 “,
1371 3659 1643 3729 peccando
1670 3658 1761 3712 de-

172 3757 368 3819 seruit,
404 3754 594 3808 merito
632 3767 752 3805 esse
783 3765 940 3804 suum
989 3749 1239 3819 perdidit,
1290 3757 1343 3804 et
1394 3749 1514 3803 ideo
1565 3748 1763 3803 dicitur

174 3863 284 3901 non
314 3859 456 3899 esse.
485 3843 620 3898 Dum
653 3857 779 3895 vero
806 3840 1063 3911 unigeiiiti
1092 3841 1183 3894 Dei
1216 3839 1309 3893 lilii
1341 3841 1513 3909 gratia
1553 3848 1761 3895 restau-

174 3947 294 3993 rata
321 3938 387 3990 ad
411 3935 695 4005 pristinum
739 3947 869 3988 suae
897 3932 1231 3985 substantiae
1249 3929 1293 3962 ιδ
1320 3940 1543 3997 statum,
1574 3932 1626 3984 in
1653 3946 1761 4000 qua

175 4028 474 4084 secundum
502 4025 791 4095 imaginem
823 4022 914 4077 Dei
940 4021 1157 4077 condita
1186 4028 1291 4087 est,
1334 4021 1630 4087 reducitur,
1680 4021 1762 4076 iii~

174 4120 311 4190 cipit
338 4131 479 4181 esse,
506 4124 560 4170 et
590 4114 634 4146 "
664 4116 717 4169 in
742 4127 825 4177 eo,
859 4112 950 4181 qui
979 4111 1274 4166 secundum
1329 4111 1618 4180 imaginem
1667 4111 1760 4166 Dei

176 4207 428 4264 conditus
454 4213 557 4271 est,
584 4203 801 4258 inchoat
828 4201 1028 4257 vivere.
1078 4201 1157 4257 Ad
1196 4200 1339 4257 hunc
1367 4201 1584 4257 modum
1613 4202 1761 4257 vide-

154 4311 266 4356 ‘tur
290 4298 337 4330 “
360 4298 655 4369 pertinere,
681 4295 825 4366 quod
869 4293 1155 4364 Apostolus
1199 4294 1330 4349 dicit
1359 4312 1372 4346 :
1401 4293 1471 4348 Et
1518 4304 1662 4349 vocat
1702 4311 1763 4348 ea

174 4407 313 4461 quae
334 4404 438 4442 non
465 4397 607 4452 sunt,
648 4396 900 4455 tanquam
924 4401 985 4438 ea
1008 4400 1141 4453 quae
1169 4392 1323 4449 sunt;
1376 4384 1479 4439 hoc
1523 4392 1623 4447 est,
1672 4384 1763 4454 qui

178 4482 232 4537 in
265 4480 444 4552 primo
482 4478 699 4533 homine
738 4475 935 4546 perditi
980 4484 1127 4539 sunt,
1160 4483 1216 4528 et
1255 4474 1323 4529 ad
1366 4475 1636 4544 quandam
1684 4475 1766 4528 iit-

1861 3292 2057 3348 naliter
2091 3301 2148 3348 et
2180 3295 2688 3353 ineommutaliiliter
2718 3299 2771 3352 in
2799 3314 2861 3354 ea
2889 3311 3037 3367 sunt,
3078 3303 3142 3358 ab
3169 3305 3442 3369 omnibus,

1858 3395 2087 3451 quorum
2134 3383 2374 3439 rationes
2419 3382 2584 3449 sunt,
2636 3387 2851 3456 penitus
2904 3400 3144 3445 remotae
3188 3400 3330 3446 sunt.
3384 3393 3443 3447 lu

1859 3473 2115 3544 angelicis
2138 3488 2268 3529 vero
2294 3475 2652 3531 intellectibus
2677 3492 2864 3533 earum
2892 3481 3160 3536 rationum
3187 3483 3448 3553 theopha-

1859 3564 1978 3617 nias
1998 3564 2258 3633 quasdam
2296 3578 2438 3632 esse,
2475 3567 2577 3620 hoc
2604 3575 2708 3632 est,
2745 3570 3260 3641 comprehensibiles
3288 3574 3447 3631 intel-

1860 3651 2073 3707 lectttali
2115 3654 2161 3688 ²⁹
2210 3652 2436 3709 naturae
2484 3657 2744 3728 quasdam
2800 3661 3008 3717 divinas
3060 3668 3442 3734 apparitiones,

1861 3760 1967 3800 non
1991 3755 2169 3800 autem
2190 3746 2335 3816 ipsas
2360 3754 2615 3817 rationes,
2641 3753 2690 3805 id
2726 3762 2807 3807 εει
2838 3755 3152 3824 principalia
3177 3761 3444 3829 exempla,

1859 3838 2104 3907 quisquis
2125 3841 2340 3904 dixerit,
2366 3858 2492 3906 non,
2518 3852 2577 3897 ut
2598 3844 2853 3910 arbitror,
2894 3862 2924 3900 a
2963 3849 3191 3902 veritate
3218 3851 3441 3904 errabit.

1861 3933 2008 3998 Quas
2036 3933 2387 4000 theophauias
2414 3934 2467 3986 in
2492 3934 2731 4005 angelica
2758 3945 3005 3990 creatura
3056 3948 3302 3994 sanctum
3336 3941 3447 3995 An-

1862 4022 2131 4093 gustiniim
2161 4032 2286 4077 ante
2314 4024 2553 4077 omnium
2585 4031 2985 4094 generationem
3021 4027 3337 4083 inl‘eriortiiii
3380 4045 3443 4085 se

1862 4115 2005 4169 visas
2048 4128 2153 4167 non
2210 4112 2501 4182 incongrue
2545 4113 2745 4169 dixisse
2796 4115 3088 4170 credimus.
3145 4116 3259 4171 Non
3313 4133 3445 4191 ergo

1863 4222 1961 4260 nos
1988 4212 2218 4268 moveat,
2246 4205 2389 4274 quod
2418 4203 2463 4236 ⁸⁵
2487 4206 2740 4271 diximus,
2772 4206 2896 4276 quia
2926 4207 3100 4278 angeli
3131 4219 3184 4263 et
3209 4210 3443 4280 primum

1864 4296 1917 4350 in
1951 4294 2082 4360 Deo,
2108 4295 2302 4350 deinde
2331 4295 2385 4350 iti
2410 4296 2604 4366 seipsis
2630 4297 2902 4354 inferioris
2926 4307 3208 4353 creaturae
3251 4315 3444 4356 causas

1865 4386 2065 4441 vident.
2106 4383 2225 4440 Non
2257 4386 2401 4441 enim
2436 4387 2674 4442 essentia
2715 4387 2894 4442 divina
2930 4389 3070 4444 Deus
3109 4389 3446 4447 solummodo

1863 4482 2083 4546 dicitur,
2109 4481 2203 4537 sed
2237 4480 2401 4536 etiam
2427 4479 2473 4513 ³⁸
2498 4484 2687 4537 modus
2716 4482 2807 4539 ille
2836 4484 2905 4549 “,
2935 4500 3044 4555 quo
3077 4499 3137 4540 se
3184 4487 3447 4555 quodam-

175 4568 581 4626 subsistentiam
611 4555 954 4631 ceciderunt,
987 4565 1126 4618 Deus
1155 4563 1317 4618 Pater
1360 4579 1458 4643 per
1496 4564 1655 4619 fidem
1706 4566 1759 4620 in

1866 4571 2026 4626 modo
2066 4571 2411 4627 intellectuali
2448 4582 2503 4628 et
2530 4574 2778 4628 rationali
2819 4554 3120 4640 creaturae,
3170 4554 3330 4645 prout
3364 4588 3449 4632 est

173 4659 376 4715 Filium
400 4671 554 4711 suum
580 4664 759 4719 vocat,
789 4663 850 4709 ut
883 4654 1011 4719 sint,
1042 4655 1180 4710 sicut
1209 4655 1261 4708 lii
1303 4655 1370 4720 ν’,
1416 4656 1508 4725 qui
1546 4655 1658 4726 jam
1704 4657 1759 4711 in

173 4753 394 4808 Christo
428 4750 597 4804 renati
632 4758 779 4804 sunt.
821 4746 1137 4817 Quanquam
1163 4756 1218 4801 et
1246 4749 1288 4779 ⁸⁸
1311 4746 1411 4804 hoc
1438 4749 1512 4802 ita
1529 4737 1760 4822 intelligi

174 4842 351 4915 possit
394 4849 448 4896 et
491 4842 559 4895 de
605 4841 711 4905 his,
759 4853 894 4909 quos
935 4838 1174 4908 quotidie
1206 4837 1249 4869 “
1273 4838 1416 4895 Deus
1438 4853 1508 4894 ex
1536 4842 1763 4896 secretis

174 4945 406 4990 naturae
441 4931 674 4997 sinibus,
721 4930 775 4985 in
822 4930 1018 5000 quibus
1065 4929 1422 4984 aestimantur
1470 4946 1577 4986 non
1618 4946 1759 4997 esse,

175 5038 362 5093 vocat,
394 5036 451 5081 ut
478 5033 773 5096 appareant
800 5023 1082 5079 visibiliter
1105 5024 1159 5077 in
1192 5024 1386 5089 forma,
1412 5035 1467 5080 et
1507 5028 1757 5092 materia,

176 5120 504 5190 ceterisque,
552 5120 608 5173 in
634 5118 830 5188 quibus
865 5117 1077 5175 occulta
1116 5132 1376 5189 apparere
1419 5130 1662 5189 possunt,
1706 5133 1763 5175 et

1866 4660 2137 4733 capacitas
2176 4662 2613 4732 uniuscujusque,
2643 4663 2897 4727 ostendit,
2929 4663 3069 4718 Deus
3102 4679 3262 4735 saepe
3285 4681 3314 4719 a
3361 4680 3449 4720 sa-

1866 4768 1956 4808 cra
1983 4751 2261 4823 Scriptura
2291 4756 2574 4810 vocitatur.
2607 4754 2707 4822 Qui
2739 4756 2929 4809 modus
2975 4770 3006 4809 a
3046 4755 3269 4812 Graecis
3295 4759 3449 4812 theo-

1865 4842 2085 4911 phania,
2120 4843 2223 4898 hoc
2247 4853 2349 4908 est,
2387 4842 2479 4899 Dei
2508 4845 2774 4913 apparitio
2800 4843 2936 4900 solet
2972 4845 3247 4915 appellari.
3284 4846 3450 4914 Cujus

1865 4935 2168 5006 exemplum
2199 4953 2213 4990 :
2258 4933 2377 4989 Vidi
2401 4934 2681 4989 Dominum
2719 4937 2997 4999 sedentem,
3048 4946 3103 4993 et
3142 4948 3321 5010 cetera
3352 4940 3475 4991 liti-'

1862 5024 2135 5095 jusmodi;
2163 5041 2285 5080 cuin
2311 5040 2417 5079 non
2451 5025 2619 5094 ipsius
2657 5026 2968 5092 essentiam,
3019 5028 3111 5082 sed
3152 5026 3352 5097 aliquid
3382 5028 3449 5080 ah

1869 5130 1935 5171 eo
1965 5116 2161 5171 factum
2205 5116 2423 5172 viderit.
2470 5115 2586 5171 Non
2634 5127 2719 5173 est
2762 5131 2890 5187 ergo
2940 5118 3155 5183 mirum,
3214 5117 3260 5171 si
3307 5118 3449 5171 trina

1458 5228 1713 5283 VAlllAE
1751 5222 2156 5286 LECTIONES.

250 5344 269 5374 ¹
296 5344 339 5395 Α
364 5357 478 5395 nec.
574 5339 691 5394 ’Sic
735 5336 902 5410 CDE,
932 5338 997 5410 7A
1060 5340 1386 5410 produxerit.

174 5413 350 5476 ADE;
381 5411 463 5465 BC
500 5409 778 5464 secundas.
852 5409 872 5442 τ
902 5409 943 5462 C

176 5484 389 5536 modm.
464 5480 506 5512 "
534 5480 620 5533 CE
641 5480 895 5543 substetit,
926 5478 967 5532 D
990 5478 1257 5534 subsistit.

177 5554 222 5584 ⁸⁸
248 5553 293 5606 C
320 5568 405 5605 ex.
484 5550 526 5581 "
556 5548 686 5604 (ὶοΕ
710 5549 915 5619 cotidie,
943 5550 1021 5603 sic
1044 5549 1259 5619 tibique.

1461 5341 1483 5373 ³
1528 5341 1618 5398 Sic
1661 5343 1795 5399 CDE
1815 5385 1830 5409 ,
1860 5344 1902 5396 Α
1930 5344 2171 5398 adduxit.

986 5419 1207 5479 partem.
1283 5411 1306 5442 ⁸
1350 5411 1406 5465 in
1449 5426 1558 5467 om.
1587 5413 1647 5469 C.
1724 5413 1746 5444 ⁹
1788 5414 2077 5469 Crirtutis.

1338 5482 1380 5512 “‘
1420 5483 1465 5535 A
1505 5484 1826 5538 substantiae
1846 5500 1993 5538 suae.
2071 5485 2117 5516 “
2141 5483 2186 5538 A
2210 5501 2350 5538 cum.

1336 5552 1381 5583 ²⁰
1402 5553 1448 5605 Α
1470 5554 1533 5606 de
1560 5556 1672 5619 Itis,
1697 5564 1754 5607 ut
1792 5555 2038 5608 arbitror.
2115 5556 2159 5585 “
2187 5556 2232 5608 Α
2259 5556 2379 5609 nisi.

177 5621 473 5685 Emmero,
495 5620 575 5674 sic
601 5620 798 5692 ultique
828 5617 1167 5692 Είςαπιενοηζ
1182 5621 1270 5675 AF
1304 5617 1689 5692 nonnunquam
1751 5624 2079 5678 Exaemeron
2151 5625 2197 5657 ’³
2242 5632 2279 5678 Α
2324 5626 2519 5678 dictum
2541 5634 2612 5677 est
2689 5622 2828 5692 "ea
2855 5635 2965 5692 om.
2990 5621 3061 5692 ᾼ.

3286 5340 3414 5372 ια’

2158 5384 2171 5397 .
2248 5342 2340 5398 δΑ
2399 5343 2614 5398 tertium
2646 5341 2875 5397 modum.
2954 5340 3045 5395 l‘C
3100 5341 3209 5411 qui.
3286 5340 3309 5372 ⁶
3359 5340 3450 5399 δῖε

2157 5413 2200 5445 ¹⁰
2224 5412 2269 5468 D
2303 5414 2515 5467 dicitur.
2596 5414 2636 5444 ¹¹
2664 5413 2706 5466 Α
2731 5410 3148 5466 distensionibus.
3227 5410 3271 5441 ¹¹
3299 5410 3342 5464 Α
3372 5412 3447 5464 est

2157 5483 2350 5533 \cum.
2426 5483 2472 5514 ¹⁶
2501 5482 2702 5533 videtur
2752 5497 2859 5533 om.
2908 5483 2970 5533 D.
3050 5481 3089 5512 ¹⁷
3128 5481 3185 5533 hi
3226 5496 3336 5533 om.
3380 5480 3445 5533 A.

2456 5483 2472 5514 ⁸
2501 5482 2702 5537 videtur
2752 5497 2859 5535 Otii.
2908 5483 2970 5535 D.
3050 5481 3089 5512 ¹⁷
3128 5481 3185 5535 hi
3226 5496 3336 5535 om.
3380 5481 3445 5535 A.

2456 5555 2502 5584 ¹¹
2524 5555 2569 5607 A
2589 5552 2840 5607 turbaret.
2916 5552 2984 5582 ²¹”
3011 5549 3191 5607 Corr..
3223 5550 3448 5605 ACDEF

2456 5640 2519 5674 im
2541 5634 2612 5674 est
2689 5622 2735 5653 ”
2767 5637 2828 5674 ea
2855 5635 2965 5674 om.
2996 5621 3061 5674 A.
3137 5620 3185 5651 "
3224 5621 3313 5674 Sit:
3337 5620 3448 5674 CD.

3268 5638 3313 5674 ll:
3337 5638 3448 5674 (λυ.

2248 5345 2271 5375 ⁸
2297 5342 2340 5398 Α
2399 5343 2614 5398 tertium
2646 5341 2875 5397 modum.
2954 5341 2976 5372 ⁵
3100 5341 3209 5411 qui.

175 5694 221 5722 ’⁸
246 5694 291 5744 Α
317 5707 491 5744 rerum
533 5691 790 5761 omnium.
824 5759 831 5761 ξ
860 5690 901 5720 ⁸⁷
936 5692 1508 5761 rerum—Apostolum
1544 5689 1667 5750 ειη.
1716 5691 1777 5747 D.
1853 5694 1899 5726 "
1938 5694 1983 5746 A
2025 5704 2199 5749 creata
2243 5706 2364 5748 sunt
2421 5697 2484 5748 ab
2533 5710 2637 5747 σα..
2715 5691 2759 5721 ²⁹
2797 5694 2838 5744 A
2872 5689 3256 5745 intellectualis.
3333 5689 3377 5722 ³⁸
3407 5690 3450 5742 D

173 5778 333 5829 quae.
413 5761 455 5790 ⁸¹
484 5761 528 5813 Α
554 5769 623 5811 et.
701 5760 744 5814 ξ’
775 5759 862 5812 ille
898 5764 1006 5812 diu.
1063 5760 1128 5812 Α.
