4028 6280
575 356 677 412 M7

1949 347 2229 405 JOANNIS
2269 348 2462 404 SCOTI

3779 350 3902 408 ££8

579 469 860 540 quaepiam
915 468 1152 539 cognitio
1183 467 1235 522 in
1263 465 1451 538 angelo
1496 464 1846 534 intelligatur.
1881 462 1995 518 Una
2042 460 2162 529 qui-
2194 464 2240 521 Α
2268 460 2662 515 discussimus..
2695 459 2840 512 DISC.
2875 459 3006 525 Quis
3028 457 3114 514 ille
3139 458 3236 522 sit,
3262 457 3421 514 velim
3463 470 3724 531 repetas;
3777 479 3897 517 ιιυη

576 563 696 616 dem
744 561 1007 630 superior,
1046 575 1186 630 quae
1236 558 1302 613 de
1357 558 1594 612 aeternis
1640 569 1820 608 rerum
1871 550 2165 606 rationibus

575 652 725 721 juxta
756 651 1087 723 praedictum
1135 649 1351 704 modum
1396 649 1571 719 primo
1621 647 1673 700 in
1722 659 1787 699 eo
1819 643 2160 712 exprimitur.

577 745 782 800 Deinde
810 747 949 814 quod
977 760 1041 798 ex
1073 743 1441 812 superioribus
1473 741 1691 810 excipit,
1733 739 1892 794 veluti
1922 738 1973 792 in
2004 737 2166 790 mira-

576 836 667 891 bili
693 844 852 904 atque
884 832 1137 888 ineffabili
1165 834 1398 902 quadam
1425 832 1684 886 memoria
1715 829 1815 884 sibi
1863 829 1964 897 ipsi
2011 841 2159 881 com-

578 927 766 990 mittit,
791 925 943 995 quasi
977 924 1239 994 quaedam
1280 923 1456 994 imago
1483 922 1730 992 imaginis
1759 935 2033 991 expressa.
2087 920 2166 972 Ac

579 1033 678 1088 per
704 1019 828 1081 hoc,
856 1018 899 1071 si
929 1016 1204 1085 superiora
1232 1027 1290 1070 se
1316 1014 1404 1067 tali
1441 1013 1597 1067 modo
1622 1019 1797 1080 potest
1820 1023 2164 1077 rognoscere,

579 1109 702 1178 quis
741 1108 935 1162 audeat
977 1107 1156 1161 dicere
1189 1109 1228 1171 ‘,
1263 1105 1576 1159 inferiorum
1605 1105 1877 1174 quandam
1909 1102 2168 1173 cognitio-

580 1215 703 1253 nem
729 1199 780 1252 in
808 1213 864 1252 se
894 1214 997 1251 non
1033 1196 1272 1251 habere?
1310 1195 1477 1250 Recte
1520 1195 1684 1262 igitur
1727 1194 1980 1248 dicuntur
2025 1207 2166 1256 esse,

580 1305 718 1359 quae
742 1289 948 1343 ratione
975 1297 1134 1356 atque
1177 1286 1448 1340 intellectu
1490 1284 1870 1354 comprehendi
1921 1291 2160 1353 possunt.

581 1380 732 1445 Quae
765 1394 891 1433 vero
919 1393 1133 1432 omnem
1177 1377 1439 1431 rationem
1486 1391 1548 1430 ac
1606 1374 1935 1428 intellectum
1973 1387 2169 1427 exuoe-

583 1479 724 1534 rant,
754 1477 899 1523 recte
927 1467 1174 1521 similiter
1200 1467 1456 1520 dicuntur
1483 1481 1586 1519 non
1613 1480 1752 1520 esse.

653 1560 705 1615 8.
740 1559 884 1612 DISC.
908 1556 1042 1624 Quid
1066 1571 1195 1627 ergo
1221 1556 1462 1611 dicemus
1485 1556 1550 1610 de
1575 1555 1660 1609 illa
1687 1554 1864 1608 futura
1892 1553 2165 1616 felicitate,

582 1664 718 1719 quae
746 1647 1075 1718 promittitur
1124 1645 1347 1710 sanctis,
1376 1660 1537 1714 quam
1571 1643 1704 1697 nihil
1739 1643 1882 1698 aliud
1919 1651 2171 1713 putamus

582 1756 702 1797 esse
740 1741 784 1804 ',
833 1747 1048 1808 praeter
1081 1737 1250 1804 ipsius
1292 1735 1505 1790 divinae
1532 1735 1797 1790 essentiae
1824 1749 2011 1804 puram
2045 1747 2172 1788 con-

2265 551 2409 606 enim
2479 552 2647 619 ipsius
2701 551 2742 580 ι’
2801 550 2999 605 recolo.
3068 549 3206 604 Mss.
3259 550 3687 617 Recordarisne,
3753 557 3898 622 quid

2266 643 2409 698 inter
2431 658 2529 696 nos
2552 651 2906 704 convenerat,
2936 641 3064 696 dum
3104 642 3168 696 de
3195 643 3467 698 Exemero
3490 648 3667 700 sancti
3702 648 3898 716 patris

2265 731 2551 803 Augustini
2615 731 2880 801 quaedam
2951 731 3302 785 dicebamus?
3360 735 3503 788 tusc.
3588 735 3901 790 Recordor

2266 823 2516 891 quidem;
2547 823 2640 878 sed
2673 832 2722 876 te
2753 822 2948 876 iterum
2976 822 3043 876 de
3086 822 3190 876 hoc
3234 822 3278 854 ⁸⁸
3315 824 3500 880 audire
3537 825 3687 879 Volo.
3739 826 3895 881 MAG.

2267 913 2512 968 lllovebat
2542 921 2623 977 te,
2655 922 2714 967 ut
2745 913 3000 978 arbitror,
3044 915 3313 982 quomodo
3351 918 3665 984 praedictus
3723 928 3900 986 pater

2269 1004 2465 1058 dixerit
2495 1004 2563 1068 ”,
2591 1019 2782 1060 causas
2809 1019 2989 1058 rerum
3015 1005 3406 1069 creandarum,
3444 1023 3582 1076 quae
3606 1018 3748 1063 aete
3761 1025 3895 1062 rna-

2270 1091 2398 1147 liter
2424 1093 2476 1147 in
2513 1093 2619 1148 Deo
2654 1102 2808 1158 sunt,
2848 1103 2901 1147 et
2932 1094 3072 1149 Deus
3109 1103 3269 1159 sunt,
3296 1096 3509 1167 angelos
3545 1099 3810 1166 primum
3845 1102 3897 1153 in

2271 1182 2379 1236 Deo
2405 1183 2778 1238 considerasse
2796 1223 2811 1247 ,
2838 1183 3033 1237 deinde
3070 1183 3122 1237 in
3156 1184 3379 1252 seipsis,
3405 1185 3595 1240 deinde
3625 1189 3897 1256 ipsarum

2267 1280 2641 1328 creaturarum
2679 1273 2923 1342 proprias
2961 1273 3169 1341 species
3202 1273 3640 1345 dill'erentiasque
3674 1293 3902 1348 cogno-

2269 1363 2441 1426 visse,
2471 1363 2514 1418 si
2547 1363 2639 1416 ulli
2671 1364 2714 1394 ¹⁸
2745 1373 3028 1419 creaturae
3064 1365 3245 1418 divina
3273 1367 3502 1420 essentia
3541 1383 3673 1421 cum
3719 1371 3901 1423 ratio-

2270 1453 2450 1517 nibus,
2474 1468 2612 1522 quae
2638 1454 2690 1507 in
2716 1468 2780 1507 ea
2804 1463 2952 1519 sunt,
2979 1455 3340 1510 essentialiter
3365 1466 3595 1525 nequeat
3618 1473 3899 1528 compre-

2271 1545 2551 1600 hensibilis
2589 1561 2727 1600 esse.
2772 1546 2915 1601 DISC.
2952 1546 3146 1600 Totum
3185 1555 3363 1601 teneo.
3407 1546 3550 1603 MAG.
3587 1547 3894 1604 Recorda-
3939 1550 3960 1572 '

2271 1635 2440 1700 risne,
2459 1635 2586 1704 quid
2601 1637 2664 1690 ad
2687 1635 2822 1690 haec
2843 1635 2886 1667 ¹⁶
2910 1635 3367 1706 respondebamus
3396 1637 3472 1691 ‘7?
3495 1638 3644 1692 DISC.
3683 1639 3900 1710 Utique

2273 1725 2547 1788 recordor,
2591 1723 2637 1778 si
2669 1738 2755 1778 me
2793 1725 3052 1778 memoria
3098 1739 3206 1780 non
3247 1724 3400 1779 fallit.
3440 1726 3676 1782 Dicebas
3709 1730 3896 1790 anim,

584 1827 984 1898 templationem
1022 1835 1184 1895 atque
1225 1826 1615 1889 immediatam,
1648 1826 1787 1879 sicut
1833 1824 1910 1878 ait
1957 1831 2176 1878 sanctus
2208 1824 2252 1883 Β
2281 1829 2386 1869 non
2415 1815 2561 1884 ipsas
2591 1830 2784 1870 causas
2813 1829 3015 1879 rerum,
3039 1830 3178 1885 quae
3206 1815 3258 1870 in
3288 1817 3466 1872 divina
3487 1818 3743 1872 essentia
3772 1821 3898 1874 sub-

587 1919 918 1987 evangelista
953 1916 1189 1972 Joannes
1219 1935 1231 1969 :
1263 1914 1487 1976 Scimus,
1514 1917 1636 1987 quia
1677 1915 1773 1984 ﬁlii
1822 1914 1915 1968 Dei
1963 1930 2167 1977 sumus,

583 2020 630 2064 et
653 2009 885 2063 nondum
911 2009 1173 2078 apparuit,
1206 2008 1330 2077 quid
1353 2009 1578 2070 erimus;
1620 2024 1737 2060 cum
1783 2017 1954 2060 autent
2002 2022 2170 2075 appa-

582 2097 763 2161 ruerit,
791 2096 982 2150 similes
1009 2097 1056 2150 ei
1084 2096 1313 2161 erimus;
1346 2096 1626 2148 videbimus
1649 2097 1788 2149 enim
1825 2111 1966 2160 eum,
2017 2095 2170 2148 sicuti

581 2194 676 2238 est.
703 2185 832 2238 Item
866 2183 1139 2252 apostolus
1164 2183 1360 2236 Paulus
1390 2183 1409 2213 ³
1438 2203 1450 2236 :
1487 2183 1642 2236 Nunc
1673 2184 1899 2237 ridemus
1926 2199 2020 2252 per
2064 2198 2172 2247 spe-

583 2276 759 2330 culum
782 2277 837 2329 in
863 2277 1173 2345 aenigmate,
1200 2285 1322 2328 tunc
1353 2285 1524 2328 autem
1555 2276 1688 2343 facie
1709 2276 1776 2328 ad
1801 2275 2008 2344 faciem.
2037 2273 2168 2327 ltem

589 2367 649 2422 S.
675 2367 1005 2437 Augustinus
1034 2366 1248 2431 inilibro
1273 2367 1339 2420 de
1365 2366 1594 2420 Civitate
1621 2365 1714 2420 Dei
1739 2365 1878 2419 XXII
1903 2365 1968 2420 de
1993 2363 2174 2418 futura

586 2457 1037 2526 contemplatione
1062 2457 1292 2520 divinae,
1327 2465 1384 2509 ut
1421 2457 1678 2521 arbitror,
1704 2455 1971 2510 essentiae
2001 2454 2171 2509 dicit:

589 2545 696 2599 Per
717 2561 956 2614 corpora,
979 2560 1112 2614 quae
1136 2543 1473 2613 gestabimus,
1498 2545 1553 2597 in
1585 2545 1724 2597 omni
1753 2559 1987 2612 corpore,
2011 2543 2174 2613 quod-

588 2654 792 2709 cunque
817 2636 1119 2700 videbimus,
1151 2652 1566 2706 quaquaversum
1594 2634 1770 2688 oculos
1802 2634 1966 2688 nostri
1994 2650 2174 2702 corpo-

592 2729 664 2782 ris
701 2727 1066 2791 duxerimus‘,
1093 2728 1261 2797 ipsum
1301 2726 1580 2780 Dominum
1625 2724 1896 2794 perspicua
1935 2723 2176 2776 claritate

587 2818 1067 2889 contemplabimur.
1108 2818 1242 2873 Nam
1288 2819 1334 2872 si
1380 2817 1654 2887 angelicae
1706 2814 2175 2885 contemplationis

589 2911 933 2981 purissimam
1004 2909 1255 2964 virtutem
1304 2909 1326 2940 ⁸
1378 2909 1590 2964 divinae
1635 2909 1903 2963 essentiae
1957 2915 2176 2977 superat

589 3002 861 3066 altitudo;
899 3000 1188 3071 praedictis
1208 3000 1351 3054 enim
1397 2999 1699 3053 rationibus
1737 2997 2042 3053 conlectum
2069 3006 2172 3061 est,

590 3089 824 3144 divinam
855 3088 1143 3143 essentiam
1173 3087 1300 3141 nulli
1334 3087 1678 3142 intellectuali
1715 3094 1996 3141 creaturae
2036 3101 2176 3140 com-

2274 1907 2496 1971 sistnnt,
2541 1907 2760 1978 angelos
2797 1907 3017 1973 vidisse,
3061 1908 3157 1963 sed
3195 1910 3456 1978 quasdam
3503 1911 3898 1980 apparitione:

2275 1999 2486 2052 divinas
2507 2039 2521 2063 ,
2544 2014 2712 2068 quas,
2744 2008 2802 2052 ut
2834 2000 2914 2053 ais
2935 2039 2950 2062 ,
2979 1999 3336 2070 theophanias
3364 2000 3555 2056 Graeci
3578 2002 3896 2072 appellant,

2274 2102 2671 2157 causarumque
2711 2097 3088 2154 aeternarum,
3135 2103 3362 2158 quarum
3409 2089 3680 2158 imagines
3725 2103 3894 2154 sunt,

2276 2181 2495 2236 nomine
2542 2181 2586 2212 ’⁸
2631 2181 2946 2250 appellatas.
2992 2180 3259 2235 Addidisti
3305 2180 3492 2246 etiam,
3536 2197 3644 2235 non
3705 2182 3897 2237 solum

2277 2273 2449 2342 ipsam
2504 2272 2545 2304 ¹⁹
2601 2274 2836 2328 divinam
2893 2272 3185 2326 essentiam
3239 2271 3770 2350 incommutabiliter
3842 2275 3897 2326 in

2275 2365 2452 2434 seipsa
2489 2365 2812 2419 cxistentem
2853 2364 3020 2418 Demn
3057 2362 3268 2426 vocari,
3309 2363 3404 2417 sed
3436 2362 3600 2417 etiam
3643 2363 3806 2432 ipsas
3851 2364 3898 2394 "

2280 2455 2654 2524 theophanias,
2685 2469 2824 2524 quae
2849 2470 2915 2510 ex
2941 2469 3026 2516 ea,
3059 2463 3115 2508 et
3135 2454 3200 2508 de
3220 2468 3303 2518 ea,
3337 2453 3390 2507 in
3423 2462 3618 2508 natura
3657 2454 3895 2530 gntelle—

2277 2548 2440 2600 ctuali
2463 2548 2861 2618 exprimuntur,
2878 2547 2970 2602 Dei
2995 2547 3211 2601 nomine
3232 2545 3554 2615 praedicari.
3573 2545 3720 2600 Msa.
3740 2546 3897 2601 Bene

2279 2645 2461 2701 tenes;
2495 2637 2567 2690 ita
2594 2638 2736 2690 enim
2761 2637 3013 2691 diximus.
3040 2635 3186 2690 Dtsc.
3213 2634 3320 2690 Sed
3347 2636 3474 2706 quid
3502 2636 3571 2689 ad
3601 2637 3893 2708 negotium

2277 2741 2534 2795 praesens
2568 2727 2837 2796 pertinet?
2876 2725 3014 2780 MAG.
3060 2724 3176 2779 Non
3216 2741 3442 2795 parum,
3482 2734 3543 2778 ut
3582 2725 3784 2789 video;
3827 2740 3895 2780 en

2276 2816 2422 2869 enim
2467 2817 2626 2870 modo
2667 2825 2721 2870 et
2761 2811 2982 2886 angelos
3029 2813 3196 2868 Deum
3236 2827 3450 2884 semper
3491 2814 3683 2868 videre
3734 2814 3892 2868 arbi-

2279 2914 2392 2960 tror
2425 2906 2489 2970 ἰ,
2533 2906 2710 2974 justos
2750 2920 2966 2976 quoque
3001 2913 3056 2958 et
3098 2905 3151 2958 in
3197 2904 3297 2958 hac
3331 2903 3465 2968 vita,
3510 2905 3640 2957 dum
3684 2905 3895 2959 mentis

2277 3011 2556 3051 excessum
2587 2997 2883 3065 patiuntur,
2910 3005 2967 3050 et
2993 2996 3045 3050 in
3075 2993 3260 3049 futuro
3287 2996 3430 3050 sicut
3457 2996 3637 3064 angeli
3666 2997 3895 3050 visuros

2277 3103 2416 3142 esse.
2450 3087 2565 3141 Non
2591 3103 2719 3158 ergo
2760 3088 2931 3156 ipsum
2965 3086 3132 3141 Deum
3163 3101 3260 3155 per
3286 3086 3642 3155 semetipsum
3677 3088 3894 3142 videbi-

589 3178 1005 3248 prehensibilem
1042 3192 1183 3240 esse,
1227 3192 1366 3247 quae
1395 3177 1417 3208 ⁸
1445 3177 1680 3232 maxime
1706 3177 1760 3230 in
1813 3177 2018 3246 angelis
2054 3191 2180 3230 con-
2207 3173 2250 3230 (ἶ
2285 3197 2425 3245 mus,
2475 3181 2601 3251 quia
2647 3195 2823 3249 neque
2871 3179 3044 3250 angeli
3096 3180 3309 3241 vident;
3369 3179 3473 3234 hoc
3516 3179 3667 3232 enim
3736 3180 3892 3234 omni

593 3269 785 3324 sistere
833 3268 1050 3323 dubium
1099 3283 1203 3323 non
1253 3275 1381 3332 est;
1411 3268 1564 3321 nobis
1617 3281 1830 3337 quoque
1881 3266 2022 3320 nulla
2073 3265 2176 3320 alia

593 3359 823 3416 felicitas
860 3361 1212 3430 promittitur,
1253 3375 1414 3430 quam
1459 3360 1526 3413 ad
1579 3360 1877 3429 angelicam
1929 3365 2178 3411 naturam

593 3451 890 3519 aequalitas
941 3469 952 3504 :
1009 3450 1277 3520 quomodo
1329 3451 1596 3504 humanae
1661 3458 1886 3505 naturae
1951 3449 2180 3504 felicitas

595 3539 808 3593 divinae
852 3539 1116 3593 essentiae
1160 3539 1496 3593 altitudinem
1543 3539 1897 3608 contemplari
1939 3539 2180 3594 valebit?

595 3629 734 3684 Msa.
751 3630 917 3683 Acnte
941 3646 1003 3683 ac
1024 3630 1339 3700 vigilanter;
1369 3646 1473 3684 non
1501 3631 1644 3685 enim
1675 3632 1791 3686 sine
1814 3647 1977 3686 causa
2001 3633 2053 3686 in
2079 3615 2208 3688 hoc.

595 3721 847 3776 moveris.
862 3720 966 3774 Sed
983 3721 1075 3774 tibi
1090 3721 1331 3776 sullieere
1345 3723 1839 3792 aestitnarim,quod
1859 3725 2009 3793 prius
2021 3740 2181 3794 gene-

599 3810 787 3864 raliter
806 3811 872 3864 de
896 3812 1038 3865 omni
1065 3813 1332 3866 suasimus
1353 3821 1602 3866 creatura
1624 3815 1666 3866 ".
1693 3813 1834 3868 DISC.
1861 3813 1997 3881 Quid
2020 3814 2180 3869 illud?

597 3900 849 3970 Repetas,
862 3911 1003 3971 peto.
1021 3901 1158 3956 Mss.
1178 3901 1364 3958 Nonne
1377 3903 1752 3960 universaliter
1770 3904 2114 3960 deﬁnivimus
2129 3906 2176 3972 ⁸,

596 3990 830 4044 divinam
847 3992 1136 4046 essentiam
1157 3992 1283 4046 nulli
1302 4008 1562 4062 corporeo
1577 3996 1778 4059 sensui,
1808 3995 1934 4049 nulli
1962 3997 2176 4062 rationi,

597 4080 726 4135 nulli
779 4095 872 4136 seu
918 4082 1152 4136 humano
1200 4098 1294 4137 seu
1353 4084 1595 4154 angelico
1642 4085 1930 4140 intellectui
1974 4101 2071 4155 per
2120 4102 2178 4141 sc

598 4174 769 4244 ipsam
816 4175 1356 4244 comprehensibilem
1386 4179 1406 4209 °
1439 4177 1592 4231 esse?
1624 4176 1666 4208 ⁸⁸
1696 4177 1839 4230 DISC.
1878 4177 2176 4243 Recordor,

596 4278 661 4318 ac
683 4279 767 4317 me
786 4263 864 4317 sic
885 4264 1176 4333 sumpsisse
1202 4279 1400 4334 negare
1427 4279 1530 4318 non
1553 4279 1791 4334 possum.
1807 4264 1938 4330 Sed,
1966 4277 2027 4322 ut
2045 4269 2176 4322 mihi

598 4353 834 4414 videtur,
861 4361 954 4407 aut
982 4353 1068 4407 illa
1096 4355 1366 4422 praedicta
1385 4353 1661 4410 conclusio
1682 4357 1898 4425 penitus
1917 4357 2176 4426 solvetur,

597 4452 653 4497 et
679 4442 1024 4496 intellectuali
1063 4453 1344 4499 creaturae
1381 4444 1597 4499 divinae
1636 4447 1906 4503 essentiae
1949 4464 2046 4518 per
2093 4465 2178 4505 se-

2280 3281 2563 3328 creaturae
2619 3272 2949 3340 impossibile
2995 3280 3113 3336 est;
3167 3271 3311 3324 solus
3371 3284 3632 3340 namque,
3693 3280 3755 3324 ut
3813 3272 3893 3324 ait

2279 3361 2568 3431 Apostolus
2593 3403 2608 3427 ,
2661 3361 2812 3415 habet
2855 3360 3334 3424 immortalitatem,
3373 3371 3420 3414 et
3460 3361 3631 3414 lucem
3679 3362 3891 3415 habitat

2279 3452 2685 3507 inaccessibilem
2704 3466 2722 3504 :
2739 3451 2831 3507 sed
2850 3452 3110 3522 quasdam
3125 3450 3295 3506 laetas
3309 3451 3374 3505 ab
3395 3466 3460 3505 eo
3479 3452 3532 3505 in
3556 3451 3719 3507 nobis
3736 3453 3892 3506 theo-

2282 3541 2510 3610 phanias
2539 3540 3044 3612 contemplabimur.
3090 3539 3204 3594 Non
3228 3541 3273 3571 ²²
3310 3541 3688 3610 unusquisque
3735 3543 3886 3597 enim

2279 3631 2574 3686 secundum
2602 3646 2732 3686 suae
2751 3631 3058 3686 sanctitatis
3084 3639 3244 3700 atque
3274 3630 3571 3700 sapientiae
3598 3630 3888 3685 celsitudio

2281 3737 2402 3776 nem
2431 3723 2496 3777 ab
2523 3737 2625 3776 una
2653 3722 2949 3790 eademque
2977 3719 3168 3784 forma,
3196 3736 3358 3790 quam
3379 3721 3560 3774 omnia
3589 3732 3884 3790 appetunt.

2283 3815 2376 3870 Dei
2427 3815 2659 3870 Verbum
2733 3815 2873 3877 dico,
2927 3813 3283 3868 formabitur?
3350 3813 3465 3883 Ipsa
3521 3829 3764 3882 namque
3818 3814 3883 3867 de

2281 3905 2456 3973 seipsa
2511 3904 2747 3973 loquitur
2789 3903 2840 3957 in
2885 3902 3170 3973 Evangelio
3202 3920 3214 3955 :
3248 3902 3315 3955 In
3355 3903 3512 3954 domo
3554 3900 3741 3955 Patris
3783 3903 3885 3956 mei

2281 3995 2573 4047 mansiones
2618 3993 2812 4047 multae
2855 3993 2899 4023 ³³
2942 4003 3098 4057 sunt;
3147 3993 3382 4062 seipsam
3439 3993 3664 4046 domum
3689 3993 3884 4046 Patris

2280 4085 2579 4154 appellans,
2603 4100 2740 4155 quae
2755 4101 2877 4139 cum
2905 4086 2976 4140 sit
2999 4102 3100 4139 una
3119 4086 3435 4155 eademque,
3454 4085 3882 4140 incommutabi-

2281 4175 2452 4244 lisque
2481 4185 2824 4245 permaneat,
2867 4175 3143 4245 multiplex
3179 4184 3355 4230 tamen
3392 4175 3664 4230 videbitur
3690 4175 3738 4204 “
3773 4177 3880 4237 his,

2279 4269 2474 4338 quibus
2509 4268 2636 4323 inse
2661 4269 2708 4300 "
2733 4269 2978 4322 habitare
3009 4267 3285 4339 largietur.
3312 4265 3447 4321 Nam
3473 4269 3876 4338 unusquisque.

2281 4367 2340 4412 ut
2361 4359 2613 4424 diximus,
2637 4359 2896 4430 unigeniti
2924 4359 3014 4412 Dei
3043 4359 3205 4413 Verbi
3232 4357 3278 4388 "
3308 4358 3558 4412 notitiam
3590 4357 3645 4411 in
3689 4360 3879 4428 seipsa

2281 4450 2607 4520 possidebit,
2638 4461 2900 4521 quantum
2932 4451 2982 4506 ei
3007 4451 3179 4522 gratia
3213 4450 3522 4505 donabitur.
3553 4448 3695 4518 Quot
3723 4453 3876 4505 enim

602 4531 773 4602 ipsam
813 4532 1318 4602 contemplationem
1360 4533 1638 4600 dabimus;
1681 4545 1792 4602 aut,
1820 4538 1864 4592 si
1892 4538 2022 4593 solvi
2071 4555 2176 4595 non
2207 4519 2259 4579 D
2282 4557 2540 4598 numerus
2593 4552 2677 4598 est
2716 4544 2759 4575 ’⁷
2810 4542 3135 4606 electorum,
3171 4550 3250 4596 tot
3285 4543 3385 4597 erit
3417 4556 3674 4596 numerus
3710 4558 3878 4596 man-

601 4629 798 4690 potest,
817 4622 1064 4690 quoniam
1079 4623 1394 4678 certissimis
1413 4625 1707 4682 rationibus
1721 4628 1951 4683 stabilita
1966 4639 2070 4696 est,
2088 4646 2178 4686 ne-

603 4713 900 4767 cessarium
927 4714 1105 4779 erit“,
1129 4723 1187 4768 ut
1209 4717 1421 4772 modum
1446 4718 1659 4776 divinae
1678 4722 2175 4793 contemplationis,

602 4817 740 4871 quae
769 4803 974 4859 sanctis
1008 4805 1060 4858 in
1089 4803 1271 4862 futuro
1300 4809 1652 4876 promittitur,
1683 4812 1808 4867 etin
1836 4828 1940 4882 qua
1963 4828 2176 4883 semper

601 4893 774 4961 angeli
807 4895 1137 4961 subsistunt,
1175 4897 1319 4952 veris
1361 4900 1658 4958 rationibus
1698 4904 2175 4976 probabilibusque

599 4980 862 5049 exemplis
915 4983 1181 5040 absolvas.
1240 4985 1377 5041 ΜΑο.
1438 4987 1609 5056 Quem
1649 4993 1863 5047 modum
1916 5009 2178 5063 quaeras,

603 5070 822 5141 ignoro,
857 5082 1072 5142 praeter
1119 5075 1263 5130 illum
1285 5117 1300 5142 ,
1333 5077 1400 5132 de
1436 5095 1542 5149 quo
1580 5081 1738 5150 paulo
1775 5091 1901 5138 ante
1946 5084 2180 5140 breviter

2279 4633 2525 4696 sionum;
2558 4643 2760 4702 quanta
2798 4634 2962 4688 fuerit
2986 4642 3298 4688 sanctarum
3329 4634 3636 4687 animarum
3662 4634 3706 4664 “
3740 4636 3879 4689 mul-

2279 4723 2561 4792 tiplicatio,
2595 4732 2740 4778 tanta
2781 4723 2884 4777 erit
2909 4724 3211 4778 divinarum
3245 4723 3698 4792 theophaniarum
3745 4741 3877 4794 pos-

2275 4814 2466 4869 sessio.
2511 4815 2652 4870 Dtsc.
2704 4813 3008 4869 Verisimile
3035 4815 3265 4868 videtur.
3309 4813 3446 4869 MAG.
3498 4813 3663 4870 Recte
3705 4817 3875 4879 dicis,

2274 4904 2584 4960 verisimile.
2621 4905 2752 4972 Quis
2777 4905 2920 4960 enim
2946 4905 3011 4960 de
3036 4903 3230 4959 talibus
3261 4903 3487 4958 lirmarit
3512 4903 3556 4935 "
3586 4904 3659 4958 ita
3681 4915 3873 4958 aeter-

2278 4995 2470 5050 ualiter
2499 5011 2637 5060 esse,
2662 4996 2788 5050 dum
2817 4997 2958 5051 vires
2990 4997 3256 5051 humanae
3277 4996 3454 5051 adhuc
3485 4997 3536 5050 in
3561 4996 3662 5050 hac
3689 4996 3873 5068 fragili

2276 5102 2438 5144 carne
2465 5089 2779 5144 intentionis
2801 5090 3088 5144 videantur
3105 5089 3148 5120 ⁸ο
3173 5088 3470 5143 excedere?

1875 5213 2127 5269 VARIAE
2164 5215 2561 5274 LECTIONES.

677 5300 693 5372 ἕ
718 5298 892 5352 dicere
915 5313 1023 5353 om.
1048 5301 1112 5354 D.
1187 5303 1206 5332 ‘
1233 5303 1277 5356 A
1305 5320 1413 5356 esse
1439 5313 1702 5372 putamus.

607 5368 626 5399 '
660 5371 701 5422 Δ
730 5381 968 5421 creatura
992 5373 1271 5424 suasimus.

603 5511 669 5581 de
707 5519 764 5581 te
808 5509 1156 5581 iterumghoc.
1215 5511 1263 5581 ξι
1309 5512 1351 5564 Α
1390 5509 1726 5581 praedixerit.

605 5577 854 5630 derinms.
983 5579 1026 5611 ³⁸
1068 5578 1158 5634 Sic
1202 5577 1399 5645 CDE;'
1431 5583 1468 5634 A
1526 5585 1620 5636 hoc
1667 5584 1901 5638 nomine.

603 5664 714 5699 out.
745 5649 783 5700 D
855 5648 896 5677 "
923 5646 1011 5704 AC
1042 5660 1096 5703 ut
1123 5649 1374 5703 arbitror.
1475 5653 1520 5683 ²¹
1550 5651 1669 5706 Non
1716 5670 1822 5707 om.
1850 5655 1912 5708 Λ.

606 5718 644 5768 Δ
677 5719 802 5785 ipse.
881 5719 924 5748 “
959 5719 1002 5771 Δ
1042 5717 1190 5772 l’erbi
1216 5719 1328 5773 Dei.
1407 5723 1448 5752 ’⁷
1479 5723 1566 5776 Sic
1593 5724 1753 5789 (20E;
1785 5737 1859 5779 est
1883 5743 1988 5780 om.
2011 5727 2074 5780 Α.

1780 5304 1800 5335 ³
1829 5301 2030 5359 Paulus
2060 5322 2169 5361 om.
2199 5308 2352 5363 ΑΒΕ.

1374 5373 1556 5449 ‘t.DE
1608 5375 1958 5449 «ti/ﬁnivimus,
2029 5377 2106 5430 sic
2167 5379 2388 5446 ubique,
2443 5381 2485 5433 A
2538 5397 2718 5449 saepe.

604 5438 766 5515 CDE;
813 5438 865 5515 ,Α
912 5439 1062 5515 addit
1105 5458 1118 5494 :
1165 5441 1477 5515 Recordaris
1514 5438 1938 5515 quod'fsuperius
1988 5438 2391 5515 proposuimus?

1807 5515 1849 5544 ’⁵
1894 5515 1983 5568 Sic
2033 5517 2148 5582 DE;
2197 5517 2237 5572 C
2286 5520 2416 5573 nulli

2033 5586 2090 5661 ¹⁹λ
2127 5588 2218 5642 Sic
2248 5589 2429 5661 ‘CDE;
2483 5592 2652 5661 ipsum
2717 5608 2826 5644 om.
2886 5591 2949 5644 Α.

1989 5655 2033 5686 ’³
2066 5658 2107 5711 Α
2148 5657 2342 5713 multae
2368 5655 2678 5713 mansiones.
2752 5663 2796 5690 "’
2831 5662 2869 5714 Α
2902 5661 3123 5714 videtur.

2156 5729 2199 5760 ’⁸
2216 5730 2258 5783 D
2271 5732 2566 5783 animarum
2598 5741 2918 5784 sanctarum.

2980 5310 3008 5387 ξ
3029 5307 3494 5387 virtutem-omni}.
3569 5305 3590 5335 ⁸
3617 5307 3657 5358 Α
3681 5323 3869 5387 lunam.

2837 5383 2858 5414 ⁹
2909 5381 2949 5432 D
2990 5377 3574 5446 incompreltensibilem.
3683 5377 3727 5406 ¹⁹
3779 5378 3874 5432 Sic

2501 5447 2647 5529 ’ξίν
2681 5460 2818 5529 eis-
2993 5449 3085 5529 δίο
3136 5447 3637 5529 οι).¹ελ.Αιξιξεκιὶξ·
3744 5448 3794 5478 ¹³
3828 5450 3868 5500 Α

2490 5521 2532 5552 ’⁸
2563 5521 2651 5575 Sic
2689 5520 2857 5586 CDE;
2913 5521 2956 5573 Α
2999 5520 3115 5572 hoc.
3197 5519 3237 5549 "
3285 5517 3376 5572 Sic
3425 5516 3530 5577 CD,
3571 5515 3614 5569 Ε
3649 5531 3871 5585 respon-

2490 5592 2652 5641 insam
2717 5608 2826 5641 oin.
2886 5591 2949 5641 Α.
3060 5590 3106 5619 ¹⁰
3155 5604 3263 5641 om.
3335 5587 3396 5641 Ι).
3446 5587 3670 5639 divinam
3720 5587 3868 5641 ipsas

3251 5627 3263 5640 .
3335 5604 3396 5640 U.
3446 5604 3670 5639 arvinam
3720 5604 3842 5640 Ipsa

3155 5604 3263 5644 om.
3335 5604 3396 5641 υ.
3446 5604 3670 5639 arvinam
3720 5604 3868 5656 ipsa:

3201 5659 3248 5688 "
3290 5657 3379 5712 Sic
3402 5657 3560 5718 CDI‘Z;
3591 5659 3688 5726 pro
3729 5661 3786 5709 in
3817 5674 3868 5709 se

2993 5731 3038 5761 ”
3066 5732 3109 5784 A
3138 5729 3396 5797 ﬁrmaret.
3472 5728 3516 5758 ³⁰
3545 5728 3587 5779 Α
3623 5728 3867 5780 rideatur

2430 5309 2452 5340 ‘
2470 5311 2510 5363 A
2539 5311 2903 5364 direxerimus.
