4028 6280
252 425 372 480 449

1150 425 1239 480 DE
1274 425 1610 483 DIVISIONE
1647 425 1995 484 NATURAE.
2034 453 2106 464 —-
2140 423 2342 480 LIBER
2374 422 2652 481 PRIMUS.

3411 425 3519 483 450

331 537 387 590 9.
428 535 570 591 DISC.
603 532 707 589 Sed
745 534 929 601 velim,
956 536 1085 606 quid
1113 538 1178 591 de
1223 537 1325 593 hac
1354 538 1675 608 theophania
1711 554 1840 594 con-
1868 545 1919 603 Α
1945 536 2177 592 tellectus
2198 539 2623 608 comprehendere
2642 539 2884 607 potuerit,
2907 540 2961 594 id
2982 542 3149 611 ipsum
3175 542 3254 611 ﬁt.
3274 541 3334 597 in
3354 531 3527 614 quan‘

248 626 429 695 jicere
454 628 626 698 possis
648 669 662 692 ,
695 628 932 683 breviter
970 628 1210 699 aperias;
1243 630 1344 686 hoc
1372 640 1486 697 est,
1524 631 1653 702 quid
1688 631 1706 662 ³
1750 631 1843 696 sit,

256 719 407 774 unde
446 719 550 785 sit,
579 718 669 773 ubi
708 719 799 785 sit,
834 729 1014 774 utrum
1043 729 1193 775 extra
1237 736 1361 787 nos,
1392 735 1460 776 an
1501 722 1640 776 intra
1680 737 1779 778 nos
1822 722 1842 752 ¹

258 809 533 865 formatur
580 811 622 864 ³.
670 810 810 867 MAG.
858 811 1042 867 Altum
1090 814 1339 882 quaeris,
1391 822 1449 869 et
1492 816 1675 870 nescio
1718 814 1847 883 quid

258 903 429 957 altius
466 902 715 959 humanis
766 893 1203 972 inquisitionibus
1247 902 1364 959 ﬁeri
1425 904 1612 974 possit.
1662 905 1845 959 Dicam

258 1005 471 1060 tamen,
486 996 626 1064 quod
649 1010 811 1066 super
828 996 932 1052 hac
946 1010 1007 1050 re
1028 996 1080 1051 in
1101 996 1254 1051 libris
1272 1004 1580 1052 sanctorum
1602 994 1845 1061 Patrum,

255 1091 360 1160 qui
396 1090 522 1145 talia
551 1091 670 1145 ausi
697 1099 821 1146 sunt
847 1091 1045 1157 dicere,
1084 1090 1231 1160 potui
1276 1089 1535 1144 invenire.
1573 1088 1721 1144 DISC.
1752 1088 1848 1144 Dic

253 1196 490 1250 quaeso.
521 1181 661 1238 MAG.
686 1183 911 1249 Quaeris
952 1183 1153 1252 itaque,
1176 1182 1305 1252 quid
1336 1183 1430 1248 sit,
1468 1190 1523 1237 et
1548 1183 1569 1214 δ
1598 1184 1755 1246 unde,
1793 1191 1849 1238 et

255 1274 381 1328 ubi.
414 1273 564 1329 DISC.
597 1273 794 1329 Etiam.
825 1273 966 1329 MAG.
994 1274 1285 1329 Maxin‘mm
1326 1274 1678 1339 monachum,
1715 1275 1849 1328 divi-

255 1382 396 1421 num
424 1367 825 1438 philosophum,
856 1368 910 1423 in
938 1369 1274 1439 expositione
1301 1369 1624 1424 Sermonum
1655 1368 1849 1438 GregO'

252 1458 330 1514 rii
354 1458 613 1530 Theologi
660 1459 728 1515 de
769 1460 871 1514 hac
894 1460 1215 1530 theophania
1253 1460 1513 1515 altissime
1541 1467 1702 1529 atque
1723 1459 1849 1515 sub-

254 1551 517 1607 tilissime
550 1552 571 1582 ⁸
600 1552 901 1621 disputasse
941 1553 1260 1623 reperimus.
1284 1553 1375 1607 Ait
1397 1552 1565 1618 enim,
1595 1552 1847 1621 theopha-

254 1642 406 1695 niam
444 1643 570 1712 eﬂici
618 1660 721 1697 non
759 1643 970 1698 aliunde
1017 1644 1037 1675 ‘
1077 1644 1176 1698 nisi
1205 1661 1269 1698 ea:
1303 1643 1442 1710 Deo,
1482 1644 1600 1711 ﬁeri
1636 1660 1751 1698 vero
1786 1659 1850 1697 ex

254 1735 695 1789 condescensione
738 1736 896 1790 divini
950 1734 1125 1801 Verbi,
1154 1735 1250 1790 hoc
1289 1744 1386 1799 est,
1414 1735 1662 1805 unigeniti
1694 1732 1847 1797 Filii,

252 1828 351 1896 qui
401 1837 476 1882 est
519 1829 774 1899 sapientia
817 1826 1019 1893 Patris,
1065 1827 1220 1883 veluti
1270 1828 1510 1882 deorsum
1554 1843 1730 1881 versus
1778 1826 1846 1880 ad

1952 639 2063 685 tum
2096 646 2224 702 ergo
2251 631 2461 686 animus
2486 632 2739 686 virtutem
2776 634 3200 703 comprehendit,
3234 635 3289 691 in
3315 643 3525 694 tantum

1950 723 2064 791 ipse
2086 722 2259 777 virtus
2288 721 2367 776 ﬁt.

2020 817 2107 872 10.
2139 816 2343 875 Horum
2367 826 2547 874 autem
2584 818 2827 889 exempla
2873 819 2919 873 si
2957 820 3198 889 quaeris,
3239 823 3307 878 ab
3334 823 3527 878 eodem

1948 908 2181 963 Maximo
2220 909 2619 965 evidentissima
2645 911 2817 979 posita
2850 896 2982 965 'sunt
3008 910 3091 964 “:
3135 909 3282 966 Sicut
3319 914 3455 967 enim
3482 913 3529 945 “

1949 1018 2040 1055 aer
2060 1020 2092 1055 a
2120 1001 2227 1055 sole
2248 1001 2573 1057 illuminatus
2602 1002 2732 1057 nihil
2753 1002 2899 1056 aliud
2920 1003 3121 1057 videtur
3146 992 3255 1057 esse
3279 1004 3379 1058 nisi
3411 1003 3529 1071 lux,

1949 1108 2051 1147 non
2077 1094 2199 1162 quia
2221 1092 2302 1147 sui
2332 1102 2575 1147 naturam
2604 1094 2807 1163 perdat,
2838 1092 2928 1146 sed
2953 1094 3078 1163 quia
3095 1092 3188 1146 lux
3213 1094 3267 1147 in
3291 1110 3350 1148 eo
3373 1110 3529 1164 prae-

1949 1181 2114 1235 valeat
2145 1182 2185 1213 ¹⁷
2221 1222 2236 1247 ,
2281 1191 2338 1236 ut
2376 1182 2433 1236 id
2470 1188 2642 1252 ipsum
2672 1182 2804 1237 lucis
2849 1183 2891 1215 ¹⁸
2924 1199 3033 1237 esse
3079 1183 3417 1251 aestimetur;
3447 1184 3525 1239 sic

1949 1273 2178 1327 humana
2208 1284 2397 1328 natura
2423 1274 2532 1328 Deo
2553 1275 2828 1344 adjuncta,
2850 1275 2991 1329 Deus
3015 1291 3106 1345 per
3127 1278 3303 1329 omnia
3332 1276 3528 1330 dicitur

1949 1381 2058 1419 esse
2080 1406 2094 1429 ,
2128 1380 2231 1419 non
2258 1365 2397 1435 quod
2422 1366 2625 1420 desinat
2654 1382 2762 1421 esse
2793 1365 3066 1437 [humana]
3112 1366 3153 1398 “
3193 1376 3404 1433 natura,
3437 1368 3527 1422 sed

1948 1454 2086 1523 quod
2127 1454 2423 1509 Dioinitatis
2450 1456 2895 1525 participationem
2936 1457 3181 1526 accipiat,
3217 1466 3274 1511 ut
3302 1457 3443 1513 solus
3472 1459 3529 1511 in

1948 1562 2010 1600 ea
2036 1546 2177 1602 Deus
2204 1562 2314 1603 esse
2353 1548 2611 1603 videatur.
2637 1548 2770 1605 ltem
2794 1563 2809 1602 :
2837 1548 3057 1604 Absente
3076 1549 3190 1605 luce
3206 1566 3307 1605 aer
3328 1561 3404 1607 est
3432 1552 3527 1606 ob-

1949 1653 2169 1704 scurus,
2223 1639 2348 1693 solis
2386 1651 2559 1695 autem
2605 1640 2779 1695 lumen
2820 1659 2912 1712 per
2953 1658 3007 1696 se
3052 1642 3335 1698 subsistens
3382 1641 3527 1698 nullo

1951 1744 2105 1783 sensu
2132 1745 2376 1801 corporeo
2398 1733 2868 1803 comprehenditur.
2897 1732 3026 1788 Cum
3042 1750 3159 1788 vero
3170 1733 3341 1789 solare
3352 1733 3530 1790 lumen

1954 1825 2064 1877 aeri
2111 1823 2418 1895 misceatyr,
2465 1834 2588 1879 tunc
2632 1826 2811 1895 incipit
2856 1842 3132 1896 apparere,
3172 1827 3247 1879 ita
3277 1825 3344 1891 “,
3371 1835 3427 1879 ut
3467 1826 3528 1880 in

255 1919 551 1973 humanam
580 1929 820 1973 naturam
841 1936 875 1973 a
903 1936 958 1973 se
984 1919 1245 1973 conditam
1276 1928 1429 1989 atque
1464 1929 1759 1989 purgatam,
1799 1927 1846 1972 et
1877 1910 1926 1972 Β
1953 1915 2119 1984 seipse
2147 1916 2379 1971 sensibus
2416 1917 2483 1970 sit
2518 1916 3027 1987 incomprehensibile
3055 1917 3122 1983 ²¹,
3160 1918 3380 1971 mixtum
3407 1932 3526 1971 vero

264 2012 591 2066 multatione
634 2028 843 2066 sursum
897 2027 1071 2067 versus
1131 2010 1390 2065 humanae
1428 2011 1448 2043 ⁷
1505 2019 1725 2063 naturae
1782 2010 1849 2063 ad

255 2102 590 2173 praedictum
648 2102 873 2157 Verbum
921 2118 1012 2173 per
1058 2102 1291 2157 divinum
1348 2084 1854 2155 amoremCConde-

257 2194 604 2251 scensionem
638 2196 726 2251 hic
767 2196 886 2251 dico
925 2195 949 2227 ⁸
981 2210 1086 2251 non
1116 2210 1258 2263 eam,
1289 2194 1553 2265 quaejam
1597 2192 1740 2248 facta
1769 2202 1854 2249 est

257 2303 362 2358 per
385 2288 841 2353 incarnationem,
874 2288 965 2343 sed
994 2303 1135 2353 eam,
1161 2303 1300 2358 quae
1326 2286 1386 2341 lit
1415 2302 1511 2356 per
1542 2286 1769 2351 tbeosin,
1798 2287 1854 2342 id

258 2387 348 2433 est
380 2392 500 2447 -per
556 2378 954 2435 deiﬂcationem
1007 2388 1308 2434 creaturae.
1375 2378 1467 2431 Ex.
1509 2378 1624 2447 ipsa
1687 2378 1854 2448 igitur

261 2472 567 2542 sapientiae
586 2471 607 2501 ’
626 2472 720 2527 Dei
741 2473 1195 2529 condescensione
1213 2472 1279 2526 ad
1300 2472 1591 2526 humanam
1607 2479 1852 2525 naturam

256 2566 363 2631 per
387 2564 634 2633 gratiam,
668 2575 723 2618 et
766 2564 1095 2619 exultatione
1129 2562 1370 2632 ejusdem
1402 2571 1626 2619 naturae
1669 2562 1735 2618 ad
1773 2563 1853 2633 ip-

263 2669 384 2707 sam
413 2655 729 2724 sapientiam
768 2670 865 2724 per
895 2656 1254 2721 dilectionem,
1289 2654 1346 2709 lit
1374 2655 1717 2725 theophania.
1754 2654 1851 2710 Cui

263 2746 452 2801 sensui
488 2756 711 2802 sanctus
742 2756 899 2817 pater
929 2747 1263 2819 Augustinus
1304 2748 1583 2817 astipulari
1620 2748 1851 2813 videtur,

272 2853 557 2909 exponens
586 2840 713 2895 illud
738 2841 980 2912 Apostoli
1005 2861 1018 2898 :
1051 2844 1154 2909 Qui
1174 2845 1342 2913 factus
1372 2854 1447 2899 est
1476 2846 1620 2900 nobis
1642 2846 1855 2915 justitia

262 2940 311 2984 et
336 2932 614 3001 sapientia.
658 2932 733 2987 ita
771 2934 913 2989 enim
950 2936 1211 3004 exponit:
1255 2934 1527 3006 Sapientia
1574 2934 1753 2991 Patris
1790 2936 1850 3001 ιθ,

262 3023 321 3076 in
346 3040 453 3093 qua
493 3034 540 3078 et
576 3041 667 3093 per
693 3042 850 3094 quam
896 3029 1072 3081 omnia
1109 3027 1253 3096 facta
1285 3039 1428 3094 sunt,
1466 3046 1600 3099 quae
1638 3045 1741 3083 non
1779 3038 1855 3083 est

263 3122 467 3179 creata,
506 3115 598 3168 sed
637 3132 838 3182 creans,
886 3118 945 3185 ﬁt
983 3119 1037 3170 in
1089 3118 1364 3172 animabus
1403 3117 1591 3171 nostris
1624 3117 1854 3188 quadam

268 3204 531 3274 ineﬁabili
600 3224 726 3262 suae
803 3210 1194 3264 misericordiae
1263 3212 1731 3276 condescensione,
1794 3228 1855 3266 ac

264 3295 374 3348 sibi
455 3296 695 3369 adjungit
768 3311 1002 3356 nostrum
1071 3301 1425 3369 intellectum,
1483 3313 1538 3357 ut
1603 3304 1857 3373 ineffabili

269 3387 505 3455 quodam
537 3389 691 3444 modo
713 3392 969 3461 quaedam
999 3395 1151 3464 quasi
1178 3396 1463 3465 composita
1477 3395 1571 3463 ﬁat
1601 3397 1855 3466 sapientia

269 3500 338 3538 ea:
367 3515 372 3518 ·
400 3485 511 3556 ipso
582 3487 918 3543 descendente
970 3490 1039 3543 ad
1092 3508 1212 3555 nos,
1286 3500 1334 3545 et
1387 3491 1443 3545 in
1514 3491 1659 3546 nobis
1712 3492 1858 3545 habi-

272 3583 441 3640 tante,
484 3584 530 3630 et
559 3592 621 3630 ex
652 3588 830 3632 nostra
862 3576 1203 3649 intelligentia
1251 3580 1314 3634 ab
1348 3597 1407 3634 eo
1436 3580 1476 3611 ¹¹
1513 3597 1603 3650 per
1628 3597 1858 3636 amorem

276 3665 352 3718 ad
376 3681 430 3719 se
452 3678 737 3737 assumpta,
769 3678 815 3722 et
840 3669 893 3723 in
918 3685 971 3722 se
997 3668 1244 3738 formata.
1289 3668 1548 3727 Similiter
1571 3670 1859 3739 dejttstitia

275 3759 581 3827 ceterisque
616 3760 907 3814 virtutibus
943 3765 1200 3831 exponit,
1232 3779 1338 3819 non
1389 3763 1546 3819 aliter
1583 3764 1717 3829 fieri,
1758 3765 1861 3820 uisi

273 3865 347 3902 ex
370 3850 573 3904 divinae
591 3852 876 3921 sapientiae
900 3863 1206 3924 nostraeque
1236 3854 1609 3925 intelligentiae
1631 3857 1861 3925 quadam

277 3938 514 3992 mirabili
556 3950 708 4011 atque
744 3942 1003 4012 ineffabili
1037 3942 1465 4012 conformatione.
1501 3942 1569 3997 In
1609 3954 1861 4015 quantum

276 4032 444 4094 enim,
486 4040 546 4085 ut
597 4032 671 4086 ait
701 4032 982 4100 Maximus,
1017 4035 1276 4090 humanus
1317 4035 1605 4091 intellectus
1633 4037 1861 4091 ascendit

278 4136 377 4191 per
411 4122 709 4188 caritatem,
747 4126 803 4179 in
841 4134 1045 4179 tantum
1083 4125 1257 4181 divina
1295 4126 1551 4196 sapientia
1603 4126 1865 4181 descendit

280 4226 377 4280 per
390 4211 815 4267 misericordiam.
844 4214 912 4268 Et
929 4216 1060 4269 haec
1081 4224 1165 4270 est
1190 4230 1352 4271 causa
1370 4215 1412 4246 ¹²
1429 4217 1671 4271 onmium
1695 4217 1870 4271 virtu-

284 4306 401 4352 tum
427 4307 480 4353 et
510 4301 829 4356 substantia.
864 4303 1029 4373 Igitur
1066 4305 1242 4360 omnis
1282 4305 1601 4375 theophania
1626 4347 1640 4370 ,
1688 4305 1741 4361 id
1786 4314 1872 4361 est

283 4392 463 4445 omnis
486 4392 678 4459 virtus,
704 4403 757 4447 et
775 4394 827 4447 in
844 4396 946 4450 hac
963 4395 1090 4463 vita,
1108 4397 1161 4450 in
1183 4413 1285 4466 qua
1302 4398 1677 4469 adhucincipit
1692 4398 1744 4452 in
1760 4398 1869 4463 his,

285 4481 378 4551 qui
406 4481 550 4552 digni
573 4491 719 4549 sunt,
747 4483 985 4551 formari,
1011 4495 1065 4541 et
1087 4485 1335 4542 infutura
1352 4488 1463 4543 vita
1487 4488 1868 4557 perfectionem

1938 2007 2062 2061 aeri
2089 2008 2323 2061 sensibus
2346 2008 2505 2077 possit
2527 2007 2911 2077 comprehendi.
2926 2007 3005 2060 Ac
3024 2022 3123 2077 per
3140 2008 3242 2061 hoc
3267 2004 3522 2076 intellige,

1951 2098 2186 2154 divinam
2219 2100 2508 2154 essentiam
2546 2114 2641 2168 per
2665 2114 2724 2153 se
2762 2097 3353 2169 incomprehensibilem
3385 2113 3521 2161 esse,

1932 2191 2259 2260 'adjunctam
2282 2206 2411 2246 vero
2439 2190 2782 2248 intellectuali
2805 2201 3084 2246 creaturae
3108 2189 3337 2244 mirabili
3365 2190 3526 2245 modo

1952 2300 2231 2355 apparere,
2257 2286 2328 2341 ita
2347 2295 2406 2339 ut
2430 2286 2568 2354 ipsa,
2592 2284 2773 2339 divina
2793 2285 2913 2339 dico
2924 2284 3178 2350 essentia,
3192 2282 3304 2339 sola
3329 2282 3383 2336 in
3399 2297 3463 2338 ea
3479 2283 3502 2315 ³

1952 2387 2239 2442 creatura,
2299 2375 2643 2433 intellectuali
2703 2375 2983 2437 videlicet,
3033 2382 3305 2445 appareat.
3350 2373 3529 2444 Ipsius

1951 2470 2095 2526 enim
2128 2468 2412 2525 ineffabilis
2435 2468 2751 2525 excellentia
2778 2481 2991 2523 omnem
3017 2475 3265 2521 naturam
3291 2466 3373 2521 sui
3397 2481 3525 2535 par-

1952 2563 2169 2634 ticipem
2210 2570 2459 2633 superat,
2497 2569 2559 2616 ut
2597 2561 2673 2616 nil
2721 2560 2864 2616 aliud
2910 2561 2966 2615 in
3012 2559 3262 2614 omnibus
3312 2566 3529 2627 praeter

1954 2653 2124 2723 ipsam
2159 2651 2576 2724 intelligentibus
2603 2658 2873 2716 occurrat,
2910 2653 3035 2705 dum
3071 2664 3168 2720 per
3193 2649 3443 2719 seipsam,
3468 2656 3530 2702 ut

1955 2743 2208 2808 diximus,
2239 2742 2384 2799 nullo
2408 2742 2568 2798 modo
2594 2742 2640 2775 ’³
2671 2749 2947 2812 appareat.
2975 2741 3121 2796 Disc.
3157 2738 3321 2794 Video
3350 2740 3530 2793 admo-

1955 2835 2115 2900 dum,
2146 2834 2277 2903 quid
2321 2834 2547 2889 suadere
2586 2834 2702 2899 vis;
2743 2833 2837 2889 sed
2862 2843 3041 2887 utrum
3067 2831 3241 2886 sancti
3284 2828 3454 2899 patris
3478 2827 3529 2860 “

1954 2923 2242 2994 Augustini
2294 2923 2479 2978 verbis
2544 2922 2832 2978 convenire
2894 2921 3119 2990 possint,
3177 2934 3281 2973 non
3326 2917 3458 2972 satis
3481 2916 3531 2949 "

1936 3014 2101 3069 clare
2141 3013 2186 3046 “
2230 3014 2516 3085 perspicio.
2558 3013 2699 3068 MAG.
2744 3011 3015 3066 Attentior
3054 3011 3215 3080 igitur
3268 3008 3313 3039 ’⁷
3372 3015 3527 3071 esto,

1958 3116 2013 3161 et
2052 3106 2120 3161 ad
2158 3105 2274 3175 ejus
2298 3105 2483 3171 verba,
2517 3120 2654 3175 quae
2688 3104 2864 3174 primo
2885 3102 3181 3173 posuimus.
3223 3100 3527 3155 redeamus.

1960 3196 2099 3252 Sunt
2143 3204 2319 3250 autem
2368 3196 2533 3259 haec,
2585 3203 2646 3248 ut
2685 3195 2943 3257 aestimo,
2988 3192 3042 3246 in
3084 3191 3225 3246 libro
3274 3190 3530 3245 vicesimo

1885 3258 1929 3321 Ο
1960 3290 2195 3346 secundo
2222 3290 2288 3344 de
2308 3287 2440 3344 urbe
2465 3258 2657 3343 “Dei:
2679 3286 2786 3341 Per
2800 3300 3017 3356 corpora
3038 3300 3173 3356 quae
3196 3283 3529 3353 gestabimus,

1956 3382 2012 3434 in
2057 3380 2197 3433 omni
2234 3393 2447 3448 corpore
2484 3377 2826 3447 quodcunque
2860 3374 3168 3438 videbimus,
3211 3386 3535 3443 quaquaver-

1956 3487 2072 3526 sum
2097 3469 2274 3525 oculos
2297 3469 2461 3523 nostri
2486 3468 2717 3537 corporis
2746 3466 3044 3520 duxerimus
3072 3466 3137 3529 ’9,
3167 3464 3334 3534 ipsum
3366 3461 3532 3515 Deum

1953 3564 2226 3635 perspicua
2273 3561 2510 3617 claritate
2553 3558 3030 3630 contemplabimur.
3081 3555 3202 3610 Vim
3248 3555 3533 3610 verborum

1938 3653 2187 3710 intuere.
2216 3650 2334 3706 Non
2354 3651 2497 3706 enim
2518 3649 2657 3704 dixit
2684 3648 2761 3702 "2
2793 3662 2889 3716 per
2914 3659 3162 3716 corpora,
3193 3657 3332 3713 quae
3360 3653 3535 3714 gesta-

1959 3747 2165 3809 bimus,
2202 3744 2374 3813 ipsum
2414 3741 2587 3796 Deum
2624 3739 2670 3772 “
2703 3736 3212 3808 contemplabimur,
3252 3734 3375 3803 quia
3423 3734 3537 3802 ipse

1961 3854 2060 3909 per
2097 3852 2155 3892 se
2187 3835 2358 3889 videri
2393 3848 2501 3892 non
2543 3840 2748 3903 potest;
2802 3830 2895 3885 sed
2939 3827 3106 3884 dixit:
3156 3842 3248 3895 per
3292 3838 3535 3895 corpora,

1962 3944 2094 4001 quae
2122 3926 2465 3997 gestabimus,
2503 3925 2557 3978 in
2604 3923 2743 3976 omni
2758 3931 2982 3989 corpore
3024 3917 3363 3988 quodcunque
3390 3913 3533 3969 vide-

1965 4022 2154 4085 bimus,
2202 4020 2374 4089 ipsum
2428 4014 2595 4068 Deum
2641 4009 3118 4082 contemplabimur.
3158 4007 3261 4061 Per
3307 4018 3535 4074 corpora

1967 4128 2096 4183 ergo
2140 4112 2195 4166 in
2249 4106 2596 4179 corporibus,
2655 4119 2763 4159 non
2810 4117 2906 4172 per
2963 4100 3195 4168 seipsum
3245 4097 3535 4152 videbitur.

1969 4203 2231 4262 Similiter
2261 4215 2357 4272 per
2390 4196 2714 4253 intellectum
2742 4194 2796 4248 in
2826 4190 3197 4254 intellectibus,
3228 4203 3324 4258 per
3342 4184 3540 4241 ratio-

1967 4315 2093 4356 nem
2172 4296 2229 4352 in
2292 4280 2592 4350 rationibus
2625 4329 2640 4355 ,
2709 4302 2815 4343 non
2890 4299 2987 4356 per
3046 4281 3274 4351 seipsam
3360 4275 3540 4331 divina

1971 4390 2200 4449 essentia
2224 4386 2519 4460 apparebit.
2547 4381 2718 4438 Tanta
2735 4378 2875 4435 enim
2897 4375 3111 4432 divinae
3127 4371 3340 4429 virtutis
3357 4369 3542 4428 excel-

1970 4487 2135 4542 lentia
2185 4484 2239 4539 in
2291 4479 2471 4536 futura
2541 4477 2651 4531 vita
2711 4472 2999 4536 omnibus,
3051 4466 3143 4538 qui
3201 4466 3519 4536 eomtempla

285 4570 501 4627 divinae
523 4575 865 4631 beatitudinis
887 4579 1181 4648 accepturi,
1201 4596 1305 4635 non
1322 4590 1472 4636 extra
1494 4597 1573 4647 se,
1595 4581 1689 4637 sed
1715 4582 1769 4636 in
1789 4596 1866 4648 se,
1975 4582 2119 4636 tione
2173 4575 2339 4646 ipsius
2391 4570 2538 4643 digni
2586 4567 2751 4623 futuri
2797 4573 2955 4630 sunt,
2999 4561 3448 4666 manilestabitur,
3489 4567 3546 4663 ut

287 4670 345 4714 et
369 4676 436 4716 ex
458 4661 585 4729 Deo,
601 4674 731 4720 etex
747 4667 938 4736 seipsis
967 4669 1195 4724 ellicitur
1219 4669 1281 4723 ¹³.
1310 4670 1455 4725 DISC.
1474 4670 1553 4725 Ex
1568 4671 1676 4726 Deo
1693 4672 1872 4740 itaque

252 4754 255 4757 ’
291 4752 717 4823 theOphaniaein
743 4769 933 4815 natura
951 4762 1187 4831 angelica
1212 4773 1373 4833 atque
1398 4765 1631 4819 humana
1667 4763 1868 4818 illumi-

288 4853 443 4909 nata,
457 4860 701 4920 purgata,
720 4852 957 4922 perfecta
972 4869 1067 4925 per
1081 4858 1329 4927 gratiam,
1348 4858 1479 4912 fiunt
1492 4874 1555 4913 ex
1571 4858 1872 4914 descensio-

290 4951 363 4990 ne
378 4936 425 4968 "
438 4940 645 4996 divinae
659 4944 976 5014 sapientiae,
998 4956 1052 5001 et
1073 4950 1384 5004 ascensione
1404 4949 1877 5019 humanaeangeli-

294 5041 502 5097 eaeque
531 5031 933 5104 intelligentiae.
978 5036 1114 5092 MAG.
1152 5037 1327 5106 Sane;
1360 5054 1484 5093 nam
1512 5039 1640 5093 huic
1676 5037 1872 5093 rationi

292 5125 567 5194 convenit,
606 5129 747 5200 quod
776 5129 917 5186 idem
956 5130 1221 5188 Maximus
1251 5133 1362 5187 ait:
1405 5130 1761 5201 Quodcunque
1787 5134 1873 5185 in—

1924 4650 2111 4727 fnihil
2144 4668 2287 4725 aliud
2324 4673 2539 4737 praeter
2567 4677 2686 4718 eam
2732 4659 2844 4715 sive
2878 4656 2934 4713 in
2987 4656 3299 4726 corporibus
3343 4654 3455 4708 sive
3489 4650 3545 4706 in

1948 4762 2334 4822 'intellectibus
2364 4758 2442 4816 eis
2468 4757 2675 4813 eluceat
2699 4753 2744 4785 "
2766 4751 2907 4807 :‘erit
2935 4749 3076 4804 enim
3101 4748 3243 4803 Deus
3277 4746 3451 4801 omnia
3488 4744 3548 4799 in

1974 4855 2233 4910 omnibus.
2281 4852 2359 4905 Ac
2398 4848 2444 4903 si
2491 4853 2675 4916 aperte
2716 4841 2989 4911 Scriptura
3025 4838 3073 4871 ³⁸
3101 4838 3341 4892 diceret:
3391 4833 3547 4890 Solus

1976 4946 2116 4999 Deus
2142 4939 2405 5012 apparebit
2430 4937 2485 4990 in
2507 4932 2761 4989 omnibus.
2803 4929 2939 4984 llinc
2967 4928 3043 4982 ait
3068 4935 3285 4982 sanctus
3312 4923 3411 4978 Job
3434 4941 3447 4975 :
3480 4920 3547 4975 Et

1976 5037 2032 5089 in
2061 5047 2217 5088 carne
2256 5044 2370 5084 mea
2399 5025 2576 5081 videbo
2620 5022 2806 5078 Deum.
2838 5020 2915 5074 Ac
2949 5017 2994 5073 si
3036 5017 3296 5073 dixisset:
3344 5014 3397 5065 in
3445 5012 3547 5065 hac

1980 5139 2142 5183 carne
2171 5135 2316 5185 mea,
2336 5131 2476 5189 quae
2495 5114 2676 5171 multis
2694 5107 3078 5197 tentationibus
3105 5104 3370 5177 afﬂigitur,
3399 5108 3550 5157 tanta

1566 5286 1821 5346 VARIAE
1855 5280 2254 5342 LECTIONES.

374 5426 393 5458 ί
423 5424 468 5481 Ε
491 5427 601 5497 qui.
679 5429 701 5460 ¹
739 5428 782 5482 Α
808 5428 901 5484 ubi
937 5428 1031 5493 sit,
1081 5437 1262 5483 utrum
1315 5435 1388 5481 est
1410 5464 1426 5489 ,
1467 5434 1642 5478 utram
1673 5420 1929 5475 intra'nos
1960 5435 2029 5497 an
2058 5417 2207 5472 eEctra
2237 5429 2347 5467 nos.
2425 5411 2526 5497 ‘nE

302 5489 593 5556 limissime.
635 5496 639 5501 ’
670 5497 692 5530 ⁵
734 5498 776 5553 C
802 5514 907 5552 non
927 5489 1053 5568 efﬁci
1087 5497 1319 5552 aliunde.
1397 5497 1781 5568 '?_naturam__a
1809 5507 1874 5568 se.
1895 5519 1976 5568 εἰ
1990 5489 2249 5568 humanae
2284 5499 2416 5568 οιη..
2427 5489 2497 5568 .1):
2541 5489 2594 5568 A‘
2632 5489 2677 5533 A
2715 5489 2998 5568 dice
3015 5489 3098 5568 ΛΖ.
3114 5489 3522 5568 δῇριεηιιξςιξῆειςξ

1717 5539 2123 5618 ‘i'si‘ZABDEiC
2144 5573 2173 5609 a
2196 5555 2325 5609 Deo.
2404 5553 2446 5584 “
2466 5552 2508 5605 A
2528 5565 2686 5604 causa
2711 5558 2784 5601 est
2804 5564 2822 5612 ;
2839 5539 3233 5618 causa_om._l_).m
3285 5539 3327 5571 "
3345 5539 3553 5618 Dad_dit

828 5568 871 5598 "
896 5558 1222 5637 A'sapientia
1259 5558 1409 5621 enim~
1443 5564 1636 5637 Patris.

776 5639 818 5671 ί*
858 5637 898 5692 C
941 5648 989 5693 et
1019 5637 1421 5691 descensionem.

304 5567 352 5623 Α
371 5584 388 5632 ;
404 5566 448 5620 Β
472 5568 745 5637 sapientia.

303 5637 697 5708 Δνςκεφαλωσις.

1499 5632 1544 5663 ³⁸
1573 5631 1663 5687 Sic
1687 5630 1852 5696 CDE;
1885 5630 1925 5681 A
1959 5629 2106 5683 addit
2143 5627 2269 5680 haec
2305 5623 2524 5696 dicente.

2571 5409 2832 5479 ﬁrmatur.
2890 5405 2931 5479 _‘_
2964 5412 3012 5458 et
3035 5417 3141 5479 o_m.
3170 5401 3233 5479 A.
3357 5397 3400 5452 Β
3427 5397 3551 5454 δηθά

2431 5481 2497 5534 D.
2571 5470 2594 5512 δ
2632 5481 2677 5533 Α
2715 5479 2833 5532 dico
2880 5476 2981 5528 hic.
3057 5471 3078 5504 ⁵
3114 5470 3402 5540 sapientiae
3435 5484 3547 5523 om.

3131 5611 3242 5664 ΠΙ)

2604 5619 2646 5650 ¹⁶
2675 5608 2812 5672 enim
2847 5630 2954 5670 om.
2987 5613 3051 5666 Α.
3131 5612 3172 5643 ³⁷
3199 5611 3242 5664 ῐ)
3270 5608 3550 5679 praevalet.

306 5680 747 5771 ἰιι
772 5680 1851 5777 ipsim'ia"iiéiéi"35'i£iiinana§}i.336}
1904 5698 1949 5777 ’_'
1979 5680 2301 5777 dilacera...
2358 5691 2466 5777 "ﬂ
2494 5683 3086 5777 ξηεωίιρνείιιειιξίιζὶίὶὶ⁵
3125 5682 3176 5777 'n"
3199 5681 3295 5777 Sig
3318 5680 3497 5777 (A1013;—
3502 5681 3553 5777 :9.

305 5779 363 5833 in
383 5777 516 5831 sola.
599 5778 646 5809 “
673 5772 819 5832 aliud
842 5779 894 5831 in
912 5777 1146 5831 omnibus
1161 5806 1227 5815 ——
1256 5776 1408 5829 modo
1430 5790 1537 5828 om.
1561 5772 1629 5825 D.

309 5848 359 5882 ³⁵⁸
380 5847 473 5904 Sic
497 5846 660 5913 CDE;
695 5848 740 5901 Λ
761 5849 988 5903 civitate.
1054 5847 1099 5876 ²⁹
1125 5847 1169 5899 Λ
1195 5846 1552 5901 direa‘crimus.
1623 5841 1667 5875 ³⁸
1688 5842 1731 5898 Ι)
1751 5840 1880 5895 dixi.

630 5938 901 5999 Parum.
963 5938 1224 5999 CXXII.

1714 5750 1949 5838 ’Tpatris
1974 5750 2082 5821 om.
2111 5766 2175 5818 A.
2253 5764 2302 5796 ³⁸
2326 5762 2453 5816 satis
2481 5750 2681 5838 omne:
2704 5829 2732 5838 η
2760 5756 2805 5788 ¹⁶
2837 5755 2979 5838 clare
3002 5768 3110 5838 ειη.
3217 5830 3228 5838 ⁸
3252 5750 3295 5782 ²⁷
3326 5750 3371 5803 Α
3409 5767 3549 5838 ωηο.

1961 5837 2001 5870 ³⁸
2018 5837 2063 5892 Α
2082 5836 2246 5892 Deum
2267 5834 2457 5903 ipsum.
2529 5828 2576 5863 ⁸³
2598 5828 2641 5883 D
2667 5829 2864 5883 eliccat.
2936 5823 2981 5857 ⁸³
3002 5825 3046 5877 D
3072 5824 3328 5893 scriptura
3357 5831 3549 5891 aperte.

3080 5919 3154 5979 15
