4028 6280
567 399 669 459 451

571 619 715 661 nunc
743 603 765 636 ⁸
793 608 1019 673 apparet
1072 598 1178 655 nisi
1205 613 1352 654 mors
1372 607 1427 652 et
1463 597 1756 667 corruptio,
1787 596 1859 650 ita
1883 596 1935 649 in
1964 594 2142 648 futura

567 698 676 752 vita
700 695 830 752 nihil
862 693 997 748 mihi
1021 692 1079 747 in
1102 706 1166 747 ea
1198 691 1219 722 ³
1244 688 1525 761 apparebit
1550 684 1653 743 nisi
1676 687 1820 743 solus
1862 687 2026 752 Deus,
2052 686 2142 756 qui

567 802 697 846 vero
723 786 834 842 vita
855 793 973 851 est,
1004 791 1061 840 et
1088 782 1495 846 immortalitas,
1530 788 1585 836 et
1625 780 1975 851 incorruptio.
2007 778 2077 833 At
2099 780 2144 834 si

568 881 636 936 de
680 878 763 937 sui
813 876 1056 948 corporis
1100 873 1354 931 felicitate
1396 872 1555 928 talem
1602 870 1825 943 gloriam
1879 870 2142 941 promisit,

568 969 699 1040 quid
741 968 810 1024 de
857 967 939 1024 sui
985 965 1148 1021 animi
1197 963 1219 995 ⁵
1263 964 1521 1035 dignitate
1563 962 1976 1018 existimandum
2021 970 2142 1028 est,

569 1061 890 1132 praesertim
931 1074 1085 1125 cum,
1130 1066 1190 1114 ut
1233 1057 1310 1112 ait
1345 1070 1571 1127 magnus
1596 1054 1888 1127 Gregorius
1916 1052 2146 1109 Theoloc

568 1169 689 1225 gus,
720 1168 941 1223 corpora
965 1159 1263 1206 sanctorum
1286 1151 1343 1204 in
1366 1150 1638 1213 rationem,
1678 1148 1812 1201 ratio
1863 1146 1922 1200 in
1944 1144 2143 1200 intelle-

572 1254 738 1311 ctum,
758 1244 1049 1302 intellectus
1069 1244 1125 1298 in
1145 1242 1329 1310 Deum,
1352 1258 1416 1298 ac
1434 1258 1531 1312 per
1544 1242 1646 1297 hoc
1671 1249 1779 1297 tota
1810 1240 2024 1296 illorum
2053 1255 2144 1295 na-

575 1346 696 1395 tura
722 1336 777 1393 in
800 1337 974 1409 ipsum
995 1338 1182 1403 Deum,
1210 1335 1541 1390 mutabitur?
1563 1333 1728 1404 Cujus
1752 1335 1828 1390 rei
1851 1334 2146 1405 pulcherri-

573 1442 659 1487 ma
683 1427 1050 1499 paradigmata
1086 1442 1117 1481 a
1142 1424 1418 1495 praedicto
1460 1425 1692 1481 Maximo
1724 1426 1781 1481 in
1815 1424 2148 1496 expositione

571 1520 817 1595 Gregorii
832 1521 1004 1593 posita
1018 1529 1165 1589 sunt,
1181 1536 1410 1592 quorum
1427 1537 1594 1578 unum
1615 1521 2012 1591 praemisimus,
2023 1536 2145 1576 cum

572 1613 640 1669 de
681 1625 808 1667 aere
839 1611 1224 1682 loquebamur;
1254 1612 1481 1667 alterum
1517 1627 1648 1668 vero
1679 1627 1824 1667 nunc
1856 1611 2143 1682 subjunge»

571 1719 714 1771 mus,
739 1704 883 1775 quod
914 1711 1000 1760 est
1043 1704 1096 1758 in
1140 1703 1263 1775 igne
1301 1712 1359 1760 ει
1396 1706 1560 1760 ferro.
1603 1704 1742 1759 Nam
1791 1720 1905 1759 cum
1950 1704 2145 1773 ferrum

1964 391 2245 449 JOANNIS
2284 391 2475 449 SCOTI

567 513 738 587 gloria
770 509 950 565 Futura
975 509 1082 566 erit
1104 508 1122 540 ⁸
1147 548 1166 575 ,
1201 515 1292 573 ιιι,
1334 504 1782 578 quemadmodum
1807 503 1942 561 nihil
1967 505 2023 560 in
2069 518 2130 560 ea
2160 507 2211 569 Α
2238 505 2319 560 sui
2382 518 2617 574 suaeque
2673 502 3023 573 perfectionis
3076 501 3425 563 stabilitatem
3474 504 3793 573 quaerentia

2914 256 2987 320 l/

3704 391 3821 447 452

3802 543 3857 591 '/

2245 594 2389 650 Disc.
2410 594 2740 648 Firmissime
2765 594 2946 661 credo,
2963 603 3039 661 et,
3063 601 3323 665 quantum
3342 593 3524 660 datur,
3550 593 3821 665 intelligo,

2243 688 2311 742 de
2340 687 2519 742 divina
2548 687 2880 743 solummodo
2904 687 3144 743 omnium
3166 702 3328 744 causa
3361 696 3508 744 recte
3536 687 3641 745 hoc
3661 701 3821 757 prae-

2244 780 2437 846 dicari,
2474 780 2598 851 quia
2626 779 2737 835 sola
2765 779 2969 846 omnia,
3000 794 3140 849 quae
3167 795 3198 835 a
3222 792 3282 834 se
3314 788 3460 845 sunt,
3494 788 3668 845 creat,
3695 786 3755 833 et
3787 793 3819 833 a

2244 868 2388 925 nulla
2436 870 2698 941 superiori
2761 886 2825 927 ac
2875 885 2934 927 se
2976 871 3330 942 praecedente
3395 879 3635 927 creatur.
3699 869 3820 942 Ipsa

2245 960 2388 1016 enim
2416 969 2502 1016 est
2526 976 2736 1016 summa
2764 976 2829 1016 ac
2856 960 2968 1018 sola
3005 976 3167 1018 causa
3204 961 3467 1029 omnium,
3494 977 3641 1034 quae
3661 977 3734 1019 ex
3762 978 3821 1019 se

2244 1058 2301 1105 ct
2329 1049 2382 1103 in
2410 1066 2470 1106 se
2491 1050 2533 1082 “
2563 1050 2879 1106 subsistunt.

2316 1142 2403 1198 12.
2450 1143 2620 1199 Velim
2652 1151 2826 1198 tamen
2857 1143 3017 1210 scire,
3061 1145 3189 1215 quid
3232 1143 3299 1201 de
3345 1145 3450 1201 hac
3489 1160 3549 1201 re
3595 1146 3818 1201 sentias.

2244 1230 2361 1289 Non
2392 1234 2536 1289 enim
2566 1250 2754 1302 parum
2792 1249 2880 1289 me
2905 1232 2949 1266 ¹⁵
2982 1243 3179 1301 movet,
3227 1235 3352 1291 dum
3401 1236 3722 1307 saepissime
3767 1237 3820 1293 in

2247 1323 2402 1379 libris
2428 1334 2736 1380 sanctorum
2765 1324 3007 1390 Patrum,
3037 1326 3127 1395 qui
3156 1326 3220 1380 de
3260 1326 3440 1382 divina
3481 1336 3676 1383 natura
3706 1329 3818 1383 dis»

2244 1423 2435 1485 putare
2463 1416 2641 1473 conati
2667 1424 2823 1480 sunt,
2855 1414 3068 1471 invenio
3088 1457 3102 1481 ,
3134 1431 3255 1471 eam
3280 1432 3387 1472 non
3413 1418 3590 1473 solum
3613 1419 3820 1482 omnia,

2245 1519 2385 1575 quae
2412 1513 2558 1570 sunt,
2588 1520 2798 1571 creare,
2844 1504 2938 1560 sed
2986 1504 3151 1560 etiam
3196 1505 3389 1560 creari.
3421 1505 3497 1560 Ea
3527 1507 3819 1576 siquidem,

2247 1605 2305 1651 ut
2330 1596 2500 1662 aiunt,
2535 1594 2687 1661 facit,
2718 1604 2773 1651 et
2821 1595 2896 1660 lit,
2927 1605 2983 1653 et
3013 1607 3182 1662 creat,
3221 1606 3276 1652 et
3301 1607 3534 1652 creatur.
3574 1597 3630 1653 Si
3664 1599 3824 1669 igitur

2245 1688 2320 1743 ita
2345 1695 2449 1753 est,
2482 1689 2752 1759 quomodo
2783 1697 2966 1744 nostra
2998 1689 3339 1745 ratiocinatio
3365 1689 3411 1721 “
3438 1692 3682 1757 steterit,
3706 1708 3817 1747 non

571 1798 853 1867 conﬂatum
891 1798 949 1853 in
985 1798 1102 1868 igne
1130 1798 1186 1851 in
1204 1797 1453 1869 liquorem
1466 1799 1700 1861 solvitur,
1734 1796 1865 1851 nihil
1878 1798 1942 1851 de
1957 1807 2140 1850 natura

2246 1780 2403 1836 facile
2426 1781 2467 1814 ι’
2514 1781 2750 1836 invenio.
2805 1782 3041 1837 Dicimus
3084 1781 3264 1848 enim,
3318 1796 3437 1837 eam
3483 1783 3820 1838 solummodo

568 1886 681 1957 σία,
706 1904 971 1944 “nam”
999 1867 1234 1944 ἀδικίου
1256 1867 1495 1955 θάκων,
1520 1890 1610 1944 ,εά
1646 1868 1811 1943 wn)",
1844 1891 1899 1944 δη
1935 1890 2142 1959 “meum
2169 1872 2218 1932 Β
2246 1885 2456 1938 creare,
2483 1885 2514 1925 a
2545 1869 2689 1925 nullo
2718 1878 2897 1925 autem
2923 1870 3119 1926 creari.
3151 1867 3291 1927 MAG.
3329 1870 3519 1927 Merito
3549 1874 3813 1939 moveris;

569 1978 876 2049 qualitatem
906 1980 1143 2035 vertitur.
1183 1978 1311 2036 Sola
1336 1998 1452 2035 vero
1479 1981 1679 2035 ratione
1713 1995 1862 2035 suam
1902 1988 2145 2034 naturam

570 2070 807 2141 quamvis
838 2069 1176 2143 liquefactam
1214 2087 1419 2127 servare
1451 2072 1797 2144 cognoscitur.
1838 2071 1990 2127 Sicut
2018 2085 2146 2141 ergo

573 2168 721 2217 totus
740 2175 833 2216 aer
858 2161 970 2228 lux,
1006 2171 1281 2234 totumque
1311 2162 1513 2217 ferrum
1543 2163 1909 2232 liquefactum,
1932 2170 1992 2216 ut
2010 2162 2146 2218 dixi-

572 2268 716 2318 mus,
741 2252 979 2322 igneum,
1007 2254 1117 2309 imo
1144 2254 1309 2308 etiam
1332 2256 1353 2287 ⁵
1373 2254 1512 2323 ignis
1539 2264 1781 2325 apparet,
1805 2255 2145 2310 manentibus

575 2350 753 2397 tamen
785 2356 973 2398 eorum
1002 2344 1317 2400 substantiis
1348 2360 1364 2397 :
1398 2345 1473 2399 ita
1516 2360 1647 2400 sano
1687 2344 1958 2400 intellectu
2001 2344 2143 2400 acci-

571 2434 849 2505 piendum,
870 2435 996 2504 quia
1018 2446 1138 2506 post
1159 2435 1318 2492 finem
1345 2435 1502 2505 hujus
1523 2436 1705 2492 mundi
1728 2436 1907 2492 omnis
1929 2444 2142 2501 natura,

572 2525 687 2580 sive
708 2539 967 2596 corporea
1005 2525 1121 2583 sive
1159 2528 1491 2598 incorporea,
1518 2528 1666 2584 solus
1686 2527 1828 2583 Deus
1848 2542 1967 2583 esse
1992 2528 2141 2583 vide-

569 2615 739 2681 bitur,
773 2625 999 2672 naturae
1026 2617 1333 2688 integritate
1360 2627 1709 2689 permanente
1731 2658 1746 2687 ,
1783 2628 1843 2674 ut
1875 2629 1930 2674 et
1970 2618 2142 2685 Deus,

572 2706 663 2775 qui
688 2719 783 2776 per
806 2707 1041 2777 seipsum
1066 2708 1622 2777 incomprehensibilis
1659 2718 1769 2775 est,
1805 2710 1861 2763 in
1898 2716 2144 2764 creatura

571 2798 965 2867 quodammodo
1011 2799 1511 2869 comprehendatur,
1558 2800 1671 2870 ipsa
1725 2815 1852 2856 vero
1899 2809 2143 2855 creatura

570 2886 827 2944 ιιιεῶὺὶιί
867 2889 1128 2946 miraculo
1157 2891 1212 2945 in
1250 2889 1419 2947 Deum
1457 2900 1716 2947 vertatur.
1748 2892 1851 2946 Sed
1877 2890 2143 2947 sulliciant

569 2976 696 3043 ista,
724 2979 769 3034 si
798 2978 894 3034 tibi
920 2979 941 3012 °
967 2979 1111 3035 clare
1158 2979 1449 3036 lucescant.
1482 2981 1626 3036 DISC.
1658 2980 1957 3037 Lucescunt
1986 2995 2140 3047 sane,

570 3074 828 3137 quantum
871 3066 996 3124 talia
1026 3070 1227 3126 nostris
1274 3070 1544 3126 mentibus
1589 3072 1608 3102 "
1665 3070 1843 3127 lucere
1870 3071 2138 3127 sinuntur.

569 3158 649 3216 De
689 3176 749 3216 re
787 3161 931 3216 enim
971 3160 1225 3216 ineﬂabili
1268 3161 1391 3232 quis
1434 3162 1489 3216 in
1539 3161 1642 3217 hac
1689 3163 1796 3216 vita
1848 3161 2143 3217 luculenter

2244 1976 2368 2015 nam
2415 1968 2470 2015 et
2516 1975 2616 2031 ego
2661 1961 2726 2016 de
2773 1961 2875 2016 hoc
2918 1961 3144 2017 multum
3179 1963 3437 2028 admiror,
3467 1972 3522 2020 et
3549 1965 3818 2034 quomodo

2244 2053 2399 2119 haec,
2428 2068 2568 2123 quae
2596 2054 2844 2110 videntur
2872 2068 2992 2111 esse
3017 2056 3312 2122 contraria,
3340 2055 3442 2112 sibi
3468 2056 3703 2113 invicem
3732 2059 3815 2111 ad-

2245 2144 2444 2199 versari
2484 2152 2790 2215 nequeant,
2830 2146 3205 2215 quomodoque
3245 2162 3372 2202 vera
3419 2147 3561 2203 ratio
3604 2149 3673 2203 de
3719 2148 3817 2203 hoc

2244 2234 2569 2290 consulenda
2597 2242 2700 2302 est,
2743 2234 2972 2306 optarim
3019 2252 3117 2307 per
3143 2246 3194 2291 te
3224 2251 3401 2292 nosse.
3450 2235 3596 2293 Dtsc.
3631 2230 3812 2309 Ingre-

2245 2325 2391 2391 dere,
2420 2340 2643 2396 precor;
2688 2340 2814 2381 nam
2843 2325 2908 2381 de
2936 2327 3134 2384 talibus
3161 2343 3266 2383 non
3306 2344 3505 2397 meam,
3544 2330 3638 2385 sed
3672 2341 3812 2385 tuam

2244 2414 2566 2472 sententiam
2596 2415 3057 2487 ratiocinandique
3082 2416 3222 2472 viam
3248 2430 3496 2491 expecto.
3527 2418 3666 2475 Mm.
3702 2418 3815 2475 Pri-

2242 2523 2392 2563 mum
2418 2507 2622 2578 itaque,
2649 2507 2694 2563 si
2722 2507 2933 2564 videtur
2956 2506 3025 2575 “,
3069 2507 3135 2564 de
3175 2506 3292 2579 ipso
3320 2511 3563 2577 nomine,
3593 2512 3737 2581 quod
3763 2512 3811 2565 in

2245 2614 2402 2656 sacra
2447 2599 2729 2672 Scriptura
2762 2599 3171 2657 usitatissimum
3197 2609 3301 2668 est,
3320 2600 3463 2672 quod
3482 2602 3525 2634 ¹⁹
3549 2612 3633 2658 est
3655 2602 3810 2670 Deus,

2244 2690 2696 2747 considerandum
2729 2691 2984 2747 arbitror.
3021 2690 3277 2759 Quamvis
3313 2693 3458 2748 enim
3501 2694 3688 2749 multis
3722 2709 3812 2750 no-

2243 2784 2481 2840 minibus
2509 2782 2691 2841 divina
2718 2792 2910 2839 natura
2938 2783 3334 2851 denominetur,
3375 2793 3435 2839 ut
3461 2793 3545 2840 est
3575 2784 3812 2849 Bonitas,

2242 2876 2512 2944 Essentia,
2537 2874 2771 2943 Veritas,
2794 2883 3081 2945 ceteraque
3129 2875 3457 2944 hujusmodi,
3498 2876 3813 2946 frequentis-

2244 2970 2381 3024 sime
2409 2976 2589 3024 tamen
2612 2984 2676 3024 eo
2700 2968 2919 3023 nomine
2946 2966 3125 3023 divina
3148 2968 3317 3022 utitur
3340 2966 3642 3039 Scriptura.
3672 2968 3810 3022 DISC.

2244 3062 2408 3119 Plane
2440 3063 2670 3119 videtur.
2702 3060 2844 3117 MAG.
2877 3059 3048 3132 Hujus
3080 3062 3260 3131 itaque
3288 3060 3524 3116 nominis
3555 3063 3811 3133 etymolo-

2243 3155 2330 3226 gia
2356 3170 2385 3209 a
2407 3152 2630 3210 Graecis
2654 3163 2928 3223 assumpta
2960 3161 3062 3208 est.
3089 3153 3196 3207 Aut
3223 3153 3364 3207 enim
3392 3168 3422 3207 a
3451 3153 3636 3221 verbo,
3671 3156 3809 3225 quod

568 3262 747 3325 potest
787 3254 927 3320 fari,
958 3263 1016 3310 ut
1062 3254 1198 3309 nihil
1235 3230 1465 3322 amplius
1509 3255 1891 3324 inquirentium
1926 3262 2144 3324 appetat
2168 3230 2214 3294 C
2246 3255 2328 3300 est
2353 3247 2549 3321 θεωρῶ,
2581 3245 2681 3301 hoc
2723 3254 2828 3312 est,
2872 3243 3047 3308 video,
3097 3242 3403 3313 derivatur;
3435 3254 3528 3298 aut
3556 3258 3622 3298 ex
3654 3243 3811 3299 verbo

573 3344 929 3409 desiderium,
968 3346 1287 3414 praesertim
1329 3362 1450 3400 cum
1482 3346 1625 3400 nulla
1662 3345 1766 3401 alia
1808 3346 2143 3416 promittitur

573 3435 728 3492 nobis
756 3435 924 3506 gloria
962 3444 1176 3505 praeter
1201 3450 1408 3502 eorum,
1434 3452 1573 3507 quae
1601 3438 1687 3493 hic
1714 3453 1810 3507 per
1840 3437 1997 3492 tidem
2026 3452 2142 3492 cre-

569 3512 790 3593 duntur,
814 3536 870 3582 et
897 3529 1106 3585 ratione
1126 3538 1472 3598 quaeruntur,
1500 3538 1556 3584 et
1583 3539 1837 3599 quantum
1868 3529 1993 3585 licet
2019 3546 2144 3585 sua-

568 3615 783 3681 dentur,
808 3617 860 3671 in
883 3616 1063 3672 futura
1083 3617 1190 3673 vita
1207 3634 1303 3688 per
1315 3618 1737 3689 experimentum
1759 3619 2139 3689 cognitionem!

567 3703 708 3764 llas.
743 3707 911 3764 Caute
938 3723 1005 3766 ac
1032 3709 1418 3767 rationabiliter
1449 3711 1728 3767 existimas
1750 3712 1793 3765 ³.
1818 3711 2049 3767 Proinde
2073 3711 2141 3767 ad

567 3812 655 3864 ea,
681 3813 820 3867 quae
849 3800 1117 3869 proposita
1143 3808 1286 3865 sunt,
1315 3800 1418 3856 hoc
1446 3809 1548 3867 est,
1583 3801 1650 3855 ad
1688 3802 2005 3857 divisionem
2036 3802 2141 3857 Na-

567 3892 721 3942 turae
766 3889 1095 3944 redeundum
1125 3904 1247 3945 esse
1278 3888 1300 3920 ’
1333 3903 1549 3945 censeo.
1598 3889 1743 3946 Drsc.
1789 3890 2141 3946 Redeundum

565 3991 718 4043 sane,
747 3979 999 4049 quoniam
1036 3981 1228 4036 modus
1273 3980 1641 4037 observandus
1665 3990 1747 4037 est
1776 3981 1828 4035 iu
1861 3982 1973 4045 his,
2002 3997 2143 4050 quae

563 4066 788 4125 dicenda
807 4081 949 4135 sunt,
969 4078 1027 4124 ut
1048 4071 1117 4127 ad
1140 4071 1301 4128 ﬁnem
1319 4073 1587 4142 quendam
1607 4074 1813 4143 possint
1833 4074 2135 4142 pervenire.

636 4157 730 4213 ﬂ.
777 4156 917 4215 MAG.
966 4158 1367 4217 Praedictarum
1414 4163 1594 4234 itaque
1638 4162 1870 4219 Naturae
1916 4165 2139 4219 divisio-

565 4262 693 4307 num
751 4250 795 4282 “
841 4251 1013 4320 prima
1061 4251 1361 4309 diﬁ‘erentia
1406 4255 1560 4311 nobis
1597 4255 1711 4312 visa
1761 4264 1845 4310 est
1890 4256 1946 4310 in
1992 4271 2136 4323 eam,

2243 3343 2360 3406 θέω,
2400 3338 2503 3394 hoc
2528 3349 2629 3405 est,
2657 3353 2850 3404 curro;
2882 3346 2996 3404 aut,
3034 3336 3176 3407 quod
3201 3335 3535 3407 probabilius
3560 3346 3666 3402 est,
3695 3336 3808 3408 quia

2244 3450 2383 3489 unus
2413 3435 2658 3503 idemque
2701 3432 3003 3489 intellectus
3048 3431 3191 3487 inest
3209 3424 3278 3498 ",
3318 3433 3385 3487 ab
3419 3442 3649 3501 utroque
3681 3430 3810 3485 deri-

2242 3526 2358 3581 vari
2386 3533 2534 3579 recte
2564 3523 2759 3579 dicitur
2786 3525 2852 3577 “.
2900 3521 3035 3578 Nam
3059 3539 3185 3579 cum
3212 3538 3243 3577 a
3273 3521 3436 3577 verbo
3460 3522 3632 3597 θεωρῶ
3657 3519 3809 3574 dedu-

2243 3616 2384 3672 citur
2407 3615 2555 3679 Θεὸς,
2587 3614 2774 3669 videns
2805 3613 3207 3684 interpretatur.
3235 3611 3353 3684 Ipse
3377 3611 3519 3667 enim
3546 3611 3728 3666 omnia
3748 3609 3804 3675 ”,

2242 3724 2381 3779 quae
2411 3716 2556 3774 sunt,
2589 3707 2643 3761 in
2674 3708 2851 3776 seipso
2880 3706 3045 3772 videt,
3071 3707 3199 3761 dum
3231 3704 3366 3761 nihil
3395 3714 3549 3760 extra
3583 3704 3809 3775 seipsum

2242 3801 2489 3871 aspiciat,
2522 3801 2645 3870 quia
2679 3798 2809 3853 nihil
2835 3807 2988 3853 extra
3017 3798 3252 3869 seipsum
3295 3807 3398 3854 est.
3445 3796 3579 3852 Cum
3619 3812 3741 3851 vero
3766 3793 3806 3824 "

2242 3908 2271 3946 a
2312 3891 2476 3947 verbo
2508 3894 2631 3957 θέω,
2673 3891 2795 3954 Θιός
2845 3906 3073 3947 currens
3120 3900 3270 3947 recte
3317 3888 3652 3961 intelligitur.
3702 3888 3805 3956 Ipse

2241 3984 2383 4038 enim
2406 3983 2461 4037 in
2484 3982 2662 4037 omnia
2695 3982 2891 4047 currit,
2922 3990 2978 4034 et
3005 3979 3151 4035 nullo
3182 3980 3339 4035 modo
3363 3989 3491 4046 stat,
3519 3979 3614 4035 sed
3638 3976 3803 4034 omnia

2241 4074 2507 4128 currendo
2530 4072 2738 4143 implet,
2760 4072 2900 4126 sicut
2922 4071 3185 4141 scriptum
3211 4081 3296 4126 est
3322 4089 3334 4124 :
3377 4068 3628 4125 Velociter
3655 4067 3801 4123 currit

2241 4178 2409 4216 sermo
2443 4162 2578 4232 ejus.
2627 4160 2879 4216 Attamen
2916 4159 3062 4215 nullo
3090 4159 3250 4215 modo
3276 4168 3557 4214 movetur:
3599 4154 3663 4212 de
3705 4154 3802 4211 Deo

2222 4242 2507 4323 ‘siquidem
2541 4250 2820 4306 verissime
2851 4248 3053 4305 dicitur
3082 4259 3262 4306 motus
3292 4247 3522 4314 stabilis,
3557 4257 3612 4302 et
3643 4255 3799 4302 status

563 4352 706 4412 quae
738 4352 888 4397 creat
912 4350 970 4397 et.
998 4357 1103 4397 non
1134 4351 1367 4400 creatur.
1397 4343 1509 4400 Nec
1540 4344 1831 4411 immerito,
1859 4346 1985 4414 quia
2017 4345 2137 4402 talis
2228 4342 2475 4421 pmbilis.
2508 4342 2627 4397 Stat
2654 4343 2798 4397 enim
2829 4342 2883 4397 in
2916 4341 3093 4412 seipso
3120 4339 3653 4406 incommutabiliter,
3678 4354 3801 4393 nuu-

563 4428 800 4488 Naturae
824 4433 1033 4503 species
1061 4435 1127 4490 de
1164 4433 1276 4490 Deo
1309 4434 1423 4490 solo
1466 4443 1611 4491 recte
1650 4434 2011 4504 praedicatur,
2041 4436 2136 4507 qui
2190 4420 2400 4503 "Quam
2426 4433 2725 4489 naturalem
2762 4449 2916 4489 suam
2958 4432 3307 4489 stabilitatem
3333 4431 3611 4488 deserens.
3641 4428 3799 4484 Movet

561 4520 710 4578 solus
737 4522 917 4577 omnia
943 4524 986 4554 ¹¹
1016 4539 1209 4581 creans
1236 4524 1487 4604 ἄναρχος,
1520 4527 1622 4582 hoc
1648 4536 1753 4594 est,
1785 4528 1901 4583 sine
1930 4528 2132 4597 princi-
2160 4588 2211 4604 ﬁ
2240 4535 2420 4582 autem
2464 4527 2698 4597 seipsum
2745 4540 2842 4596 per
2882 4526 3084 4592 omnia,
3130 4535 3189 4581 ut
3237 4527 3344 4583 sint
3381 4541 3470 4593 ca,
3509 4540 3647 4595 quae
3683 4539 3710 4577 a
3745 4536 3797 4576 se

562 4610 655 4682 pio
682 4611 1014 4685 intelligitur,
1040 4615 1164 4685 quia
1188 4588 1497 4687 principalis
1521 4631 1684 4674 causa
1708 4588 1967 4683 omnium,
1996 4632 2137 4688 quae
2159 4588 2217 4650 D
2241 4588 2599 4676 essentialiter
2643 4588 2978 4685 subsistunt;
3033 4588 3181 4674 motu
3227 4619 3371 4674 enim
3420 4588 3592 4687 ipsius
3634 4613 3796 4671 omnia

561 4714 631 4757 ex
659 4701 776 4772 ipso
800 4712 856 4757 et
882 4718 979 4772 per
1005 4705 1178 4776 ipsum
1223 4706 1363 4763 facta
1411 4718 1557 4776 sunt,
1602 4709 1748 4766 solus
1782 4720 1888 4776 est,
1933 4725 1998 4767 ac
2038 4702 2145 4781 per'
2241 4712 2396 4767 ﬁunt.
2427 4717 2505 4767 Ac
2546 4723 2641 4781 per
2684 4712 2788 4767 hoc
2835 4726 2976 4766 unus
3024 4709 3272 4780 idemque
3309 4707 3617 4764 intellectus
3646 4703 3796 4761 estin

561 4790 667 4848 hoc
695 4801 751 4848 et
779 4794 1039 4862 omnium,
1085 4811 1225 4866 quae
1266 4812 1336 4854 ex
1376 4813 1437 4855 se
1482 4809 1628 4865 sunt,
1669 4800 1791 4856 ﬁnis
1822 4811 1923 4857 est.
1956 4801 2133 4873 Ipsum

560 4883 707 4941 enim
734 4886 917 4942 omnia
944 4896 1219 4958 appetunt.
1269 4890 1365 4946 Est
1408 4891 1571 4963 igitur
1620 4893 1969 4964 principium,
2017 4908 2131 4949 me-

563 4975 711 5032 dium
734 4985 790 5034 et
816 4978 959 5034 linis.
992 4977 1343 5050 Principium,
1389 4984 1515 5053 quia
1559 4999 1627 5039 ex
1669 4999 1728 5040 se
1766 4995 1890 5040 sunt
1925 4985 2129 5052 omnia,

559 5081 700 5140 quae
739 5070 1030 5125 essemiam
1076 5073 1432 5144 participant;
1478 5076 1711 5131 medium
1759 5084 1959 5141 autem,
2002 5076 2130 5146 quia

560 5158 618 5215 in
637 5159 774 5231 ipso,
795 5169 850 5216 et
867 5176 964 5231 per
985 5162 1158 5232 ipsum
1186 5165 1228 5197 “
1250 5165 1546 5222 subsistunt
1566 5177 1728 5237 atque
1751 5177 2034 5222 moventur
2050 5165 2125 5233 ¹³;

559 5247 684 5308 ﬁnis
708 5265 856 5320 vero,
884 5253 1009 5324 quia
1048 5254 1116 5310 ad
1159 5254 1335 5326 ipsum
1379 5265 1662 5314 moventur
1688 5256 1922 5326 quietem
1954 5265 2131 5313 motus

2240 4802 2447 4857 duabus
2495 4799 3030 4871 interpretationibus
3070 4797 3309 4868 ejusdem
3359 4796 3621 4863 nominis,
3668 4790 3793 4866 quod

2239 4901 2321 4947 est
2349 4891 2511 4947 Deus.
2544 4889 2661 4945 Non
2692 4890 2836 4946 enim
2875 4889 3018 4944 aliud
3045 4898 3130 4946 est
3156 4888 3268 4944 Deo
3295 4902 3517 4945 currere
3558 4901 3655 4959 per
3688 4900 3792 4940 om-

2239 4983 2351 5049 nia,
2380 4998 2539 5053 quam
2566 4983 2749 5038 videre
2776 4982 2991 5049 omnia;
3032 4981 3128 5037 sed
3158 4982 3300 5037 sicut
3333 4980 3590 5045 videndo,
3639 4981 3706 5033 ita
3743 4982 3792 5029 et

2236 5073 2499 5129 currendo
2528 5070 2647 5146 [per
2671 5070 2820 5146 eum]
2842 5070 2890 5104 ⁸⁵
2920 5073 3057 5127 ﬁunt
3080 5072 3282 5126 omnia.
3322 5069 3471 5126 DISC.
3503 5066 3582 5125 De
3608 5075 3792 5129 etvmo-

2237 5163 2374 5233 logia
2405 5164 2639 5219 nominis
2664 5163 2796 5220 satis
2824 5179 2887 5221 ac
2916 5162 3268 5235 probabiliter
3294 5178 3513 5218 suasum
3554 5171 3656 5217 est.
3697 5154 3789 5213 Sed

2237 5271 2345 5311 non
2370 5255 2505 5314 satis
2530 5256 2705 5324 video,
2734 5270 2842 5329 quo
2871 5270 2930 5313 se
2954 5263 3189 5323 moveat,
3217 5255 3308 5327 qui
3335 5255 3540 5326 ubique
3566 5261 3666 5321 est,
3687 5249 3790 5308 sine

1847 5372 2109 5464 unus.
2132 5407 2534 5467 LECTIONES.

614 5536 631 5569 '
661 5532 794 5592 (ΖΒΕ
826 5539 913 5592 sit.
995 5539 1019 5572 ⁸
1045 5538 1087 5593 Α
1116 5554 1253 5592 nunc
1279 5537 1410 5591 nihil
1431 5539 1487 5592 in
1511 5555 1594 5592 eo.
1649 5539 1671 5571 ⁸
1697 5540 1750 5593 in
1774 5555 1835 5593 ea
1864 5554 1975 5595 om.
1998 5540 2063 5594 Δ.

558 5608 814 5661 mentibus
844 5609 1053 5663 nostris.
1129 5609 1153 5641 ⁸
1176 5607 1267 5663 Sic
1294 5607 1458 5673 CDE;
1492 5608 1535 5661 A
1556 5611 1818 5664 aestimas.

2157 5538 2182 5571 ‘
2206 5539 2295 5596 Sic
2323 5539 2488 5606 CDE;
2511 5542 2557 5595 Α

1903 5612 1925 5646 ⁸
1949 5627 2058 5664 esse
2084 5612 2273 5669 om.A.
2354 5610 2452 5665 "A
2473 5606 2790 5667 divisionum
2817 5612 3077 5668 Naturae.
3156 5614 3200 5644 “
3218 5611 3475 5676 SicCDE;
3499 5606 3783 5663 Domitian.

528 5677 602 5748 .‘f
643 5676 733 5732 Sic
762 5676 923 5740 CDE;
954 5680 996 5732 Β
1030 5679 1083 5732 in
1124 5679 1296 5746 seipso
1338 5687 1393 5731 et
1436 5693 1534 5747 per
1565 5680 1817 5748 seipsum.
1896 5680 1941 5711 ³³
1980 5680 2071 5735 Sic
2094 5679 2259 5743 CDE;
2286 5681 2332 5734 A
2367 5692 2654 5737 moventur
2671 5686 2869 5737 omnia.

561 5746 605 5778 "
626 5747 664 5799 C
685 5763 764 5800 me
792 5764 997 5813 parum.
1077 5747 1179 5799 “A
1204 5746 1481 5809 rationalia
1506 5746 1716 5813 nostra;
1745 5760 1923 5803 nostra
1951 5765 2055 5803 om.
2095 5748 2158 5805 C.

559 5818 699 5872 Quid.
776 5817 823 5848 ”
855 5818 896 5872 Α
928 5828 1020 5872 est.
1101 5818 1142 5852 "
1184 5816 1266 5871 ΟΕ
1295 5819 1562 5887 accipitur.
1641 5821 1686 5851 “
1727 5821 1899 5873 omnia
1929 5836 2038 5877 om.
2078 5821 2144 5875 A.
2182 5886 2186 5890 Α
2222 5822 2268 5853 ³³
2307 5816 2567 5876 A'autem.

2584 5543 2819 5611 spiritus.
2879 5542 3053 5597 'Ael.
3132 5516 3280 5596 iero
3307 5542 3353 5595 si
3376 5536 3687 5611 attenti,
3711 5531 3786 5588 ὐ

2950 5682 2996 5715 ¹⁶
3034 5682 3130 5739 Sic
3152 5682 3387 5746 CDE;’A
3413 5683 3469 5734 in
3492 5697 3546 5734 se
3573 5688 3618 5732 et
3642 5694 3703 5731 ex
3718 5690 3780 5727 se.

2237 5752 2277 5782 ⁸⁷
2365 5751 2519 5818 facile
2543 5768 2667 5807 non.
2745 5754 2789 5785 ³⁸
2827 5753 2934 5809 Pro
2957 5755 3004 5809 si
3030 5754 3233 5814 videtur
3258 5753 3305 5805 Α
3333 5752 3596 5821 fundatur.
3675 5749 3712 5780 "
3741 5747 3780 5798 Δ

2643 5822 2688 5853 ’ί
2726 5842 2818 5893 per
2842 5841 2959 5880 eum
2997 5840 3107 5881 om.
3145 5822 3297 5878 CDE.
