4028 6280
1117 274 1163 323 LI

259 418 375 482 453

1164 421 1251 478 DE
1288 420 1627 479 DlVlSlONE
1665 422 2014 480 NATURAE.
2054 454 2122 465 —
2156 424 2358 480 LIBER
2393 424 2673 482 PRIMUS.

3423 436 3525 493 ι54

259 550 375 606 quo
408 535 546 592 nihil
572 548 694 592 esse
721 544 922 608 potest,
953 545 1007 592 et
1035 546 1191 592 extra
1232 552 1392 607 quem
1433 539 1566 594 nihil
1607 540 1850 595 extendi-
1875 545 1927 606 Α
1952 540 2062 596 sint
2104 556 2170 595 ex
2211 555 2460 597 non-esse
2489 541 2542 595 in
2571 556 2721 606 esse;
2761 552 2977 599 creatur
3002 553 3201 611 autem,
3234 548 3359 616 quia
3391 550 3527 606 nihil

254 635 385 694 tur;
418 636 500 684 est
529 628 673 684 enim
713 627 867 686 locus
908 630 1150 684 omnium
1194 640 1357 702 atque
1396 632 1845 705 circumscriptio.

254 719 404 776 lae.
437 722 607 776 Deum
641 722 847 778 moveri
876 737 983 778 non
1014 731 1168 778 extra
1199 738 1260 779 se
1284 723 1421 790 dixi,
1446 725 1540 797 sed
1579 741 1610 780 a
1648 726 1846 796 seipso,

254 813 313 868 in
342 814 545 884 seipse,
572 815 641 869 ad
669 814 928 886 seipsum.
954 813 1070 871 Non
1099 815 1246 871 enim
1277 815 1442 872 alium
1466 827 1670 874 motum
1698 819 1752 874 in
1781 834 1849 878 eo

250 913 472 974 oportet
493 904 660 970 credi,
690 912 907 974 praeter
919 921 1052 962 suae
1075 905 1371 963 voluntatis
1390 909 1712 979 appetitum,
1740 925 1848 980 quo

248 997 370 1052 vnit
395 997 578 1053 omnia
609 997 766 1065 ﬁeri;
818 998 961 1055 sicut
1004 1007 1178 1057 status
1221 1000 1360 1073 ejus,
1407 1018 1515 1060 non
1544 1005 1698 1075 quasi
1723 1012 1850 1077 post

250 1094 469 1143 motuin
500 1098 629 1155 stet,
660 1091 756 1146 sed
783 1090 1024 1162 ejusdem
1067 1107 1197 1149 suae
1229 1093 1523 1151 voluntatis
1551 1096 1848 1154 incommu-

253 1180 428 1236 tabile
474 1183 810 1252 propositum
859 1183 1211 1256 intelligitur,
1254 1202 1362 1259 quo
1406 1189 1587 1245 omnia
1641 1191 1848 1248 incom-

247 1272 505 1328 mutabili
554 1274 826 1329 rationum
891 1284 1112 1332 suarum
1178 1278 1471 1335 stabilitate
1524 1295 1847 1352 permanere

245 1364 460 1421 deiinit.
505 1365 624 1421 Non
662 1368 807 1422 enim
846 1368 900 1422 in
935 1368 1055 1439 ipso
1099 1370 1317 1441 proprie
1343 1378 1520 1428 status
1548 1383 1642 1429 aut
1666 1382 1844 1431 motus

243 1456 476 1512 dicitur.
508 1457 654 1514 Haec
689 1460 836 1515 enim
882 1461 989 1517 duo
1033 1463 1279 1533 opposita
1319 1463 1421 1520 sibi
1460 1465 1691 1521 invicem
1723 1481 1845 1523 esse

240 1548 536 1603 videntur:
569 1550 814 1620 opposita
843 1561 1024 1606 autem
1053 1552 1106 1607 in
1134 1568 1201 1608 eo
1223 1554 1449 1625 cogitari
1493 1555 1577 1609 vel
1618 1555 1843 1627 intelligi

240 1653 377 1694 vera
411 1639 551 1695 ratio
576 1640 848 1711 prohibet,
878 1644 1197 1712 praesertim
1243 1659 1368 1702 cum
1410 1653 1584 1703 status
1624 1648 1843 1717 proprie

242 1729 373 1786 linis
414 1733 671 1788 motionis
715 1732 806 1788 sit.
855 1732 972 1789 Non
1021 1743 1203 1791 autem
1257 1736 1277 1769 ⁸
1319 1737 1462 1794 Deus
1505 1741 1711 1795 moveri
1757 1741 1841 1796 in-

238 1822 432 1887 choat,
466 1830 524 1878 ut
553 1823 620 1878 ad
651 1833 853 1880 statum
875 1824 1144 1895 quendam
1172 1829 1472 1897 perveniat.
1505 1828 1649 1886 Haec
1677 1831 1840 1902 igitur

1950 630 2313 686 essentialiter
2338 640 2423 686 est
2447 639 2660 702 praeter
2690 631 2891 702 ipsam;
2931 644 3014 689 est
3040 638 3181 690 enim
3213 641 3451 695 omnium
3481 641 3526 675 “

1948 719 2207 776 essentia.
2262 718 2399 774 Nam
2455 721 2597 775 sicut
2653 720 2858 777 nullum
2913 724 3106 779 bonum
3152 730 3397 787 naturale
3440 740 3526 788 est

1946 817 2165 879 praeter
2186 810 2382 879 ipsum,
2413 810 2509 866 sed
2534 825 2713 875 omne,
2749 813 2893 882 quod
2925 815 3118 870 dicitur
3146 818 3342 874 bonum
3382 838 3523 892 esse,

1948 914 2014 954 ex
2048 899 2462 971 participatione
2488 901 2644 956 unius
2671 902 2865 956 summi
2895 901 3023 959 boni
3050 914 3135 961 est
3167 908 3366 964 bonum
3410 929 3423 965 :
3448 911 3525 970 ita

1947 1003 2127 1055 omne,
2152 991 2293 1061 quod
2321 992 2522 1047 dicitur
2544 993 2778 1048 existere
2801 993 2867 1059 ",
2898 1011 3004 1049 non
3034 997 3089 1051 in
3116 996 3292 1068 seipso
3317 1002 3522 1072 existit,

1946 1078 2041 1133 sed
2083 1079 2500 1150 participatione
2548 1095 2675 1137 vere
2718 1082 3002 1139 existentis
3056 1095 3279 1141 naturae
3316 1091 3520 1149 existit.

1944 1166 2063 1224 Non
2092 1170 2264 1225 solum
2293 1170 2493 1241 itaque,
2521 1181 2579 1227 ut
2608 1172 2661 1227 in
2692 1172 2799 1239 his,
2828 1187 2966 1243 quae
2988 1183 3114 1229 ante
3140 1177 3282 1231 dicta
3310 1190 3435 1234 sunt
3454 1181 3521 1250 ³⁸,

1945 1260 2346 1316 consideratum
2375 1271 2477 1328 est,
2514 1262 2697 1317 divina
2738 1272 2931 1319 natura
2979 1264 3094 1320 ﬁeri
3135 1267 3352 1335 dicitur,
3394 1271 3521 1326 dum

1944 1352 1999 1408 in
2030 1352 2116 1418 iis,
2144 1354 2237 1423 qui
2265 1353 2389 1419 ﬁde,
2422 1361 2477 1409 et
2504 1369 2619 1424 spe,
2658 1362 2713 1409 et
2742 1356 2990 1422 caritate,
3019 1359 3321 1430 ceterisque
3350 1363 3521 1420 virtu-

1944 1444 2088 1499 tibus
2112 1443 2497 1511 reformantur,
2526 1445 2621 1500 Dei
2656 1444 2891 1502 Verbum
2917 1448 3151 1505 mirabili
3179 1459 3342 1522 atque
3370 1455 3414 1489 “
3434 1455 3519 1509 in-

1941 1533 2141 1591 eifabili
2172 1537 2330 1591 modo
2352 1537 2681 1604 innascitur,
2708 1538 2851 1595 sicut
2871 1540 2945 1593 ait
2968 1540 3256 1610 Apostolus
3279 1542 3345 1601 de
3365 1546 3521 1608 Chri-

1942 1634 2029 1681 sto
2053 1625 2280 1696 loquens
2308 1644 2321 1680 :
2347 1626 2451 1694 Qui
2478 1627 2649 1698 factus
2678 1638 2755 1683 est
2787 1629 2842 1684 in
2868 1629 3015 1685 nobis
3044 1635 3297 1704 sapientia
3324 1655 3357 1691 a
3386 1638 3517 1708 Deo,

1938 1719 2330 1790 etjustiﬁcatio,
2347 1730 2394 1773 et
2411 1720 2714 1791 redemptio;
2727 1722 2821 1777 sed
2845 1720 3010 1778 etiam
3027 1723 3094 1790 π,
3113 1727 3238 1795 quia
3255 1729 3300 1759 “
3323 1730 3377 1786 in
3401 1746 3520 1788 om-

1942 1809 2120 1878 nibus,
2149 1824 2289 1881 quae
2318 1819 2463 1877 sunt,
2496 1819 2739 1881 apparet,
2768 1828 2909 1884 quae
2935 1828 3032 1883 per
3063 1816 3296 1886 seipsam
3332 1820 3523 1876 invisi-

238 1915 504 1979 nomina,
544 1918 684 1973 sic“,
731 1926 790 1972 ει
837 1918 1006 1974 multa
1051 1922 1272 1989 similia,
1324 1938 1390 1979 ex
1441 1932 1691 1980 "eam"
1740 1939 1839 1994 per
1863 1912 1913 1973 Β
1941 1902 2191 1994 bilisest,
2217 1918 2325 1959 non
2349 1902 2643 1994 incongrue
2671 1903 2868 1961 dicitur
2890 1902 3054 1963 facta.
3085 1906 3220 1963 Nam
3249 1918 3305 1966 et
3331 1923 3520 1971 noster

237 2008 517 2077 quandam
542 2007 779 2062 divinam
812 2010 1190 2080 metaphoram
1235 2011 1304 2067 ad
1342 2012 1657 2070 Creatorem
1696 2013 1838 2071 refe-

238 2108 466 2155 runtur.
492 2099 601 2155 Nec
632 2100 1096 2168 irrationabiliter,
1128 2106 1386 2174 quoniam
1411 2107 1673 2175 omnium,
1697 2123 1835 2179 quae

236 2190 295 2246 in
328 2196 475 2247 statu
500 2200 554 2247 et
583 2201 732 2248 motu
758 2202 905 2260 sunt,
936 2208 1100 2251 causa
1125 2205 1224 2252 est.
1277 2198 1360 2255 Ah
1405 2214 1472 2255 eo
1507 2202 1651 2256 enim
1695 2202 1835 2258 inci-

236 2282 401 2353 piunt
425 2296 649 2340 currere
677 2294 740 2340 ut
768 2287 895 2353 sint,
942 2289 1199 2359 quoniam
1226 2292 1550 2363 principium
1576 2302 1660 2351 est
1679 2297 1700 2329 ²
1725 2310 1833 2351 om-

236 2376 419 2443 nium,
444 2386 499 2433 et
526 2393 623 2448 per
650 2392 772 2435 eum
802 2380 869 2434 ad
898 2396 1021 2438 eum
1052 2384 1281 2439 naturali
1311 2394 1461 2442 motu
1487 2386 1836 2455 feruntur-gat

237 2467 298 2522 in
355 2478 422 2523 eo
470 2469 989 2526 incommutabiliter
1038 2479 1202 2543 atque
1257 2475 1604 2532 aeternaliter
1649 2488 1830 2546 stent,

237 2559 500 2627 quoniam
552 2559 676 2615 linis
722 2562 986 2633 quiesque
1031 2565 1278 2620 omnium
1325 2575 1429 2622 est.
1496 2568 1636 2624 Nam
1692 2570 1833 2626 ultra

237 2662 369 2704 eum
416 2646 438 2680 ³
470 2649 548 2704 nii
582 2660 864 2721 appetunt.
897 2651 956 2706 ln
994 2667 1059 2709 eo
1095 2655 1239 2709 enim
1287 2657 1372 2711 sui
1413 2666 1592 2714 motus
1630 2660 1831 2730 princi-

236 2739 393 2809 pium
420 2738 694 2811 iinemque
724 2741 1022 2798 inveniunt.
1055 2744 1199 2801 Deus
1226 2760 1355 2817 ergo
1397 2747 1421 2779 ⁵
1449 2764 1673 2805 currens
1699 2751 1832 2807 dici-

240 2836 351 2896 tur,
380 2846 488 2885 non
517 2832 645 2901 quia
673 2840 827 2887 extra
855 2848 915 2889 se
943 2844 1149 2901 currat,
1188 2838 1279 2906 qui
1310 2851 1522 2909 semper
1558 2840 1611 2893 in
1652 2842 1831 2911 seipse

238 2922 657 2980 imtnutabiliter
680 2933 790 2981 stat
837 2927 885 2993 ⁸,
919 2929 1010 2999 qui
1055 2926 1078 2960 ⁸
1107 2930 1289 2984 omnia
1324 2930 1545 3002 implet;
1574 2933 1669 2988 sed
1703 2934 1829 3004 quia

235 3018 424 3074 omnia
453 3034 678 3077 currere
707 3022 836 3077 facit
866 3030 932 3076 ex
962 3024 1453 3081 non-existentibus
1497 3024 1550 3081 in
1593 3028 1831 3084 existen-

237 3110 334 3164 tia.
368 3110 515 3168 DISC.
550 3113 681 3168 Redi
714 3115 781 3169 ad
807 3116 1175 3185 propositum;
1207 3116 1341 3173 haec
1364 3119 1510 3174 enim
1539 3133 1646 3174 non
1687 3120 1825 3175 irra—

236 3201 572 3258 tionabiliter
600 3204 742 3260 dicta
768 3205 1039 3261 videntur.
1093 3206 1232 3261 ΜΑε.
1283 3208 1451 3275 Quale
1491 3209 1822 3279 propositum

1938 1991 2266 2059 intellectus,
2298 1993 2609 2064 priusquam
2638 1994 2822 2050 veniat
2848 1995 2902 2050 in
2932 1996 3312 2068 cogitationem
3353 2010 3518 2074 atque

1935 2084 2276 2150 memoriam,
2308 2098 2413 2140 non
2446 2084 2893 2142 irrationabiliter
2931 2087 3126 2143 dicitur
3167 2106 3286 2147 esse
3307 2093 3387 2159 ²²;
3431 2103 3518 2150 est

1933 2175 2078 2230 enim
2107 2191 2206 2246 per
2231 2188 2291 2231 se
2316 2174 2632 2244 invisibilis,
2674 2185 2730 2233 et
2775 2177 2907 2233 nulli
2953 2178 3059 2235 nisi
3101 2180 3211 2237 Deo
3252 2184 3515 2255 nobisque

1933 2268 2066 2339 ipsis
2097 2258 2343 2339 cognitus
2378 2276 2480 2326 est.
2522 2269 2661 2326 Dum
2701 2285 2827 2327 vero
2859 2271 2913 2326 in
2957 2273 3311 2344 cogitationes
3352 2292 3515 2334 vene-

1933 2360 2029 2427 rit,
2060 2370 2117 2416 et
2143 2376 2210 2417 ex
2238 2362 2556 2432 quibusdam
2583 2362 2885 2434 phantasiis
2910 2364 3140 2421 formam
3167 2367 3384 2439 accipit,
3407 2384 3516 2425 non

1935 2452 2207 2510 immerito
2231 2454 2431 2512 dicitur
2458 2455 2599 2511 ﬁeri.
2628 2455 2717 2511 Fit
2740 2456 2887 2511 enim
2915 2456 2973 2511 in
3000 2458 3282 2525 memoria,
3311 2458 3516 2517 formas

1934 2545 2195 2614 quasdam
2221 2547 2492 2617 accipiens
2513 2559 2717 2612 rerum,
2749 2561 2843 2602 seu
2874 2561 3092 2615 vocum,
3124 2564 3217 2604 seu
3248 2550 3510 2618 colorum,

1932 2645 2346 2708 ceterorumque
2378 2637 2734 2704 sensibilium,
2763 2639 2857 2708 qui
2886 2638 3133 2695 informis
3161 2650 3301 2709 erat,
3338 2643 3514 2714 prius-

1932 2739 2095 2796 quam
2118 2726 2171 2780 in
2194 2727 2512 2784 memoriam
2539 2726 2781 2794 veniret;
2811 2727 3006 2784 deinde
3032 2729 3195 2785 veluti
3220 2733 3514 2790 secundam

1934 2814 2306 2871 formationem
2338 2818 2546 2887 recipit,
2579 2817 2706 2873 dum
2734 2818 3054 2886 quibusdam
3091 2819 3385 2876 formarum
3414 2836 3513 2879 seu

1931 2924 2124 2964 vocum
2141 2902 2331 2979 signis,
2346 2909 2533 2965 literas
2544 2906 2686 2975 dico,
2701 2924 2840 2980 quae
2852 2920 2978 2966 sunt
2993 2911 3144 2982 signa
3159 2928 3374 2979 vocum,
3388 2912 3513 2971 etil-

1929 3015 2115 3071 guras,
2136 3014 2276 3069 quae
2289 3008 2415 3055 sunt
2437 3000 2588 3071 signa
2612 2999 2928 3069 formarum,
2953 3001 3261 3057 matheseos
3282 3002 3513 3061 seualiis

1931 3089 2276 3146 sensibilibus
2305 3090 2522 3147 indiciis
2556 3090 2839 3157 formatur,
2865 3106 2963 3162 per
2995 3108 3135 3162 quae
3163 3094 3510 3150 sentientium

1933 3180 2180 3236 sensibus
2202 3181 2464 3237 insinuari
2479 3180 2671 3253 possit.
2691 3180 2801 3237 Hac
2819 3182 3189 3251 similitudine,
3207 3186 3455 3255 quamvis
3477 3201 3512 3242 a

232 3310 494 3365 quaeras,
523 3296 815 3353 admoneas
842 3308 990 3370 peto.
1037 3298 1175 3355 Nam
1206 3271 1331 3356 cum
1361 3302 1427 3358 de
1461 3271 1822 3359 incidentibus
1850 3271 1896 3334 ο
1930 3274 2110 3329 δίνίυθ
2136 3283 2328 3370 ὓδωΐρ
2344 3281 2549 3370 (emota
2568 3274 2657 3340 sit,
2679 3274 2893 3370 suaderi
2922 3284 3102 3330 tamen
3123 3277 3345 3370 posse”
3364 3277 3509 3334 arbi-

232 3387 647 3456 quacstionihus
694 3391 957 3461 quaedam
1006 3393 1188 3447 dicere
1230 3408 1511 3458 conamur,
1550 3394 1821 3464 principa-

232 3476 368 3533 lium
425 3482 800 3549 quaestionum
856 3484 1172 3554 saepissime
1220 3483 1608 3538 obliviscimur.
1673 3485 1818 3538 Dtsc.

232 3567 488 3639 Nunquid
518 3570 622 3626 hoc
650 3573 1047 3642 proposuimus,
1088 3583 1147 3627 ut
1187 3574 1208 3605 '
1240 3588 1338 3644 pro
1362 3574 1568 3629 viribus
1593 3573 1820 3629 investi-

233 3674 513 3732 garemus,
562 3672 667 3732 qua
701 3666 910 3720 ratione
937 3666 1004 3720 ab
1030 3666 1133 3731 his,
1178 3667 1270 3737 qui
1314 3666 1383 3721 de
1420 3666 1600 3721 divina
1627 3675 1820 3721 natura

235 3755 533 3823 disputant,
561 3757 747 3812 eadem
772 3757 798 3792 ⁸
830 3768 1016 3814 creare
1044 3766 1095 3814 et
1127 3760 1301 3815 creari
1352 3759 1590 3815 dicitur?
1620 3758 1821 3815 Creare

232 3846 381 3901 enim
410 3845 576 3921 [eam]
600 3852 622 3883 ’
650 3852 856 3918 omnia,
889 3850 1064 3907 nullus
1091 3866 1220 3908 sane
1270 3853 1681 3926 intelligendum
1707 3860 1821 3907 am-

232 3936 403 4012 bigit;
441 3950 547 4012 quo
574 3944 733 4000 modo
760 3956 888 4001 vero
915 3944 958 3977 ²⁶
1002 3946 1174 4002 creari
1215 3944 1433 4013 dicitur,
1477 3960 1587 4003 non
1622 3945 1822 4002 transi-

231 4033 374 4088 torie
405 4032 856 4104 praetereundum
891 4036 1046 4092 nobis
1069 4034 1242 4093 Visum
1270 4045 1351 4093 est
1377 4037 1438 4091 “.

311 4122 452 4179 Mss.
494 4123 573 4180 Ita
599 4125 860 4196 profecto.
898 4126 1025 4193 Sed,
1061 4130 1121 4184 ut
1153 4129 1410 4195 arbitror,
1442 4142 1509 4184 ex
1546 4129 1651 4197 his,
1682 4143 1821 4199 quae

234 4214 512 4287 praedicta
543 4217 771 4283 sunt,ad
800 4214 939 4273 hanc
969 4220 1338 4288 quaestionem
1367 4219 1678 4276 solvendam
1712 4232 1818 4276 non

236 4308 468 4379 exiguus
524 4308 777 4365 introitus
836 4319 1110 4367 reseratas
1177 4316 1278 4367 est.
1353 4308 1670 4367 Coniectum
1738 4320 1825 4367 est

244 4398 392 4452 enim
418 4398 460 4429 ¹¹
506 4399 644 4454 inter
692 4414 820 4466 nos,
872 4401 1014 4471 quod
1058 4404 1207 4456 motu
1244 4400 1288 4433 “
1336 4401 1553 4457 divinae
1594 4409 1862 4458 naturaet.

242 4490 380 4547 nihil
425 4491 570 4547 aliud
609 4491 1012 4565 intelligendum
1038 4493 1103 4561 “,
1144 4504 1360 4565 praeter
1386 4495 1598 4551 divinae
1627 4496 1818 4552 volun-

237 4578 368 4637 tatis
417 4582 749 4654 propositum
798 4582 863 4639 ad
907 4600 969 4640 ea
1016 4587 1330 4652 condenda,
1381 4601 1520 4657 quae
1572 4587 1816 4645 facienda

234 4681 381 4727 sunt.
418 4671 565 4727 Fieri
598 4684 727 4745 ergo
762 4672 958 4729 dicitur
1000 4674 1054 4728 in
1101 4677 1351 4731 omnibus
1389 4676 1569 4731 divina
1597 4685 1809 4744 natura,

234 4770 379 4835 quae
404 4763 537 4819 nihil
570 4762 712 4821 aliud
741 4772 842 4831 est,
870 4767 973 4822 nisi
1002 4764 1180 4822 divina
1208 4766 1472 4823 voluntas.
1516 4768 1631 4824 Non
1667 4769 1814 4825 enim

233 4845 387 4910 aliud
409 4853 467 4910 in
496 4868 560 4910 ea
580 4853 630 4895 "
655 4865 738 4911 est
776 4870 896 4911 esse
921 4863 976 4910 et
999 4854 1166 4924 velle,
1217 4857 1311 4912 sed
1354 4872 1521 4913 unum
1566 4858 1814 4927 idemque

231 4944 376 5003 velle
402 4952 458 5000 et
486 4960 605 5002 esse
657 4944 710 5000 in
741 4945 1035 5003 condendis
1057 4946 1342 5016 erunibus,
1385 4963 1523 5020 quae
1566 4946 1813 5005 facienda

230 5036 351 5093 visa
377 5043 523 5092 sunt.
551 5028 714 5092 Verbi
750 5039 945 5108 gratia,
997 5038 1041 5094 si
1091 5039 1215 5108 quis
1258 5036 1477 5106 dixerit,
1512 5040 1581 5094 ad
1608 5040 1713 5094 hoc
1737 5038 1817 5094 di-

230 5127 396 5183 vinae
420 5126 714 5183 voluntatis
741 5139 919 5186 motus
947 5129 1258 5197 adducitur,
1302 5139 1364 5186 ut
1403 5130 1514 5186 sint
1550 5145 1636 5197 ea,
1676 5142 1817 5201 quae

231 5227 394 5277 sunt:
426 5222 578 5278 creat
600 5220 766 5294 igitur
789 5223 993 5292 omnia,
1022 5228 1165 5295 quae
1187 5223 1258 5282 de
1284 5223 1456 5282 nihilo
1482 5224 1725 5291 adducit,
1754 5233 1817 5280 ut

1929 3373 2058 3428 tror,
2075 3364 2342 3436 quomodo
2357 3366 2490 3435 ipsa,
2507 3366 2632 3420 dum
2653 3364 2835 3420 omnia
2853 3374 3022 3433 creat,
3040 3373 3096 3422 et
3118 3367 3187 3422 ab
3207 3367 3315 3423 ullo
3332 3370 3508 3425 creari

1924 3456 2134 3513 nesciat
2153 3457 2222 3524 ",
2264 3458 2318 3512 in
2362 3457 2634 3521 omnibus,
2678 3471 2818 3526 quae
2863 3456 2933 3512 ab
2979 3473 3043 3512 ea
3082 3466 3226 3523 sunt,
3274 3460 3510 3517 mirabili

1926 3550 2083 3606 modo
2109 3557 2358 3615 creatur;
2391 3556 2469 3615 ut,
2502 3549 2956 3618 quemadmodum
2981 3550 3178 3605 mentis
3202 3550 3504 3623 intelligen-

1927 3642 2031 3709 tia,
2079 3656 2173 3698 seu
2215 3641 2548 3712 propositum
2573 3680 2588 3705 ,
2633 3654 2729 3696 seu
2774 3639 3100 3707 consilium,
3147 3655 3241 3695 seu
3287 3656 3503 3713 quoquo

1923 3734 2084 3790 modo
2107 3742 2285 3789 motus
2311 3734 2401 3788 ille
2424 3740 2609 3790 noster
2632 3732 2857 3789 intimus
2877 3741 2933 3789 et
2955 3732 3163 3802 primus
3184 3732 3288 3788 dici
3309 3733 3501 3803 possit,

1924 3828 2050 3882 dum
2082 3827 2135 3881 in
2167 3825 2573 3898 cogitationem,
2596 3824 2929 3889 utdiximus,
2955 3824 3185 3890 venerit,
3213 3825 3508 3895 quasdam-

1922 3934 2029 3989 que
2071 3919 2481 3989 phantasiarum
2513 3919 2717 3974 formas
2752 3918 3060 3987 acceperit,
3106 3917 3406 3988 deindeque
3446 3916 3507 3974 in

1922 4012 2073 4083 signa
2114 4025 2304 4067 vocum
2343 4025 2436 4065 seu
2475 4009 2810 4065 sensibilium
2854 4016 3095 4064 motuum
3139 4009 3335 4065 indicia
3380 4024 3504 4078 pro-

1923 4105 2168 4169 cesserit,
2208 4119 2314 4160 non
2360 4104 2653 4174 incongrue
2701 4101 2899 4158 dicitur
2942 4102 3098 4169 ﬁeri;
3151 4102 3211 4156 iit
3256 4102 3401 4157 enim
3447 4104 3503 4159 in

1923 4196 2223 4267 phantasiis
2252 4195 2539 4261 formatus,
2582 4194 2673 4263 qui
2699 4206 2797 4263 per
2826 4207 2884 4248 se
2909 4192 3058 4247 omni
3088 4191 3328 4247 sensibili
3354 4200 3506 4248 caret

1922 4290 2136 4344 forma:
2166 4289 2239 4344 ita
2271 4289 2453 4344 divina
2481 4288 2735 4354 essentia,
2774 4302 2912 4357 quae
2959 4300 3056 4356 per
3098 4300 3157 4341 se
3200 4286 3504 4341 subsistens

1922 4396 2138 4437 omnem
2169 4386 2388 4452 superat
2417 4378 2766 4443 intellectum,
2815 4379 2870 4433 in
2916 4377 3026 4445 his,
3073 4392 3212 4448 quae
3251 4392 3282 4431 a
3323 4392 3401 4442 se,
3445 4383 3502 4430 et

1921 4486 2018 4543 per
2044 4487 2122 4538 se,
2158 4481 2213 4527 et
2254 4472 2309 4526 in
2341 4486 2418 4535 se,
2456 4480 2512 4527 et
2556 4471 2623 4525 ad
2666 4486 2725 4527 se
2765 4469 2908 4527 facta
2951 4478 3096 4537 sunt,
3132 4478 3278 4525 recte
3306 4468 3503 4525 dicitur

1923 4564 2116 4628 creari,
2156 4574 2213 4619 ut
2238 4564 2290 4618 in
2332 4564 2399 4620 iis
2433 4563 2547 4619 sive
2569 4562 2867 4630 intellectu,
2904 4563 2950 4619 si
2976 4558 3314 4619 solummodo
3342 4563 3499 4619 intel-

1839 4630 1895 4693 Β
1920 4653 2140 4726 ligibilia
2165 4664 2311 4720 sunt,
2340 4655 2454 4710 sive
2478 4670 2658 4721 sensu,
2682 4656 2729 4711 si
2756 4654 3032 4712 sensibilia
3061 4664 3185 4709 sunt
3206 4653 3274 4722 ’⁸,
3302 4653 3498 4719 abhis,

1921 4747 2014 4819 qui
2051 4763 2169 4803 eam
2210 4756 2359 4803 recto
2385 4748 2564 4803 studio
2592 4748 2892 4819 inquirunt,
2923 4756 3302 4820 cognoscatur.
3348 4747 3496 4804 Disc.

1920 4836 1998 4894 De
2028 4837 2113 4893 his
2142 4844 2225 4893 sat
2250 4846 2334 4893 est
2360 4837 2584 4904 dictum,
2613 4846 2673 4892 ut
2701 4852 2914 4900 censeo.

1997 4942 2082 4997 i3.
2122 4940 2264 4997 Mss.
2306 4940 2403 4996 Sat
2441 4941 2622 5011 plane,
2670 4943 2725 4997 ni
2766 4941 2941 4997 fallor.
2986 4942 3133 5000 Disc.
3173 4940 3280 4998 Sed
3322 4941 3500 4997 adhuc

1924 5032 2287 5089 necessarium
2321 5031 2609 5098 edisseras,
2637 5048 2807 5104 quare
2832 5034 3013 5089 divina
3039 5042 3234 5090 natura
3263 5033 3499 5089 creatrix

1923 5124 2260 5181 solummodo
2280 5125 2642 5190 dicituresse,
2656 5133 2712 5181 et
2729 5142 2836 5181 non
2859 5134 3067 5193 creata,
3091 5125 3161 5193 si,
3186 5132 3247 5180 ut
3264 5122 3312 5156 ³⁸
3336 5136 3494 5194 prae-

1922 5220 2083 5276 dictis
2120 5216 2419 5276 rationibus
2455 5232 2677 5276 suasum
2710 5226 2820 5288 est,
2863 5228 2924 5276 et
2967 5226 3119 5276 creat
3159 5225 3217 5275 et
3257 5222 3497 5276 creatur.

1524 5399 1781 5459 ἾΔΒΙΔΕ
1813 5392 2214 5458 LECTIONES.

307 5543 328 5577 ί
364 5540 411 5597 Δ
447 5541 605 5610 enim.
681 5542 701 5573 '
738 5542 783 5597 A
811 5544 888 5597 est
917 5530 1265 5610 principium;
1296 5534 1373 5594 est
1408 5552 1516 5610 om.
1544 5536 1607 5594 C.
1681 5534 1706 5570 ⁸
1734 5546 1863 5610 eum
1897 5549 2006 5610 om.
2047 5534 2114 5588 A.
2157 5530 2212 5610 A'
2248 5532 2295 5587 Δ
2325 5529 2661 5610 enim.__'“D
2685 5520 2901 5610 perstat.
2977 5525 2999 5559 ‘
3033 5525 3083 5581 Α

233 5612 401 5679 ρης
440 5606 488 5666 Δ
517 5610 771 5683 Nunquid
801 5601 936 5666 hoc?
970 5601 1348 5735 Progosuiinus
1373 5608 1545 5673 enim,
1578 5616 1651 5662 ut.
1729 5608 1751 5639 ⁸
1775 5608 1822 5661 A
1845 5604 2080 5685 eandem.
2156 5602 2178 5635 ’
2218 5618 2335 5657 eam
2354 5617 2465 5687 om.
2489 5601 2644 5685 CDE.

235 5687 439 5740 uisum.
505 5681 548 5714 "
575 5684 620 5737 A
653 5683 789 5736 enim
822 5693 918 5737 est.
997 5679 1040 5711 “
1106 5680 1158 5735 ie
1195 5678 1365 5747 CDE;
1407 5679 1453 5749 Δ
1493 5694 1585 5749 per
1622 5686 1838 5732 motum.
1886 5675 1960 5749 _“
1989 5674 2080 5749 Sic
2097 5672 2296 5749 _CDE_;_
2314 5672 2363 5749 -ᾼ
2390 5672 2644 5749 Intelliger

235 5678 439 5740 uisum.
505 5681 548 5714 "
575 5684 620 5737 A
653 5678 789 5736 enim
822 5693 918 5737 est.
997 5679 1040 5711 “
1066 5678 1158 5735 Sic
1195 5678 1365 5747 CDE;
1407 5679 1453 5733 Δ

3194 5527 3267 5580 ia.
3342 5524 3363 5557 '
3388 5521 3496 5580 'Sic

2740 5599 2786 5632 ¹⁶
2815 5608 2934 5653 vero
2978 5610 3087 5652 om.
3117 5593 3183 5651 A.
3258 5593 3302 5627 “
3333 5594 3375 5649 D
3417 5602 3496 5649 est

1917 5675 1960 5706 “
1989 5674 2080 5729 Sic
2123 5672 2288 5735 CDE;
2318 5672 2363 5725 A
2390 5670 2972 5743 intelligendum‘esta‘
3012 5667 3059 5743 ξ’
3097 5667 3142 5743 D
3177 5666 3317 5743 Nam
3347 5662 3498 5743 aliud

235 5734 950 5817 ἓῐιῖἰηθείῐᾱοὴέιὶίίη
982 5750 1036 5803 in
1065 5734 1365 5804 έάἀιιυᾱᾟ
1402 5748 1447 5780 ιο
1475 5734 1704 5802 ότηηίιιηι
1731 5762 1838 5802 om.
1884 5746 1948 5800 D.
2024 5745 2064 5776 ιτ
2092 5743 2183 5817 Sic
2223 5734 2391 5809 eos;
2422 5743 2466 5797 Α
2492 5734 2630 5812 quod
2658 5736 2851 5817 existit".
2926 5738 3050 5817 διε
3059 5738 3229 5817 31m.
3277 5735 3319 5770 ιο
3343 5734 3389 5789 Α
3423 5744 3496 5817 εξ.

238 5826 285 5856 ³⁸
316 5827 359 5878 Α
385 5835 456 5877 et.
532 5823 575 5854 ¹¹
602 5821 830 5888 SicAE;
854 5818 943 5877 CD
971 5821 1081 5888 qui,

1178 5820 1224 5850 ¹²
1248 5820 1340 5875 Sic
1391 5818 1556 5882 CDE;
1602 5818 1646 5872 A
1686 5833 1789 5872 non
1825 5830 1962 5872 esse.

2021 5814 2107 5875 ."
2150 5816 2193 5868 Α
2247 5803 2395 5884 posse
2440 5803 2629 5884 tamen:
2710 5808 2787 5884 _”
2810 5808 3143 5884 Conj.,_CDE
3182 5816 3239 5863 et
3284 5824 3315 5861 ε
3351 5803 3497 5859 nullo

234 5895 418 5968 greari
451 5895 677 5958 nesciat;
705 5892 750 5949 A
774 5881 877 5966 eia
906 5881 1050 5947 nullo
1068 5881 1244 5946 creari
1269 5891 1419 5944 sciat.
1496 5890 1541 5921 "
1564 5887 1605 5944 C
1628 5890 1755 5944 sint.
1832 5888 1878 5920 “
1909 5886 1997 5944 Sic
2020 5885 2139 5951 CE;
2188 5886 2229 5938 A
2247 5881 2391 5954 'quae
2415 5884 2569 5951 sicut,
2600 5882 2645 5937 D
2674 5882 2808 5937 sicut
2837 5881 3107 5951 praedicti.
