4028 6280
594 407 702 463 455
724 430 727 433 ·
1960 408 2151 464 JOANI

2282 407 2477 467 SCOTI
3734 410 3817 464 I56

596 519 743 574 Haec
788 519 932 574 enim
981 519 1195 574 sibimet
1256 518 1506 574 videntur
1569 521 1962 577 contradicere.
2023 520 2162 576 MAG.
2193 525 2243 585 Α
2269 522 2379 601 gita
2420 520 2692 593 Theologo
2746 522 2901 578 nobis
2926 521 3205 577 verissime
3224 528 3385 590 atque
3407 519 3818 590 uprobatissima

589 608 757 664 Caute
788 608 1005 680 vigilas;
1048 624 1168 663 nam
1200 616 1255 665 et
1281 610 1381 664 hoc
1403 611 1754 681 inquisitione
1788 610 2007 681 dignum
2039 625 2160 667 esse

587 697 763 754 video.
803 699 952 754 Disc.
991 698 1219 770 Dignum
1256 698 1517 768 profecto.
1555 699 1696 758 MAG.
1723 700 1952 756 Attende
1980 700 2160 767 itaque

586 790 641 845 in
672 805 759 858 ea,
789 806 928 861 quae
970 799 1267 860 sequuntur
1303 794 1340 855 ι,
1379 793 1682 862 mentisque
1708 793 2002 848 contuitum
2035 791 2160 847 huic

583 883 740 938 brevi
784 883 1123 954 responsioni
1170 884 1532 939 accommoda.
1566 884 1712 940 DISC.
1751 882 2038 949 Praecede,
2076 884 2158 937 in-

583 982 765 1028 tentus
794 974 1115 1042 subsequar.
1167 973 1308 1030 MAG.
1338 973 1587 1029 Divinam
1618 982 1866 1029 naturam
1896 975 2160 1029 universi-

586 1064 712 1143 tatis
738 1058 1090 1119 conditricem
1128 1078 1247 1119 esse
1285 1078 1390 1119 non
1428 1064 1660 1120 dubitas.
1706 1065 1849 1120 DISC.
1887 1064 2057 1136 Perge
2093 1065 2160 1119 ad

548 1164 794 1222 scelera;
833 1156 959 1211 hinc
996 1157 1138 1211 enim
1180 1157 1452 1212 haesitare
1494 1156 1646 1212 nefas
1686 1166 1787 1212 est.
1826 1157 1966 1213 MAG.
1999 1157 2162 1211 Simi-

581 1248 707 1303 liter
737 1245 901 1320 [eam]
945 1247 966 1278 ’
1012 1262 1044 1302 a
1090 1247 1236 1302 nullo
1280 1247 1473 1311 creari,
1522 1248 1629 1303 ﬁde
1673 1255 1838 1318 atque
1883 1246 2159 1302 intellectu

580 1338 834 1408 percipis.
877 1337 1023 1393 DISC.
1071 1337 1216 1392 Nihil
1259 1337 1280 1368 ³
1308 1353 1374 1394 eo
1404 1337 1631 1394 ﬁrmius.
1682 1337 1821 1394 MAG.
1874 1336 1990 1393 Non
2032 1353 2159 1408 ergo

581 1430 833 1502 ambigis,
865 1431 990 1485 dum
1023 1431 1194 1500 ipsam
1222 1431 1397 1487 creari
1426 1432 1604 1497 audis,
1645 1445 1752 1485 non
1792 1431 1863 1486 ab
1899 1430 2023 1496 alia,
2065 1430 2161 1485 sed.

580 1538 613 1577 a
653 1524 827 1594 seipsa
873 1522 897 1554 ’⁵
941 1525 1138 1578 creari.
1188 1524 1335 1581 Disc.
1380 1525 1496 1579 Non
1546 1523 1793 1596 ambigoa
1826 1523 1965 1580 MAG.
2020 1522 2159 1589 Quid

578 1612 990 1684 igituriNonne
1018 1628 1231 1682 semper
1261 1613 1386 1686 [est]
1431 1613 1453 1646 ⁵
1479 1627 1695 1678 creans,
1745 1612 1857 1667 sive
1902 1612 2153 1681 seipsam,

576 1701 692 1757 sive
715 1717 746 1756 a
771 1717 830 1757 se
849 1711 1061 1757 creatas
1086 1704 1352 1759 essentias
1374 1702 1675 1758 creaverit?
1721 1701 1853 1757 Nam
1877 1717 1999 1757 cum
2027 1701 2159 1757 dici-

574 1806 667 1850 tur
706 1794 939 1864 seipsam
984 1807 1194 1859 creare,
1243 1793 1319 1847 nil
1373 1792 1394 1823 ⁶
1441 1791 1583 1846 aliud
1624 1799 1769 1847 recte
1814 1791 2153 1861 intelligitur,

574 1885 682 1939 nisi
716 1895 939 1940 naturas
968 1899 1151 1940 rerum
1182 1884 1433 1940 condere.
1465 1883 1637 1952 ipsius
1661 1898 1893 1953 namque
1922 1883 2146 1948 creatio,

572 1976 678 2030 lioe
698 1983 804 2043 est,
831 1977 887 2031 in
914 1975 1094 2045 aliquo
1121 1974 1501 2039 manifestatio,
1540 1975 1777 2029 omnium
1804 1974 2150 2030 existentium

571 2068 816 2139 profecto
843 2077 929 2124 est
955 2068 1286 2124 substitutio.
1335 2066 1483 2122 Disc.
1524 2065 1799 2122 Hactenus
1839 2082 1979 2137 quae
2010 2067 2152 2122 dicta

571 2165 722 2223 sunt,
767 2157 1019 2213 videntur
1062 2170 1181 2213 esse
1223 2156 1540 2227 probabilia.
1591 2155 1700 2212 Sed
1744 2156 1902 2212 velim
1943 2156 2148 2222 audire,

574 2249 705 2319 quid
734 2250 801 2305 de
827 2248 929 2305 hac
958 2248 1214 2305 ineffabili
1240 2257 1402 2318 atque
1434 2248 1964 2318 incomprehensibili
2004 2263 2153 2303 crea-

569 2340 709 2395 trice
736 2340 974 2395 omnium
1010 2339 1324 2408 causalique
1366 2348 1563 2394 natura
1607 2338 1895 2410 Tbeologia
1939 2339 2148 2403 edocet,

569 2432 628 2488 id
655 2440 762 2499 est,
789 2441 972 2488 utrum
998 2432 1089 2497 sit,
1118 2432 1248 2501 quid
1271 2432 1361 2497 sit,
1393 2431 1477 2486 vel
1503 2430 1677 2501 qualis
1715 2432 1758 2497 ",
1803 2440 1857 2485 et
1883 2432 2151 2501 quomodo

571 2524 850 2581 deﬁnitur.
882 2524 1022 2580 MAG.
1054 2523 1244 2580 Nonne
1268 2524 1336 2579 ab
1367 2524 1503 2593 ipsa,
1535 2540 1694 2594 quam
1732 2539 1875 2578 nunc
1917 2524 1939 2555 ⁸
1977 2523 2152 2578 norni-

569 2617 736 2683 nasti,
763 2615 1075 2685 Theologia,
1107 2631 1246 2685 quae
1281 2622 1375 2669 aut
1415 2614 1751 2669 solummodo
1786 2623 1877 2669 aut
1916 2615 2151 2671 maxime

570 2724 701 2781 erga
730 2710 966 2765 divinam
998 2717 1245 2763 naturam
1272 2717 1543 2775 versatur,
1576 2710 1711 2763 satis
1739 2722 1802 2763 ac
1828 2708 1983 2778 plane
2013 2707 2151 2763 veri-

570 2808 740 2856 tatem
774 2800 1108 2856 intuentibus
1131 2816 1348 2856 suasum
1378 2808 1481 2866 est,
1508 2814 1575 2855 ex
1607 2800 1712 2866 his,
1745 2815 1885 2870 quae
1925 2802 1991 2857 ab
2033 2801 2149 2870 ipsa

538 2888 761 2948 creata
804 2900 963 2958 sunt,
1021 2891 1355 2948 solummodo
1408 2892 1581 2962 ipsam
1626 2890 1984 2946 essentialiter
2025 2892 2150 2945 sub-

570 2982 788 3048 sistere,
825 2996 934 3037 non
971 2992 1172 3049 autem,
1226 2981 1354 3051 quid
1401 2981 1471 3036 sit
1520 2982 1637 3052 ipsa
1688 2982 1947 3047 essentia,
1995 2981 2151 3036 intel-

570 3072 702 3143 ligi?
737 3073 874 3128 Nam
917 3089 1025 3127 non
1070 3072 1263 3139 solum,
1305 3080 1364 3127 ut
1401 3086 1560 3142 saepe
1601 3072 1855 3136 diximus,
1885 3073 2150 3127 humanae

576 3162 1010 3217 ratiocinationis
1045 3164 1068 3196 ⁹
1105 3171 1354 3227 conatus,
1382 3176 1570 3216 verum
1604 3162 1766 3217 etiam
1792 3162 2146 3217 essentiarum

2232 638 2237 645 σ
2266 612 2529 668 suadente
2557 614 2768 668 divinae
2803 613 3023 668 unitatis
3053 621 3213 682 atque
3262 612 3525 668 trinitatis
3565 616 3814 685 mysteria.

2264 703 2354 756 Ait
2379 702 2542 768 enim,
2570 702 2716 758 nulla
2744 703 3033 769 verborum,
3055 719 3144 757 seu
3168 703 3456 767 nominum,
3482 718 3581 757 seu
3613 720 3819 772 quotan-

2264 810 2363 863 que
2387 794 2699 849 articulatae
2727 796 2863 849 vocis
2892 794 3295 865 signiﬁcatione,
3320 810 3585 847 summam
3615 794 3817 851 omnium

2226 894 2231 899 ‘
2264 893 2417 949 atque
2442 883 2703 938 causalem
2729 883 3002 938 essentiam
3028 899 3175 953 posse
3199 883 3507 952 signiﬁcari.
3556 880 3671 937 Non
3696 885 3815 938 enim

2230 984 2349 1030 est
2396 977 2575 1031 unitas
2619 976 2807 1046 neque
2838 975 3052 1030 trinitas
3102 974 3243 1040 talis,
3273 973 3447 1043 qualis
3492 972 3566 1028 ab
3611 974 3816 1030 humans

2263 1069 2512 1137 quamvis
2541 1069 2829 1139 purissimo
2859 1067 3083 1137 cogitari
3104 1107 3118 1131 ,
3164 1075 3257 1121 aut
3295 1065 3544 1136 angelico
3572 1066 3814 1123 intellectu

2220 1184 2227 1189 ο
2262 1160 2364 1215 etsi
2411 1160 2758 1215 serenissimo
2800 1158 3131 1214 considerari
3178 1166 3378 1227 potest.
3425 1155 3537 1211 Sed
3580 1166 3639 1211 ut
3673 1157 3733 1212 de
3767 1173 3815 1213 re

2263 1248 2517 1305 ineﬂ'abili
2566 1259 2730 1320 atque
2774 1247 3299 1318 ineomprebensibili
3350 1245 3596 1317 religiosi
3636 1248 3812 1317 piorma

2265 1342 2569 1397 animorum
2621 1350 2799 1396 motus
2865 1340 3067 1410 aliquid
3098 1340 3360 1410 cogitare
3418 1355 3484 1394 ac
3531 1340 3814 1410 praedicam

2262 1440 2502 1503 possent,
2535 1431 2769 1486 maxime
2795 1440 3014 1500 prapter
3041 1444 3154 1495 eos,
3188 1429 3279 1498 qui
3307 1429 3655 1484 Christianae
3692 1430 3810 1484 Reli-

2262 1524 2436 1592 gionis
2463 1522 2723 1576 rationem
2752 1536 2784 1575 a
2813 1520 3103 1576 Catbolicis
3148 1504 3299 1575 viris.
3328 1520 3580 1590 exigunt,
3611 1519 3717 1573 sive
3750 1519 3813 1573 di-

2260 1614 2493 1668 scendae
2508 1612 2752 1668 veritatis
2771 1612 2964 1683 gratia,
2979 1612 3026 1666 si
3042 1611 3168 1666 boni
3186 1611 3316 1675 sint,
3332 1610 3448 1665 sive
3466 1612 3747 1664 tentandae
3770 1618 3812 1663 et

2224 1736 2229 1739 ~
2262 1702 2796 1773 reprehendendae“
2808 1702 3113 1768 occasione,
3132 1703 3177 1757 si
3211 1702 3357 1767 mali,
3381 1703 3520 1757 haec
3534 1700 3812 1771 religiosa“

2261 1791 2385 1847 ﬁdei
2417 1792 2714 1864 symboliea
2741 1794 2905 1848 verba
2930 1809 2961 1847 a
2995 1792 3197 1848 sanctis
3228 1792 3520 1862 Theologis
3548 1801 3605 1847 et
3631 1800 3810 1861 reperta

2177 1876 2226 1936 B
2253 1892 2309 1939 et
2355 1885 2552 1940 tradita
2591 1893 2735 1950 sunt,
2776 1893 2834 1939 ut
2886 1884 3045 1940 corde
3095 1885 3396 1948 credamus,
3450 1893 3510 1938 et
3550 1900 3645 1939 ore
3672 1882 3809 1938 conli-

2255 1984 2496 2042 teamur,
2519 1974 2758 2030 divinam
2781 1974 3076 2030 bonitatem
3099 1975 3154 2028 in
3185 1975 3343 2030 unius
3371 1976 3646 2030 essentiae
3668 1973 3809 2027 tribus

2254 2067 2570 2123 substantiis
2616 2082 2736 2123 esse
2777 2059 3148 2122 constitutam.
3177 2065 3244 2120 Et
3274 2081 3373 2120 nec
3400 2065 3444 2097 ¹⁷
3489 2066 3595 2120 hoc
3636 2065 3808 2132 absque

2253 2157 2545 2229 Spiritualis
2575 2158 2961 2229 intelligentiae
2990 2156 3435 2227 rationabilisqne
3469 2155 3809 2226 investigatio-

2253 2252 2338 2307 nis
2366 2250 2612 2307 contuitu
2641 2251 2917 2305 inventum
2949 2258 3033 2304 est
3053 2249 3118 2303 “‘.
3148 2248 3319 2304 Unam
3346 2248 3495 2302 enim
3511 2245 3807 2302 inetlabilem

2250 2345 2492 2400 omnium
2529 2358 2746 2399 causam
2767 2383 2782 2409 ,
2816 2355 3091 2412 unumque
3117 2340 3463 2411 principium,
3499 2338 3720 2408 simplex
3745 2344 3807 2389 at-

2251 2454 2357 2509 que
2379 2437 2735 2499 individuum,
2765 2434 3198 2504 universaleque,
3232 2440 3495 2503 quantum
3524 2431 3697 2487 divino
3718 2429 3804 2499 spi-

2231 2531 2358 2586 ritu
2404 2530 2686 2585 illuminati
2737 2537 2881 2595 sunt,
2915 2527 3356 2597 contemplantes,
3400 2527 3666 2580 unitatem
3684 2523 3806 2578 dixe.

2251 2629 2395 2676 runt.
2428 2621 2629 2676 Iterum
2653 2620 2695 2655 “
2715 2620 2889 2691 ipsam
2916 2618 3176 2674 unitatem
3198 2633 3303 2673 non
3324 2618 3381 2672 in
3400 2618 3448 2648 ³ο
3464 2616 3803 2688 singularitate

2250 2713 2479 2781 quadam
2521 2719 2575 2765 et
2604 2710 2905 2774 sterilitate,
2936 2710 3030 2764 sed
3068 2708 3300 2763 mirabili
3346 2708 3626 2777 fertilique
3655 2704 3805 2759 multi-

2249 2802 2488 2873 plicitate
2530 2810 2868 2867 contuentes,
2902 2788 3012 2856 tres
3043 2799 3376 2855 substantias
3408 2798 3637 2853 unitatis
3668 2791 3801 2851 intel-

2248 2894 2525 2961 lexerunt;
2561 2893 2854 2964 ingenitam
2894 2891 3120 2958 scilicet,
3144 2891 3517 2961 genitamque,
3547 2899 3602 2944 et
3644 2900 3803 2957 proce-

2250 2985 2487 3039 dentem.
2520 2984 2565 3015 “
2600 2982 2851 3039 Habitum
2891 2992 3069 3037 autem
3113 2981 3448 3036 substantiae
3476 2979 3734 3051 ingenitae
3748 2975 3801 3030 ad

2250 3074 2604 3130 substantiam
2634 3075 2905 3144 genitam,
2952 3073 3199 3138 Patrem;
3240 3072 3486 3127 habitum
3531 3086 3660 3126 vero
3700 3069 3804 3123 sub-

2252 3167 2482 3221 stantiae
2521 3166 2733 3237 genitae
2771 3166 2836 3222 ad
2872 3165 3226 3220 substantiam
3255 3163 3575 3233 ingenitam,
3601 3161 3799 3223 Filium;

571 3253 887 3309 caelestium
947 3253 1266 3322 purissimos
1322 3262 1537 3322 superat
1606 3251 1929 3309 intellectus.
1974 3252 2148 3323 Ipsam
2178 3239 2223 3302 C
2253 3257 2498 3313 habitum
2524 3269 2652 3312 νει-ο
2678 3256 3017 3326 procedentis
3063 3254 3396 3310 substantiae
3422 3254 3494 3307 ad
3537 3251 3802 3323 ingenitam

568 3355 751 3402 tamen
781 3361 924 3412 esse,
955 3362 1025 3401 ex
1064 3346 1148 3401 his
1183 3359 1322 3416 quae
1358 3353 1514 3411 sunt;
1570 3353 1624 3400 et
1667 3346 1966 3415 sapientem
2009 3361 2147 3411 esse,

571 3450 640 3491 ex
688 3436 1040 3491 divisionibus
1084 3451 1271 3490 eorum
1319 3435 1374 3489 in
1422 3435 1720 3501 essentias,
1786 3437 1840 3490 in
1908 3451 2147 3506 genera,

569 3526 627 3583 in
672 3528 900 3597 species,
940 3526 1396 3597 diiferentiasque,
1441 3542 1830 3599 numerosque;
1861 3528 2152 3600 vivereque

571 3636 692 3677 eam
722 3637 789 3676 ex
817 3630 966 3675 motu
993 3621 1234 3675 omnium
1259 3618 1435 3674 stabili
1469 3628 1523 3675 et
1546 3635 1613 3675 ex
1644 3628 1787 3673 statu
1813 3619 2029 3688 mobili,
2065 3636 2151 3676 re-

574 3723 694 3768 ctae
724 3712 768 3744 ¹⁰
801 3714 999 3768 mentis
1025 3712 1266 3768 contuitu
1309 3710 1567 3782 Theologi
1592 3710 1817 3766 scrutati
1847 3718 1990 3766 sunt.
2037 3711 2151 3767 liae

571 3804 734 3859 etiam
765 3805 973 3860 ratione
1001 3817 1217 3858 causam
1245 3801 1485 3857 omnium
1512 3809 1596 3857 ter
1623 3802 1953 3858 substantem
1982 3802 2147 3858 veris-

522 3896 535 3927 λ
571 3898 704 3951 sime
732 3897 1070 3951 invenerunt.
1113 3893 1282 3960 Nam,
1319 3902 1378 3948 ut
1404 3893 1655 3960 diximus,
1691 3909 1758 3948 ex
1786 3894 2019 3949 essentia
2058 3907 2150 3949 co-

569 4003 713 4053 rum,
741 4002 878 4057 quae
905 3997 1050 4053 sunt,
1083 3985 1399 4058 intelligitur
1422 4000 1578 4052 esse;
1610 4002 1678 4042 ex
1703 3986 1935 4042 mirabili
1968 3977 2146 4042 rerum

569 4079 779 4145 ordine,
808 4080 1107 4150 sapientem
1134 4093 1285 4145 esse;
1313 4093 1380 4132 ex
1411 4090 1580 4145 motu,
1607 4079 1776 4134 vitam
1811 4095 1930 4135 esse
1959 4096 2145 4151 reper-

570 4179 684 4224 tum
707 4180 808 4226 est.
834 4171 927 4226 Est
949 4171 1113 4241 igitur
1132 4186 1295 4226 causa
1315 4170 1556 4226 omnium
1575 4171 1915 4242 ereatriane
1930 4182 2144 4240 natura,

536 4270 537 4273 ‘
571 4270 626 4335 et
648 4264 803 4333 sapit,
831 4272 887 4318 et
921 4264 1072 4317 vivit.
1112 4263 1193 4317 Ae
1224 4278 1321 4334 per
1344 4265 1446 4319 hoc
1466 4279 1563 4334 per
1587 4265 1877 4320 essentiam
1906 4266 2143 4334 Patrem,

568 4372 668 4426 per
695 4356 1013 4426 sapientiam
1038 4355 1257 4423 Filium,
1284 4370 1380 4427 per
1406 4357 1571 4411 vitam
1598 4358 1857 4427 Spiritum
1889 4358 2146 4416 Sanctum

570 4449 832 4520 intelligi,
890 4448 1238 4517 inquisitores
1282 4449 1527 4505 veritatis
1578 4451 1931 4506 tradiderunt.
2000 4453 2143 4508 Disc.

498 4568 503 4587 ι
570 4538 718 4594 Haec
745 4540 877 4594 mihi
915 4540 1047 4595 satis
1071 4539 1337 4611 planeque
1386 4556 1542 4597 suasa
1583 4550 1724 4609 sunt,
1757 4556 1928 4613 eaque
1975 4543 2146 4599 veris—

571 4635 708 4690 sima
753 4650 874 4691 esse
917 4636 1210 4707 conspicio.
1275 4634 1507 4691 Omnino
1551 4636 1848 4705 siquidem,
1901 4636 2030 4706 quid
2069 4636 2149 4692 vel

573 4728 749 4799 qualis
776 4729 845 4793 “,
887 4727 1101 4784 deﬁniri
1150 4743 1254 4784 non
1300 4736 1496 4797 potest.
1554 4726 1688 4781 Nam
1732 4727 1889 4797 quod.
1929 4727 2151 4799 intelligi

572 4819 793 4876 omnino
813 4835 922 4876 non
951 4819 1163 4883 sinitur,
1197 4817 1408 4874 deﬁniri
1432 4817 1651 4873 omnino
1677 4818 1863 4886 nequit
1887 4817 1952 4871 ι’.
1979 4818 2149 4890 Velim

573 4920 755 4968 tamen
784 4912 990 4978 audire,
1017 4926 1124 4982 qua
1152 4910 1361 4966 ratione
1391 4909 1647 4980 Theologi
1676 4909 1939 4965 unitatem
1967 4918 2022 4965 et
2050 4911 2148 4963 tri-

571 5006 797 5063 nitatem
827 5007 890 5061 de
913 5020 1077 5061 causa
1099 5004 1339 5061 omnium
1360 5002 1670 5072 praedicare
1699 5002 1814 5057 ausi
1834 4994 1984 5059 dsunt.
2009 5001 2147 5059 MAG.

571 5096 632 5153 In
653 5097 756 5154 hac
781 5096 970 5152 ultima
1019 5105 1106 5150 tua
1148 5093 1514 5165 propositione
1560 5108 1666 5147 non
1695 5108 2018 5165 magnopere
2045 5108 2145 5149 no-

575 5189 661 5248 bis
693 5190 738 5224 “
762 5189 1150 5254 laborandum,
1196 5184 1514 5257 praesertim
1545 5182 1604 5240 S.
1632 5184 1886 5255 Dionysio
1910 5185 2148 5255 Areopa-

2252 3347 2595 3418 genitamque
2646 3346 3032 3410 substantiam,
3065 3344 3324 3415 Spiritum
3372 3353 3623 3399 sanctum
3658 3338 3805 3395 nomi-

2252 3449 2534 3496 naverunt.
2587 3438 2694 3495 Sed
2736 3439 2989 3509 quoniam
3017 3439 3072 3493 in
3102 3438 3204 3494 hac
3238 3451 3299 3492 re
3327 3437 3438 3492 fere
3478 3436 3658 3492 omnis
3698 3446 3805 3488 san-

2251 3540 2459 3587 ctorum
2511 3531 2877 3601 expositorum
2940 3546 3129 3586 sacrae
3195 3529 3516 3598 Scripturae
3587 3534 3804 3583 versatur

2250 3621 2497 3687 intentio,
2513 3622 2666 3685 satis,
2684 3628 2741 3676 ut
2754 3621 3007 3686 arbitror,
3037 3619 3467 3689 praesentialiter
3496 3617 3694 3674 dictum
3715 3624 3799 3670 est.

2250 3713 2395 3769 DISC.
2414 3712 2559 3767 Satis
2580 3711 2755 3782 plane.
2773 3710 3154 3766 Verumtamen
3173 3710 3385 3781 planius
3396 3707 3565 3763 velim
3586 3706 3802 3761 "audire

2251 3804 2317 3859 de
2337 3803 2524 3859 habitu
2555 3804 2716 3857 trium
2763 3802 3065 3857 divinarum
3126 3800 3577 3857 substantiarum.
3624 3792 3799 3853 Poterit

2250 3896 2394 3953 enim
2421 3895 2543 3967 quis
2568 3896 2701 3950 haec
2742 3894 2964 3967 mystica
2997 3902 3220 3948 sanctae
3252 3890 3539 3946 Trinitatis
3586 3886 3796 3947 nomina,

2248 3985 2465 4042 Patrem
2514 3985 2765 4039 videlicet
2812 3992 2867 4038 et
2916 3982 3112 4037 Filium
3157 3990 3211 4037 et
3257 3979 3521 4049 Spiritum
3562 3984 3797 4035 sanetum,

2250 4093 2356 4134 non
2384 4076 2677 4133 secundum
2706 4075 3095 4139 habitudinem,
3125 4075 3218 4129 sed
3256 4072 3555 4127 secundum
3576 4078 3797 4125 naturam

2247 4156 2513 4243 accipere.
2548 4171 2709 4226 Pater
2736 4170 2879 4224 enim
2905 4167 3239 4224 substantiae
3265 4165 3441 4221 Patris
3463 4177 3658 4219 nomen
3692 4172 3793 4215 esse

2249 4264 2478 4319 videtur.
2521 4260 2781 4317 Similiter
2804 4268 2858 4314 et
2895 4258 3062 4313 Filius
3098 4271 3295 4313 nomen
3327 4255 3657 4310 substantiae
3677 4248 3796 4311 Filii,

2250 4356 2482 4427 Spiritus
2506 4368 2718 4424 quoque
2744 4351 2917 4408 sancti
2945 4349 2993 4383 ’⁸
3022 4349 3317 4405 nominatio
3350 4362 3457 4402 non
3487 4345 3631 4400 aliud
3667 4353 3797 4413 prae-

2253 4457 2334 4504 ter
2356 4446 2711 4503 substantiam
2750 4444 2918 4515 ipsius
2954 4442 3259 4514 signiﬁcare
3282 4440 3351 4494 ³⁵.
3385 4432 3798 4495 MAG.,Fortassis

2252 4553 2309 4599 et
2337 4558 2435 4598 nos
2477 4540 2708 4610 idipsum
2754 4530 2974 4593 credere
3015 4543 3178 4604 atque
3208 4532 3366 4588 fateri
3398 4545 3508 4587 non
3548 4522 3795 4598 negaveri-

2253 4650 2392 4699 mus,
2423 4635 2469 4690 si
2501 4631 2562 4688 S.
2587 4630 2834 4700 Gregorii
2862 4627 3120 4699 Theologi
3149 4639 3357 4681 summa
3393 4619 3796 4687 venerabilisqee

2252 4726 2534 4793 autoritas,
2563 4736 2796 4792 veraque
2834 4720 2883 4752 “
2921 4718 3145 4774 rationis
3185 4715 3500 4787 approbatio
3540 4713 3662 4768 talia
3694 4720 3794 4765 cre-

2253 4819 2382 4875 dere
2408 4833 2516 4872 non
2556 4815 2886 4886 prohiberet.
2921 4810 3055 4866 Nam
3083 4824 3208 4865 cum
3248 4810 3314 4864 ab
3342 4803 3691 4861 Eunomianis
3720 4812 3795 4851 ve-

2253 4907 2626 4968 nenosissimis
2658 4905 2955 4961 catholicae
2996 4901 3120 4958 ﬁdei
3144 4899 3559 4956 adversantibus
3595 4896 3794 4950 interm-

2254 5009 2409 5073 gatus
2434 5008 2578 5056 esset
2614 4998 2681 5053 de
2725 4998 2830 5052 hoe
2867 4995 3101 5058 nomine,
3131 4992 3276 5063 quod
3304 5000 3392 5047 est
3427 4990 3611 5055 Pater,
3639 4994 3792 5042 utrum

2255 5101 2482 5149 naturae
2507 5091 2578 5147 sit
2603 5105 2667 5144 an
2695 5087 3024 5159 operationis
3047 5080 3674 5156 signiﬁcativum,;divina
3697 5086 3794 5145 gra-

2257 5187 2331 5242 tia
2359 5184 2690 5240 illuminatus
2722 5179 3040 5238 mirabiliter
3065 5176 3360 5247 respondit,
3386 5174 3570 5230 dicens
3599 5185 3613 5223 :
3638 5166 3792 5236 Neque

1874 5298 2128 5356 VARIAE
2164 5296 2564 5357 LECTIONES.

648 5416 667 5451 ⁸
691 5417 736 5472 Α
757 5378 1052 5487 sequentur.
1128 5414 1434 5487 "euntem.
1469 5411 1623 5470 (ΖΒΕ.
1670 5414 1721 5487 ,³
1744 5411 1831 5487 ΟΕ
1860 5410 1972 5487 Anii.
2001 5410 2384 5487 __‘_Sic7CDE_;
2437 5413 2482 5487 ᾼ
2534 5409 2597 5464 ab
2618 5411 2768 5487 ipse.
2822 5407 3118 5487 Lucem.
3165 5403 3318 5487 CDE.

575 5486 727 5543 nihil.
801 5483 887 5541 "(1
913 5483 1086 5555 qualis
1130 5484 1215 5539 sit.
1290 5485 1473 5539 “nunc
1514 5500 1623 5555 om.
1653 5484 1718 5538 A.

1805 5483 1827 5513 ⁹
1856 5482 1946 5538 Sic
1991 5481 2121 5539 CDE
2145 5525 2159 5546 ,
2189 5486 2235 5539 Α
2273 5483 2513 5536 rationis.

2615 5458 2781 5535 «sit
2815 5458 3293 5543 amantem:
3362 5472 3404 5503 ιι
3429 5471 3558 5543 δερ,
3583 5458 3791 5543 casas

777 5530 887 5612 sit.“
915 5530 1470 5627 ’Ἷῗῦεᾞὲᾳυειῇἓῖ
1501 5530 1629 5608 ίῖηλ
1653 5530 1743 5627 aest
2275 5530 3117 5627 ῈῖἶέῖξϐῐξΕ[Ανιεῖιῖάηάξ-
3157 5530 3790 5627 repreitendendi.“

578 5623 694 5691 CE;
748 5625 1124 5695 A‘:religiose;
1181 5623 1245 5678 D'
1275 5623 1567 5695 religiosae.
1672 5624 1714 5656 ”
1761 5623 1802 5679 C
1854 5639 1935 5678 ne.

579 5699 742 5753 tribus
767 5699 822 5751 in
856 5695 1018 5748 tribus
1038 5695 1335 5749 substantiis
1385 5696 1717 5749 constitutam
1742 5702 1798 5748 et
1821 5710 1915 5763 neq

2042 5624 2085 5655 ’⁸
2126 5623 2215 5679 Sic
2270 5623 2433 5688 CDE;
2482 5622 2526 5675 Α
2592 5621 2887 5688 bonitatem
2923 5616 3377 5688 uniusﬁcssentiae

1920 5674 1982 5748 ne
2025 5674 2532 5749 liocvneetiw‘ii’Sie
2557 5688 2671 5753 CE;
2720 5688 2810 5742 DA
2862 5687 3016 5742 Item.
3092 5685 3137 5717 ’°
3177 5684 3245 5738 In
3272 5674 3481 5753 om.
3548 5674 3792 5753 Ἰέραξ·

3437 5626 3529 5680 pro
3582 5614 3790 5680 persoms

584 5735 1017 5834 ῗέίῖὦῖιὲἒῖιᾷἱιῖ⁷
1038 5735 1980 5829 τεἒὶῖ’Ἠυὲἒ’“”λ’“ἆὶῖἆὲνέὐ’ἆὲ⁷ηἶῗ
2026 5735 2393 5819 ’ὶῗδὲἓᾌωις
2414 5735 2531 5831 ;“’ἴὶ
2562 5735 2810 5831 mea:
2836 5735 3016 5813 siz'n'éii'
3056 5735 3399 5828 quant.'f“=~
3428 5750 3518 5807 Sic
3554 5735 3706 5807 cns';
3747 5735 3788 5794 A

584 5837 856 5904 signi/icui.
934 5835 980 5867 ⁸⁸
1009 5834 1097 5889 Sic
1124 5834 1281 5902 (LDE;
1317 5837 1691 5907 A't'eraeque.o
