4028 6280
242 384 374 444 457

1150 385 1237 440 nn
1276 383 1612 440 DIVISIONE
1644 382 1991 439 NATUllAE.
2031 412 2099 422 --
2138 381 2336 439 mssa
2374 380 2648 437 PRIMUS.
2740 368 2747 375 '

3387 394 3495 452 ⁴458

242 510 487 555 mutuae
509 514 638 564 esse,
667 514 828 568 neque
860 497 1196 568 operationis,
1219 498 1309 552 sed
1340 497 1502 552 solius
1538 495 1606 550 ad
1633 494 1683 550 Γ
1685 496 1834 550 ilium
1861 501 1908 562 Α
1938 497 2169 563 stantiis,
2196 505 2251 552 et
2274 498 2341 553 de
2362 497 2532 553 tribus
2560 497 2878 553 substantiis
2902 498 2956 553 in
2980 499 3168 556 eadem
3193 515 3302 558 una
3323 516 3515 561 esseu-

241 591 606 646 habitudim's.
626 590 684 645 Si
698 591 842 644 enim
859 592 1224 660 responderet,
1244 597 1467 644 naturae
1479 605 1597 646 esse
1610 604 1805 644 nomen
1821 588 1838 619 ί

247 681 501 745 Pau-em,
520 681 595 734 illi
613 681 868 737 continuo
881 695 1141 750 sequeren
1151 681 1488 746 tur,’diceren
1497 690 1642 750 tque,
1657 678 1844 734 simili-

248 782 348 826 ter
375 781 432 827 ct
467 773 487 802 ²
517 770 712 826 Filium
742 786 937 827 nomen
970 785 1091 825 esse
1142 778 1386 825 naturae.
1426 768 1483 824 Si
1528 778 1707 824 autem
1740 770 1867 833 hoc

246 863 508 928 daretur,
526 863 834 918 necessario
854 870 1188 932 sequeretur,
1206 862 1428 918 alterius
1447 871 1670 917 naturae
1684 861 1843 916 Pater

244 968 384 1010 esse
420 969 637 1019 nomen,
672 953 891 1008 alterius
923 952 1124 1019 Filius;
1162 954 1213 1007 in
1237 968 1341 1007 una
1376 954 1518 1008 enim
1547 952 1843 1023 eademque

249 1054 461 1099 natura
486 1046 591 1099 duo
620 1045 837 1100 nomina
863 1061 894 1099 a
925 1060 982 1100 se
1013 1045 1241 1101 invicem
1271 1045 1568 1100 differentia
1595 1044 1710 1099 ﬁeri
1735 1060 1842 1100 non

246 1144 509 1206 possunt.
554 1135 632 1190 Ac
660 1150 755 1204 per
794 1136 896 1189 hoc
944 1135 1290 1199 conﬁcerent,
1319 1135 1534 1190 Patrem
1568 1144 1623 1190 et
1647 1134 1843 1190 Filium

247 1227 588 1302 ἕτερουσίους
609 1225 653 1291 ⁸,
674 1226 774 1280 hoc
801 1234 906 1291 est,
931 1226 1175 1280 diversae
1196 1226 1463 1281 essentiae
1501 1240 1596 1280 seu
1620 1234 1844 1279 naturae

248 1332 401 1373 esse.
456 1317 717 1371 Similiter
755 1316 823 1372 de
863 1318 1173 1387 operatione
1201 1332 1517 1388 responsum
1562 1326 1665 1372 est.
1705 1315 1843 1371 Nam

246 1412 298 1464 si
330 1413 559 1465 daretur
581 1410 686 1477 eis,
713 1410 1043 1479 operationis
1070 1426 1263 1465 nomen
1299 1409 1461 1465 Pater
1482 1424 1623 1476 esse,
1655 1406 1842 1464 confe-

249 1500 387 1554 stim
417 1498 820 1564 concluderent,
851 1499 1046 1554 Filium
1071 1516 1191 1557 esse
1216 1511 1545 1567 creaturam,
1569 1499 1784 1571 quando
1821 1496 1843 1528 ⁸

246 1592 427 1649 Pater
452 1593 809 1663 Operationis,
844 1594 947 1650 hoc
986 1604 1094 1660 est,
1127 1596 1420 1651 creationis
1469 1610 1599 1651 suae
1647 1610 1845 1652 nomen

249 1700 383 1741 esse
412 1686 744 1740 conceditur.
779 1682 923 1742 Disc.
949 1686 1060 1742 Hoc
1089 1702 1401 1759 responsum
1432 1687 1700 1743 laudabile
1727 1703 1847 1745 esse

249 1778 624 1833 certissimum
644 1786 749 1849 est,
767 1786 820 1833 et
840 1793 906 1834 ex
919 1778 942 1811 ⁸
955 1781 1178 1836 veritate
1201 1766 1522 1850 inspiratam
1541 1796 1556 1836 :
1573 1781 1666 1837 sed
1684 1780 1846 1852 paulo

1945 593 2038 657 tia,
2071 606 2195 646 vere
2220 590 2541 661 prOprieque
2561 589 2770 660 possint
2794 591 3112 660 praedicari.
3145 592 3283 650 MAG.
3309 592 3384 650 De
3405 592 3511 655 hoc

1943 684 2157 752 negotio
2188 682 2370 736 nescio
2399 681 2520 751 quis
2548 681 2785 735 breviter
2813 690 2972 751 atque
3006 692 3192 751 aperte
3217 692 3395 753 potest
3424 686 3509 740 di-

1944 789 2088 829 cere.
2114 774 2223 829 Aut
2238 774 2381 829 enim
2408 774 2473 830 de
2499 773 2803 843 hujusmodi
2829 789 2994 830 causa
3012 791 3107 846 per
3130 777 3309 832 omnia
3330 786 3514 835 tacen—

1944 869 2069 923 dum
2097 876 2202 930 est,
2233 875 2289 922 et
2311 868 2644 938 simplicitati
2672 868 3004 924 orthodoxae
3027 868 3148 925 ﬁdei
3171 871 3513 928 committen-

1943 957 2102 1022 dum;
2130 972 2253 1011 nam
2276 966 2564 1027 exsuperat
2596 972 2812 1013 omnem
2832 957 3179 1024 intellectum,
3202 958 3341 1015 sicut
3379 958 3537 1017 soric-

1942 1056 2093 1117 ptum
2121 1057 2202 1102 εει
2225 1062 2239 1099 :
2267 1045 2373 1111 Qui
2407 1047 2548 1102 solus
2585 1048 2738 1102 habes
2765 1048 3229 1114 immortalitatem,
3256 1058 3305 1102 et
3346 1049 3514 1105 lucem

1944 1136 2146 1190 habitas
2174 1136 2216 1169 “
2239 1136 2678 1203 inaccessibilem;
2700 1146 2792 1190 aut
2813 1137 2858 1192 si
2881 1139 3002 1206 quis
3033 1140 3099 1193 de
3133 1153 3195 1194 ea
3237 1139 3513 1209 disputare

1944 1227 2203 1295 coeperit,
2239 1227 2543 1283 necessario
2588 1227 2769 1282 multis
2808 1228 2981 1283 modis
3030 1229 3319 1299 multisque
3360 1245 3519 1300 argu-

1944 1319 2361 1373 mentationibus
2396 1320 2687 1375 verisimile
2711 1320 3049 1386 "suadebit,
3092 1322 3299 1377 duabus
3322 1321 3524 1391 princi-

1944 1409 2152 1481 palibus
2215 1407 2535 1481 Theologiae
2589 1410 2832 1481 partibus
2879 1420 3036 1467 utens
3084 1412 3151 1477 “,
3203 1411 3520 1468 aﬁirmativa

1944 1499 2183 1569 quidem,
2211 1515 2348 1569 quae
2395 1516 2425 1554 a
2467 1499 2689 1557 Graecis
2720 1507 3047 1575 καταφατική,
3092 1512 3147 1559 ει
3172 1505 3520 1575 abnegativa,

1944 1606 2085 1661 quae
2110 1590 2152 1622 ί*
2178 1592 2459 1667 arrepant-tari
2486 1603 2710 1648 vocatur
2726 1594 2791 1647 η.
2813 1594 2928 1649 Una
2954 1594 3194 1663 quidem,
3220 1599 3522 1670 ἀποφατική,

1945 1683 2180 1737 divinam
2207 1685 2495 1740 essentiam
2522 1700 2614 1738 seu
2652 1685 3007 1739 substantiam
3048 1700 3168 1740 esse
3207 1687 3407 1757 aliquid
3433 1701 3524 1740 eo-

1948 1791 2067 1830 rum
2091 1791 2229 1845 quac
2274 1787 2419 1842 sunt,
2452 1777 2502 1830 id
2544 1787 2644 1841 est,
2677 1792 2814 1845 quae
2857 1777 2961 1831 dici
3011 1787 3104 1831 aut
3136 1778 3359 1846 intelligi
3402 1792 3531 1847 pos-

249 1869 584 1924 luculentius
610 1869 631 1900 ⁶
660 1870 1006 1925 considerare
1027 1871 1301 1927 debemus.
1332 1870 1491 1936 Nam,
1516 1882 1574 1925 ut
1608 1872 1739 1926 mihi
1764 1872 1848 1926 vi-
1876 1854 1923 1913 Β
1951 1877 2097 1935 sunt,
2148 1877 2341 1940 negat;
2403 1869 2572 1924 altera
2613 1884 2765 1929 vero,
2787 1875 3121 1943 καταφατική,
3163 1870 3343 1925 omnia
3387 1884 3528 1939 quae

253 1961 446 2025 detur,
486 1976 591 2015 non
617 1960 875 2015 continuo
899 1973 1021 2015 eum
1052 1961 1443 2030 reprehendere
1468 1970 1712 2031 possent,
1743 1961 1846 2015 etsi

255 2050 495 2115 diceret,
531 2048 746 2104 Patrem
771 2065 966 2105 nomen
1012 2059 1238 2107 naturae
1284 2065 1422 2106 esse.
1481 2051 1619 2117 Quid
1659 2051 1849 2106 enim?

252 2142 518 2212 Nunquid
547 2145 652 2200 duo
682 2144 919 2209 nomina,
956 2159 987 2198 a
1017 2158 1077 2199 se
1104 2143 1333 2198 invicem
1360 2158 1512 2209 sono,
1547 2159 1653 2198 non
1682 2159 1848 2199 sensu

259 2234 658 2304 discrepantia,
691 2234 744 2288 in
771 2249 879 2288 una
917 2234 1212 2305 eademque
1245 2242 1437 2289 natura
1482 2234 1707 2305 intelligi
1741 2248 1847 2289 non

256 2326 474 2389 valent,
515 2340 637 2380 cum
658 2334 714 2381 et
741 2326 761 2357 "
790 2324 1062 2381 Abraham
1087 2335 1143 2382 et
1167 2326 1338 2395 Isaac,
1373 2336 1580 2396 patrem
1604 2326 1852 2381 videlicet

256 2429 313 2474 et
346 2418 541 2483 ﬁlium,
579 2433 736 2471 unam
770 2426 1017 2472 naturam
1052 2418 1355 2490 signiﬁcare
1380 2419 1700 2473 videamus?
1729 2416 1847 2473 Non

258 2511 409 2564 enim
440 2510 664 2566 alterius
696 2520 921 2566 naturae
948 2525 1143 2566 nomen
1173 2519 1257 2566 est
1285 2510 1577 2575 Abraham,
1626 2510 1849 2566 alterius

257 2601 437 2664 lsaac,
473 2600 566 2656 sed
589 2601 749 2656 unius
776 2609 937 2670 atque
963 2601 1223 2671 ejusdem.
1252 2601 1390 2658 Illae.
1426 2600 1595 2657 Recte
1618 2601 1846 2668 diceres,

259 2693 305 2746 si
343 2691 599 2747 similiter
625 2692 676 2746 in
706 2693 811 2748 hoc
833 2700 924 2747 tuo
952 2692 1197 2764 exemplo
1225 2693 1293 2748 de
1315 2694 1587 2748 Abraham
1622 2703 1676 2748 et
1697 2694 1849 2750 Isaac

260 2783 539 2838 aﬂirmare
563 2783 795 2846 valeres.
821 2784 963 2854 quod
986 2801 1091 2840 non
1120 2784 1264 2839 aliud
1286 2784 1556 2855 signiﬁcat
1573 2784 1847 2840 Abraham

263 2892 366 2932 seu
394 2876 563 2943 Isaac,
586 2885 642 2933 et
659 2877 801 2931 aliud
824 2876 1090 2948 signiﬁcat
1114 2877 1165 2931 iu
1184 2877 1263 2932 eis
1282 2887 1436 2947 pater
1452 2884 1506 2931 et
1528 2876 1688 2932 ﬁlius.
1714 2876 1849 2932 Nam

263 2970 544 3025 Abraham
589 2980 655 3047 et.
691 2986 885 3026 nomen
915 2979 999 3025 est
1041 2970 1208 3040 ipsius
1251 2970 1554 3036 Abraham,
1598 2978 1653 3024 et
1697 2977 1850 3039 pater

265 3077 470 3117 nomen
494 3070 580 3117 est
598 3061 773 3116 cidem
802 3060 1092 3115 Abraham.
1120 3059 1378 3115 Similiter
1397 3068 1451 3114 et
1477 3059 1626 3114 Isaac
1677 3068 1731 3114 et
1753 3074 1849 3115 no-

265 3170 395 3208 men
422 3162 506 3208 est
544 3153 709 3218 Isaac,
750 3159 805 3207 et
835 3151 976 3207 ﬁlius
1005 3167 1197 3207 nomen
1223 3159 1306 3206 est
1329 3151 1503 3206 eidem
1542 3150 1710 3205 Isaac.
1741 3148 1848 3205 Sed

267 3261 383 3300 non
415 3246 483 3302 de
525 3246 710 3300 eadem
751 3259 811 3298 re
858 3244 1134 3300 Abraham
1176 3251 1232 3298 ει
1272 3251 1447 3314 pater,
1486 3258 1579 3297 seu
1608 3241 1757 3297 Isaac
1797 3247 1855 3295 et

269 3336 421 3391 ﬁlius
444 3335 846 3407 praedicantur.
881 3334 1013 3390 Nam
1037 3335 1103 3391 dc
1132 3332 1431 3391 substantia
1460 3332 1754 3398 Abraham,
1799 3332 1854 3386 id

270 3437 381 3493 est,
411 3428 478 3484 de
520 3428 736 3498 speciali
772 3429 889 3499 ejus
932 3443 1165 3498 persona
1204 3428 1476 3483 Abraham
1519 3428 1754 3494 dicitur;
1787 3426 1855 3483 de

273 3518 541 3574 relatione
569 3534 697 3574 vero
722 3518 838 3588 ejus
882 3519 949 3573 ad
990 3534 1144 3574 suum
1176 3519 1343 3572 ﬁlium
1388 3520 1409 3551 ⁸
1450 3518 1600 3574 Isaac
1642 3527 1853 3588 patrem

272 3609 481 3675 vocari,
513 3623 670 3664 nemo
694 3611 834 3665 bene
860 3609 1267 3681 intelligendum
1294 3610 1550 3665 dubitarit
1578 3610 1621 3663 ⁹.
1656 3610 1855 3665 Eodem

276 3704 440 3757 modo
458 3703 525 3757 de
552 3702 698 3758 Isaac
720 3703 1151 3774 intelligendum;
1174 3704 1274 3759 hoc
1304 3703 1449 3759 enim
1474 3705 1689 3759 nomine
1707 3703 1858 3759 Isaac

275 3793 503 3864 propria
540 3793 919 3864 individuaqne
959 3794 1257 3849 substantia
1295 3794 1463 3863 ipsius
1488 3779 1853 3866 signiﬁcatur;

272 3884 494 3940 habitus
520 3894 697 3942 autem
729 3887 796 3940 ad
822 3894 1028 3956 patrem
1056 3901 1210 3941 suum
1240 3901 1337 3956 per
1363 3887 1532 3941 ﬁlium
1573 3888 1857 3958 cognosci-

277 3986 389 4032 tur.
422 3975 539 4031 Non
571 3979 714 4033 enim
749 3988 903 4048 potes
944 3993 1161 4049 negare,
1212 3978 1335 4032 talia
1386 3979 1622 4044 nomina,
1662 3978 1715 4035 id
1754 3987 1857 4047 est,

274 4079 487 4141 patrem
515 4078 571 4125 et
609 4070 797 4133 ﬁlium,
829 4070 1050 4126 relativa
1085 4086 1226 4137 esse,
1254 4085 1360 4125 non
1402 4071 1756 4127 substantiva.
1799 4071 1857 4129 Si

276 4178 411 4234 ergo
437 4165 575 4235 apud
619 4180 741 4230 nos,
762 4166 866 4219 hoc
887 4163 929 4196 ⁸ο
951 4172 1036 4220 εει
1057 4165 1111 4219 in
1137 4174 1321 4221 nostra
1345 4175 1561 4232 natura,
1586 4181 1694 4221 non
1732 4166 1863 4223 sub-

277 4256 623 4322 stantialiter,
675 4257 768 4313 sed
816 4256 1039 4314 relative
1069 4258 1203 4314 tales
1248 4274 1410 4315 voces
1445 4259 1858 4328 praedicantur,

279 4347 411 4418 quid
438 4348 505 4403 de
534 4363 743 4404 summa
775 4364 839 4404 ac
863 4357 1051 4405 sancta
1080 4349 1279 4404 dicturi
1305 4363 1491 4404 sumus
1512 4348 1770 4415 essentia,
1798 4349 1854 4403 in

280 4457 389 4512 qua
437 4440 863 4496 substantiarum
917 4441 1057 4496 inter
1090 4456 1150 4497 se
1178 4440 1409 4495 invicem
1452 4440 1731 4495 relationis
1776 4439 1860 4494 vel

282 4530 618 4586 habitudinis
646 4530 775 4585 talia
800 4530 1043 4597 nomina,
1070 4529 1232 4587 Pater
1261 4530 1509 4586 videlicet
1531 4538 1585 4586 et
1610 4528 1778 4586 Filius
1804 4539 1860 4586 et

285 4622 520 4692 Spiritus
556 4630 796 4688 sanctus,
842 4636 1002 4678 sacra
1046 4622 1323 4693 Scriptura
1360 4622 1684 4678 constituit?
1708 4622 1857 4680 Disc.

281 4712 404 4767 lam
471 4712 626 4769 video
677 4712 939 4784 praedicti
990 4714 1164 4770 sancti
1224 4713 1481 4784 Theologi
1540 4729 1859 4785 responsum

284 4804 506 4860 omnino
530 4805 756 4861 veritate
785 4804 1077 4861 suﬁ'ultum.
1103 4803 1217 4860 Non
1250 4806 1394 4861 enim
1422 4813 1622 4878 potest,
1657 4815 1717 4860 ut
1739 4821 1867 4861 sua-

285 4911 407 4953 sum
436 4905 540 4962 est,
570 4896 684 4953 sive
707 4898 762 4951 in
792 4897 995 4963 divina,
1033 4897 1148 4952 sive
1172 4896 1225 4951 in
1254 4898 1491 4952 humana
1518 4906 1733 4961 natura,
1778 4910 1867 4950 re-

284 4984 506 5041 lationis
552 5000 747 5042 nomen
795 4988 849 5041 in
894 4986 1195 5044 substantia
1240 5002 1338 5044 seu
1385 4988 1621 5043 essentia
1674 4986 1863 5056 recipi.

288 5079 460 5135 Nosse
489 5087 671 5135 tamen
697 5087 882 5150 aperte
905 5087 962 5136 et
987 5079 1224 5137 breviter
1260 5095 1356 5150 per
1389 5088 1441 5135 te
1476 5078 1657 5143 velim,
1683 5085 1865 5132 utrum

286 5184 481 5228 omnes
533 5171 872 5244 categoriae,
929 5186 1052 5228 cum
1099 5171 1212 5227 sint
1277 5185 1502 5226 numero
1529 5170 1751 5234 decem,
1801 5167 1868 5223 de

291 5277 504 5320 summa
526 5262 743 5320 divinae
768 5262 1027 5320 bonitatis
1053 5278 1159 5319 una
1184 5261 1420 5319 essentia
1449 5261 1505 5317 in
1542 5260 1717 5316 tribus
1740 5256 1873 5315 sub-

1889 4573 1944 4635 D

1952 1970 2099 2024 sunt,
2126 1962 2192 2014 de
2227 1975 2289 2014 ea
2329 1960 2627 2030 praedicat,
2673 1969 2730 2015 et
2777 1962 2896 2015 ideo
2946 1961 3263 2016 aﬂirmativa
3306 1961 3525 2024 dicitur,

1949 2067 2055 2107 non
2085 2059 2145 2106 ut
2177 2052 2461 2106 conﬁrmet
2490 2051 2533 2082 ¹⁶
2561 2050 2761 2119 aliquid
2785 2064 2905 2105 esse
2927 2051 2969 2082 ¹⁷
2994 2066 3179 2106 eorum
3204 2065 3342 2120 quae
3379 2059 3526 2115 sunt,

1950 2145 2046 2198 sed
2073 2144 2274 2207 omnia,
2305 2157 2442 2211 quae
2477 2142 2544 2195 ab
2571 2156 2635 2199 ea
2665 2150 2811 2207 sunt,
2846 2142 2913 2196 de
2926 2156 2998 2219 ea
3038 2156 3195 2212 posse
3228 2140 3531 2211 praedicari

1950 2234 2193 2288 suadeat.
2229 2231 2644 2287 Rationabilitcr
2668 2233 2812 2287 enim
2859 2247 2955 2303 per
2993 2233 3269 2287 causativa
3312 2230 3531 2288 causale

1950 2333 2128 2398 potest
2155 2325 2471 2397 signiﬁcari.
2502 2323 2643 2379 Dicit
2670 2326 2812 2379 enim
2844 2340 2963 2380 esse
2989 2326 3295 2390 veritatem,
3321 2324 3534 2379 bonita-

1950 2427 2085 2482 tem,
2132 2417 2449 2480 essentiam,
2481 2417 2679 2481 lucem,
2728 2416 3015 2487 justitiam,
3062 2417 3252 2484 solem,
3298 2415 3533 2481 stellam,

1952 2509 2224 2579 spiritum,
2258 2523 2477 2577 aquam,
2501 2508 2731 2573 leonem,
2754 2509 2965 2573 urbem,
2988 2522 3247 2573 vermem,
3270 2515 3323 2562 et
3352 2514 3534 2561 cetera

1952 2597 2387 2654 innumerabilia.
2418 2597 2486 2651 Et
2510 2611 2615 2651 non
2657 2597 2828 2651 solum
2864 2612 2930 2652 ex
2961 2596 3068 2662 his,
3098 2610 3238 2666 quae
3283 2602 3408 2650 sunt
3436 2609 3525 2649 se-

1951 2690 2185 2744 cundum
2236 2696 2506 2753 naturam,
2565 2702 2687 2742 cam
2730 2689 2937 2754 edocet,
2987 2688 3082 2742 sed
3132 2703 3201 2742 ex
3242 2687 3348 2752 his,
3388 2699 3527 2754 quae

1952 2791 2141 2834 contra
2186 2787 2454 2843 naturam,
2509 2778 2725 2848 quando
2774 2793 2892 2832 eam
2944 2778 3223 2841 inebriari,
3281 2775 3529 2830 stultam-

1956 2885 2060 2939 que
2083 2869 2127 2900 ⁸⁸
2147 2885 2287 2934 εεεε,
2321 2876 2376 2924 ει
2411 2869 2645 2923 insanire
2686 2868 2835 2923 dicit.
2871 2868 2977 2923 Sed
3017 2869 3083 2923 de
3111 2868 3195 2923 his
3236 2881 3380 2921 nunc
3421 2880 3533 2921 non

1956 2970 2040 3015 est
2065 2960 2234 3016 nostri
2259 2960 2515 3030 propositi
2534 2960 2827 3024 disserere;
2858 2959 2988 3013 satis
3016 2958 3162 3012 enim
3184 2959 3250 3012 de
3275 2956 3468 3012 talibus
3494 2971 3527 3010 a

1957 3060 2142 3108 sancto
2182 3050 2436 3121 Dionysio
2465 3048 2787 3119 Areopagita
2829 3048 2884 3103 in
2924 3046 3215 3120 symbolica
3245 3045 3536 3118 Theologia

1958 3146 2158 3201 dictum
2191 3151 2293 3198 est.
2333 3141 2565 3210 Ideoque
2593 3140 2661 3194 ad
2689 3139 2764 3204 id,
2792 3139 2934 3207 quod
2961 3153 2991 3192 a
3015 3146 3068 3192 te
3101 3136 3406 3208 quaesitum
3427 3143 3533 3201 est,

1880 3207 1927 3272 Ο
1961 3237 2311 3294 redeundum.
2365 3234 2688 3304 Quaesieras
2736 3233 2900 3299 enim,
2949 3242 3129 3288 utrum
3168 3245 3355 3287 omnes
3391 3239 3538 3286 cate-

1959 3330 2144 3402 goriae
2189 3328 2255 3384 de
2284 3328 2392 3383 Deo
2430 3327 2825 3399 praedicaudae
2852 3325 2960 3379 sint
3002 3324 3237 3396 proprie,
3275 3337 3343 3377 an
3367 3334 3537 3391 quae-

1958 3422 2083 3477 dam
2139 3418 2588 3491 ipsarum..Dtsc.
2638 3417 2988 3472 Redeundum
3038 3428 3198 3470 sane.-
3238 3411 3346 3469 Sed
3385 3411 3535 3482 prius

1960 3514 2431 3579 considerandum,
2478 3521 2539 3567 ut
2576 3513 2832 3575 arbitror,
2866 3525 2965 3565 cur
2989 3508 3262 3580 praedicta
3294 3505 3537 3571 nomina,

1958 3607 2251 3664 essentiam
2287 3606 2424 3668 dico,
2458 3604 2773 3667 bonitatem,
2798 3602 3100 3666 veritatem,
3130 3597 3416 3670 justitiam,
3442 3608 3534 3652 sa-

1958 3701 2236 3774 pientiam,
2265 3708 2553 3768 ceteraque
2582 3697 2635 3751 id
2658 3711 2845 3767 genus,
2877 3707 3014 3764 quae
3036 3693 3286 3748 videntur
3314 3705 3423 3773 non
3448 3702 3543 3743 so-

1957 3794 2069 3849 lum
2114 3793 2318 3857 divina,
2368 3792 2461 3846 sed
2511 3788 2675 3844 etiam
2724 3786 3079 3850 divinissima,
3129 3792 3183 3840 et
3224 3782 3357 3838 nihil
3395 3781 3538 3835 aliud

1958 3894 2177 3956 praeter
2215 3884 2363 3938 illam
2394 3884 2563 3953 ipsam
2593 3881 2832 3935 divinam
2858 3878 3212 3935 substantiam
3235 3891 3329 3932 seu
3356 3887 3540 3931 essen-

1961 3979 2093 4031 tiam
2136 3975 2463 4046 signiﬁcare,
2495 3972 2863 4040 metaphorica
2894 3970 3035 4035 ﬁeri,
3081 3971 3135 4023 id
3165 3979 3268 4035 est,
3312 3983 3345 4021 a
3387 3981 3542 4021 crea-

1963 4073 2084 4119 tura
2107 4068 2176 4120 ad
2200 4064 2510 4120 Creatorem
2530 4061 2814 4126 translata,
2838 4059 3142 4131 praedictus
3166 4056 3538 4113 sanctissimus

1959 4167 2115 4228 pater
2141 4165 2303 4227 atque
2330 4154 2633 4224 Theologus
2656 4151 3043 4224 pronunciarit.
3086 4150 3201 4206 Non
3241 4149 3386 4205 enim
3420 4148 3539 4203 sine

1963 4250 2197 4320 quadam
2226 4249 2454 4319 mystica
2493 4255 2657 4315 atque
2688 4254 2895 4300 secreta
2932 4243 3141 4298 ratione
3175 4240 3303 4295 talia
3332 4238 3536 4294 dixisse

1965 4342 2375 4399 aestimandum.
2434 4339 2576 4397 MAG.
2626 4338 2769 4394 Bene
2815 4335 3034 4408 vigilas;
3084 4349 3191 4391 non
3239 4334 3382 4391 enim
3434 4334 3541 4388 hoc

1963 4447 2178 4504 quoque
2220 4430 2616 4487 inconsiderate
2658 4426 3040 4483 transeundum
3083 4422 3248 4497 [esse]
3289 4422 3330 4455 ¹⁹
3360 4420 3538 4479 video.

1963 4524 2044 4579 Ac
2068 4537 2167 4595 per
2193 4523 2297 4578 hoc
2345 4519 2672 4591 respondeas
2720 4518 2900 4583 velim,
2950 4526 3129 4573 utrum
3181 4512 3543 4582 Deoaliquid

1966 4616 2270 4687 oppositum
2296 4622 2390 4669 aut
2413 4611 2518 4667 sibi
2546 4609 2945 4667 cointcllectum
2987 4606 3274 4678 intelligas.
3318 4603 3548 4675 Opposi-

1967 4720 2081 4765 tum
2111 4707 2253 4772 dico,
2284 4713 2377 4760 aut
2408 4719 2506 4774 per
2545 4693 2920 4773 privationem,
2952 4707 3046 4755 aut
3069 4714 3167 4770 per
3190 4696 3547 4753 contrarieta-

1969 4810 2100 4864 tem,
2128 4806 2222 4853 aut
2245 4812 2342 4867 per
2368 4795 2708 4860 relationem,
2749 4801 2843 4848 aut
2885 4805 2981 4862 per
3008 4788 3307 4846 absentiam
3336 4802 3352 4840 :
3387 4786 3540 4842 coin-

1970 4890 2243 4946 tcllectum
2272 4902 2422 4951 vero,
2454 4888 2557 4942 hoc
2598 4894 2703 4951 est,
2728 4882 2886 4940 simul
2916 4896 3042 4937 cum
3093 4895 3158 4935 eo
3201 4876 3546 4935 aeternaliter

1970 4982 2325 5046 intellectum,
2355 4994 2461 5035 non
2490 4987 2668 5033 tamen
2690 4977 2742 5033 ei
2781 4972 3151 5032 coessentiale.
3192 4970 3340 5025 Disc.
3385 4966 3544 5023 Clare

1970 5075 2128 5130 video
2167 5071 2310 5143 quod
2335 5071 2380 5102 ’°
2407 5070 2565 5135 velis,
2615 5084 2681 5124 ac
2722 5083 2819 5138 per
2859 5067 2984 5132 hoc,
3020 5076 3194 5134 neque
3243 5056 3445 5129 aliquid
3490 5056 3544 5111 εὶ

1972 5164 2296 5236 oppositum,
2327 5174 2503 5231 neque
2527 5159 2630 5215 sibi
2663 5156 3059 5213 cointcllectum
3094 5154 3399 5228 έτᾶρουσιον,
3440 5148 3547 5236 hoc

1972 5264 2075 5323 est,
2124 5253 2269 5325 quod
2294 5254 2365 5310 sit
2404 5250 2627 5307 alterius
2654 5248 2948 5313 essentiae,
2978 5258 3138 5316 quam
3173 5243 3288 5313 ipse
3312 5248 3417 5306 est,
3459 5235 3544 5293 di-

1532 5437 1790 5496 VARIAE
1825 5430 2227 5493 LECTIONES.

373 5621 464 5705 ‘.A
485 5633 674 5721 nequa
696 5633 823 5675 esse.
897 5618 920 5651 ⁸
949 5616 1041 5674 Sic
1060 5616 1225 5701 CQE;
1252 5625 1300 5673 et
1320 5630 1428 5672 om.
1456 5632 1553 5697 Α..
1596 5612 1618 5645 ³
1647 5610 1780 5668 CDE
1805 5612 2144 5712 ιτσρξυσιας..
2195 5610 2276 5658 δΛ
2301 5620 2440 5707 eam.
2520 5610 2543 5686 ’ζ
2561 5617 2627 5657 ex
2671 5614 2779 5699 ora.
2812 5610 2875 5679 ι).
2951 5610 3085 5694 ’δξο
3104 5610 3271 5676 qun;
3291 5610 3362 5693 ιξι
3394 5610 3552 5715 ,ιοιὲν

373 5701 507 5743 enus.
652 5699 698 5743 et
720 5705 827 5743 om.
845 5688 957 5743 AD.
1032 5689 1054 5721 ⁵
1094 5687 1186 5743 Sic
1212 5687 1375 5743 CDE;
1408 5686 1452 5740 A
1476 5684 1643 5743 ﬁlium
1663 5699 1836 5738 suum.
1950 5681 1992 5737 C.
2020 5678 2312 5743 dubitaret,
2354 5673 2734 5743 Edub:tat.r.__
2786 5664 3213 5743 SngCDEJUd.
3296 5658 3440 5743 Αὸις

330 5690 507 5747 totius.
580 5689 601 5721 "
652 5699 698 5744 et
720 5705 827 5744 om.
845 5688 957 5744 AD.
1032 5689 1054 5721 ⁵
1094 5687 1186 5744 Sic
1212 5687 1375 5752 CDE;
1408 5686 1452 5740 A
1474 5684 1643 5756 filium
1663 5699 1836 5756 suum.

2195 5605 2276 5658 ‘A
2305 5620 2440 5659 cum.
2520 5602 2627 5657 "ea:
2671 5614 2779 5655 om.
2812 5598 2875 5653 D.
2951 5593 3085 5650 ‘Sic
3104 5590 3271 5658 CDE;
3316 5588 3373 5659 Δί
3407 5587 3552 5659 (aeg—

357 5730 1375 5827 ξᾞῖιὶιιαωῖἇεῚΨἐἶ’ἷυενίεῖἑιῖιεῗ”’ῖι’
1388 5730 2049 5827 εἷθ’ἒῦἕςὶὶῗὶέὶῥηάιιῆιῖ
2062 5730 2158 5827 "1f
2172 5730 2315 5818 sunt
2336 5761 2444 5800 om.
2459 5744 2584 5827 Ich."
2613 5742 2657 5773 ευ
2680 5730 3150 5827 Sic‘Dligocatur
3167 5748 3276 5791 om.
3292 5731 3366 5799 C;
3398 5731 3443 5786 A
3468 5730 3552 5786 di-

296 5807 873 5900 :itﬁfﬁvénﬁrmet.
904 5807 1274 5885 "6"e's's'é’6hi.
1304 5807 1625 5884 aii-'66
1642 5807 2035 5888 stultitiamque.
2114 5818 2156 5852 ¹⁹
2186 5807 2296 5874 esse
2321 5832 2429 5873 om.
2457 5812 2604 5871 CDE'
2682 5810 2727 5842 ’θ
2764 5809 2810 5865 A
2834 5807 2979 5880 quid.
