3988 5698
472 349 580 409 459

1819 345 2102 404 JOANNIS
2140 346 2336 403 SCOTI

3609 346 3713 400 M0

472 478 602 523 cere
637 464 827 519 ausim.
879 464 1009 518 Nam
1036 466 1277 536 opposita
1330 480 1424 535 per
1468 464 1783 520 relationem
1830 466 1902 519 ita
1940 465 2040 519 sibi
2071 467 2120 527 Λ
2148 474 2201 520 et
2228 465 2429 520 videnti
2478 479 2584 521 non
2621 466 2806 521 videns
2835 483 2850 518 :
2886 466 3051 537 igitur
3073 465 3117 498 "
3141 466 3405 541 ὕπερθεὸς,
3435 463 3713 534 plusquam

474 570 686 627 semper
723 557 965 627 opposita
1010 566 1153 621 sunt,
1197 567 1256 611 ut
1295 558 1454 612 simul
1495 569 1550 613 ει
1606 560 1862 615 inchoare
1912 559 2047 614 inci-

473 647 647 719 piant,
678 655 734 701 ct
760 647 918 705 simul
966 662 1084 703 esse
1112 648 1128 679 ι
1159 648 1440 712 desinant,
1471 648 1599 702 dum
1625 651 1646 679 ³
1671 648 1907 717 ejusdem
1952 663 2048 702 na-

479 748 633 795 turae
659 741 793 804 sint,
833 749 893 793 ut
934 739 1183 808 simplum
1234 740 1299 793 ad
1322 738 1344 771 ³
1372 739 1614 809 duplum,
1645 739 2047 809 subsesqualte—

476 845 600 886 rum
628 830 695 884 ad
736 830 1168 900 sesqualterum;
1210 839 1302 885 aut
1337 846 1436 900 per
1465 832 1825 902 negationem,
1856 841 1915 887 ut
1944 843 2045 898 εει,

475 929 712 985 nonest;
742 929 836 973 aut
863 935 957 990 per
980 920 1261 990 qualitales
1287 922 1587 988 naturales;
1613 936 1707 993 per
1726 924 2047 991 absentiam,

476 1019 539 1067 ut
584 1011 674 1065 lux
705 1019 868 1081 atque
897 1011 1174 1079 tenebrae;
1208 1022 1299 1066 aut
1333 1014 1624 1068 secundum
1667 1014 2047 1084 privationem,

476 1114 540 1161 ut
568 1119 713 1159 mors
756 1114 813 1159 et
869 1106 1011 1171 vita;
1061 1112 1153 1159 aut
1188 1120 1285 1176 per
1325 1107 1651 1161 contrarium
1678 1148 1692 1174 ,
1736 1116 1796 1161 ut
1847 1108 2051 1162 sanitas

477 1205 534 1254 et
575 1197 937 1263 imbecillitas,
982 1196 1107 1269 [vox
1141 1205 1196 1252 et
1237 1198 1529 1271 silentium]
1556 1198 1598 1253 ".
1653 1198 1797 1255 Haec
1828 1208 2006 1255 autent
2030 1200 2051 1232 '

478 1289 584 1353 his,
616 1304 754 1357 quae
779 1288 1074 1344 intellectui
1102 1290 1455 1345 succumbunt
1485 1299 1646 1361 atque
1675 1292 1873 1353 sensui,
1906 1301 2051 1346 recta

480 1382 687 1436 ratione
713 1382 1097 1449 attribuuntur,
1130 1396 1192 1438 ac
1220 1397 1316 1452 per
1339 1383 1439 1438 hoc
1462 1384 1513 1437 in
1543 1384 1650 1439 Deo
1679 1400 1781 1439 non
1809 1393 1952 1438 sunt.
1978 1384 2051 1438 Ea

480 1474 697 1545 quippe,
725 1488 861 1544 quae
890 1490 918 1527 a
942 1474 1132 1544 seipsls
1159 1475 1484 1546 discrepant,
1526 1485 1743 1531 aeterna
1790 1492 1909 1533 esse
1948 1494 2051 1533 non

478 1573 720 1635 possunt.
764 1564 820 1619 Si
860 1564 1001 1619 enim
1040 1573 1261 1619 aeterna
1296 1574 1496 1631 essent,
1528 1583 1557 1621 a
1599 1583 1657 1622 se
1687 1567 1913 1623 invicem
1947 1585 2052 1623 non

376 1664 381 1669 '
481 1655 862 1724 discreparent.
908 1656 1214 1712 Aeternitas
1237 1658 1378 1712 enim
1402 1659 1483 1713 sui
1514 1660 1705 1715 similis
1730 1671 1828 1726 est,
1863 1672 1911 1716 ct
1947 1671 2054 1716 tota

479 1763 576 1817 per
607 1757 792 1813 totum,
832 1749 887 1803 in
913 1749 1087 1819 seipsa
1120 1765 1222 1804 una
1248 1751 1472 1821 simplex
1519 1754 1895 1824 individuaque
1924 1756 2049 1810 sub-

481 1840 637 1894 sistit.
674 1838 769 1898 Est
790 1841 1054 1910 siquidem
1080 1842 1319 1897 omnium
1352 1859 1518 1899 unum
1551 1846 1866 1916 principium
1889 1862 2052 1902 unus-
2081 1817 2128 1876 Β

481 1944 585 1998 que
618 1930 761 1996 linis,
806 1931 859 1985 in
905 1931 1052 1986 nullo
1093 1948 1124 1986 a
1172 1933 1348 2003 seipso
1374 1935 1704 2006 discrepans.

551 2020 640 2074 ιι.
668 2020 867 2076 Eadem
916 2024 1126 2079 ratione
1172 2034 1516 2081 coaeternum
1565 2028 1674 2083 Deo
1731 2044 1871 2094 esse,
1913 2041 2083 2099 quod.

481 2113 584 2168 sibi
606 2115 961 2171 coessentiale
981 2132 1086 2172 non
1109 2118 1198 2182 sit,
1214 2119 1397 2174 nescio
1420 2121 1540 2190 quis
1561 2123 1753 2177 audeat
1768 2122 2050 2179 aiiirmare.

484 2202 619 2260 Nam
648 2207 693 2262 si
716 2208 818 2263 hoc
839 2209 1065 2280 cogitari
1108 2218 1199 2263 aut
1242 2210 1469 2265 inveniri
1510 2221 1704 2285 potest,
1750 2216 2055 2271 necessario

482 2297 744 2365 sequitur,
762 2313 866 2351 non
890 2311 1007 2354 esse
1026 2314 1192 2352 unum
1211 2299 1451 2355 omnium
1472 2303 1810 2373 principium,
1838 2307 1928 2360 sed
1952 2306 2054 2361 duo

483 2385 746 2455 quaedam
772 2403 864 2442 seu
894 2389 1069 2459 plura,
1111 2389 1266 2463 longe
1305 2407 1334 2445 a
1375 2407 1432 2447 se
1464 2393 1692 2449 invicem
1724 2395 2051 2465 .diﬂ'crentia.

483 2476 633 2544 Quod
660 2495 784 2535 vera
814 2481 949 2537 ratio
975 2482 1094 2539 sine
1129 2483 1235 2538 ulla
1265 2485 1622 2541 haesitatione
1664 2504 1888 2544 renuere
1928 2506 2056 2545 con-

487 2572 678 2627 suevit.
703 2571 899 2628 Merito
923 2576 990 2629 ab
1012 2591 1118 2630 uno
1142 2578 1342 2643 omnia,
1359 2594 1389 2632 a
1413 2580 1620 2635 duobus
1642 2590 1818 2636 autem
1844 2583 1924 2637 vel
1945 2583 2057 2652 plu-

484 2665 636 2720 ribus
669 2666 803 2720 nihil
852 2682 970 2723 esse
1005 2668 1242 2723 inchoat.
1291 2671 1430 2728 MAG.
1465 2671 1630 2727 Recte
1670 2674 1955 2746 disceptas,
2001 2684 2061 2731 ut

486 2756 729 2811 aestimo.
754 2756 807 2811 Si
834 2757 996 2830 igitur
1019 2761 1292 2830 praedicta
1316 2764 1492 2818 divina
1520 2766 1733 2820 nomina
1764 2768 2007 2839 opposita
2027 2783 2058 2824 e

485 2848 703 2919 regione
727 2849 827 2903 sibi
855 2849 955 2904 alia
980 2852 1193 2907 nomina
1220 2854 1533 2925 respiciunt,
1563 2859 1868 2914 necessario
1894 2860 2055 2915 etiam

484 2954 595 3003 res,
629 2955 767 3009 quae
819 2942 1033 3013 proprie
1088 2944 1166 2999 eis
1208 2946 1602 3017 signiﬁcantur,
1651 2951 1925 3021 oppositas
1955 2952 2055 3007 sibi

488 3033 901 3088 contrarietatcs
952 3035 1197 3091 obtinere
1260 3038 1644 3110 intelliguntur,
1696 3057 1759 3097 ac
1809 3057 1907 3114 per
1956 3043 2058 3099 hoc

489 3123 556 3179 de
589 3123 720 3192 Deo,
760 3127 844 3182 cui
887 3128 1021 3183 nihil
1065 3129 1087 3161 ⁸
1141 3133 1440 3202 Oppositum
1479 3136 1520 3199 ",
1565 3143 1804 3190 autcum
1835 3152 1943 3207 quo
1967 3154 2057 3193 co-

487 3215 832 3270 aetemalitcr
858 3226 1049 3272 natura
1080 3218 1333 3275 diil‘erens
1373 3222 1506 3277 nihil
1541 3223 1562 3255 ⁸
1592 3224 1891 3294 inspicitur,
1926 3242 2051 3296 pro-

487 3306 605 3374 prie
627 3304 928 3376 praedicari
952 3323 1057 3362 non
1084 3321 1325 3378 possunt.
1360 3312 1760 3370 Praedictornm
1790 3317 1931 3371 enim
1960 3334 2057 3372 no-

490 3396 697 3451 minum
727 3398 1065 3468 aliorumque
1098 3400 1196 3455 sibi
1227 3402 1480 3457 similium
1520 3405 1719 3459 nullum
1762 3422 1885 3462 vera
1918 3410 2055 3464 ratio

491 3488 727 3556 reperire
752 3496 949 3557 potest,
980 3491 1063 3545 cui
1089 3507 1192 3547 non
1217 3508 1285 3546 ex
1312 3494 1533 3549 adversa
1562 3505 1730 3573 parte,
1755 3507 1847 3552 aut
1873 3513 2054 3554 secum

491 3576 547 3630 in
571 3577 760 3632 eodem
792 3593 1012 3647 genere,
1043 3579 1293 3637 diiicrcns
1337 3583 1499 3649 aliud,
1530 3586 1594 3642 ab
1627 3586 1740 3657 ipso
1778 3587 2055 3645 discedens

492 3684 686 3724 nomen
714 3686 818 3725 non
844 3674 1160 3743 reperiatur.
1186 3674 1252 3730 Et
1279 3676 1419 3746 quod
1450 3678 1505 3732 in
1529 3679 1835 3735 nominibus
1861 3696 2058 3752 cogno-

496 3760 718 3827 scimus,
759 3765 1142 3834 necessarium,
1196 3776 1255 3821 ut
1308 3769 1362 3822 in
1400 3768 1421 3799 '
1470 3770 1553 3824 his
1594 3772 1776 3837 rebus,
1819 3788 1956 3843 quae
1990 3774 2057 3830 ab

493 3850 575 3906 eis
599 3850 988 3923 significantur,
1012 3870 1420 3926 cognoscamus.
1438 3857 1544 3914 Sed
1566 3860 1817 3929 quoniam
1844 3862 2059 3917 divinae

494 3941 943 4014 signiﬁcationes,
973 3961 1111 4015 quae
1151 3947 1203 4001 in
1235 3961 1389 4003 sacra
1418 3946 1693 4018 Scriptura
1738 3965 1768 4004 a
1812 3960 2058 4007 creatura

495 4030 564 4087 ad
591 4032 902 4089 Creatorem
933 4035 1223 4091 translatae
1261 4036 1304 4069 “
1356 4037 1422 4092 de
1450 4037 1558 4093 Deo
1585 4039 1984 4108 praedicantur,
2014 4041 2059 4096 si

496 4129 679 4179 tamen
707 4135 851 4180 recte
879 4126 1074 4181 dicitur
1103 4126 1300 4197 aliquid
1326 4128 1392 4182 de
1416 4127 1525 4182 Dee
1546 4143 1706 4199 posse
1734 4131 2056 4198 praedicari,

493 4214 636 4282 quod
688 4214 792 4269 alio
839 4215 955 4271 loco
996 4217 1441 4272 considerandum
1494 4227 1597 4284 εει,
1644 4220 2061 4277 innumerabiles

496 4313 644 4370 sunt,
672 4313 727 4357 et
752 4306 1016 4373 parvitate
1043 4314 1256 4362 nostrae
1280 4308 1709 4365 ratiocinationis
1733 4324 1833 4366 nee
1854 4312 2059 4367 inveni-

496 4396 559 4455 ri,
590 4408 689 4447 nec
717 4395 768 4447 in
798 4394 955 4449 simul
980 4395 1153 4467 colligi
1182 4406 1441 4466 possunt,
1480 4414 1650 4468 pauca
1675 4410 1849 4457 tamen
1873 4418 2060 4458 exem-

493 4481 565 4549 pli
614 4482 786 4549 gratia
816 4483 993 4536 divina
1032 4485 1288 4540 vocabula
1326 4489 1573 4556 ponenda
1621 4499 1762 4544 sunt.
1819 4492 2061 4549 Essentia

495 4588 625 4643 ergo
646 4574 845 4629 dicitur
864 4576 1035 4641 Deus,
1070 4578 1163 4632 sed
1194 4581 1409 4650 proprie
1441 4584 1674 4638 essentia
1709 4600 1815 4640 non
1843 4596 1947 4656 est,
1976 4589 2060 4644 cui

496 4664 784 4734 opponitur
812 4665 977 4733 nihil;
1008 4669 1313 4743 ὖπιρσύσιος
1348 4671 1514 4742 igitur
1534 4681 1636 4738 est,
1672 4675 1724 4729 id
1748 4685 1850 4743 est,
1879 4693 2063 4750 super-

494 4758 818 4814 essentialis.
848 4758 977 4815 Item
1025 4762 1236 4819 bonitas
1288 4765 1500 4832 dicitur,
1532 4768 1625 4822 sed
1673 4771 1889 4840 proprie
1905 4772 2061 4829 boni-

498 4855 583 4901 tas
645 4863 748 4901 non
795 4858 917 4915 est;
974 4852 1200 4909 bonitati
1256 4855 1401 4910 enim
1460 4858 1660 4914 malitia
1732 4864 2059 4932 opponitur;

497 4939 814 5039 Ῡτιράγαθες
830 4943 1009 5014 igitur,
1025 4945 1306 5016 plusquam
1322 4950 1513 5016 bonus,
1527 4955 1976 5039 ειΰπεραγαθότης·
1994 4956 2059 5023 ’⁸,

498 5025 552 5099 id
580 5038 680 5095 est,
717 5031 999 5102 plusquam
1038 5037 1267 5093 bonitas.
1316 5038 1457 5095 Deus
1505 5025 1721 5110 dicitur,
1764 5025 1856 5099 sed
1891 5047 1934 5086 ἰ
1956 5061 2063 5102 non

497 5122 715 5190 proprie
742 5121 884 5181 Deus
910 5134 1027 5192 est;
1069 5126 1263 5183 visioni
1305 5130 1447 5185 enim
1475 5133 1709 5189 caecitas
1753 5135 2061 5206 opponitur,

2148 557 2354 621 videns,
2401 556 2445 611 si
2483 556 2608 620 Θεὸς
2652 557 2839 613 videns
2874 557 3279 628 interpretatur.
3329 555 3438 611 Sed
3494 556 3539 610 si
3578 554 3624 586 “
3652 556 3716 609 ad

2149 646 2308 701 aliam
2343 647 2605 717 originem
2660 646 2818 716 hujus
2845 647 3076 703 nominis
3107 662 3378 713 recurras,
3412 647 3489 701 ita
3533 653 3595 701 ut
3616 661 3718 701 non

2148 751 2182 792 a
2209 738 2372 792 verbo
2398 741 2587 815 θεωρῶ,
2608 739 2786 804 video,
2825 738 2918 793 sed
2946 754 2975 792 a
2997 738 3160 794 verbo
3191 741 3321 801 Θέω,
3349 738 3404 794 id
3428 746 3517 793 est
3542 752 3715 800 curro,

2149 828 2292 894 Θεὸν,
2314 828 2499 894 Deum,
2532 829 2764 885 derivari
2805 828 3071 900 intelligas
3093 867 3108 894 ,
3152 826 3303 884 adest
3331 829 3429 883 tibi
3475 826 3724 884 similiter

2152 922 2337 976 eadem
2372 922 2532 977 ratio.
2580 921 2713 975 Nam
2741 920 2980 976 currenti
3014 936 3118 975 non
3148 935 3374 976 currens
3403 919 3722 989 opponitur,

2157 1010 2298 1067 sicut
2346 1014 2569 1069 tarditas
2594 1011 2873 1067 celeritati.
2905 1012 3023 1066 Erit
3050 1013 3210 1084 igitur
3241 1010 3507 1087 ὐπαρθοός,
3536 1011 3591 1065 id
3617 1021 3718 1078 est,

2149 1105 2431 1175 plusquam
2461 1119 2712 1170 currens,
2735 1106 2873 1161 sicut
2902 1105 3156 1175 scriptum
3181 1115 3292 1161 est:
3324 1106 3590 1161 Velociler
3608 1122 3723 1159 cur-

2152 1197 2217 1249 rit
2255 1212 2424 1251 sermo
2459 1196 2590 1266 ejus.
2643 1196 2775 1250 Nam
2808 1197 2909 1251 hoc
2937 1197 3002 1251 de
3038 1198 3147 1252 Deo
3177 1196 3372 1262 Verbo,
3404 1197 3548 1268 quod
3592 1196 3723 1251 inei-

2153 1286 2388 1343 fabiliter
2420 1301 2516 1358 per
2561 1288 2762 1353 omnia,
2812 1303 2949 1359 quae
2977 1296 3127 1354 sunt,
3157 1296 3217 1342 ut
3243 1288 3369 1351 sint,
3408 1289 3604 1353 currit,
3650 1289 3725 1340 in-

2162 1379 2470 1455 telligimus.
2499 1380 2699 1435 Eodem
2738 1380 2896 1435 modo
2924 1379 2991 1434 de
3016 1380 3242 1434 veritate
3271 1380 3518 1449 accipere
3563 1379 3724 1431 debec

2154 1486 2291 1524 mus.
2328 1469 2553 1524 Veritati
2605 1471 2802 1525 etenim
2841 1468 3051 1524 falsitas
3078 1470 3388 1539 opponitur,
3411 1485 3475 1524 ac
3505 1484 3606 1538 per
3628 1469 3726 1523 hoc

2153 1563 2369 1633 proprie
2415 1562 2617 1617 veritas
2665 1578 2770 1618 non
2821 1570 2942 1627 est;
2999 1562 3315 1638 ὐπιραλαοής
3346 1561 3513 1630 igitur
3540 1568 3647 1625 est,
3675 1569 3726 1613 et

2152 1656 2491 1733 ὑπεραλήθεια
2520 1654 2583 1719 ³⁸,
2616 1654 2895 1725 plusquam
2923 1668 3101 1720 verus,
3120 1663 3176 1710 et
3201 1655 3485 1725 plusquam
3510 1655 3724 1709 veritas.

2157 1745 2354 1800 Eadem
2398 1745 2536 1799 ratio
2564 1745 2617 1798 in
2666 1744 2916 1799 omnibus
2959 1744 3154 1799 divinis
3182 1744 3491 1799 nominibus
3545 1742 3726 1797 obser-

2155 1836 2327 1891 vanda
2353 1847 2455 1892 εει.
2482 1837 2598 1893 Non
2618 1838 2760 1893 enim
2785 1837 3003 1909 proprie
3024 1837 3225 1893 dicitur
3243 1837 3573 1900 aeternitas,
3596 1851 3722 1906 quo-

2154 1930 2297 1984 niam
2326 1931 2629 1986 aeternitati
2656 1930 3024 2002 temporalitas
3043 1930 3364 2001 opponitur;
3392 1929 3726 2006 ὑπεραιῶςτως

2156 2022 2320 2094 igitur
2366 2032 2472 2089 est,
2516 2032 2572 2079 et
2599 2024 2915 2098 ὗπεραιωνία
2942 2023 3006 2089 ⁸⁸,
3052 2023 3332 2094 plusquam
3372 2030 3646 2084 aeternus,
3676 2028 3726 2075 et

2160 2116 2446 2187 plusquam
2485 2118 2793 2172 aeternitas.
2822 2117 2900 2172 De
2930 2116 3186 2186 sapientia
3217 2129 3433 2185 quoque
3461 2113 3605 2167 nulla
3626 2113 3722 2166 alia

2156 2209 2393 2265 occurrit
2411 2209 2569 2273 ratio,
2592 2208 2817 2279 ideoque
2841 2207 3056 2283 proprie
3080 2207 3145 2263 de
3165 2206 3274 2260 Deo
3297 2204 3601 2276 praedicari
3627 2218 3727 2256 non

2161 2313 2245 2357 cst
2291 2302 2679 2366 arbitrandum,
2727 2301 2979 2370 quoniam
3008 2298 3303 2369 sapientiae
3338 2297 3381 2329 "
3414 2304 3472 2350 et
3504 2293 3725 2365 sapienti

2166 2396 2427 2466 insipiens
2501 2402 2555 2449 et
2623 2393 2927 2464 insipientia
2991 2391 3035 2424 ¹⁸
3106 2396 3454 2461 oppugnant;
3503 2386 3727 2457 proinde

2156 2490 2458 2566 ὐπερσόφος,
2489 2487 2540 2542 id
2587 2495 2690 2552 est,
2738 2485 3018 2559 plusquam
3053 2483 3291 2554 sapiens,
3320 2491 3375 2538 et
3413 2481 3725 2555 ὑπερσοφία.

2160 2582 2446 2652 plusquam
2481 2578 2765 2651 sapientia,
2800 2589 2944 2632 recte
2966 2591 3197 2645 vereque
3221 2574 3438 2630 dicitur.
3471 2571 3728 2626 Similiter

2200 2672 2445 2742 lusqnam
2475 2670 2581 2724 vita
2626 2677 2729 2735 est,
2777 2668 3039 2741 siquidem
3068 2668 3212 2723 vitae
3238 2681 3384 2721 mors
3417 2664 3724 2734 opponitur.

2202 2689 2445 2742 Iusquam
2476 2689 2581 2724 Vita
2626 2689 2729 2735 εει,
2777 2689 3039 2741 srquwem
3070 2689 3212 2723 Vitae
3239 2689 3384 2721 muns
3417 2689 3724 2734 opponitur.

2159 2689 2359 2823 Eodem
2400 2764 2556 2818 modo
2587 2762 2652 2818 de
2696 2761 2813 2815 luce
2865 2759 3267 2833 intelligendum
3319 2766 3441 2821 est;
3475 2772 3600 2811 nam
3630 2754 3729 2810 luci

2161 2839 2414 2910 tenebrae
2440 2854 2674 2909 obstant.
2708 2853 3003 2918 Hactenus,
3031 2859 3090 2904 ut
3113 2849 3364 2913 arbitror,
3392 2850 3458 2902 de
3482 2846 3568 2901 his
3594 2842 3731 2899 sudi-

2162 2947 2363 3003 oicnter
2392 2946 2592 3001 dictum
2631 2953 2732 3001 cst.
2764 2944 2908 2999 DISC.
2937 2941 3100 3011 Atqui
3130 2938 3596 3004 fatendum,.satis
3615 2950 3728 2991 esse

2162 3038 2385 3093 dictum.
2412 3034 2546 3091 Nam
2577 3036 2641 3092 de
2669 3036 2865 3092 talibus
2899 3047 3248 3105 quaecunque
3278 3030 3584 3086 necessaria
3611 3037 3729 3083 sunt

2162 3121 2390 3207 proferri
2413 3138 2632 3203 propter
2658 3144 2742 3196 ea,
2770 3142 2907 3199 quae
2933 3125 3200 3198 praesenti
3237 3123 3452 3194 negotio
3480 3122 3526 3155 ι’
3554 3122 3727 3191 dispu-

2163 3221 2325 3288 tanda
2366 3230 2508 3288 sunt,
2537 3237 2679 3276 nunc
2718 3230 2937 3275 nostrae
2967 3216 3373 3288 disceptationis
3397 3213 3724 3286 propositum

2158 3284 2266 3371 non
2320 3284 2574 3371 admittit.
2619 3314 2751 3369 Redi
2800 3313 2981 3383 igitur,
3034 3311 3076 3365 si
3118 3284 3327 3381 placet,
3353 3284 3422 3361 ad
3471 3306 3720 3360 denariae

2157 3390 2474 3476 quantitatis
2498 3405 2892 3479 categoriarum
2925 3401 3429 3458 considerationem.
3474 3396 3612 3451 Hac.
3649 3395 3725 3448 ln-

2159 3488 2415 3552 ientionis
2446 3505 2569 3551 tuae
2596 3502 2839 3560 aettmen,
2868 3509 3005 3565 quae
3032 3494 3207 3549 adhuc
3234 3491 3525 3546 admodum
3554 3486 3720 3559 pervi-

2163 3572 2238 3667 gil
2267 3591 2563 3655 videbatur,
2612 3589 2865 3645 admiror.
2916 3587 3057 3642 DISC.
3104 3583 3271 3651 Unde,
3300 3598 3525 3654 quaeso,
3554 3579 3725 3635 dicas?

2160 3683 2300 3736 hinc.
2335 3681 2520 3737 Nonne
2553 3681 2805 3747 diximus,
2859 3679 3000 3750 quod
3050 3675 3336 3732 inelfabilis
3365 3682 3559 3728 natura
3589 3671 3724 3726 nullo

2159 3774 2345 3839 verbo,
2369 3774 2511 3829 nullo
2542 3773 2778 3839 nomine,
2811 3786 2904 3828 seu
2930 3770 3108 3840 aliquo
3130 3767 3366 3823 sensibili
3400 3779 3561 3828 sono,
3583 3761 3717 3816 nulla

2163 3876 2222 3919 re
2243 3865 2538 3936 signiﬁcata
2577 3865 2794 3936 proprie
2835 3863 3006 3934 possit
3044 3860 3378 3931 signiﬁcari?
3404 3860 3473 3912 Et
3502 3859 3605 3913 hoc
3637 3857 3721 3907 de-

2163 3957 2308 4013 disti.
2342 3956 2454 4012 Non
2496 3957 2639 4012 enim
2679 3956 2916 4028 proprie,
2945 3954 3038 4010 sed
3087 3952 3406 4008 translative
3430 3951 3720 4006 dicitures-

2163 4050 2356 4116 scntia,
2380 4049 2600 4111 veritas,
2646 4048 2930 4118 sapientia,
2953 4056 3238 4115 ceteraque
3271 4041 3609 4111 huiusmodi;
3636 4035 3717 4092 sed

2164 4140 2645 4211 superessentialis,
2704 4139 2988 4210 plusquam
3044 4137 3267 4199 veritas,
3320 4133 3603 4205 plusquam
3644 4144 3719 4183 εει-

2163 4231 2388 4300 pientis,
2415 4239 2469 4285 et
2510 4228 2701 4285 similia
2744 4229 2956 4284 dicitur.
2988 4227 3093 4282 Sed
3123 4240 3297 4280 nonne
3325 4233 3381 4278 et
3403 4223 3542 4277 haec
3577 4218 3718 4289 quasi

2164 4322 2428 4393 quaedam
2472 4321 2686 4392 propria
2717 4319 2935 4374 nomina
2964 4317 3218 4373 videntur
3244 4330 3388 4381 esse,
3427 4314 3471 4368 si
3502 4310 3716 4367 essentia

2164 4413 2382 4483 proprie
2408 4427 2514 4467 non
2542 4411 2761 4476 dicitur,
2792 4408 3252 4480 superessentialis
3283 4415 3463 4461 autem
3488 4400 3721 4474 preprie?

2089 4538 2141 4600 Β
2169 4503 2428 4559 Similiter
2460 4503 2504 4557 si
2538 4502 2735 4556 veritas
2765 4516 2857 4556 seu
2901 4500 3161 4572 sapientia
3192 4499 3409 4570 proprie
3436 4514 3541 4552 non
3570 4508 3714 4600 voca-

2165 4594 2274 4682 tur,
2294 4593 2412 4663 plus
2430 4608 2730 4663 veroquam
2764 4592 2963 4647 veritas
2990 4592 3058 4657 ¹⁰,
3088 4600 3142 4647 ει
3165 4592 3446 4661 plusquam
3473 4585 3716 4659 sapientia

2162 4681 2380 4763 proprie
2394 4685 2591 4741 dicitur
2608 4684 2684 4737 ⁸ίῖ
2698 4682 2811 4738 Non
2833 4698 2962 4754 ergo
2973 4684 3203 4754 propriis
3224 4681 3530 4737 nominibus
3552 4685 3719 4735 caret;

2164 4774 2299 4833 haec
2323 4780 2463 4832 enim
2495 4778 2729 4841 nomina,
2770 4777 3013 4846 quamvis
3051 4777 3188 4846 apud
3222 4775 3442 4829 Latinos
3471 4772 3572 4826 sub
3616 4784 3713 4823 uno

2168 4874 2412 4930 accentu,
2453 4867 2657 4936 subque
2680 4881 2786 4919 una
2806 4866 2851 4897 ²¹
2873 4864 3276 4936 compositionis
3304 4862 3584 4918 harmonia
3613 4858 3714 4913 usi.

2171 4964 2280 5009 tate
2309 4971 2412 5010 non
2459 4955 2818 5027 proferantur,
2867 4965 3093 5026 excepto
3131 4970 3195 5010 eo
3222 4954 3441 5009 nomine
3470 4952 3607 5022 quod
3641 4954 3718 5001 est

2170 5046 2650 5115 superessentialis,
2696 5063 2725 5101 a
2755 5046 2978 5102 Graecis
3019 5055 3196 5101 tamen
3238 5046 3337 5100 sub
3392 5057 3500 5098 uno
3546 5049 3716 5096 tenore

2172 5141 2465 5210 composita
2499 5143 2939 5209 pronunciantur.
2970 5137 3251 5211 Nunquam
3289 5139 3456 5203 enim,
3506 5144 3596 5191 aut
3633 5133 3716 5186 vix

1759 5290 2013 5347 VARIAE
2046 5292 2444 5352 LECTIONES.

575 5411 656 5488 PA
672 5431 791 5488 esse
810 5419 982 5474 simul.
1060 5420 1080 5451 '
1121 5420 1213 5476 Sic
1235 5419 1405 5484 CDE;
1438 5419 1480 5473 Δ
1504 5421 1627 5474 sive.
1704 5421 1726 5453 ⁸
1758 5421 1850 5477 Sic
1873 5421 2042 5488 CDE;
2074 5425 2119 5479 Α
2156 5434 2225 5479 et.
2298 5426 2321 5457 ⁸
2353 5424 2466 5481 Vox
2509 5438 2557 5482 et
2603 5428 2867 5483 silentium
2896 5443 3005 5483 om.
3037 5427 3189 5484 CDE.
3268 5429 3289 5460 '
3314 5428 3358 5483 Α
3386 5426 3544 5481 enim.
3628 5423 3647 5455 ⁸
3675 5422 3717 5477 Ε

502 5482 617 5572 οιίί..
807 5500 879 5542 est
905 5492 1243 5572 ‘oppositum.
1319 5491 1341 5523 ⁸
1369 5482 1457 5543 DE
1484 5489 1596 5572 Anii.
1619 5488 1695 5572 η’
1717 5482 2092 5572 ξὶεηρῂῡΕίᾼ
2120 5496 2203 5547 de.
2280 5495 2323 5572 ξθ
2346 5498 2422 5572 sic
2435 5482 2621 5572 99E;
2663 5498 2735 5572 Αὲ
2755 5482 2970 5572 relatae.
2998 5482 3001 5483 ν
3048 5482 3243 5572 ίιίῗῠΕ
3286 5482 3714 5572 ὗπσραοχαθρτητεεε

571 5553 617 5587 ⁸·
642 5555 866 5629 eodem.
893 5553 970 5612 Af
993 5553 1008 5562 ”
1035 5559 1080 5593 ⁸⁸
1109 5559 1297 5629 Igitur
1329 5559 1552 5629 Α.Δ
1584 5628 1587 5629 ν
1616 5558 1661 5600 μ’
1688 5561 1766 5614 sic
1790 5560 1950 5627 CDE;
1974 5553 2066 5624 {si
2112 5579 2221 5623 om.
2268 5565 2332 5618 Α.

501 5624 875 5681 mra-Mne...

922 5626 1248 5686 namnam.
1279 5628 1313 5672 Α
1350 5627 1497 5678 addit
1536 5626 1590 5672 id
1637 5639 1710 5678 eu
1740 5626 2017 5680 ηιιιεαιιέιηι
2066 5643 2167 5682 ηε,ιῆ
2247 5634 2290 5671 is
2343 5635 2431 5669 ας,
2462 5636 2621 5666 nni).
2656 5626 2685 5659 Ἀ

2410 5567 2635 5648 ".819."
2652 5584 2681 5648 δ.
2698 5567 2738 5621 C
2767 5569 3071 5648 ’ἔτειρεᾏηθκ
3096 5571 3133 5648 ίε
3160 5588 3206 5623 ει
3234 5586 3282 5622 ευ
3311 5562 3614 5648 Hesus
3631 5562 3719 5648 εμεὲ

3052 5651 3060 5656 .
3121 5639 3134 5658 ι
3182 5632 3493 5685 --ημηριρι
3568 5632 3721 5686 "Sic
