3988 5344
1454 304 1509 373 εἰ

186 453 294 511 461

1071 460 1157 516 DE
1194 418 1535 525 DIVISlOiE
1572 463 1921 524 NATURAE.
1958 496 2030 511 -—
2066 465 2264 524 LIBER
2301 466 2579 526 PRIMUS.

3335 478 3439 535 462

190 546 459 613 invenies,
492 548 851 617 superbonum
905 564 997 604 seu
1040 551 1057 582 ‘
1115 544 1556 622 supcraeternum
1608 566 1759 613 cete-
1786 564 1839 625 Α
1864 560 2201 627 videbantur,
2262 578 2404 622 nunc
2465 562 2606 618 inter
2665 578 2727 620 se
2791 565 3018 625 invicem
3046 572 3353 639 convenire,
3381 584 3437 630 et

188 652 367 708 raque
415 638 611 697 similia
662 643 952 712 composite
1001 641 1251 712 proferri.
1301 643 1447 705 Disc.
1485 648 1552 702 Et
1591 650 1611 678 ¹
1662 663 1763 717 ego

177 729 301 799 ipse
328 730 486 787 valde
513 731 772 797 admiror,
807 747 916 802 quo
954 734 1315 803 intendebam,
1336 739 1552 808 quando
1577 740 1596 772 ³
1621 740 1762 799 hanc

176 835 293 877 non
347 821 707 890 spernendam
751 822 1152 893 inquisitionem
1207 826 1465 889 intactam
1512 840 1758 900 praeter-

174 910 462 971 miseram.
485 910 662 982 Atque
688 912 811 975 ideo
828 928 950 971 eam
986 930 1019 970 a
1047 924 1102 971 te
1125 917 1326 989 aperiri
1351 919 1547 975 obnixe
1568 930 1753 991 postm-

173 1000 252 1055 lo.
304 1001 535 1074 Quoquo
575 1007 735 1065 modo
768 1007 912 1065 enim
939 1009 1119 1065 divina
1168 1014 1468 1071 substantia
1496 1030 1591 1072 seu
1619 1016 1741 1071 sim.

171 1092 412 1161 plicibus
472 1096 734 1157 orationis
783 1100 1027 1170 partibus
1050 1139 1067 1168 ,
1120 1117 1216 1163 seu
1261 1106 1607 1176 compositis,
1662 1122 1757 1164 seu

171 1180 394 1249 solutis,
410 1198 609 1253 graece
633 1200 729 1243 seu
755 1187 942 1256 latine,
966 1198 1172 1249 tantum
1195 1201 1257 1249 ut
1283 1195 1498 1266 proprie
1518 1194 1758 1266 profera-

171 1280 293 1341 tur,
322 1290 432 1331 non
472 1276 757 1339 imitabilis
783 1295 902 1345 esse
931 1281 1218 1341 videbitur.
1245 1282 1360 1340 Non
1394 1286 1538 1345 enim
1573 1286 1757 1343 inell‘a-

166 1360 283 1419 bilc
312 1374 420 1437 est,
457 1367 602 1437 quod
633 1369 1027 1439 quodammodo
1054 1370 1158 1429 lari
1184 1383 1382 1445 potest.
1436 1375 1576 1435 llas.
1603 1376 1757 1433 Nunc

162 1458 393 1531 vigilas,
416 1468 480 1517 ut
506 1459 529 1491 ⁸
556 1460 732 1519 viden.
760 1461 908 1525 Dtsc.
934 1462 1106 1536 Vigilo
1154 1467 1395 1537 quidem,
1432 1470 1524 1527 sed
1553 1470 1620 1525 de
1653 1471 1756 1528 hac

164 1551 493 1622 interposita
545 1551 859 1625 quaestione
904 1553 981 1617 nil
1026 1555 1204 1612 adhuc
1237 1557 1415 1613 video.
1443 1557 1584 1615 Man.
1617 1559 1751 1617 lteri

164 1641 343 1712 igitur
368 1642 437 1699 ad
463 1657 550 1705 ea.
582 1658 723 1713 quae
745 1645 908 1715 paulo
934 1646 1186 1716 superius
1213 1648 1354 1703 inter
1376 1664 1474 1705 nos
1506 1650 1751 1709 conlecta

162 1743 323 1788 sunt.
352 1732 497 1795 Duas
523 1749 778 1804 namque,
805 1736 859 1793 ni
890 1734 1067 1805 fallor,
1096 1737 1509 1801 sublimissimas
1543 1741 1746 1798 tlteoloc

162 1825 292 1896 giae
318 1834 502 1896 partes
532 1841 654 1885 esse
696 1826 962 1896 diximus;
996 1837 1053 1885 et
1080 1830 1182 1887 hoc
1217 1846 1322 1887 non
1347 1846 1415 1888 ex
1450 1832 1627 1899 nobis,
1652 1833 1747 1889 sed

162 1920 497 2021 auctoritate
523 1920 582 1976 S.
612 1920 852 1993 Dionysii
887 1924 1245 1995 Areopagitae
1272 1924 1621 1995 accipientes,
1651 1927 1741 1997 qui
1775 1961 1818 2021 Β

162 2012 533 2081 apertissime.
564 2022 623 2075 ut
649 2015 853 2073 dictum
889 2022 1003 2080 est,
1031 2015 1340 2086 bipertitam
1391 2016 1738 2089 Theologiam

162 2103 371 2158 asserit
404 2117 548 2171 esse,
594 2105 649 2161 id
676 2114 780 2169 est,
832 2111 1170 2180 moniti
1224 2108 1246 2140 ⁸
1298 2116 1355 2169 et
1402 2111 1743 2183 ﬁrmaturi».

162 2206 306 2261 quas
327 2192 520 2259 Cicero
543 2194 599 2251 in
619 2195 952 2253 interdictum
974 2195 996 2229 '
1019 2205 1067 2251 et
1092 2194 1437 2266 repulsioncm
1465 2197 1742 2267 transfert,

160 2297 267 2338 nos
293 2290 493 2349 autem,
525 2293 586 2341 ut
610 2284 850 2354 apertius
887 2285 970 2341 vis
1014 2287 1293 2367 nominum
1351 2286 1638 2354 clarescat,
1678 2290 1734 2345 in

160 2374 582 2433 albrmationem
633 2384 689 2433 et
741 2376 1081 2448 negationem
1110 2378 1398 2439 maluimus
1456 2379 1739 2436 tranferre.

160 2465 314 2523 Dtsc.
340 2465 574 2531 Talium,
604 2476 664 2523 ut
690 2469 950 2535 arbitror,
976 2467 1252 2529 recordari
1296 2484 1384 2533 me
1429 2471 1605 2527 video.
1636 2470 1743 2531 Sed

159 2559 291 2628 quid
321 2560 386 2619 ad
414 2561 572 2625 haec,
603 2575 743 2630 quae
766 2576 908 2619 nunc
930 2562 1278 2623 considerare
1307 2563 1579 2630 volumus,
1610 2579 1738 2633 pro-

156 2652 558 2717 sint,.nondum
587 2668 820 2725 agnoseo
837 2655 880 2709 ⁷.
906 2654 1047 2711 the.
1070 2654 1259 2717 Nonne
1274 2655 1445 2721 vides.
1463 2658 1598 2713 haec
1614 2659 1739 2725 duo,

158 2743 574 2802 aﬂrmationem
613 2748 856 2807 videlicet
881 2756 936 2804 et
978 2749 1343 2819 negationem,
1376 2751 1479 2813 sibi
1512 2752 1741 2817 invicem

156 2838 404 2907 opposita
416 2838 734 2895 essc'lDtsc.
751 2839 1061 2896 Satisviden
1075 2880 1092 2905 ,
1113 2849 1170 2901 et
1190 2840 1739 2911 niiPiuscontrarinm

154 2936 345 2997 posset
364 2930 388 2961 ⁸
416 2943 563 2995 esse,
592 2931 844 2988 arbitror.
884 2930 1022 2989 Mss.
1064 2932 1287 2991 intende
1330 2933 1497 3004 igitur
1516 2934 1741 3005 diligen-

159 3019 288 3073 tius.
320 3018 456 3074 Nam
487 3035 614 3075 cum
655 3020 721 3077 ad
758 3020 1031 3091 perfectae
1074 3022 1501 3083 ratiocinationis
1533 3027 1742 3081 contui—

155 3119 274 3166 tum
304 3112 639 3182 perveneris,
662 3112 794 3168 satis
814 3112 959 3168 clare
977 3113 998 3145 ⁹
1025 3113 1414 3182 considerabis,
1434 3115 1570 3173 llaec
1605 3116 1735 3184 duo,

153 3218 302 3274 quae
339 3202 596 3258 videntur
621 3204 766 3259 inter
805 3218 1008 3260 seesse
1048 3206 1344 3272 contraria,
1392 3206 1540 3265 nullo
1572 3207 1735 3269 modo

153 3294 378 3350 sibimet
401 3295 620 3364 opponi.
651 3295 777 3349 dum
801 3295 948 3350 circa
969 3294 1208 3353 divinam
1230 3303 1478 3356 naturam
1506 3310 1731 3359 versan-

153 3396 265 3452 tur,
288 3388 382 3449 sed
422 3402 524 3457 per
547 3388 729 3447 omnia
756 3387 809 3442 in
831 3387 1083 3445 omnibus
1106 3389 1209 3444 sibi
1243 3389 1472 3449 invicem
1502 3404 1733 3449 consen-

150 3478 309 3532 tiunt.
328 3478 394 3532 μ.
419 3478 481 3533 Et
503 3487 563 3533 ut
584 3480 687 3534 hoc
707 3478 946 3548 apertius
966 3478 1082 3544 llat,
1110 3479 1298 3548 paucis
1320 3487 1535 3541 utamur
1550 3494 1731 3541 exem-

147 3570 279 3639 plis.
331 3570 492 3629 Verbi
548 3571 741 3642 gratia,
794 3575 1103 3642 memmi
1162 3572 1310 3638 dicit,
1360 3572 1561 3633 veritas
1614 3582 1728 3639 est;

145 3664 445 3734 ἀποφατιή
490 3661 838 3726 contradicit,
864 3662 1064 3719 veritas
1092 3677 1198 3721 non
1240 3672 1341 3721 est.
1396 3662 1495 3727 ilic
1517 3664 1730 3721 videtur

145 3754 420 3824 quaedam
446 3753 619 3809 forma
670 3753 1268 3818 contradictionis;'sed
1301 3755 1425 3813 dum
1470 3755 1731 3821 intentius

143 3845 438 3915 inspicitur
467 3846 532 3910 “,
561 3844 708 3900 nulla
732 3845 1099 3903 controversia
1119 3845 1406 3915 reperitur.
1436 3844 1571 3909 Nam
1592 3864 1730 3918 quae

143 3937 308 4002 dicit,
332 3937 531 3999 veritas
553 3945 657 4003 est,
686 3951 793 3993 non
817 3936 1069 4004 allirmat,
1099 3938 1318 4007 proprie
1336 3936 1576 3995 divinam
1598 3940 1729 4005 sub-

143 4028 411 4082 stantiam
440 4028 725 4091 veritatem
749 4042 893 4093 esse,
918 4027 1013 4083 sed
1038 4027 1133 4083 tali
1166 4028 1387 4087 nomine
1413 4042 1510 4097 per
1558 4037 1729 4085 meta-

142 4122 378 4192 phoram
409 4136 439 4176 a
466 4130 720 4178 creatura
759 4123 827 4176 ad
858 4122 1172 4179 Creatorem
1208 4124 1388 4181 vocari
1416 4138 1604 4193 posse;
1635 4139 1727 4187 nuo

142 4214 276 4267 dam
327 4213 597 4282 siquidem
632 4215 886 4284 omnique
908 4214 1125 4285 propria
1171 4214 1559 4286 signiﬁcatione
1602 4217 1729 4273 reli-

144 4314 297 4359 ctam
334 4304 571 4359 divinam
620 4306 913 4360 essentiam
958 4306 1154 4362 talibus
1200 4305 1476 4365 vocabulis
1545 4308 1724 4369 vestit.

146 4394 225 4449 Ea
251 4409 403 4462 vero,
428 4409 574 4465 quae
595 4396 745 4458 dicit,
773 4396 976 4451 veritas
1000 4411 1109 4452 non
1140 4404 1245 4462 est,
1266 4397 1462 4453 merito
1491 4397 1726 4459 divinam

147 4493 395 4540 naturam
418 4485 1023 4554 incomprehensibilem
1046 4484 1481 4555 ineﬂabilemqne
1508 4487 1552 4529 ³³
1583 4486 1728 4544 clare

148 4592 477 4648 cognoscens
504 4578 572 4645 “,
594 4592 702 4633 non
718 4591 837 4633 eam
859 4586 1022 4649 negat
1036 4591 1179 4643 esse,
1199 4578 1293 4635 sed
1316 4578 1598 4641 veritatem
1626 4593 1728 4643 nec

145 4669 325 4723 vocari
380 4668 622 4739 proprie,
659 4683 759 4723 nec
801 4682 944 4735 psse.
972 4666 1233 4729 Omnibus
1259 4668 1403 4729 enim
1454 4669 1723 4756 signiﬁca-
1752 4692 1804 4754 ι)

144 4758 403 4825 tionibus,
442 4773 581 4829 quas
633 4756 678 4799 ιι
718 4762 1029 4831 καταφατιιά
1059 4758 1403 4821 Divinitatem
1445 4757 1618 4823 ίηιιυίι
1652 4759 1719 4829 ⁸⁸η

140 4848 428 4922 mare
456 4864 578 4904 eam
598 4848 837 4919 spoliare
860 4864 966 4905 non
988 4850 1177 4905 nescit.
1205 4848 1324 4906 Una
1342 4848 1486 4909 enim
1512 4849 1553 4888 “
1568 4850 1721 4917 dicit,

139 4938 406 5008 sapientia
450 4947 556 5003 est,
599 4939 751 4995 verbi
799 4938 995 5009 gratia,
1045 4954 1166 4995 eam
1222 4938 1489 5005 inducas;
1546 4939 1723 5020 altera

137 5028 288 5095 dicit,
316 5030 589 5100 sapientia
622 5045 734 5084 non
765 5039 870 5094 est,
896 5029 1119 5087 eandem
1145 5044 1372 5089 exuens.
1407 5028 1522 5087 Una
1552 5022 1724 5102 igillli‘t

137 5120 284 5185 dicit,
327 5121 437 5175 hoc
464 5120 648 5174 vocari
699 5126 896 5188 potest.
927 5120 1021 5175 sed
1057 5134 1162 5179 non
1190 5119 1346 5182 dicit,
1375 5119 1478 5177 hoc
1502 5106 1720 5193 proprii?

133 5223 246 5279 est;
271 5213 448 5269 altera
476 5213 621 5279 dicit,
653 5215 764 5269 boc
798 5227 901 5266 non
923 5222 1023 5279 est,
1049 5215 1297 5284 quamvis
1326 5225 1391 5267 ex
1412 5213 1515 5270 hoc
1535 5212 1691 5286 appel

132 5302 228 5344 lari
266 5310 447 5344 mimi
513 5303 629 5342 “ten
686 5300 833 5344 Hann
884 5301 934 5340 ni
965 5301 1117 5342 ΓαΙΙΛι·
1166 5301 1504 5344 ιιηιιιειίιιοίιγιη
1532 5306 1691 5342 πίδακι

1866 652 1919 708 in
1948 652 2094 715 nullo
2121 669 2152 713 ε
2178 653 2369 723 seipsis
2394 652 2699 722 dissentire,
2734 656 2865 714 dum
2889 660 3033 721 circa
3065 660 3231 718 Deum
3254 666 3431 721 censi.

1864 746 2142 812 derantur,
2174 746 2292 802 luce
2336 746 2535 804 clarius
2578 757 2883 819 patescunt.
2917 749 3023 810 Sed
3072 758 3345 825 quomodo
3364 759 3435 816 ad

1863 841 2163 910 praesentis
2184 844 2514 912 quaestionis
2539 842 2863 903 solutionem
2882 847 3169 918 attineant,
3191 852 3431 912 nondum

1863 944 2022 989 nosse
2041 948 2129 989 me
2154 930 2342 988 fateor.

1931 1062 2070 1120 ΜΑε.
2102 1065 2333 1121 Attende
2362 1067 2527 1140 igitur
2556 1069 2888 1141 vigilantius,
2911 1079 3074 1144 atque
3101 1074 3244 1146 ipsas
3262 1077 3431 1150 signi-

1861 1155 2161 1224 ﬁcationcs,
2191 1174 2328 1231 quae
2367 1160 2518 1230 prius
2565 1160 2806 1233 adjectae
2823 1173 2968 1230 sunt,
3008 1168 3432 1236 superessentia-

1859 1247 1964 1304 lem
1988 1250 2128 1313 dico,
2156 1251 2438 1325 plusquam
2451 1254 2756 1320 veritatem,
2779 1255 3061 1327 plusquam
3085 1259 3429 1327 sapientiam,

1857 1350 2175 1412 ceterasque
2225 1341 2468 1409 similes,
2517 1346 2585 1401 ad
2630 1361 2793 1416 quam
2849 1356 3058 1418 partem
3107 1346 3430 1419 Theologiae

1855 1432 2184 1500 pertineant,
2230 1440 2410 1486 utrum
2453 1430 2803 1489 alﬁrmativae
2846 1451 2914 1490 an
2942 1437 3227 1508 negativae
3264 1439 3427 1509 appli-

1855 1528 2059 1579 candae
2105 1535 2251 1591 sunt,
2293 1538 2554 1598 quantum
2603 1529 2696 1584 tibi
2748 1530 3001 1601 possibile
3048 1531 3112 1598 ¹⁸,
3166 1532 3425 1588 edissere.

1854 1613 1999 1671 Dtsc.
2034 1615 2147 1672 Hoc
2187 1633 2283 1689 per
2308 1620 2568 1689 meipsum
2614 1621 2925 1678 discernere
2947 1639 3053 1679 non
3074 1624 3206 1680 satis
3231 1625 3423 1681 audeo.

1851 1706 1984 1763 Nam
2016 1725 2138 1765 cum
2168 1712 2472 1781 praedictas
2498 1714 2915 1785 signiﬁcationes
2957 1717 3204 1789 negativa
3236 1732 3425 1776 carere

1849 1802 2114 1872 particula
2143 1805 2448 1871 considero,
2492 1823 2629 1883 quae
2666 1818 2916 1876 estnon,
2966 1812 3245 1880 negativae
3281 1812 3421 1883 parti

1849 1890 2173 1963 Tlieologiae
2224 1882 2515 1968 adjungere
2567 1913 2661 1954 eas
2707 1899 2751 1935 "
2797 1900 3138 1972 pertimesco.
3193 1902 3248 1957 Si
3286 1882 3420 1958 vero

1847 1982 2196 2041 aﬂirmativao
2257 1990 2397 2058 parti
2451 1991 2666 2046 easdem
2739 1992 3053 2063 adjunxero,
3093 1995 3420 2059 intellecturi

1846 2091 2032 2130 earum
2060 2077 2190 2131 mihi
2212 2093 2317 2132 non
2354 2082 2661 2137 consentire
2687 2098 2973 2155 cognosco.
3005 2085 3138 2142 Cum
3164 2088 3307 2143 enim
3330 2086 3414 2147 di-

1846 2174 2012 2239 citur,
2038 2175 2507 2243 superessentialis
2528 2186 2629 2247 est,
2654 2178 2730 2232 nil
2753 2178 2896 2235 aliud
2920 2180 3050 2235 mihi
3080 2180 3125 2212 ²⁰
3155 2181 3313 2237 datur
3336 2182 3417 2236 in-

1846 2262 2031 2333 telligi,
2073 2279 2233 2333 quam
2265 2267 2482 2338 negatio
2530 2268 2815 2325 essentiae.
2846 2269 2946 2337 Qui
2979 2270 3122 2326 enim
3149 2269 3301 2337 dicit,
3328 2287 3416 2328 su-

1844 2355 2245 2424 peressentialis
2301 2366 2403 2421 est,
2453 2367 2640 2429 aperte
2685 2368 2845 2430 negat
2892 2360 3229 2419 essentialem
3270 2377 3410 2418 esse.

1842 2448 1923 2502 Ac
1946 2464 2043 2519 per
2062 2448 2185 2516 hoc,
2215 2450 2459 2518 quamvis
2486 2451 2540 2506 in
2565 2453 3009 2522 pronunciatione
3034 2468 3226 2510 vocum
3250 2469 3413 2526 nega-

1843 2540 1921 2595 tio
1945 2555 2049 2595 non
2101 2550 2377 2610 appareat,
2426 2540 2636 2596 occulte
2681 2550 2857 2597 tamen
2896 2542 3064 2615 ipsius
3109 2542 3412 2600 intellech

1841 2629 1980 2686 bene
2009 2631 2416 2686 considerantes
2444 2645 2552 2686 non
2599 2631 2749 2688 latet.
2786 2632 3041 2698 Proinde,
3068 2640 3128 2689 ut
3154 2633 3410 2698 arbitror,

1843 2716 2003 2776 fateri
2045 2737 2231 2794 cogor,
2280 2724 2378 2778 bas
2431 2723 2735 2793 praedictas
2790 2723 3234 2795 signiﬁcationes,
3274 2740 3414 2795 quae

1842 2812 2129 2879 negatione
2180 2812 2428 2867 videntur
2456 2827 2673 2877 carere,
2704 2822 2964 2882 quantum
3000 2813 3159 2869 datur
3213 2814 3411 2870 intelli-

1841 2911 1988 2971 gere,
2019 2901 2137 2970 plus
2179 2903 2461 2972 negativae
2508 2900 2831 2972 Theologiac
2884 2903 3021 2973 parti
3061 2918 3220 2974 quam
3270 2900 3413 2958 afﬁr-

1840 2980 2073 3047 iuativae
2094 2992 2399 3057 convenire,
2425 2990 2565 3049 MAG.
2583 2991 2906 3048 Cantissime
2927 3002 2983 3048 et
3003 2993 3411 3065 vigilantissime

1840 3084 2181 3159 respondisse
2206 3094 2257 3139 te
2285 3084 2462 3151 video,
2490 3085 2823 3156 multumque
2848 3090 3105 3158 approbo,
3138 3089 3407 3159 quomodo

1840 3154 1895 3230 in
1944 3174 2390 3244 pronunciationc
2444 3154 2795 3231 aﬂirmativae
2848 3154 3017 3247 partis
3079 3154 3409 3234 intellectum

1834 3267 2122 3352 pegativae
2170 3266 2518 3322 subtilissime
2548 3269 2890 3339 perspexisti.
2941 3268 3062 3324 Fiat
3118 3269 3312 3341 igitur,
3361 3270 3409 3327 sl

1758 3327 1804 3393 ο
1832 3327 2031 3431 placet,
2073 3360 2375 3430 praesentis
2403 3358 2561 3428 hujus
2589 3361 2920 3430 quaestionis
2945 3362 3140 3417 solutio
3170 3362 3271 3417 hoc
3295 3377 3409 3417 mo-

1830 3453 1922 3519 do,
1956 3460 2010 3507 ut
2050 3452 2184 3506 haec
2234 3451 2413 3506 omnia
2469 3451 2539 3518 ἰ,
2582 3467 2721 3524 quae
2772 3452 3069 3523 adiectione
3113 3471 3267 3528 super
3321 3454 3408 3511 vel

1828 3545 2107 3619 plusquam
2154 3544 2539 3621 particularum
2570 3547 2637 3603 de
2668 3548 2778 3604 Deo
2806 3547 3218 3618 praedicantur,
3241 3554 3301 3603 ut
3323 3553 3407 3603 est

1829 3622 2317 3715 superessentialis,
2366 3641 2648 3712 plusquam
2701 3640 2923 3708 veritas,
2981 3639 3262 3711 plusquam
3318 3655 3407 3694 sa-
3456 3664 3464 3671 -

1826 3718 2052 3809 pientis,
2097 3740 2154 3787 et
2203 3731 2422 3799 similia,
2486 3732 2715 3787 duarum
2755 3731 3155 3813 praedictarum
3230 3728 3402 3786 Theo-

1829 3826 2002 3902 logiae
2057 3824 2292 3899 partium
2344 3825 2401 3881 in
2496 3838 2553 3880 se
2627 3823 2939 3899 plenissime
2994 3823 3104 3891 sint
3160 3836 3403 3897 compre-

1827 3918 2084 3985 hensiva;
2134 3918 2211 3972 ita
2255 3925 2315 3972 ut
2360 3916 2416 3981 in
2464 3915 2910 3987 pronunciatione
2966 3914 3196 3970 formam
3260 3910 3404 3967 alIir-

1828 4011 2063 4069 mativae
2090 4048 2107 4075 ,
2152 4009 2207 4063 in
2234 4008 2281 4040 ¹¹
2319 4007 2594 4062 intellectu
2650 4022 2778 4063 vero
2836 4008 3090 4061 virtutem
3147 4004 3400 4063 abdicati~

1826 4116 1925 4167 vae
1952 4099 1996 4131 "
2046 4099 2343 4155 obtineant.
2389 4097 2456 4154 Et
2484 4098 2587 4153 hoc
2613 4097 2762 4159 brevi
2790 4096 3170 4153 concludamus
3218 4110 3402 4159 exem-

1825 4191 1932 4262 plo.
1983 4189 2225 4247 Essentia
2263 4197 2377 4255 est,
2427 4185 2745 4257 afﬁrmatio;
2806 4187 3039 4243 essentia
3110 4201 3217 4242 non
3266 4195 3393 4255 est,

1828 4281 2128 4347 abdicatio;
2175 4278 2642 4353 superessentialis
2698 4288 2811 4347 est,
2881 4277 3160 4335 afﬁrmatio
3236 4277 3400 4335 simul

1827 4385 1879 4434 et
1953 4375 2218 4439 abdicatio
2271 4374 2337 4428 “.
2385 4374 2445 4429 In
2499 4373 2785 4446 superﬁcie
2849 4373 3049 4430 etenim
3113 4373 3398 4447 negatione

1827 4478 2007 4533 caret;
2039 4470 2091 4524 in
2119 4469 2167 4500 "
2193 4468 2471 4525 intellectu
2495 4468 2782 4539 negatione
2806 4466 2994 4540 pollet.
3027 4466 3162 4533 Nam
3191 4467 3280 4543 qui
3312 4467 3396 4523 di-

1827 4562 1922 4628 cit,
1968 4559 2440 4633 superesscntialis
2466 4567 2586 4637 est,
2623 4558 2906 4635 non,quid
2946 4565 3052 4627 est,
3097 4558 3250 4625 dicit,
3279 4560 3397 4629 sed,

1828 4651 1956 4721 quid
1983 4667 2091 4711 non
2137 4658 2257 4717 est;
2307 4649 2439 4707 dicit
2480 4648 2625 4706 enim
2675 4648 2967 4706 essentiam
2991 4663 3099 4704 non
3142 4662 3283 4714 esse,
3305 4647 3401 4703 sed

1826 4741 2110 4810 plusquam
2140 4739 2454 4796 essentiam.
2507 4738 2648 4807 Quid
2698 4747 2878 4792 autem
2928 4737 3059 4793 illud
3112 4746 3217 4805 est,
3253 4736 3397 4807 quod

1821 4835 2109 4906 plusquam
2155 4833 2390 4888 essentia
2455 4839 2559 4901 est,
2624 4846 2732 4888 non
2793 4830 3066 4900 exprimit,
3116 4843 3395 4894 asserens,

1830 4929 1998 4982 Deum
2024 4942 2132 4983 non
2170 4940 2292 4981 esse
2329 4924 2528 4999 aliquid
2556 4940 2744 4981 eorum
2774 4939 2911 4995 quae
2947 4931 3095 4997 sunt,
3133 4920 3229 4989 sed
3273 4921 3395 4991 plus

1822 5032 1984 5090 quam
2009 5033 2073 5074 ea
2099 5031 2241 5089 quae
2269 5023 2395 5071 sunt
2436 5028 2560 5070 esse
2587 5034 2600 5070 :
2648 5014 2780 5069 illud
2803 5021 2982 5067 autem
3007 5025 3127 5068 esse
3148 5008 3274 5080 quid
3309 5009 3400 5077 sit,

1820 5108 1962 5166 nullo
2014 5110 2176 5166 modo
2238 5107 2439 5163 deﬁnit.
2492 5105 2639 5165 DlSC.
2696 5105 2753 5158 In
2799 5105 2899 5157 hac
2945 5102 3261 5179 quaestione
3293 5111 3399 5153 non

1820 5201 2025 5258 diutius
2047 5198 2461 5264 demorandum,
2476 5207 2541 5252 ut
2560 5197 2813 5259 aestimo,
2838 5200 2892 5248 et
2910 5207 3080 5257 nunc,
3102 5190 3147 5244 si
3171 5187 3400 5248 videtur,

1812 5282 2219 5340 διαιρσηιιίιινιιηὶ
2244 5300 2433 5336 “nun-9
2468 5287 2861 5328 ηηηαῖιιριραηιιη
2885 5293 2970 5320 ac!
3029 5284 3147 5322 “ac
3198 5277 3399 5318 Arium-
