3988 5570
1209 204 1274 248 \J

529 359 647 425 463

1818 342 1826 352 ’
1907 358 2187 419 JOANNIS
2227 360 2421 418 soon

3666 357 3771 413 464

535 472 665 529 lium
704 484 881 526 rerum
912 450 1250 525 discretionis
1299 476 1569 540 repertor,
1615 470 1852 525 omnium
1905 486 2102 535 rerum,
2134 472 2184 531 A
2211 473 2534 542 signiﬁcare.
2554 471 2684 526 Nam
2704 471 2749 526 si
2770 470 3182 527 sublimissimae
3202 478 3517 525 naturarum
3536 469 3771 525 omnium

537 580 674 636 quae
706 574 825 635 post
854 565 1020 621 Deum
1039 572 1182 627 sunt,
1213 572 1270 619 et
1298 563 1366 618 ab
1394 578 1459 618 eo
1483 570 1717 630 creatae,
1747 566 1764 595 ¹
1797 565 2110 620 innumera-

536 657 673 714 biles
719 658 1010 713 varietates
1038 657 1090 711 in
1135 657 1320 711 decem
1370 655 1768 712 universalibus
1823 657 2109 727 generibus

540 749 823 813 conclusit,
865 763 1002 817 quae
1045 749 1229 803 decem
1256 747 1577 819 categorias,
1603 747 1657 802 id
1684 756 1788 815 est,
1831 748 2109 818 praedica-

539 848 720 896 menta
743 840 972 896 vocavit.
1004 838 1149 894 Nihil
1170 839 1335 905 enim,
1359 847 1420 894 ut
1447 839 1498 894 ei
1526 839 1704 895 visum
1748 841 1789 905 ²,
1829 841 1883 894 in
1921 841 2106 896 multi-

540 932 724 987 tudine
767 939 1073 988 creatarum
1101 945 1304 997 rerum,
1326 931 1611 1002 variisque'
1628 933 1926 989 animorum
1950 935 2110 989 moti-

541 1026 640 1079 bus
669 1025 895 1080 inveniri
926 1032 1125 1094 potest,
1150 1024 1367 1093 quodin
1396 1024 1575 1095 aliquo
1594 1027 1990 1095 praedictorum
2018 1043 2110 1098 ge-

544 1130 733 1171 nerum
756 1114 956 1170 includi
987 1130 1091 1171 non
1118 1116 1305 1186 possit.
1338 1115 1480 1171 Haec
1509 1124 1690 1172 autem
1714 1133 1743 1171 a
1764 1116 1987 1174 Graecis
2011 1133 2110 1172 vo-

543 1218 737 1262 cantur
763 1210 932 1272 οὐσία,
952 1208 1193 1273 ποσότης,
1210 1208 1417 1268 ποιότης
1439 1207 1484 1273 ³,
1509 1208 1635 1286 πρὸς
1656 1232 1725 1273 τι,
1754 1213 1961 1269 κεῖσθαι,
1986 1210 2107 1275 ἕξις,

543 1298 718 1363 τόπος,
769 1298 980 1372 χρόνος,
1030 1300 1291 1374 πράττειν,
1318 1299 1510 1354 παθεῖν.
1544 1298 1693 1366 Quae
1735 1298 1990 1353 latialiter
2027 1299 2110 1353 di-

544 1400 739 1446 cuntur
796 1392 1036 1457 essentia,
1070 1392 1354 1462 quantitas,
1398 1390 1647 1459 qualitas,
1675 1391 1745 1444 ad
1788 1390 2005 1462 aliquid,
2039 1393 2111 1445 si-

545 1491 649 1547 tus,
680 1481 907 1549 habitus,
937 1481 1102 1547 locus,
1131 1491 1353 1551 tempus,
1385 1499 1554 1552 agere,
1604 1483 1733 1551 pati.
1785 1481 1986 1537 Horum
2018 1497 2117 1536 au-

548 1580 654 1624 tem
697 1571 882 1626 decem
934 1585 1189 1642 generum
1245 1571 1665 1625 innumerabiles
1723 1571 2115 1626 subdivisiones

548 1670 694 1726 sunt,
743 1660 810 1716 de
856 1660 1051 1730 quibus
1090 1676 1233 1716 nunc
1274 1661 1544 1731 disputare
1569 1676 1823 1732 praesens
1846 1663 2112 1733 negotium

548 1766 652 1805 non
697 1750 950 1816 admittit,
988 1766 1056 1807 ne
1111 1751 1320 1822 longius
1356 1766 1387 1805 a
1439 1752 1713 1823 proposito
1778 1753 2112 1817 recedamus,

2208 574 2459 636 posteam
2477 566 2843 621 ordinatarum
2872 572 3085 619 creatae
3109 577 3329 627 causae,
3355 560 3596 632 solisque
3612 574 3775 631 purae

2208 658 2403 712 mentis
2421 657 2725 728 aspectibus
2751 656 3088 729 perspicuae,
3105 656 3172 709 ab
3188 670 3294 708 una
3326 653 3569 708 omnium
3598 650 3777 706 inela-

2206 749 2300 805 bili
2335 766 2493 806 causa
2523 750 2840 805 excellentia
2872 751 3136 805 essentiae
3178 750 3521 811 deseruntur,
3551 755 3615 801 ut
3635 745 3774 800 nullo

2209 844 2369 898 modo
2393 857 2577 896 earum
2605 841 2877 897 vocabulis
2912 857 2974 897 ea
2998 841 3213 912 pr0prie
3241 828 3413 912 possit
3440 838 3734 905 signiﬁcari
3757 855 3771 891 :

2208 935 2334 1005 quid
2379 933 2666 989 dicendum
2713 942 2795 989 est
2841 935 2909 989 de
2954 934 3039 988 his
3083 934 3269 989 decem
3300 932 3594 1001 generibus
3621 944 3775 1000 prae-

2209 1027 2383 1092 dictis,
2397 1040 2534 1096 quae
2552 1040 2658 1080 non
2681 1024 2852 1080 solum
2872 1025 2926 1079 in
2950 1025 3110 1080 rebus
3126 1023 3573 1093 intelligibilibus,
3594 1035 3776 1075 verum

2208 1121 2368 1175 etiam
2399 1120 2453 1173 in
2485 1119 2643 1173 rebus
2689 1118 3035 1173 sensibilibus
3063 1116 3486 1186 dignoscuntur?
3515 1114 3777 1183 Numquid

2210 1208 2464 1265 credibile
2503 1217 2608 1273 est,
2646 1217 2707 1263 ut
2750 1222 2876 1262 vere
2922 1223 2987 1262 ac
3014 1208 3231 1278 proprie
3280 1207 3346 1261 de
3397 1206 3579 1261 divina
3627 1213 3781 1274 atque

2212 1299 2462 1355 inellabili
2500 1308 2690 1355 natura
2739 1299 3150 1368 praedicentur?
3181 1299 3222 1332 ¹¹
3261 1299 3410 1355 Βιεε.
3446 1298 3527 1354 Ita
3555 1298 3782 1353 arbitror

2213 1391 2524 1447 incredibile
2549 1406 2689 1448 esse.
2739 1389 2854 1446 Non
2893 1401 2977 1446 est
3018 1392 3179 1462 igitur
3203 1393 3368 1455 οὐσία,
3400 1392 3530 1460 quia
3554 1391 3678 1460 plus
3699 1400 3783 1448 est

2214 1500 2373 1555 quam
2404 1486 2583 1550 οὐσίας
2633 1492 2688 1538 et
2729 1492 2907 1539 tamen
2951 1482 3143 1537 dicitur
3187 1473 3514 1552 obsimquia
3546 1483 3780 1538 omnium

2213 1578 2413 1639 οὺσιῶν,
2445 1574 2498 1628 id
2545 1583 2628 1628 est
2658 1575 2701 1606 ¹²
2728 1574 3105 1639 essentiarum,
3130 1574 3361 1627 creatrix
3407 1582 3508 1627 est.
3540 1572 3656 1626 Non
3703 1583 3783 1626 est

2215 1668 2484 1737 quantitas
2530 1666 2594 1731 ",
2644 1667 2766 1737 quia
2809 1667 2927 1736 plus
2953 1682 3112 1739 quam
3139 1666 3411 1735 quantitas
3445 1674 3551 1720 est.
3602 1663 3783 1721 Omnis

2216 1760 2358 1813 enim
2384 1760 2654 1829 quantitas
2679 1758 2850 1813 tribus
2880 1758 3067 1825 spatiis
3104 1757 3431 1820 extenditur,
3460 1755 3786 1825 longitudine

546 1844 861 1911 praesertim
901 1859 1022 1899 cum
1052 1843 1143 1899 illa
1172 1859 1298 1914 pars
1325 1844 1713 1916 pliilomphiae,
1754 1860 1892 1914 quae
1920 1845 2115 1901 dicitur
2143 1835 2189 1894 Β
2217 1849 2430 1918 quidem
2456 1890 2471 1914 ,
2515 1849 2796 1903 latitudine
2815 1888 2829 1911 ,
2869 1847 3164 1901 altitudine.
3203 1848 3353 1913 Quae
3381 1846 3583 1899 iterum
3616 1844 3662 1876 “
3686 1846 3782 1899 tria

549 1934 850 2000 dialectica,
891 1935 1035 1990 circa
1064 1937 1260 1990 horum
1287 1950 1544 2006 generqu
1575 1936 1867 1992 divisiones
1893 1952 1923 1990 a
1951 1952 2129 2013 geneg

552 2024 834 2082 ralissimis
860 2026 928 2081 ad
959 2026 1366 2096 specialissima,
1392 2028 1693 2097 iterumque
1734 2028 2073 2086 collectiones
2095 2031 2117 2061 ⁸

549 2131 578 2170 a
609 2116 1011 2187 spccialissimis
1039 2120 1106 2173 ad
1134 2117 1535 2188 generalissima
1564 2126 1812 2175 versetur
1834 2120 1874 2174 ⁸.

623 2210 711 2263 15.
774 2209 902 2273 Sed,
938 2218 999 2265 ut
1035 2212 1111 2265 ait
1149 2196 1367 2266 sanctus
1408 2219 1565 2281 pater
1592 2210 1924 2283 Augustinus
1953 2213 2007 2268 in
2053 2212 2120 2268 li-
2154 2265 2158 2269 .

552 2300 666 2355 bris
713 2300 779 2355 de
830 2300 1112 2366 Trinitate,
1171 2304 1293 2357 dimi
1351 2302 1417 2357 ad
1447 2303 1470 2335 '
1498 2303 1839 2375 theologiam,
1867 2306 1966 2362 hoc
2015 2315 2118 2375 est,

552 2393 620 2446 ad
663 2390 875 2447 divinae
931 2393 1198 2449 essentiae
1259 2393 1723 2466 investigationem
1779 2398 2119 2466 pervenitur,

555 2482 944 2553 calcgoriarum
995 2483 1166 2540 virtus
1208 2484 1428 2541 omnino
1472 2485 1821 2555 extinguitur.
1871 2485 2003 2541 Nam
2068 2488 2120 2542 in

554 2573 687 2644 ipsis
716 2574 923 2628 naturis
949 2590 979 2629 a
1011 2575 1121 2630 Deo
1148 2575 1403 2639 conditis,
1432 2577 1775 2646 motibusque
1803 2592 2009 2644 earum,
2034 2593 2124 2632 ca-

560 2666 798 2735 tegoriae
832 2665 1220 2738 qualiscunque
1249 2668 1320 2722 sit
1354 2668 1612 2738 potentia,
1647 2669 1938 2739 praevalet.
1973 2669 2027 2724 ln
2060 2685 2124 2725 ea

556 2769 683 2811 vero
707 2764 921 2824 natura,
953 2772 1092 2827 quae
1128 2772 1228 2814 nec
1257 2759 1382 2823 dici,
1412 2772 1511 2814 nec
1541 2758 1763 2832 intelligi
1790 2769 1989 2830 potest,
2028 2776 2126 2831 per

555 2850 735 2906 omnia
756 2851 809 2905 in
831 2853 1079 2907 omnibus
1109 2852 1306 2909 deﬁcit.
1331 2852 1603 2920 Attamen,
1637 2865 1696 2911 ut
1721 2855 2084 2925 praediximus
2108 2895 2125 2922 ,

558 2942 1006 3011 quemadmodum
1058 2942 1171 3001 fere
1198 2945 1404 3011 omnia,
1441 2940 1592 3015 quae'
1632 2946 1697 3002 de
1755 2956 1948 3002 natura
1999 2962 2128 3003 con-

555 3028 788 3085 ditarum
820 3048 999 3089 rerum
1046 3036 1264 3105 proprie
1299 3036 1694 3105 praedicantur,
1743 3036 1809 3091 de
1848 3037 2128 3093 conditore

556 3138 739 3179 rerum
763 3139 862 3196 per
903 3126 1305 3195 metaphoram,
1341 3126 1677 3196 signiﬁcandi
1708 3128 1902 3198 gratia,
1936 3128 2125 3183 dicun-

2221 1939 2390 2009 spatia
2415 1938 2628 1994 senario
2653 1934 3050 2008 protenduntur
3078 1949 3324 1991 numero.
3349 1933 3490 1988 Nam
3520 1933 3788 2003 longitudo

2220 2044 2435 2084 sursum
2479 2020 2858 2094 et'deorsum;
2910 2026 3134 2082 latitudo
3179 2026 3525 2079 dextrorsum
3569 2033 3627 2078 et
3665 2023 3791 2077 siui-

2221 2131 2512 2186 strorsum;
2542 2119 2766 2175 altitudo
2797 2127 2921 2173 ante
2945 2126 2999 2173 et
3025 2126 3169 2172 retro
3193 2115 3534 2186 protenditur
3561 2113 3629 2167 ".
3655 2114 3789 2168 Deus

2222 2222 2400 2269 autem
2432 2213 2578 2267 omni
2620 2211 2793 2281 spatio
2840 2218 3009 2265 caret.
3057 2208 3217 2264 Caret
3264 2208 3430 2278 igitur
3473 2206 3791 2275 quantitate.

2220 2302 2353 2358 Item
2382 2302 2654 2372 quantitas
2693 2299 2841 2374 [est]
2885 2300 2995 2354 “in
3026 2311 3251 2353 numero
3279 2297 3541 2368 partium,
3576 2304 3669 2349 aut
3697 2310 3788 2349 ua-

2224 2395 2467 2450 turaliter
2509 2392 2944 2461 conjunctarum,
2986 2399 3047 2445 ut
3073 2399 3154 2445 est
3177 2390 3318 2461 linea
3348 2396 3445 2442 aut
3471 2388 3515 2420 ⁸¹¹
3546 2396 3784 2456 tempus,

2224 2495 2317 2542 aut
2346 2485 2668 2540 naturaliter
2705 2482 3124 2551 disjunctarum,
3163 2487 3222 2533 ut
3259 2487 3387 2534 sunt
3426 2478 3660 2543 numeri,
3704 2490 3790 2532 seu

2226 2578 2571 2649 corporales,
2617 2591 2714 2632 seu
2749 2573 3129 2644 intelligibiles.
3167 2570 3359 2625 Divina
3407 2569 3455 2600 ³⁸
3502 2566 3792 2625 substantia

2226 2685 2326 2726 nec
2370 2669 2639 2726 continuis
2703 2666 2946 2737 partibus
2991 2661 3368 2732 componitur,
3423 2674 3528 2714 nec
3574 2657 3793 2712 dividuis

2228 2760 2593 2833 distinguitur.
2646 2757 2763 2813 Non
2807 2765 2890 2814 est
2937 2756 3101 2827 igitur
3159 2752 3453 2823 quantitas.
3518 2750 3795 2818 Quantitas

2209 2843 2410 2907 tamen
2462 2864 2568 2906 non
2615 2849 2907 2918 incongrue
2953 2842 3331 2899 denominatur
3367 2841 3581 2897 duobus
3611 2841 3793 2904 modis,

2231 2951 2324 2997 aut
2364 2942 2487 3012 quia
2535 2939 2805 3010 quantitas
2853 2950 3013 3006 saepe
3047 2948 3147 3003 pro
3172 2932 3548 3003 magnitudine
3590 2931 3797 2985 virtutis

2228 3033 2467 3104 ponitur,
2509 3038 2601 3086 aut
2627 3029 2752 3100 quia
2782 3026 2946 3081 totius
2985 3022 3304 3094 quantitatis
3350 3020 3678 3091 principium
3721 3026 3796 3073 δι

2231 3133 2287 3180 et
2311 3138 2491 3180 causa.
2536 3121 2615 3177 De
2638 3119 2895 3191 qualitate
2933 3130 3145 3187 quoque
3177 3128 3285 3168 non
3320 3112 3479 3167 aliter
3512 3110 3795 3181 intelligen-

561 3223 678 3270 tur:
733 3187 809 3272 ita
846 3217 1008 3272 etiam
1047 3187 1441 3289 categoriarum
1487 3187 1909 3290 signiﬁcationes
1934 3261 1949 3287 ,
1989 3236 2128 3291 quae
2155 3187 2200 3250 ο
2233 3216 2380 3270 dum.
2420 3211 2571 3267 Nulla
2600 3187 2744 3267 enim
2776 3210 2918 3264 Deus
2945 3205 3175 3276 qualitas
3198 3212 3307 3267 est,
3335 3202 3483 3256 nulla
3509 3201 3562 3255 ei
3588 3200 3796 3261 accidit.

559 3308 774 3378 proprie
820 3309 876 3362 in
926 3310 1087 3365 rebus
1126 3311 1354 3366 conditis
1401 3310 1806 3381 dignoscuntur,
1856 3313 1921 3367 de
1965 3328 2131 3369 causa

560 3399 800 3453 omnium
830 3413 935 3453 non
971 3400 1201 3456 absurde
1239 3410 1459 3472 possunt
1486 3401 1739 3472 proferri,
1770 3418 1875 3459 non
1906 3413 1964 3458 ut
2000 3419 2130 3475 pro-

561 3487 678 3558 prie
697 3486 1018 3558 signiﬁcent,
1044 3489 1170 3558 quid
1196 3490 1308 3560 ipsa
1333 3491 1419 3555 sit,
1449 3490 1541 3546 sed
1563 3500 1620 3545 ut
1648 3492 1977 3559 translative,
2002 3493 2131 3562 quid

559 3577 627 3633 de
666 3591 728 3633 ea
764 3577 916 3633 nobis
949 3578 1339 3648 quodammodo
1368 3594 1487 3634 eam
1519 3580 1908 3651 inquirentibus
1938 3583 2130 3652 proba-

559 3666 742 3725 biliter
765 3669 1106 3741 cogitandum
1152 3678 1253 3736 est,
1281 3670 1605 3726 suadeant’.
1650 3672 1790 3727 DlSC.
1817 3670 1972 3727 Clare
2001 3687 2129 3728 con-

562 3760 753 3831 spicio,
780 3760 920 3814 nulla
942 3762 963 3793 ⁸
990 3762 1201 3816 ratione
1220 3762 1516 3831 categorias
1544 3762 1610 3818 de
1634 3769 1826 3817 natura
1873 3761 2130 3819 ineﬂabili

560 3854 778 3924 proprie
807 3869 962 3924 posse
989 3855 1310 3925 praedicari.
1340 3853 1473 3909 Nam
1502 3854 1545 3909 si
1585 3854 1606 3886 ’
1628 3855 1807 3926 aliqua
1834 3855 2131 3927 categoria-

558 3961 681 4001 rum
710 3946 777 4002 de
805 3947 915 4002 Deo
939 3947 1156 4016 proprie
1180 3948 1604 4017 praedicaretur,
1633 3949 1940 4005 necessario
1963 3963 2133 4019 genus

557 4050 679 4092 esse
726 4036 864 4091 Deus
912 4046 1243 4107 sequeretur.
1296 4038 1437 4093 Deus
1476 4047 1655 4094 autem
1685 4054 1784 4095 nec
1812 4054 2001 4111 genus,
2031 4054 2132 4094 nec

559 4125 790 4197 species,
820 4141 919 4181 nec
944 4128 1192 4183 accidens
1215 4136 1317 4184 est.
1344 4128 1500 4185 Nulla
1528 4131 1689 4202 igitur
1711 4133 1981 4202 categoria
2006 4146 2130 4202 pro-

558 4219 674 4289 prie
719 4219 884 4274 Deum
915 4220 1220 4288 signiﬁcare
1245 4229 1441 4290 potest.
1478 4221 1617 4276 Mac.
1668 4223 1832 4277 Recte
1880 4223 2127 4279 intueris.

558 4307 673 4365 Non
699 4310 740 4341 ‘°
771 4310 825 4364 in
844 4325 1061 4376 vanum,
1087 4319 1147 4365 ut
1169 4312 1424 4377 arbitror,
1448 4312 1499 4366 in
1524 4313 1811 4382 praedictis
1834 4314 2133 4369 rationibus

562 4399 788 4452 duarum
833 4400 1065 4469 partium
1112 4401 1407 4471 theologiae
1436 4400 1631 4455 sudare
1678 4402 1965 4459 voluimus.
2012 4403 2132 4460 Non

557 4491 700 4545 enim
729 4498 835 4543 tam
864 4490 1021 4546 facile
1064 4507 1129 4547 ac
1158 4492 1271 4546 fere
1300 4492 1501 4561 absque
1527 4491 1635 4546 ullo
1683 4492 1866 4548 labore
1896 4495 1963 4550 ad
1991 4495 2132 4553 banc

560 4582 950 4652 categoriarum
997 4583 1412 4653 disputationem
1446 4586 1728 4654 pervenire
1752 4586 2126 4655 valuissemus,

558 4692 664 4732 non
711 4691 870 4746 posse
904 4677 1106 4733 scilicet
1150 4678 1367 4749 proprie
1403 4680 1469 4733 de
1515 4679 1625 4735 Deo
1670 4681 1989 4751 praedicari,
2022 4683 2127 4740 nisi

556 4769 706 4840 prius
728 4768 795 4823 de
817 4770 1253 4838 primordialibus
1273 4771 1450 4827 causis
1474 4773 1541 4827 ab
1566 4788 1671 4827 una
1698 4775 1934 4829 omnium
1964 4791 2128 4833 causa

558 4861 949 4929 praeconditis,
998 4863 1285 4917 essentiam
1321 4863 1460 4927 dico.
1499 4864 1812 4930 bonitatem,
1846 4866 2124 4934 virtutem,

555 4950 858 5017 veritatem,
885 4952 1198 5021 sapientiam
1230 4960 1542 5025 ceterasque
1578 4954 1907 5024 huiusmodi,
1936 4958 2003 5012 ad
2032 4973 2131 5027 pu-

557 5050 676 5096 rum
703 5042 1112 5109 conﬁceremus,
1144 5057 1247 5099 non
1297 5044 1457 5100 aliter
1480 5043 1582 5100 nisi
1616 5046 1931 5101 translative
1962 5046 2129 5101 Deum

2155 4538 2207 4598 D

2233 3306 2432 3364 nullius
2459 3313 2542 3360 est
2571 3298 2932 3374 "particeps.
2978 3297 3050 3352 At
3072 3298 3209 3351 vero'
3232 3294 3555 3364 saepissime
3578 3290 3797 3363 qualitas

2233 3410 2299 3463 de
2320 3421 2385 3462 eo
2405 3403 2766 3477 praedicatur,
2791 3406 2883 3453 aut
2904 3395 3029 3466 quia
3060 3388 3225 3450 totius
3253 3389 3537 3462 qualitatis
3564 3386 3798 3477 conditor

2232 3504 2318 3553 est
2341 3537 2357 3562 ,
2404 3476 2497 3550 aut
2539 3492 2680 3563 quod
2705 3488 2941 3561 qualitas
2971 3482 3410 3555 frequentissime
3447 3480 3505 3534 in
3542 3476 3795 3549 signiﬁca-

2233 3589 2379 3643 tione
2408 3585 2667 3639 virtutum
2696 3580 2931 3651 ponitur.
2963 3574 3096 3631 Nam
3125 3583 3180 3630 et
3203 3573 3250 3607 ”
3277 3571 3497 3629 bonitas
3521 3578 3579 3625 et
3597 3566 3796 3640 justiti:

2232 3686 2519 3745 ceteraque
2574 3668 2808 3727 virtutes
2847 3668 3133 3739 qualitates
3180 3680 3301 3723 esse
3352 3664 3632 3726 dicuntur,
3667 3659 3795 3714 Deus

2233 3778 2415 3826 autem
2441 3768 2615 3822 virtus
2636 3773 2739 3831 est,
2770 3771 2825 3818 et
2847 3762 3130 3832 plusquam
3152 3758 3347 3812 virtus.

2304 3859 2392 3916 16.
2427 3856 2721 3913 Relationis
2763 3860 2943 3908 autem
2992 3849 3129 3904 ratio
3163 3861 3273 3902 non
3300 3853 3413 3901 tam
3443 3853 3628 3913 aperte
3659 3848 3796 3910 pate-

2233 3952 2355 4017 scit,
2384 3945 2833 4020 quemadmodum
2864 3942 3088 3997 aliarum
3114 3936 3515 4009 categoriarum
3545 3930 3795 4020 deﬁnitiof

2233 4058 2331 4100 nes
2354 4018 2634 4112 apparent.
2657 4035 2881 4091 Videtur
2900 4033 3046 4088 enim
3073 4031 3178 4085 ista
3204 4027 3318 4083 sola
3340 4024 3620 4095 categoria
3646 4018 3795 4075 veluti

2232 4133 2448 4203 proprie
2488 4131 2542 4185 in
2578 4130 2689 4184 Deo
2715 4122 3035 4197 praedicari.
3082 4121 3260 4190 Atque
3297 4117 3419 4172 ideo
3444 4129 3572 4170 cum
3598 4123 3793 4203 summa

2232 4200 2509 4294 diligentia
2545 4217 2971 4289 investigandum
3013 4226 3135 4268 esse
3167 4210 3347 4273 video,
3384 4216 3569 4260 utrum
3595 4200 3795 4273 proprie

2234 4317 2288 4371 in
2337 4328 2547 4370 summa
2598 4325 2665 4365 ac
2713 4316 2897 4365 sancta
2944 4304 3207 4361 Trinitatc
3247 4301 3414 4356 trium
3448 4298 3796 4353 maximarum

2234 4406 2657 4464 substantiarum
2698 4402 2857 4455 Pater
2901 4396 3119 4453 relative
3163 4394 3231 4449 ad
3276 4391 3477 4446 Filium
3513 4389 3725 4449 dicitur,
3750 4385 3793 4416 ¹¹

2235 4500 2482 4555 similiter
2506 4494 2675 4550 Filius
2707 4492 2774 4546 ad
2816 4490 3056 4552 Patrem,
3086 4484 3321 4555 Spiritus
3344 4494 3563 4552 quoque
3590 4485 3795 4534 unctus

2238 4592 2306 4646 ad
2328 4590 2542 4643 Patrem
2583 4593 2642 4641 et
2680 4582 2873 4638 Filium
2895 4620 2911 4645 ,
2951 4578 3074 4648 quia
3102 4575 3334 4646 Spiritus
3368 4573 3649 4627 amborum
3676 4575 3794 4628 est;

2236 4683 2371 4737 haec
2393 4678 2535 4733 enim
2556 4674 2777 4730 nomina
2805 4668 3178 4726 habitudiuum
3196 4665 3242 4699 “
3267 4678 3388 4720 esse
3412 4670 3631 4719 sanctus
3650 4670 3799 4730 pater

2235 4769 2527 4840 Gregorius
2553 4763 2854 4834 Theologus
2874 4759 3237 4814 indubitanter
3261 4754 3494 4809 asserit:
3527 4767 3597 4806 an

2236 4839 2685 4931 quemadmodum
2727 4861 2940 4908 ceterae
2979 4848 3281 4918 categorias
3306 4884 3324 4911 ,
3377 4844 3455 4900 ita
3487 4851 3543 4897 et
3584 4839 3630 4871 ⁸⁸
3671 4839 3791 4931 ista.

2236 4930 2376 5020 quae
2399 4948 2595 5003 dicitur
2623 4943 2899 5000 relationis
2925 4941 3041 4996 sive
3067 4936 3412 5002 babitudinis,
3443 4930 3796 5020 metaphor-ioc

2239 5018 2304 5095 de
2350 5038 2461 5094 Deo
2504 5032 2841 5104 praedicari,
2868 5030 2917 5062 “
2955 5026 3283 5086 credendum
3320 5033 3377 5082 et
3403 5018 3793 5091 intelligendum

1778 5300 1788 5307 ,
1838 5239 2093 5295 VARIAE
2129 5236 2533 5329 LECTIONES.

633 5375 649 5406 ί
673 5374 805 5430 CDE
846 5387 1040 5433 creata.
1116 5376 1140 5408 ³
1163 5376 1210 5431 Α
1230 5375 1406 5431 visum
1448 5384 1549 5444 est.
1621 5375 1642 5406 ³
1662 5374 1707 5428 Δ
1727 5395 1957 5440 notatur,
1983 5391 2233 5444 «odorus;
2274 5374 2407 5431 CDE
2439 5392 2946 5434 uoaomatn'n'm'

511 5495 520 5503 .
564 5445 585 5477 '
618 5446 659 5501 (ἶ
694 5458 910 5501 veretur.
1006 5449 1028 5480 ⁸
1056 5446 1127 5501 ad
1164 5460 1273 5501 om.
1307 5444 1373 5498 Α.
1475 5445 1496 5475 ’¹
1530 5443 1621 5498 Sic
1650 5443 1818 5509 ADE;
1856 5444 1896 5497 Ο
1931 5446 2172 5499 suadent.

2267 5445 2289 5479 ι
2314 5445 2402 5517 Sic
2430 5445 2588 5497 ACR-
2635 5444 2667 5452 “

564 5526 753 5570 autem.
829 5517 932 5570 “A
958 5517 1400 5570 praedicerentur.
1480 5514 1522 5543 ¹²
1545 5512 1593 5567 Α
1629 5512 1786 5565 idem.
1865 5511 1907 5542 ³³
1939 5516 2198 5570 quantitas
2222 5530 2273 5558 m
