4028 6280
234 317 385 373 ινδ

1147 318 1232 373 DE
1271 318 1604 375 DIVISIONE
1643 320 1992 375 NATURAE.
2029 350 2099 362 ——
2132 321 2327 378 LIBER
2368 324 2643 380 PRlMUS.

3416 327 3520 382 466

239 436 363 489 sit.
412 434 552 488 MAG.
594 433 1027 501 Rationabiliter,
1062 441 1123 488 ut
1157 436 1406 502 aestimo,
1434 437 1501 491 ad
1531 438 1853 507 investigan-
1880 442 1931 501 Α
1955 445 2040 493 est
2064 447 2243 493 autem
2272 438 2473 510 localis.
2506 440 2664 496 Nullo
2692 440 2854 511 igitur
2879 441 2982 496 situ
3012 442 3333 497 continetur.

240 525 401 579 dum
430 524 675 581 veritatis
710 527 1020 596 mysterium
1051 528 1318 597 procedis.
1350 526 1503 581 Nulla
1533 529 1674 584 enim
1701 539 1853 585 cate-

241 619 549 686 goriarum
581 626 797 687 praeter
831 618 989 673 istam
1033 619 1200 675 solam
1232 621 1299 676 de
1328 620 1436 676 Deo
1464 625 1678 692 proprie
1700 639 1853 694 prae-

244 711 445 765 dicari
483 711 713 766 videtur.
759 711 864 767 Sed
894 722 1074 768 utrum
1110 714 1186 769 ita
1235 715 1305 770 sit
1349 730 1450 769 nec
1492 732 1581 781 ne,
1613 718 1855 787 piissime

244 804 698 874 cautissimeque
726 805 1127 875 inquirendum.
1162 806 1296 862 Nam
1335 810 1378 863 si
1408 812 1623 880 proprie
1652 811 1719 865 de
1746 811 1853 865 Deo

246 893 498 959 dicitur,
549 896 726 951 omnis
769 896 937 953 ferme
974 900 1247 968 praedicta
1286 910 1467 957 nostra
1517 903 1853 959 ratiocinatio

245 987 646 1041 evacuabitur.
677 987 1066 1045 Universaliter
1087 991 1228 1045 enim
1257 992 1506 1052 diximus,
1540 994 1612 1046 nil
1639 995 1854 1065 proprie

246 1077 334 1133 de
363 1080 479 1134 Deo
502 1087 596 1133 aut
624 1079 729 1134 dici
759 1089 852 1135 aut
880 1081 1104 1152 intelligi
1134 1097 1310 1151 posse.
1355 1083 1676 1138 Praesertim
1708 1094 1849 1140 cate-

246 1172 422 1241 goria
467 1172 740 1228 relationis
768 1189 874 1229 non
918 1175 1058 1229 inter
1086 1176 1268 1230 decem
1316 1191 1512 1247 genera
1556 1179 1853 1249 categoria-

250 1280 391 1317 rum
426 1265 784 1333 reputabitur,
812 1266 856 1319 si
885 1268 1098 1335 proprie
1124 1268 1189 1322 de
1218 1268 1327 1322 Deo
1356 1271 1764 1337 pronunciatur.
1794 1269 1849 1325 Si

252 1367 456 1412 autem
485 1358 587 1413 hoc
612 1359 914 1413 confectum
958 1360 1141 1426 fuerit,
1175 1364 1567 1433 categoriarum
1595 1379 1852 1420 numerus

253 1466 375 1504 non
434 1452 690 1516 denario,
733 1453 827 1507 sed
888 1455 1180 1509 novenario
1232 1456 1599 1511 concludetur.
1667 1457 1853 1513 Restat

253 1540 459 1609 igitur,
490 1550 550 1596 ut
576 1542 970 1611 intelligamus,
1015 1544 1153 1598 hanc
1180 1545 1342 1599 etiam
1373 1546 1852 1611 categoriam,sic-

256 1641 327 1684 ut
350 1640 411 1685 et
443 1633 460 1663 ⁸
506 1642 733 1694 ceteras,
756 1633 1077 1690 translative
1126 1636 1193 1691 de
1224 1636 1331 1690 Deo
1359 1638 1678 1706 praedicari.
1711 1639 1848 1694 Vera

256 1724 543 1794 siquidem
574 1727 918 1783 ratiocinatio
958 1731 1023 1782 ad
1069 1731 1170 1785 hoc
1209 1729 1401 1784 invitat
1431 1739 1592 1800 atque
1619 1740 1847 1797 coartat,

2027 528 2117 584 17.
2148 529 2285 585 MAG.
2313 529 2488 595 Clare,
2520 532 2648 601 quid
2688 531 2842 595 velis,
2888 533 3173 603 perspicio.
3204 534 3279 588 Ac
3305 549 3401 603 per
3425 534 3529 591 hoc

1955 620 2024 675 ad
2054 620 2381 676 babitudinis
2406 623 2732 693 categoriam
2776 625 3156 679 transeundum
3202 640 3322 680 esse
3348 624 3522 680 video.

1955 711 2103 779 Quae
2148 715 2388 769 omnium
2453 715 2847 785 categoriarum
2896 724 3118 786 propter
3168 716 3387 770 nimiam
3441 714 3527 772 sui

1954 806 2357 877 amplitudinem
2394 808 2774 864 obscurissima
2826 824 2944 864 esse
2974 809 3201 865 videtur.
3239 809 3353 865 Non
3380 808 3527 865 enim

1955 906 2036 951 est
2067 897 2171 951 ulla
2198 898 2469 968 categoria
2498 898 2633 965 fere,
2665 899 2718 952 iu
2762 914 2866 968 qua
2894 898 3107 954 habitus
3135 900 3349 968 quidam
3380 900 3532 955 inve-

1955 988 2058 1041 niri
2108 1002 2214 1041 non
2256 988 2457 1057 possit;
2507 1004 2629 1044 nam
2667 998 2723 1044 et
2750 990 3018 1045 essentiae
3059 1004 3154 1044 seu
3198 988 3530 1045 substantiae

1956 1081 2138 1136 habitu
2183 1082 2414 1151 quodam
2444 1083 2510 1137 ad
2542 1098 2600 1138 se
2649 1084 2881 1139 invicem
2930 1084 3244 1153 respiciunt.
3293 1083 3527 1138 Dicimus

1954 1176 2116 1238 enim,
2140 1176 2475 1231 rationabilis
2500 1177 2735 1233 essentia
2758 1177 3248 1247 irrationabilisque
3276 1192 3379 1247 qua
3408 1192 3529 1246 pro-

1953 1268 2219 1339 portione,
2245 1268 2295 1322 id
2322 1276 2409 1323 est
2440 1268 2484 1300 ¹³
2517 1284 2624 1338 quo
2657 1269 2860 1331 habitu,
2893 1271 2959 1324 ad
2986 1285 3043 1325 se
3093 1270 3317 1325 invicem
3362 1269 3533 1338 respio

1954 1361 2120 1414 ciunt.
2166 1358 2281 1413 Non
2338 1361 2481 1415 enim
2534 1361 2918 1415 irrationabilis
2971 1362 3259 1425 diceretur,
3310 1359 3413 1416 nisi
3462 1359 3534 1416 ab

1956 1450 2140 1504 habitu
2167 1450 2442 1505 absentiae
2473 1450 2729 1516 rationis;
2759 1450 3029 1520 quomodo
3057 1466 3162 1505 non
3193 1449 3408 1504 aliunde
3436 1464 3531 1506 ra-

1956 1539 2224 1594 tionabilis
2257 1548 2498 1604 vocatur,
2531 1540 2633 1595 nisi
2679 1540 2864 1595 habitu
2902 1541 3243 1610 praesentiae
3278 1539 3528 1597 rationis.

1954 1629 2141 1687 Omnis
2191 1632 2335 1688 enim
2368 1633 2412 1664 “
2444 1634 2720 1704 proportio
2760 1635 2977 1689 habitus
3010 1643 3113 1698 est,
3146 1636 3393 1706 quamvis
3423 1651 3534 1692 non

1953 1724 2128 1779 omnis
2154 1723 2366 1779 habitus
2394 1725 2689 1794 proportio.
2741 1724 2960 1794 Proprie
2988 1741 3219 1796 namque
3248 1726 3528 1796 proportio

258 1830 338 1870 ne
363 1831 453 1879 ea,
483 1830 622 1885 quae
645 1817 918 1887 praedicta
944 1829 1092 1898 sunt,
1120 1820 1380 1889 incipiant
1407 1822 1682 1877 vacillare.
1713 1822 1849 1888 Quid
1881 1832 1926 1891 Β
1955 1831 2060 1869 ιιοη
2089 1816 2269 1869 minus
2293 1830 2453 1883 quam
2485 1816 2537 1869 ίη
2571 1815 2780 1872 ἀυοῧυε
2810 1824 2985 1886 PM?“
3011 1817 3266 1882 inveniri;
3310 1818 3530 1874 habitus

256 1907 460 1961 enim?
496 1905 761 1977 Numquid
798 1910 939 1964 veris
973 1910 1470 1968 ratiocinationibus
1506 1913 1755 1978 obsistit,
1802 1914 1847 1968 si

259 1999 540 2067 dicamus,
563 2000 777 2055 Patrem
817 2011 872 2057 et
898 2003 1091 2058 Filium
1122 2004 1288 2073 ipsius
1324 2005 1676 2072 babitudinis,
1712 2022 1849 2076 quae

260 2093 475 2148 dicitur
501 2094 569 2149 ad
596 2094 797 2163 aliquid
823 2135 838 2160 ,
883 2097 1097 2151 nomina
1128 2111 1276 2162 esse,
1307 2105 1362 2151 et
1389 2097 1667 2168 plusquam
1698 2099 1851 2153 babi—

260 2186 512 2241 tudinis?
532 2186 647 2242 Non
678 2189 820 2243 enim
848 2190 1175 2245 credendum
1202 2198 1308 2253 est,
1333 2192 1556 2245 eandem
1578 2192 1850 2248 habitudi-

262 2295 400 2335 nem
445 2283 498 2335 in
538 2281 922 2338 excelsissimis
941 2286 962 2314 ³
984 2283 1196 2338 divinae
1224 2286 1489 2340 essentiae
1514 2286 1848 2352 substantiis,

263 2372 401 2426 etin
422 2373 676 2443 bis,quae
690 2384 810 2444 post
828 2389 947 2429 eam
975 2376 1043 2429 ab
1067 2391 1127 2430 ea
1149 2378 1363 2431 condita
1384 2379 1575 2447 suntj".
1594 2377 1665 2434 Ut
1682 2379 1849 2444 enim,

269 2463 329 2517 ni
362 2461 542 2529 fallor,
570 2466 1018 2533 quemadmodum
1046 2476 1263 2536 superat
1286 2483 1500 2523 omnem
1538 2471 1845 2530 essentiam,

270 2554 628 2624 sapientiam,
658 2557 933 2623 virtutem,
966 2558 1041 2612 ita
1072 2559 1233 2613 etiam
1263 2568 1318 2615 et
1346 2575 1559 2615 omnem
1588 2561 1855 2616 habitudi-

271 2659 404 2699 nem
420 2644 443 2675 ‘
453 2644 795 2701 ineil‘abililer
805 2649 1225 2717 supergreditur.
1242 2648 1372 2721 Quis
1385 2649 1526 2704 enim
1541 2650 1849 2715 crediderit,

276 2735 443 2791 talem
487 2737 854 2794 habitudinem
900 2740 1041 2793 inter
1061 2739 1276 2795 Patrem
1296 2749 1352 2795 et
1381 2740 1616 2796 Verbum
1641 2758 1796 2797 suum
1830 2742 1852 2775 ⁸

273 2842 420 2894 esse,
440 2828 653 2898 qualem
678 2830 821 2885 inter
840 2829 1110 2885 Abraham
1134 2840 1187 2886 et
1210 2830 1358 2887 Isaac
1384 2842 1559 2902 potest
1581 2833 1854 2903 cogitare?

276 2918 380 2973 Hic
427 2918 450 2950 ⁸
478 2919 619 2974 enim
664 2919 880 2974 habitus
931 2921 1165 2977 carnalis
1214 2937 1280 2976 ex
1330 2921 1591 2977 divisione
1631 2931 1854 2977 naturae

275 3020 400 3081 post
446 3012 467 3044 "
496 3020 772 3081 peccatum
804 3013 964 3083 primi
993 3015 1225 3069 hominis
1263 3015 1316 3069 in
1361 3016 1382 3047 ⁸
1414 3015 1854 3085 multiplicatione

275 3118 377 3173 per
422 3105 822 3173 generationem
870 3106 1198 3174 inquiritur:
1231 3106 1342 3160 illic
1384 3105 1665 3161 ineﬁ‘abilis
1706 3107 1854 3177 inge-

1951 1922 2080 1959 vcro
2109 1907 2270 1961 etiam
2298 1908 2340 1938 “’
2369 1907 2421 1961 in
2465 1907 2690 1978 singulis
2729 1910 2891 1963 rebus
2915 1910 3237 1978 perspicitur
3266 1908 3330 1963 “.
3374 1909 3533 1965 Verbi

1950 1996 2125 2064 gratia
2155 2036 2170 2061 ,
2217 1997 2430 2052 habitus
2476 1997 2810 2052 rationabilis
2834 2000 3049 2054 animae
3085 2000 3259 2055 virtus
3290 2009 3392 2055 est.
3441 1999 3540 2056 Est

1952 2085 2114 2159 igitur
2134 2090 2410 2157 proportio
2436 2088 2645 2158 species
2672 2090 2936 2158 quaedam
2968 2091 3317 2146 babitudinis.
3350 2090 3407 2146 Si
3434 2106 3535 2148 au-

1956 2189 2059 2235 tem
2090 2183 2335 2251 exemplo
2376 2185 2458 2240 vis
2507 2184 2815 2248 declarari,
2862 2184 3130 2255 quomodo
3168 2184 3382 2241 habitus
3410 2199 3538 2255 pro-

1951 2273 2266 2341 portionalis
2311 2274 2367 2329 in
2410 2277 2643 2330 essentia
2686 2276 2976 2341 invenitur,
3030 2291 3097 2331 ex
3128 2278 3368 2331 numeris
3396 2276 3538 2350 elige

1952 2363 2243 2433 exemplar.
2286 2362 2504 2420 Numeri
2531 2367 2698 2432 enim,
2730 2376 2793 2421 ut
2820 2368 3068 2435 aestimo,
3095 2368 3455 2423 essentialiter
3478 2367 3536 2425 in

1953 2451 2206 2507 omnibus
2230 2453 2631 2523 intelliguntur;
2683 2456 2737 2510 in
2766 2458 3007 2511 numeris
3034 2472 3267 2527 namque
3294 2458 3545 2515 omnium.

1954 2557 2137 2597 rerum
2178 2543 2423 2598 subsistit
2466 2547 2721 2600 essentia.
2770 2546 2935 2602 Vides
2976 2547 3159 2618 igitur,
3192 2548 3369 2617 qualis
3406 2562 3533 2618 pro-

1956 2637 2131 2704 portio
2158 2636 2326 2691 estin
2353 2637 2563 2693 duobus
2607 2648 2662 2693 et
2710 2640 2899 2695 tribus.
2953 2642 3098 2696 DISC.
3146 2641 3314 2697 Video
3352 2642 3532 2712 plane,

1954 2727 2338 2796 sesqualteram
2368 2730 2408 2761 "’
2440 2744 2564 2786 esse
2597 2732 2849 2798 arbitror,
2896 2742 2950 2788 et
2998 2735 3100 2788 hoc
3149 2750 3256 2788 uno
3289 2734 3536 2804 exemplo

1956 2818 2182 2874 aliorum
2204 2820 2443 2875 omnium
2470 2823 2902 2879 substantialium
2926 2813 3301 2892 numerorum,
3316 2827 3534 2883 interse

1958 2910 2185 2967 invicem
2233 2911 2550 2968 collaturum
2592 2913 2657 2980 ³⁸,
2687 2915 2871 2969 varias
2916 2917 3274 2986 proportionis
3325 2919 3533 2988 species

1956 3014 2171 3068 possum
2201 3016 2549 3072 cognoscere.
2581 3002 2722 3059 MAG.
2750 3004 2973 3060 Intende
3025 3006 3207 3077 itaque
3237 3008 3279 3041 ‘9
3310 3009 3375 3062 ad
3404 3009 3533 3063 reli-

1956 3109 2082 3163 qua,
2109 3100 2163 3147 et
2190 3108 2473 3165 cognosce,
2499 3095 2672 3151 nullas
2692 3097 3010 3168 quantitatis
3035 3099 3242 3168 species
3267 3114 3405 3165 esse,
3437 3117 3532 3156 seu

274 3198 425 3253 uitae
438 3198 757 3269 genitaeque
778 3199 1109 3255 substantiae
1131 3201 1348 3255 sibimet
1371 3202 1559 3270 copula
1588 3200 1849 3269 creditur,
1881 3192 1926 3254 C
1958 3185 2252 3255 qualitatis,
2283 3201 2376 3241 se“
2422 3187 2608 3260 ίΡείυεν
2641 3203 2780 3259 quae
2809 3189 3005 3244 diem"
3033 3190 3100 3243 ad
3150 3190 3349 3260 aliquid
3376 3212 3406 3257 ι’
3438 3208 3532 3246 se“

271 3301 541 3364 proutque
577 3294 757 3361 datur,
809 3294 975 3349 divini
1021 3295 1239 3352 luminis
1283 3298 1435 3352 radio
1470 3298 1846 3368 cognoscitur;

272 3385 365 3440 hic
412 3387 554 3456 quod
593 3387 894 3457 quaeritur,
940 3404 1047 3443 non
1095 3403 1161 3443 ex
1211 3397 1403 3444 natura
1447 3392 1744 3459 processit,
1793 3400 1853 3446 ut

274 3476 511 3533 diximus
530 3519 546 3544 ,
582 3480 677 3534 sed
709 3494 777 3534 ex
801 3479 933 3534 vitio
967 3498 981 3534 :
1012 3480 1121 3535 illic
1148 3481 1291 3550 quod
1317 3483 1601 3552 cogitatur,
1630 3497 1695 3536 ex
1721 3481 1850 3537 inef-

276 3566 425 3623 fabili
469 3569 682 3624 divinae
736 3570 994 3626 bonitatis
1056 3570 1386 3627 fecunditate
1424 3574 1717 3643 procedere
1761 3588 1852 3630 co-

274 3659 568 3727 gnoscitur.
628 3659 734 3714 Sed
776 3661 843 3716 ad
890 3669 1101 3717 ceteras
1146 3664 1443 3735 categorias
1491 3673 1847 3720 transeamus.

277 3748 426 3804 Disc.
464 3747 572 3805 Sex
599 3758 821 3815 restant,
853 3753 907 3807 ni
947 3753 1121 3820 fallor,
1146 3769 1373 3823 quarum
1416 3756 1589 3825 prima
1638 3760 1846 3821 κεῖσθαι,

277 3840 329 3895 id
353 3851 439 3896 est
458 3840 646 3910 jacere
666 3884 681 3908 ,
711 3859 870 3913 quam
919 3844 1008 3900 alii
1048 3846 1211 3902 situm
1241 3847 1527 3918 appellant.
1571 3846 1721 3902 Situs
1757 3863 1851 3901 au-

274 3938 383 3986 tem
435 3932 752 4005 intelligitur
799 3936 852 3990 in
903 3937 1169 4011 positione
1219 3939 1498 4008 cujusdam
1545 3948 1844 4005 creaturae,

274 4023 389 4079 sive
417 4025 643 4082 visibilis
670 4028 782 4083 sive
813 4028 1118 4085 invisibilis.
1162 4017 1322 4087 Verbi
1351 4032 1544 4102 gratia,
1575 4032 1640 4087 de
1671 4033 1851 4102 aliquo

274 4129 498 4186 corpore
517 4117 733 4185 dicitur,
756 4126 848 4174 aut
864 4120 1013 4191 jacet
1032 4131 1123 4176 aut
1145 4130 1271 4177 stat.
1304 4122 1564 4178 Similiter
1583 4124 1647 4178 de
1671 4124 1850 4178 animo

276 4208 493 4274 dicitur,
537 4210 580 4264 si
610 4211 821 4279 quietus
846 4253 860 4277 ,
904 4210 1081 4280 jacet;
1133 4213 1179 4268 si
1205 4214 1465 4285 pervigil,
1506 4221 1632 4269 stat.
1666 4213 1851 4271 Status

273 4312 508 4368 namque
534 4297 557 4331 '
602 4299 729 4356 huic
772 4302 1079 4372 categoriae
1120 4302 1165 4336 ⁸ο
1204 4303 1461 4372 applicari
1501 4303 1675 4370 solet;
1726 4319 1849 4359 nam

274 4396 451 4445 motus
480 4390 549 4445 ad
583 4398 794 4462 tempus
818 4392 1071 4448 refertur.
1121 4392 1226 4449 Sed
1258 4394 1384 4464 quia
1419 4394 1560 4451 Deus
1588 4409 1688 4452 nec
1720 4403 1847 4462 stat,

274 4494 376 4535 nec
394 4478 562 4549 jacet,
605 4482 877 4550 praedicta
909 4484 1179 4554 categoria
1226 4483 1369 4539 nulla
1399 4485 1609 4540 ratione
1635 4487 1851 4557 proprie

1954 3277 2109 3341 situs,
2133 3276 2326 3343 locive,
2352 3278 2694 3347 temporisve,
2720 3278 2931 3348 agendi,
2953 3279 3038 3333 vel
3060 3281 3315 3350 patiendi,
3334 3282 3386 3335 in
3409 3283 3530 3351 qui-

1953 3369 2054 3423 bus
2112 3371 2378 3439 quaedam
2433 3370 2664 3442 species‘
2693 3370 3022 3427 habitudinis
3063 3387 3171 3427 non
3212 3374 3529 3443 reperiatur.

1952 3462 2099 3519 DISC.
2153 3462 2324 3533 Saepe
2366 3462 2493 3519 talia
2533 3463 2804 3533 quaesivi,
2838 3473 2898 3523 et
2927 3464 3001 3519 ita
3038 3465 3233 3534 reperi.
3279 3464 3439 3530 Nam,
3475 3473 3533 3518 ut

1949 3555 2138 3624 paucis
2164 3556 2208 3586 ¹⁰
2231 3557 2492 3626 exemplis
2520 3565 2667 3620 utar,
2695 3558 2749 3612 in
2798 3556 3186 3626 quantitatibus
3239 3572 3434 3627 magna
3479 3567 3534 3614 ct

1948 3660 2116 3715 parva
2143 3655 2197 3701 et
2224 3647 2396 3701 media
2427 3647 2567 3701 inter
2592 3661 2650 3701 se
2680 3656 2988 3715 comparata
3008 3686 3024 3713 ,
3061 3646 3228 3702 multa
3260 3648 3302 3678 “
3330 3647 3533 3718 pollent

1952 3735 2283 3793 habitudine.
2316 3737 2446 3792 Item
2474 3738 2528 3792 in
2556 3737 2947 3806 quantitatibus
2969 3752 3339 3805 numerorum,
3364 3738 3532 3794 liuea-

1952 3841 2068 3879 rum
2093 3866 2108 3891 ,
2158 3836 2483 3897 temporum,
2509 3828 2842 3897 aliorumque
2885 3828 3140 3883 similium
3189 3828 3531 3885 habitudines

1950 3919 2362 3988 proportionum
2393 3921 2438 3950 ²²
2464 3920 2748 3990 perspicue
2778 3919 3033 3987 reperies.
3536 3936 3537 3939 ‘

2031 4010 2119 4064 18.
2155 4009 2415 4065 Similiter
2446 4012 2497 4065 in
2524 4012 2803 4081 qualitate.
2836 4010 2993 4066 Verbi
3025 4013 3218 4083 gratia,
3251 4013 3305 4067 in
3331 4013 3528 4069 colori-

1951 4104 2053 4159 bus
2072 4103 2275 4169 album,
2295 4113 2348 4159 et
2370 4104 2606 4175 nigrum,
2620 4105 3019 4176 mediusque”,
3033 4104 3419 4177 qualiscunque
3433 4107 3526 4171 sit,

1953 4194 2100 4249 color
2143 4194 2328 4249 habitu
2364 4194 2580 4250 sibimet
2612 4197 2910 4267 junguntur
2941 4198 3008 4252 “.
3040 4197 3231 4252 Album
3259 4197 3524 4266 siquidem

1952 4297 2006 4342 et
2040 4287 2250 4360 nigrum
2275 4328 2290 4353 ,
2334 4303 2473 4357 quae
2501 4298 2774 4346 extremos
2804 4292 3045 4347 colorum
3076 4293 3224 4348 locos
3253 4291 3523 4355 obtinent,

1954 4383 2138 4438 habitu
2167 4386 2525 4443 extremitatis
2554 4389 2621 4443 ad
2652 4402 2710 4443 se
2740 4389 2968 4446 invicem
3009 4388 3322 4461 respiciunt.
3368 4389 3528 4446 Color

1955 4484 2132 4530 autem
2163 4478 2228 4531 ad
2257 4486 2500 4533 extrema
2527 4480 2609 4535 sui
2633 4520 2648 4547 ,
2689 4481 2870 4537 album
2898 4482 3019 4547 dico
3046 4484 3393 4553 nigrumque,
3433 4482 3528 4536 ba-

272 4570 339 4625 de
372 4548 441 4625 eo
473 4548 774 4641 praedicari
805 4582 984 4642 potest
1028 4548 1092 4628 ἷί.
1131 4574 1203 4629 At
1228 4591 1358 4631 vero
1388 4548 1651 4645 quoniam-
1670 4548 1847 4634 standi
1881 4548 1928 4607 θ
1956 4569 2070 4623 bitu
2092 4569 2395 4626 medietatis
2421 4572 2660 4641 respicit.
2682 4572 2738 4627 ln
2762 4588 2826 4628 ea
2847 4590 3061 4644 quoque
3081 4548 3371 4645 categoria,
3388 4588 3528 4643 quae

273 4667 327 4713 et
345 4658 564 4726 iacendi
585 4676 749 4717 causa
772 4672 857 4718 est
872 4680 887 4731 ;
903 4664 958 4719 in
979 4665 1096 4734 ipso
1121 4665 1265 4720 enim
1284 4667 1465 4722 omnia
1488 4677 1542 4723 et
1563 4676 1725 4734 stant,
1748 4669 1850 4725 hoc

273 4760 394 4817 est,
436 4752 845 4811 immutabiliter
889 4760 1183 4814 secundum
1230 4775 1356 4816 suas
1401 4763 1638 4817 rationes
1675 4764 1849 4819 subsi-

275 4851 455 4910 stunt,
485 4853 540 4899 et
566 4843 782 4913 jacent,
823 4848 925 4902 hoc
964 4856 1048 4903 est
1093 4849 1416 4917 quiescunt;
1467 4851 1588 4906 linis
1629 4852 1772 4906 enim
1807 4852 1850 4884 ¹³

274 4936 514 4992 omnium
542 4947 647 5005 est,
672 4941 811 4995 ultra
837 4957 997 5010 quem
1020 4942 1152 4998 nihil
1178 4953 1465 5015 appetunt:
1496 4951 1674 5013 potest
1697 4944 1764 5000 de
1786 4959 1853 4999 eo

274 5029 590 5085 translative
610 5018 795 5099 jacere
820 5033 905 5089 vel
930 5034 1067 5091 situs
1090 5036 1417 5103 praedicari.
1468 5035 1602 5091 Nam
1643 5036 1691 5090 si
1724 5050 1852 5090 vere

275 5122 598 5194 proprieque
621 5124 764 5182 Deus
786 5127 962 5196 jacet,
986 5136 1082 5183 aut
1108 5129 1280 5195 sedet,
1309 5135 1402 5183 aut
1428 5136 1557 5194 stat,
1584 5129 1853 5199 positione

275 5227 384 5270 non
413 5224 585 5273 caret.
639 5216 699 5276 Si
735 5233 845 5275 non
885 5226 1034 5275 caret
1056 5219 1323 5290 positione
1385 5219 1571 5277 localis
1596 5229 1699 5277 est.
1733 5219 1851 5275 Non

1957 4662 2153 4717 dicitur
2196 4664 2328 4741 πρός
2365 4685 2449 4729 τι,
2499 4666 2550 4720 id
2605 4675 2690 4721 est
2727 4667 2794 4721 ad
2832 4668 3064 4737 aliquid,
3114 4668 3257 4722 clare
3284 4673 3528 4737 apparet,

1955 4757 2129 4825 qualis
2174 4758 2390 4814 habitus
2434 4761 2504 4815 sit
2540 4759 2588 4792 ’⁸
2620 4761 2791 4829 patris
2835 4762 2900 4815 ad
2956 4761 3143 4827 ﬁlium,
3184 4776 3277 4815 seu
3321 4759 3413 4814 lilii
3459 4758 3526 4812 ad

1954 4855 2161 4917 patrem
2183 4888 2198 4913 ,
2228 4848 2385 4903 amici
2431 4850 2634 4917 amico,
2664 4851 2808 4920 dupli
2845 4852 2913 4906 ad
2942 4850 3210 4921 simplum,
3241 4859 3527 4918 ceteraque

1957 4940 2282 5010 bujusmodi.

2029 5032 2114 5088 19.
2146 5034 2222 5088 De
2248 5034 2354 5090 situ
2382 5049 2596 5104 quoque
2626 5034 2779 5091 facile
2808 5043 2975 5106 patet,
3010 5034 3277 5105 quomodo
3302 5042 3445 5088 stare
3473 5040 3527 5087 et

1949 5122 2133 5192 jacere
2158 5124 2525 5182 habitudinem
2572 5126 2843 5195 quandam
2888 5126 3028 5179 inter
3055 5140 3113 5180 se
3140 5125 3367 5179 invicem
3401 5139 3524 5192 pos-

1956 5216 2184 5271 sideant.
2238 5215 2384 5274 Haec
2427 5217 2569 5272 enim
2613 5232 2680 5273 ex
2725 5218 2990 5273 diametro
3033 5215 3133 5271 sibi
3170 5230 3201 5270 e
3235 5214 3287 5303 ’ξ
3310 5214 3524 5284 regione

1556 5353 1813 5412 VARIAE
1847 5353 2248 5410 LECTIONES.

344 5490 366 5524 ⁸
395 5500 443 5563 et
485 5506 592 5549 om.
637 5493 702 5548 D.
787 5496 807 5527 ³
836 5495 927 5552 Sic
973 5496 1134 5563 CDE;
1190 5496 1742 5555 A'excellenlissimis.

276 5576 384 5615 οηι.
413 5561 480 5615 Α.
557 5563 579 5594 ⁸
603 5580 755 5618 suum
784 5580 891 5621 om.
916 5567 980 5621 A.
1058 5567 1079 5598 '
1108 5561 1148 5624 C
1193 5568 1349 5624 Hinc.
1423 5570 1444 5602 ⁷
1475 5571 1521 5625 A

1840 5499 1862 5531 ³
1886 5498 1976 5553 Sic
2002 5498 2250 5558 ABCDE:
2276 5514 2409 5568 supp

1551 5586 1668 5640 per.
1743 5571 1765 5603 ⁸
1803 5571 1860 5626 in
1888 5586 1996 5625 om.
2029 5569 2092 5624 A.
2166 5572 2186 5604 9
2216 5567 2307 5623 Sic
2339 5567 2513 5640 ABE;
2541 5569 2581 5621 D
2604 5575 2798 5640 autem.

279 5631 319 5663 “
346 5631 391 5686 A
417 5635 624 5707 proprie
639 5638 946 5707 praedicari
974 5648 1134 5705 potest
1169 5640 1233 5707 4e
1256 5657 1335 5694 eo.
1363 5679 1368 5683 ~
1414 5640 1457 5672 ¹²
1483 5631 1619 5695 enim
1647 5656 1756 5697 om.
1783 5642 1847 5696 Α.
1927 5640 1971 5673 ¹⁹
2001 5641 2091 5695 Sic
2127 5640 2291 5701 ADE;

2704 5494 2727 5527 ⁸
2754 5494 2800 5551 Α
2837 5494 3195 5549 habitudinem
3219 5509 3445 5556 omnem;
3475 5500 3524 5547 et

2879 5564 2989 5617 ¹⁰Α
3038 5565 3331 5633 calegoriae
3380 5564 3515 5633 huic.

2340 5655 2437 5709 pro
2461 5639 2516 5693 id
2544 5647 2614 5709 est
2659 5636 2699 5709 (Σ
2722 5637 2826 5709 uel.
2906 5633 2948 5666 “
2971 5636 3105 5709 enim
3132 5632 3238 5709 om.
3270 5635 3332 5688 D.
3484 5637 3521 5709 ί)

2412 5497 2461 5552 le
2489 5494 2633 5552 me.

275 5711 344 5754 et.
377 5769 388 5781 ι
425 5703 467 5733 ¹⁶
495 5700 586 5760 Sic
717 5700 1192 5781 _(;Dl:_3_i_rts'picilttr.
1272 5710 1315 5742 ¹⁷
1339 5712 1381 5765 Α
1410 5721 1457 5765 ει
1484 5714 1893 5781 sesqualtcram.
1973 5712 2015 5742 ³⁸
2041 5712 2081 5766 Λ
2107 5700 2499 5764 εοιιοεαιὸνιιηι.
2534 5707 2687 5781 ψηᾼ
2712 5708 2892 5781 iging.
2959 5705 3013 5781 A’_°
3115 5705 3351 5781 ιᾳζξῳιεζ
3402 5704 3445 5734 ²¹
3480 5703 3521 5755 Α

278 5769 565 5845 multaque.
640 5776 685 5806 "
712 5776 791 5831 Si.
815 5769 994 5849 :CDE;
1016 5779 1054 5831 A
1077 5781 1443 5849 proportionis.
1490 5814 1495 5817 τ
1520 5769 1625 5837 "It
1646 5784 1991 5855 mediumque.
2068 5781 2115 5812 “
2136 5780 2177 5835 A
2191 5781 2458 5853 jungitur.
2529 5778 2578 5811 ”
2602 5779 2667 5834 sit
2688 5769 2795 5835 om.
2819 5769 2880 5834 C.
2956 5776 3002 5809 “
3025 5775 3113 5865 Sic
3127 5775 3291 5843 ADE;
3313 5773 3448 5831 ϐεεν.
