4028 6280
490 341 587 394 467

1848 309 2128 371 JOANNIS
2166 307 2361 365 SCOTI

3662 300 3767 355 ως

492 453 831 528 respondent.
867 447 1210 517 Nequaquam
1257 442 1400 496 enim
1435 439 1451 471 ι
1506 436 1831 492 intellectum
1875 430 2052 488 standi
2081 430 2251 528 Aper
2296 425 2533 528 seipsum
2596 419 2810 526 propria
2843 431 2970 528 sui.
3009 418 3217 528 ratique
3436 434 3581 528 no:

492 526 791 605 absolutum
822 543 890 597 ab
918 538 1189 594 intellectu
1219 533 1435 603 iacendi
1463 530 1755 600 cogitabis;
1798 526 1893 582 sed
1918 539 2058 581 sem-

2161 519 2259 574 nit.
2323 517 2399 572 De
2445 514 2747 584 quantitate
2812 510 3062 567 similiter
3125 510 3432 566 dicendum.
3512 510 3772 567 Dicimus

491 654 590 712 per
609 633 765 691 simul
791 636 1102 693 occurrunt,
1126 625 1373 696 quamvis
1398 622 1451 677 in
1479 636 1538 677 re
1563 620 1742 690 aliqua
1765 632 1872 672 non
1898 613 2058 671 simul

2182 607 2302 663 :nim
2331 613 2531 676 quanta
2559 603 2816 669 essentia,
2845 612 3050 671 quanta
3078 601 3333 671 qualitas,
3359 612 3585 673 quanta
3620 602 3768 658 rela-

493 735 786 786 annarcant
812 725 854 777 ’.

834 762 1115 869 dicendum
1136 818 1221 865 est
1247 809 1311 864 de
1338 806 1488 863 loco?
1509 804 1736 872 Quando
1760 800 2062 872 superiora,

493 911 749 968 inferiora
769 916 823 962 et
844 906 1021 974 media
1040 904 1471 967 considerantur,
1497 896 1734 968 nunquid
1751 895 2064 951 habitudine

493 1002 715 1060 carent?
764 998 918 1053 Nullo
947 997 1124 1052 modo.
1171 994 1285 1049 Non
1315 994 1460 1048 enim
1502 993 1637 1046 haec
1663 988 1846 1043 omnia
1872 1001 1939 1040 ex
1970 999 2066 1039 na-

494 1104 611 1149 tura
644 1107 822 1147 rerum
871 1089 1223 1161 proveniunt,
1268 1086 1361 1142 sed
1389 1099 1452 1138 ex
1483 1084 1506 1115 ³
1546 1089 1791 1152 respectu
1831 1078 2066 1148 quodam

495 1185 753 1240 intuentis
783 1197 875 1237 eas
903 1196 1000 1251 per
1025 1189 1221 1251 partes.
1254 1177 1482 1232 Sursum
1510 1174 1772 1243 siquidem
1815 1180 1872 1226 et
1907 1171 2068 1223 deor-

495 1291 611 1331 sum
659 1276 711 1328 in
744 1274 996 1328 universo
1025 1286 1130 1325 non
1161 1278 1285 1335 est,
1334 1277 1498 1338 atque
1533 1266 1653 1320 ideo
1684 1278 1859 1333 neque
1904 1274 2069 1330 supe-

2165 700 2259 766 tio,
2288 705 2522 768 quantus
2567 695 2721 760 situs,
2766 702 3006 765 quantus
3054 694 3297 762 habitus,
3325 710 3493 765 quam
3530 710 3773 767 magnus

2162 789 2331 855 locus,
2375 802 2539 857 quam
2582 783 2810 856 parvum
2833 784 2918 840 vel
2942 785 3244 856 spatiosum
3274 794 3518 857 tempus,
3558 797 3767 857 quanta

2166 882 2328 947 actio,
2377 889 2578 950 quanta
2617 878 2829 950 passio?
2869 876 3122 942 Videsne,
3151 893 3312 947 quam
3343 878 3451 933 late
3476 887 3648 949 patet
3676 894 3769 948 per

2165 981 2377 1028 ceteras
2404 970 2701 1042 categorias
2719 968 3020 1039 quantitas?
3040 966 3155 1023 Non
3172 968 3215 1005 ³⁵
3244 976 3424 1024 tamen
3443 984 3621 1023 suum
3648 984 3771 1039 pro-

2166 1067 2342 1137 prium
2390 1063 2593 1120 deserit
2629 1071 2851 1119 statum.
2880 1061 3021 1129 Quid
3054 1061 3120 1115 de
3162 1059 3460 1129 qualitate?
3484 1059 3697 1114 Nonne
3721 1069 3773 1114 et

2168 1156 2284 1226 ipsa
2308 1155 2376 1211 de
2413 1153 2666 1209 omnibus
2701 1150 2897 1226 aliis.“
2925 1149 3213 1220 categoriis
3247 1148 3575 1219 frequenter
3611 1165 3771 1219 prae-

2169 1246 2340 1304 dicari
2367 1245 2534 1301 solet?
2573 1243 2812 1299 Dicimus
2837 1242 3004 1306 enim,
3035 1240 3211 1312 qualis
3237 1243 3404 1307 οὐσία,
3439 1241 3635 1311 qualis
3661 1258 3771 1296 ma-

494 1366 637 1419 riora
665 1405 678 1428 ,
730 1377 903 1433 neque
954 1360 1242 1423 inferiora,
1290 1372 1465 1427 neque
1506 1355 1682 1411 media
1730 1354 1782 1407 in
1820 1351 2071 1406 universo

2182 1338 2415 1409 gnitudo,
2448 1335 2624 1406 qualis
2666 1333 2880 1398 relatio,
2925 1332 3082 1398 situs,
3128 1333 3363 1399 habitus,
3418 1333 3607 1397 locus,
3642 1341 3775 1388 tem—

496 1425 673 1519 sunt;v
703 1425 834 1509 nam.
861 1452 1230 1508 universitatis
1258 1425 1619 1505 consideratio
1667 1445 1802 1499 haec
1848 1443 2070 1512 respuit,
2172 1447 2295 1501 Ριιει
2339 1444 2516 1501 agere:
2559 1426 2711 1498 Pam
2752 1425 2897 1481 Haec
2921 1425 3065 1481 θιιίιη
3119 1426 3322 1519 omnia.
3369 1426 3556 1497 qualia
3620 1436 3769 1489 sum.

497 1546 733 1615 partium
781 1559 906 1599 vero
950 1541 1245 1597 introducit
1293 1538 1535 1593 intentio.
1591 1535 1793 1591 Eadem
1824 1532 1963 1587 ratio
1991 1537 2077 1586 est
2175 1528 2604 1595 interrogamus;
2655 1535 2761 1575 non
2815 1528 2992 1574 tamen
3042 1518 3274 1590 qualitas
3311 1519 3396 1574 sui
3437 1520 3659 1590 proprii
3684 1534 3775 1590 gen

498 1609 569 1694 de
609 1635 799 1704 majori
847 1644 901 1691 et
948 1632 1161 1688 minori.
1208 1629 1420 1685 Nullum
1469 1628 1616 1683 enim
1664 1626 1718 1680 in
1755 1639 1854 1679 suo
1879 1635 2076 1695 genere
2174 1621 2324 1681 neris
2371 1613 2633 1668 rationem
2678 1609 2898 1667 deserit.
2944 1610 3085 1677 Quid
3113 1628 3245 1683 ergo
3272 1614 3494 1679 mirum,
3530 1614 3583 1667 si
3619 1620 3768 1665 (ςιιε.

496 1743 719 1801 parvum
750 1737 842 1782 aut
866 1741 1118 1798 maguum
1154 1738 1277 1781 esse
1312 1730 1507 1793 potest,
1537 1735 1605 1775 ex
1642 1716 1968 1789 cogitatione
1995 1723 2076 1767 ta-
2177 1719 2328 1789 goria
2394 1716 2761 1781 habitudinis,
2821 1716 2951 1769 dum
3002 1713 3055 1768 in
3114 1711 3366 1767 omnibus
3438 1706 3767 1778 inspicitur,

498 1797 620 1880 men
644 1820 1070 1893 comparantium
1097 1819 1337 1875 diversas
1357 1813 1687 1887 quantitates
1709 1811 1837 1865 talia
1858 1811 2072 1863 inventa
2105 1819 2150 1878 Β
2176 1811 2448 1881 propriam
2492 1825 2647 1866 suam
2697 1809 2963 1865 ratioan
3009 1805 3287 1878 possidere
3325 1799 3580 1857 dicatur?
3622 1797 3764 1851 Duc.

497 1924 643 1972 sunt.
666 1916 895 1983 Ideoque
920 1912 1159 1967 locorum
1185 1923 1279 1965 seu
1306 1907 1539 1978 partium
1570 1901 1951 1973 contemplatio
1977 1900 2075 1953 ha-
2172 1904 2330 1959 Nullo
2368 1904 2528 1959 modo
2564 1903 2906 1967 mirandum;
2937 1916 3061 1957 nam
3085 1912 3215 1955 ven
3235 1896 3379 1953 ratio
3406 1894 3633 1959 suadet,
3662 1905 3765 1945 non

495 2007 666 2064 bitum
697 2006 750 2058 in
784 2003 976 2059 talibus
1001 2001 1188 2073 gignit.
1218 1999 1370 2054 Nulla
1394 1998 1537 2053 enim
1568 2005 1758 2050 natura
1789 1990 1961 2060 major
1984 1996 2077 2044 aut
2175 1997 2333 2052 alim-
2358 2011 2478 2052 ,ιω
2501 1995 2547 2030 ι·
2567 2011 2744 2066 ροηδε,
2770 1996 2910 2051 μω,
2959 1994 3150 2050 Nonne
3187 1993 3354 2064 igitur
3403 1990 3583 2052 vides,
3635 1986 3765 2041 dm.

497 2099 675 2155 minor
704 2095 806 2150 alia
833 2103 1023 2148 natura
1063 2092 1134 2147 sit
1165 2093 1209 2156 ⁵,
1238 2091 1378 2146 sicut
1405 2102 1580 2157 neque
1625 2084 1873 2157 superior
1901 2095 2076 2152 neque
2176 2103 2303 2143 nam
2332 2088 2626 2143 essentiam
2673 2086 2872 2142 nullius
2912 2084 3242 2140 habtmdinis
3269 2081 3601 2152 participem
3623 2091 3762 2139 esse,

496 2189 744 2250 inferior,
792 2199 1064 2243 cumuna
1121 2183 1364 2238 omnium
1414 2179 1670 2235 subsistat
1720 2185 1911 2231 natura
1941 2215 1956 2240 ,
2006 2187 2075 2229 ex

497 2292 607 2332 uno
659 2277 767 2330 Deo
795 2275 1035 2330 condita.
1089 2274 1232 2328 DISC.
1272 2271 1411 2338 Quid
1457 2269 1524 2323 de
1557 2266 1841 2337 tempore?
1888 2265 2079 2321 Nonne

501 2369 555 2422 in
593 2368 741 2437 ipsis,
781 2368 907 2422 dum
955 2367 1094 2420 inter
1142 2378 1200 2421 se
1246 2363 1475 2418 invicem
1521 2360 1896 2423 conferuntur,
1928 2358 2078 2415 lucu—

503 2458 678 2514 lenter
725 2458 940 2517 habitus
989 2457 1223 2513 arridet?
1258 2455 1415 2512 Verbi
1450 2456 1647 2525 gratia,
1678 2452 1782 2507 diei
1820 2451 1842 2483 ⁸
1879 2450 1946 2505 ad
1984 2451 2079 2504 ho-

504 2565 614 2615 ras,
660 2550 825 2606 liorae
863 2550 929 2603 ad
962 2558 1208 2618 puuctos,
1242 2547 1423 2617 puncti
1463 2548 1530 2600 ad
1573 2550 1926 2605 momentum,
1958 2554 2078 2595 mo-

504 2640 671 2696 menti
698 2640 764 2694 ad
793 2648 992 2694 atoma.
1022 2638 1283 2694 Similiter
1303 2638 1356 2691 in
1382 2634 1750 2705 superioribus
1776 2643 2078 2702 temporum

505 2731 1143 2795 commensurationibus,
1167 2731 1211 2784 si
1235 2730 1356 2799 quis
1388 2726 1712 2789 ascenderit,
1742 2726 1995 2794 reperiet.
2020 2722 2078 2777 ln

503 2822 588 2878 bis
612 2823 756 2877 enim
782 2823 1034 2878 omnibus
1062 2822 1276 2876 habitus
1305 2821 1469 2875 totius
1494 2820 1559 2873 ad
1590 2825 1790 2887 partes,
1822 2816 2081 2885 partium-

504 2929 608 2985 que
630 2915 650 2946 ⁵
671 2915 738 2975 ad
769 2923 935 2969 totum
965 2914 1308 2984 perspicitur.
1333 2912 1469 2967 MAG.
1492 2909 1742 2966 Profecto
1771 2924 1877 2963 non
1905 2908 2078 2961 aliter.

2177 2180 2244 2236 de
2289 2193 2355 2235 ea
2400 2188 2580 2234 tamen
2632 2194 2739 2234 non
2787 2177 3099 2248 incongrue,
3150 2172 3407 2245 quoniam
3460 2170 3633 2240 ipsius
3687 2174 3766 2222 est

2178 2289 2362 2339 causa,
2406 2272 2707 2343 praedicari
2748 2270 2941 2341 posse?
2985 2268 3046 2324 Si
3088 2267 3233 2322 enim
3279 2265 3501 2336 proprie
3542 2263 3613 2319 de
3654 2262 3762 2330 ipsa

2177 2364 2395 2420 habitus
2417 2362 2845 2433 praedicaretur,
2878 2373 3217 2429 nequaquam
3250 2357 3473 2422 suimet,
3506 2354 3603 2409 sed
3633 2353 3759 2407 alte-

2180 2455 2294 2509 rius
2313 2462 2476 2510 esset.
2499 2452 2688 2509 Omnis
2709 2453 2904 2523 quippe
2926 2452 2967 2485 "
2997 2451 3216 2506 habitus
3239 2448 3291 2505 in
3320 2448 3503 2519 aliquo
3528 2444 3764 2513 subjecto

2182 2549 2516 2617 intelligitur,
2533 2558 2589 2603 et
2611 2546 2839 2615 alicujus
2855 2545 3107 2601 accidens
3128 2551 3232 2609 est,
3259 2542 3401 2611 quod
3426 2541 3493 2595 de
3524 2539 3656 2602 Deo,
3680 2535 3759 2590 cui

2179 2640 2385 2695 nullum
2401 2639 2622 2705 accidit,
2635 2647 2691 2693 et
2712 2637 2805 2708 qui
2824 2637 2867 2670 “
2884 2634 3084 2691 accidit
3098 2632 3247 2699 nulli,
3264 2632 3319 2687 in
3345 2629 3600 2700 nulloque
3616 2625 3766 2681 intel-

2180 2732 2386 2803 ligitur,
2404 2740 2459 2789 et
2482 2732 2685 2787 nullum
2712 2732 2767 2785 in
2790 2731 2931 2801 ipso,
2945 2728 3171 2799 impium
3192 2735 3276 2781 est
3292 2725 3519 2781 credere
3540 2725 3605 2775 ιο.
3623 2721 3757 2775 Disc.

2184 2823 2331 2879 Satis
2350 2826 2414 2879 de
2436 2825 2537 2879 hac
2556 2821 2828 2892 categoria
2847 2821 3185 2891 disputatum
3206 2826 3310 2884 est,
3325 2824 3386 2871 ut
3409 2815 3665 2870 arbitror.

2252 2917 2341 2972 2L
2372 2916 2513 2972 Mss.
2547 2914 2687 2983 Quid
2714 2914 2913 2986 igitur?
2954 2911 3143 2967 Nonne
3179 2924 3246 2965 ex
3294 2909 3400 2973 bis,
3447 2921 3590 2977 quae
3615 2915 3761 2974 prae-

505 3009 649 3065 Dlsc.
682 3008 819 3076 Quid
847 3009 900 3063 in
928 3007 1156 3063 diversis
1182 3008 1203 3040 ⁷
1230 3006 1419 3078 agendi
1442 3005 1534 3059 et“
1557 3003 1793 3074 patiendi
1816 3001 2084 3057 motibus?
2185 3010 2325 3067 diem
2374 3017 2521 3075 sum,
2561 3009 2630 3063 de
2670 3007 2865 3063 cerei-ig
2892 3004 3180 3075 categoriis
3209 3002 3449 3059 breviter
3473 3008 3757 3071 possumus

505 3103 692 3159 Nonne
719 3103 933 3158 habitus
958 3102 1157 3172 ubique
1188 3100 1423 3157 relucet?
1445 3097 1579 3152 Nam
1605 3111 1786 3153 amare
1832 3105 1888 3152 et
1912 3096 2083 3150 amari
2186 3104 2480 3176 colligere:
2522 3101 2641 3159 Non
2692 3102 2836 3159 enim
2891 3102 3032 3156 Deus
3084 3099 3233 3154 locus
3260 3138 3274 3163 _
3327 3109 3503 3166 neque
3558 3103 3760 3161 tempus

509 3194 858 3253 habitudines
885 3203 1012 3248 sunt
1042 3192 1274 3246 amantis
1321 3199 1379 3245 et
1419 3190 1603 3255 amati,
1647 3188 1912 3259 siquidem
1944 3187 2083 3241 inter
2109 3181 2156 3246 C
2187 3208 2304 3264 est;
2348 3206 2587 3252 attamen
2632 3196 2784 3251 locus
2824 3194 3063 3251 omnium
3106 3189 3419 3247 ιηηειειίγθ
3454 3188 3675 3248 dicitur,
3711 3187 3759 3235 et

506 3302 565 3345 se
598 3289 866 3345 invicem'
890 3287 1220 3359 respiciunt;
1262 3287 1376 3342 sive
1414 3286 1467 3339 in
1515 3300 1620 3340 una
1670 3300 1899 3355 persona
1939 3284 2081 3349 siut,

506 3382 648 3453 quod
676 3397 707 3435 a
735 3381 957 3436 Graecis
983 3381 1180 3435 dicitur
1216 3380 1547 3445 αὖτοπάθιια,
1579 3380 1631 3433 id
1656 3388 1759 3445 est,
1791 3394 1913 3433 cum
1942 3379 2084 3434 actio

508 3483 564 3527 et
606 3471 785 3541 passio
833 3472 884 3525 in
933 3487 1036 3524 una
1084 3470 1381 3539 eademque
1416 3470 1700 3539 inspicitur
1733 3483 1984 3540 persona,
2024 3478 2084 3524 ut

510 3564 771 3630 meipsum
824 3576 976 3626 amo;
1022 3561 1137 3615 sive
1180 3562 1323 3615 inter
1351 3560 1488 3615 duas
1538 3575 1815 3630 personas,
1871 3560 2009 3629 quod
2052 3575 2082 3614 a

508 3653 732 3709 Graecis
758 3653 953 3709 dicitur
980 3655 1326 3729 ἕτεροπὰθσια,
1359 3653 1413 3708 id
1437 3660 1541 3719 est,
1575 3668 1695 3708 cum
1729 3652 1830 3706 alia
1856 3667 2085 3721 persona

509 3743 763 3810 amantis,
783 3751 838 3798 et
857 3742 959 3799 alia
980 3745 1144 3799 amati
1168 3745 1212 3777 ¹⁶
1238 3745 1331 3811 sit,
1351 3750 1408 3799 ut
1437 3758 1560 3799 amo
1590 3752 1659 3797 tc.
1692 3741 1831 3797 MAG.
1862 3743 1928 3797 Et
1955 3742 2087 3797 haec

505 3849 635 3891 vera
660 3850 782 3892 esse
809 3835 1040 3892 decerno
1065 3837 1129 3891 ¹¹.
1155 3837 1300 3892 Βιεο.
1330 3835 1541 3904 Quaero
1570 3835 1735 3907 igitur
1757 3850 1787 3888 a
1816 3843 1888 3900 te,
1916 3849 2085 3903 quare

513 3926 619 3984 ista
676 3927 946 4000 categoria
986 3929 1336 3995 habitudinis,
1383 3944 1505 3984 cum
1557 3928 1754 3983 ceteris
1798 3926 2087 3996 categoriis

510 4018 833 4074 naturaliter
849 4018 1026 4076 inesse
1038 4020 1310 4087 videatur,
1328 4034 1425 4091 per
1441 4021 1487 4053 ¹²
1503 4034 1564 4074 se
1580 4019 1901 4090 Specialiter,
1921 4018 2085 4074 veluti

518 4109 632 4165 suis
669 4109 904 4181 propriis
938 4111 1237 4167 rationibus
1275 4111 1528 4177 subnixa,
1574 4125 1729 4165 suum
1768 4111 1820 4163 in
1865 4108 2083 4163 denaria

509 4202 904 4271 categoriarum
954 4203 1254 4271 quantitate
1300 4202 1474 4257 locum
1523 4202 1788 4257 obtineat.
1835 4199 1973 4256 MAG.
2002 4203 2085 4253 An

511 4294 671 4361 forte,
700 4295 827 4365 quia
856 4296 909 4350 in
931 4296 1182 4351 omnibus
1208 4296 1499 4359 invenitur,
1521 4302 1803 4364 propterea
1829 4293 1882 4348 in
1908 4294 2086 4363 seipsa

509 4389 790 4444 subsistit?
812 4386 946 4442 Nam
966 4387 1109 4456 quod
1129 4387 1369 4441 omnium
1390 4394 1497 4451 est,
1521 4386 1716 4440 nullius
1742 4387 1957 4455 proprie
1982 4396 2083 4454 est,

510 4480 603 4534 sed
624 4480 703 4533 ita
733 4486 816 4534 est
839 4479 893 4533 in
914 4479 1188 4542 omnibus,
1215 4486 1275 4532 ut
1301 4478 1353 4532 in
1377 4479 1551 4548 seipsa
1578 4479 1854 4534 subsistat.
1886 4479 2085 4534 Eadem

2190 3300 2423 3361 tempus,
2446 3289 2573 3359 quia
2610 3290 2851 3343 omnium
2893 3286 3134 3342 locorum
3170 3292 3582 3353 temporumque
3605 3286 3757 3331 causa

2188 3390 2289 3436 est.
2320 3379 2573 3437 Omnium
2603 3379 2801 3449 quippe
2822 3376 3185 3441 definitiones,
3215 3374 3369 3445 quasi
3398 3373 3618 3444 quidam
3642 3367 3751 3429 loci.

2188 3474 2241 3528 in
2281 3474 2397 3543 ipso
2435 3470 2770 3535 subsistunt,
2806 3478 2863 3525 et
2891 3470 2959 3524 ab
2986 3470 3100 3540 ipso
3126 3467 3282 3538 quasi
3311 3482 3341 3521 a
3369 3465 3603 3536 quodam
3628 3472 3755 3516 tem-

2187 3583 2339 3638 pore,
2368 3581 2467 3636 per
2496 3566 2668 3635 ipsum
2717 3562 2879 3619 veluti
2919 3577 3018 3632 per
3056 3560 3321 3632 quoddam
3366 3567 3592 3629 tempus,
3628 3564 3678 3609 et
3704 3553 3751 3605 in

2188 3660 2362 3730 ipsum
2389 3657 2556 3712 veluti
2599 3657 2652 3712 in
2695 3655 2856 3712 linem
2901 3656 3168 3724 quendam
3216 3661 3535 3723 temporum,
3590 3653 3753 3704 motus

2188 3753 2426 3807 omnium
2462 3760 2515 3805 et
2545 3750 2754 3820 incipit,
2790 3756 2843 3804 et
2872 3755 3144 3812 movetur,
3181 3755 3234 3802 et
3260 3746 3480 3807 desinit,
3504 3744 3628 3799 dum
3648 3741 3749 3810 ipse

2188 3858 2290 3899 nec
2328 3858 2387 3898 se
2424 3850 2639 3897 moveat
2682 3855 2780 3910 per
2820 3850 3053 3911 tempus,
3099 3853 3200 3894 nec
3227 3839 3295 3893 ab
3324 3837 3430 3893 alio
3466 3840 3749 3891 moveatur.

2189 3935 2326 4002 Quid
2371 3934 2559 3988 enim?
2602 3931 2739 3986 Num
2766 3933 2813 3964 '°
2845 3931 2889 3985 si
2940 3930 3157 4001 proprie
3200 3929 3352 3985 locus
3400 3928 3664 3983 diceretur
3701 3927 3748 3975 et

2191 4033 2420 4095 tempus,
2451 4023 2723 4079 videretur
2750 4036 2855 4077 non
2881 4029 3035 4076 extra
3067 4020 3244 4074 omnia
3275 4033 3374 4088 per
3398 4015 3747 4073 excellentiam

2188 4116 2479 4179 essentiae,
2525 4114 2619 4168 sed
2651 4114 2703 4167 in
2736 4126 2964 4167 numero
3001 4113 3265 4177 omnium,
3312 4124 3451 4180 quae
3496 4115 3634 4171 sunt,
3678 4103 3747 4157 lu-

2190 4204 2334 4260 cludi
2356 4206 2379 4259 ?
2405 4206 2582 4261 Locus
2618 4205 2883 4274 siquidem
2910 4212 2965 4258 et
2995 4213 3207 4272 tempus
3231 4203 3370 4257 inter
3394 4202 3596 4265 omnia,
3624 4208 3745 4267 quae

2191 4308 2371 4356 creata
2423 4307 2566 4364 sunt,
2623 4306 3023 4368 computantur.
3069 4296 3126 4351 In
3158 4297 3243 4351 bis
3280 4309 3517 4364 namque
3560 4289 3741 4348 duobus

2192 4399 2337 4446 totus
2378 4391 2633 4456 mundus,
2677 4391 2768 4460 qui
2801 4406 2943 4444 nunc
2981 4398 3086 4455 est,
3125 4387 3391 4453 consistit,
3431 4396 3488 4442 et
3510 4386 3622 4442 sine
3643 4378 3744 4450 qni-

2190 4480 2293 4536 bus
2333 4494 2456 4537 esse
2501 4496 2607 4536 non
2655 4488 2849 4550 potest.
2906 4481 3140 4549 Ideoque
3185 4494 3217 4532 ι
3260 4477 3485 4534 Graecis
3512 4475 3740 4530 dicuntur

510 4571 654 4625 enim
702 4572 842 4626 ratio
880 4571 1045 4625 etiam
1094 4570 1138 4611 l'
1183 4571 1236 4625 in
1277 4570 1548 4641 categoria
1587 4571 1857 4625 essentiae
1917 4571 2082 4641 inspi-
2111 4550 2164 4610 Ῑ)
2188 4574 2382 4631 ὦνᾶνω
2408 4576 2467 4630 τὸ
2488 4581 2609 4639 πᾶν,
2634 4575 2686 4628 id
2713 4582 2817 4638 est,
2851 4573 3047 4643 quibus
3082 4572 3199 4628 sine
3225 4571 3268 4607 ³⁸
3300 4570 3620 4625 universitas
3642 4571 3742 4618 esse

513 4663 702 4718 cienda
733 4673 836 4719 est.
868 4664 1007 4733 Quid
1038 4664 1223 4719 enim?
1264 4663 1533 4735 Nunquid,
1571 4679 1694 4720 cum
1725 4665 1910 4719 decem
1939 4674 2086 4721 cate-

514 4756 697 4825 gorias
739 4756 870 4822 sint,
902 4772 1006 4813 una
1036 4771 1222 4811 earum
1260 4756 1495 4813 essentia
1539 4772 1630 4811 seu
1679 4754 1978 4811 substantia
2008 4758 2086 4812 di-

519 4847 691 4913 citur,
738 4862 931 4903 novem
981 4863 1110 4902 vero
1149 4848 1447 4904 accidentia
1485 4857 1638 4915 sunt,
1688 4857 1744 4903 et
1797 4850 1851 4903 in
1904 4851 2088 4906 subsi-

515 4939 707 4995 stentia
753 4939 1087 4994 subsistunt?
1112 4940 1215 4994 Per
1241 4956 1299 4997 se
1325 4940 1468 4997 enim
1506 4941 1798 4997 subsistere
1832 4957 1940 4999 non
1967 4959 2090 5015 pos-

513 5037 656 5084 sunt.
683 5030 926 5085 Essentia
950 5031 1004 5086 in
1028 5032 1279 5087 omnibus
1297 5045 1417 5087 esse
1441 5032 1670 5100 videtur,
1699 5034 1816 5088 sine
1837 5050 1941 5104 qua
1967 5049 2090 5091 esse

514 5135 621 5174 non
664 5130 908 5191 possunt,
948 5130 1004 5177 et
1042 5131 1222 5177 tamen
1248 5138 1347 5193 per
1372 5138 1429 5178 se
1458 5123 1634 5179 locum
1664 5139 1819 5179 suum
1856 5125 2085 5180 obtinet.

514 5209 667 5278 Quod
687 5214 831 5267 enim
860 5214 1101 5268 omnium
1123 5224 1230 5279 est,
1261 5214 1456 5269 nullius
1487 5217 1700 5285 proprie
1726 5225 1829 5282 est,
1854 5217 1949 5272 sed
1972 5231 2091 5272 om-

512 5305 662 5362 nium
730 5322 1046 5374 commune;
1109 5317 1163 5364 et
1207 5308 1333 5363 dum
1384 5309 1438 5363 in
1484 5311 1735 5366 omnibus
1781 5310 2088 5381 subsistat,

2188 4682 2293 4721 non
2323 4664 2484 4720 valet.
2520 4664 2692 4720 Omne
2733 4664 2902 4728 enim,
2948 4663 3088 4732 quod
3123 4663 3176 4716 in
3202 4662 3401 4716 mundo
3426 4668 3530 4725 est,
3563 4648 3741 4712 moveri

2191 4767 2452 4828 tempore,
2483 4757 2601 4811 loco
2626 4757 2672 4787 “
2697 4754 2910 4810 deliniri
2932 4754 2979 4787 “
3002 4768 3224 4809 necesse
3252 4763 3366 4818 est;
3400 4760 3454 4805 et
3477 4750 3619 4805 locus
3646 4748 3740 4816 ipse

2194 4848 2468 4914 delinitur,
2505 4857 2559 4903 et
2600 4857 2812 4918 tempus
2845 4856 3127 4913 movetur;
3157 4846 3296 4900 Deus
3324 4854 3505 4898 autem
3535 4857 3625 4896 nec
3647 4853 3740 4893 mea

2194 4948 2369 5005 vetur,
2423 4955 2524 4995 nec
2571 4941 2843 4995 delinitur.
2896 4938 3238 5003 Namlocus,
3284 4951 3391 5006 quo
3438 4934 3738 4990 deﬁniuntur

2196 5034 2375 5089 omnia
2421 5032 2557 5098 loca,
2602 5032 2751 5088 locus
2791 5032 3033 5087 locorum
3071 5039 3173 5085 est.
3204 5030 3271 5085 Et
3301 5028 3425 5097 quia
3450 5026 3540 5083 ille
3565 5041 3592 5079 ει
3617 5020 3739 5080 nullo

2195 5126 2422 5192 locatur,
2452 5127 2548 5181 sed
2572 5126 2754 5180 omnia
2786 5125 2927 5179 intra
2965 5138 3024 5181 se
3046 5123 3293 5189 collocat,
3318 5136 3428 5176 non
3464 5120 3627 5184 locus,
3662 5110 3736 5169 sed

2194 5217 2477 5287 plusquam
2521 5216 2788 5272 locusest.
2820 5215 2869 5271 Δ
2893 5216 3041 5271 nullo
3080 5228 3313 5285 namque
3358 5213 3626 5276 delinitur,
3662 5201 3737 5262 sed

2194 5310 2376 5375 omnia
2413 5308 2622 5372 deﬁnit.
2672 5309 2845 5365 Causa
2878 5308 3044 5381 igitur
3068 5316 3154 5365 est
3201 5307 3443 5363 omnium
3469 5307 3536 5360 “.
3564 5302 3736 5359 Eodem

1780 5422 2038 5479 VARIAE
2074 5422 2475 5482 LECTIONES.

587 5514 603 5546 ¹
627 5514 740 5599 Aet
759 5531 1081 5599 aequequam
1097 5533 1113 5582 ;
1127 5515 1172 5570 D
1186 5530 1514 5599 nequagugmt
1528 5513 1839 5599 Quimnom.)
1915 5517 1936 5547 '
1950 5516 2008 5599 _A
2031 5535 2063 5571 α

558 5531 603 5595 ⁸·
627 5531 733 5569 Aer
759 5531 1113 5599 nequaquam;
1131 5531 1508 5618 unequayuum
1528 5531 1685 5601 (erum
1705 5531 1839 5599 om.)
1915 5531 2008 5600 ’.Α
2031 5531 2303 5623 eriperent.
2377 5531 2400 5553 '
2424 5536 2489 5574 ea:
2513 5535 2621 5577 om.
2641 5531 2706 5574 Α.
2783 5531 2807 5552 ⁵
2830 5531 2925 5575 Sic
2952 5531 3112 5585 Ulllﬁ;
3144 5531 3187 5573 A
3218 5531 3296 5588 fu.
3373 5531 3394 5547 '
3425 5531 3533 5572 me.

514 5586 643 5657 dies.
718 5585 797 5657 A‘A
816 5596 1274 5657 partmmquoqre.
1294 5655 1309 5657 Α
1395 5585 1639 5651 διοΑΟΕ;
1670 5587 1711 5640 D
1735 5603 2010 5645 umverszs.
2128 5589 2177 5645 Α
2205 5592 2299 5645 vel.
2373 5593 2624 5655 ’invicem
2647 5607 2755 5645 om.
2785 5593 2849 5647 A.
2927 5592 2970 5622 ¹⁰
2988 5591 3079 5646 Sic
3099 5589 3208 5653 CE;
3229 5591 3321 5644 AD
3340 5599 3533 5657 amata.

1105 5658 1146 5688 ¹²
1179 5655 1439 5719 SieCDE;
1459 5656 1499 5711 A
1521 5666 1565 5710 et
1590 5672 1687 5727 per
1712 5674 1788 5712 se.
1868 5659 1912 5692 “
1934 5659 2039 5714 Pro
2059 5661 2215 5715 etiam
2241 5663 2279 5715 A
2304 5679 2431 5717 esse.
2515 5661 2557 5693 ¹¹⁵
2578 5664 2619 5716 Α
2637 5673 2681 5716 et
2705 5679 2831 5719 non.

515 5655 667 5720 (ΖΒΕ,
702 5655 746 5710 Α
769 5658 1022 5711 discerno.

2135 5531 2303 5585 arent.
2377 5520 2400 5553 ⁸
2424 5536 2489 5574 ea:
2513 5535 2621 5577 om.
2641 5519 2706 5574 A.
2783 5518 2807 5552 ‘
2830 5517 2925 5575 Sic
2952 5517 3112 5585 CDE;
3144 5517 3187 5573 A
3218 5519 3296 5588 ﬁt.
3373 5516 3394 5547 "
3424 5513 3568 5572 SieA

3610 5586 3644 5615 "
3665 5580 3736 5635 Sic

2913 5662 3090 5716 "aliis
3118 5678 3226 5717 oni.
3258 5659 3369 5715 AD.
3451 5655 3492 5688 "
3516 5672 3619 5710 esse
3642 5664 3735 5711 om,

658 5719 699 5758 ιτ
716 5727 756 5780 Α
780 5727 1048 5804 proprie“;
1142 5728 1238 5804 qui
1258 5744 1363 5782 om.
1389 5728 1539 5804 βψς.
1591 5719 1660 5804 "’_
1680 5728 1724 5782 A
1744 5730 1952 5785 credere
1974 5741 2069 5789 est.
2146 5730 2193 5764 ³⁸
2216 5732 2307 5797 AD
2331 5733 2493 5797 Nam.
2569 5733 2610 5764 “
2640 5732 2729 5795 Sic
2750 5732 2916 5800 GDE;
2942 5733 2988 5790 A
3006 5734 3126 5787 sine.
3139 5732 3347 5804 quibus.
3422 5729 3467 5762 “
3490 5727 3576 5785 Sic
3595 5719 3735 5788 CDE;

516 5798 557 5853 Α
588 5795 819 5865 locoque.
877 5795 941 5828 ’⁸⁸
963 5796 1051 5853 CE
1069 5795 1308 5867 difﬁnire.
1386 5800 1433 5830 “
1456 5799 1499 5852 υ
1520 5800 1752 5854 omnium
1779 5809 1877 5856 est.
