4028 6280
111 374 279 436 469
1048 377 1136 433 DE
1177 375 1516 433 DlVlSlONE
1552 374 1903 431 NATURAE.
1944 407 2011 417 —
2047 375 2248 432 LIBER
2288 377 2568 435 PRIMUS.
3352 382 3460 439 470

120 494 349 549 modo
386 507 551 548 causa
586 501 887 581 temporum
917 500 1157 561 tempora
1186 501 1367 546 movet
1391 531 1405 556 ,
1442 492 1557 561 ipsa
1583 505 1713 547 vero
1743 505 1773 544 a
1805 498 1849 552 Λ
1879 491 2146 561 appetitus
2192 500 2339 547 motu
2386 493 2618 563 quodam
2662 493 2803 561 ﬁeri,
2849 496 2974 565 quis
3009 495 3307 553 dubitarit?
3368 496 3463 555 Est

120 583 357 647 nullo,
383 585 437 638 in
465 583 611 637 nullo
638 593 881 654 tempore
905 591 1171 637 movetur.
1200 582 1293 637 Est
1317 584 1460 637 enim
1491 583 1774 653 plusquam
1882 583 2009 638 item
2046 583 2149 637 alia
2196 585 2352 649 ratio,
2385 599 2523 655 quae
2551 587 2888 657 apertissime
2917 602 3004 654 ea,
3033 603 3173 660 quae
3203 589 3258 643 in
3288 598 3457 654 motu,

129 682 422 747 tempus,
453 684 511 730 et
538 676 821 745 plusquam
852 684 1051 729 motus.
1077 672 1263 743 Neque
1291 672 1440 728 locus
1465 673 1649 744 igitur,
1684 687 1781 728 ne-
1880 673 1949 728 ab
1977 674 2081 740 his,
2113 690 2251 745 quae
2279 677 2332 730 in
2366 685 2508 731 statu
2559 684 2707 742 sunt,
2758 676 3038 734 discernit.
3091 679 3160 734 Ut
3208 680 3354 734 enim
3396 682 3462 735 de

128 784 276 838 que
316 778 536 838 tempus
566 777 669 823 est.
705 765 852 822 Dtsc.
885 765 963 821 ita
987 767 1204 835 quidem
1238 767 1404 821 etiam
1433 766 1551 821 luce
1579 765 1778 821 clarius
1880 763 1993 832 ipsa
2037 765 2444 835 generalissitna
2491 765 2701 821 ratione
2745 782 2891 822 nunc
2932 767 3086 839 plura
3117 782 3225 823 non
3257 770 3456 835 dicam,

132 876 475 937 apparent,
525 879 667 934 quae
705 864 849 919 dicta
879 870 1026 926 sunt,
1067 863 1119 917 in
1148 869 1379 925 tantum,
1411 869 1468 915 ut
1492 859 1603 928 jam
1636 875 1776 914 nunc
1876 873 2015 929 quae
2041 859 2243 923 omnia,
2271 873 2412 928 quae
2438 875 2467 913 a
2498 859 2609 914 Deo
2632 869 2757 930 post
2780 860 2949 915 Deum
2982 860 3197 915 condita
3227 870 3373 925 sunt,
3407 863 3458 917 in

132 957 222 1009 de
264 967 477 1011 natura
508 954 931 1025 categoriarum,
979 953 1153 1022 deque
1194 966 1382 1008 earum
1424 950 1777 1005 translatione
1874 961 2023 1007 motu
2045 966 2167 1008 esse
2197 951 2799 1008 manifestat—omnia
2824 968 3056 1022 namque
3094 968 3161 1008 ex
3204 969 3310 1009 non
3346 956 3459 1009 exi«

134 1048 205 1102 in
263 1048 497 1103 divinae
524 1046 795 1102 essentiae
821 1043 1271 1116 signiﬁcationem
1298 1042 1432 1097 satis
1455 1042 1658 1096 dictum
1690 1041 1770 1095 vi-
1876 1045 2145 1101 stentibus
2171 1045 2223 1099 in
2252 1044 2541 1101 existentia
2572 1060 2669 1116 per
2705 1046 3108 1116 generationem
3156 1053 3460 1113 moventur,

137 1138 376 1192 deatur
415 1144 637 1207 propter
680 1144 882 1201 cetera,
923 1146 1063 1206 quae
1102 1135 1167 1188 ad
1204 1147 1461 1204 praesens
1500 1134 1772 1203 negotium
1874 1152 1939 1192 ex
1980 1154 2085 1192 non
2130 1153 2250 1194 esse
2300 1137 2352 1192 in
2396 1152 2514 1193 esse
2542 1137 2723 1193 divina
2748 1136 2987 1192 bonitate
3012 1137 3192 1193 omnia
3214 1146 3461 1204 vocante,

139 1230 499 1285 necessario
522 1228 813 1299 pertinent.
1874 1237 1934 1283 ut
1963 1229 2093 1295 sint,
2140 1230 2205 1284 de
2253 1227 2457 1295 nihilo;
2514 1237 2572 1284 ut
2616 1229 3038 1300 unumquodque
3086 1244 3296 1297 eorum,
3319 1244 3460 1300 quae

229 1324 342 1379 Ξῖ.
370 1323 511 1378 Mm.
539 1320 741 1376 Horum
766 1321 953 1376 decem
979 1333 1235 1391 generum
1268 1324 1527 1389 quattuor
1548 1317 1601 1372 in
1629 1324 1770 1372 statu
1874 1330 2021 1387 sunt,
2062 1322 2130 1377 ad
2172 1322 2464 1379 essentiam
2517 1337 2698 1387 suam,
2748 1337 3046 1393 genusque,
3088 1323 3461 1393 speciemque;

140 1424 324 1479 sum.
354 1414 408 1468 id
433 1423 519 1468 εει
546 1415 714 1478 οὐσία,
743 1412 1041 1482 quamuis.
1082 1409 1240 1473 Silus.
1289 1408 1608 1473 IOCHSVSeX
1641 1421 1772 1460 νθΐο
1871 1432 2264 1487 numerumque
2284 1430 2440 1472 suum
2463 1415 2691 1471 naturali
2723 1416 3225 1487 appetitumovetur
3249 1416 3293 1447 ¹¹
3313 1430 3461 1471 —ea
3518 1416 3524 1422 ’

144 1507 211 1561 in
248 1515 437 1569 ωοῑιιν
466 1505 725 1575 Ίυ³¹ίιειεν
774 1502 987 1569 "ﬂauo.
1034 1502 1272 1568 “abillis.
1320 1509 1548 1569 ιειηνιιε›
1583 1512 1766 1569 agere.
1870 1507 2091 1578 proprie
2132 1507 2362 1562 dicimus
2405 1507 2457 1561 in
2497 1516 2644 1562 statu
2684 1521 2824 1573 esse,
2869 1522 3007 1576 quae
3050 1520 3149 1576 per
3188 1521 3247 1562 se
3283 1506 3462 1561 subsi-

140 1599 305 1668 pati.
364 1596 480 1652 Nec
518 1604 571 1651 te
610 1597 782 1650 latere
832 1595 947 1649 hoc.
987 1593 1236 1648 aestimo.
1287 1592 1429 1646 DISC.
1476 1591 1590 1645 imo
1636 1590 1766 1644 mihi
1871 1609 2040 1666 slum,
2094 1600 2399 1670 munusque
2457 1598 2702 1670 indigem
2742 1596 2990 1666 subjecti,
3036 1605 3096 1653 ut
3143 1597 3286 1663 sim;
3320 1611 3463 1668 quae

144 1689 323 1743 clare
367 1696 534 1760 patet,
570 1702 633 1741 ac
659 1688 723 1741 de
749 1686 834 1740 his
864 1683 939 1738 nil
981 1683 1216 1752 amplius
1248 1681 1598 1752 quaesierim.
1656 1677 1765 1734 Sed
1867 1678 1999 1747 νει-ο
2027 1692 2082 1747 in
2112 1692 2292 1761 aliqua
2337 1691 2597 1756 existunt,
2647 1689 2773 1761 quia
2819 1705 2918 1759 ρει.
2965 1704 3024 1744 δε
3070 1688 3366 1744 subsistere
3413 1686 3463 1722 ιι

145 1797 439 1853 quorsum
488 1780 668 1835 istuc?
696 1779 834 1835 MAG.
871 1778 942 1834 Ut
973 1778 1115 1833 scias
1141 1777 1317 1847 plane,
1353 1776 1535 1830 decem
1566 1787 1763 1844 genera
1870 1798 1978 1839 non
2024 1792 2273 1853 possunt,
2324 1782 2378 1837 in
2429 1791 2575 1837 motu
2601 1797 2721 1837 esse
2752 1797 2857 1836 non
2906 1782 3203 1852 incongrue
3244 1780 3459 1850 judica-

149 1877 453 1947 praedicta
497 1873 617 1928 aliis
661 1872 870 1928 duobus
914 1870 1284 1940 superioribus
1308 1866 1763 1938 generaliorib’us-
1795 1871 1844 1932 Β
1869 1890 2008 1931 mus.
2050 1873 2274 1929 Habitus
2312 1874 2494 1944 itaque
2529 1883 2692 1945 atque
2722 1872 2767 1904 "
2791 1872 2981 1927 relatio
3006 1873 3058 1926 in
3107 1872 3287 1942 aliquo
3326 1873 3458 1927 sub.

148 1981 274 2034 que
323 1963 736 2034 comprehendi,
779 1970 926 2016 motu
968 1960 1174 2015 scilicet
1218 1969 1380 2028 atque
1419 1965 1587 2024 statu,
1622 1970 1757 2029 quae

1865 1968 2007 2041 jccto
2038 1975 2184 2031 sunt,
2216 1967 2269 2021 in
2302 1981 2412 2037 quo
2442 1980 2657 2035 semper
2685 1979 2804 2020 esse
2835 1963 3068 2018 naturali
3102 1972 3250 2019 motu
3286 1977 3455 2033 appe-

152 2059 370 2112 Ῐιετυηι
421 2054 828 2125 εθιιθπειιίεείηιο
887 2053 1213 2121 ευιιίιέυηωΐ
1259 2065 1492 2118 genere.
1553 2050 1694 2119 (ιιιοά
1730 2065 1759 2103 ³
1867 2069 2008 2127 tunt,
2042 2058 2165 2130 quia
2203 2059 2321 2114 sine
2350 2073 2415 2113 eo
2446 2072 2566 2113 esse
2593 2070 2697 2111 non
2725 2062 2970 2126 possunt.
3010 2054 3068 2109 ln
3102 2061 3248 2109 motu
3286 2054 3451 2125 igitur

153 2146 403 2203 Graecis
426 2148 490 2202 τὸ
511 2152 637 2211 πᾶν,
671 2160 702 2198 a
731 2144 930 2199 nostris
969 2158 1099 2197 vero
1138 2142 1464 2197 universitas
1502 2139 1760 2211 appellari

152 2241 475 2297 consuevit.
524 2239 671 2295 Disc.
722 2240 835 2294 Hoc
880 2238 1036 2292 valde
1082 2237 1209 2293 libet
1255 2247 1473 2308 propter
1528 2250 1640 2302 eos,
1670 2236 1759 2305 qui

152 2343 387 2405 putant,
438 2332 492 2386 in
542 2342 734 2386 natura
780 2345 959 2385 rerum
1007 2329 1210 2383 nullum
1257 2343 1427 2400 genus
1455 2326 1761 2398 generalius

154 2434 394 2496 praeter
421 2431 439 2462 ι
469 2424 656 2479 decem
701 2421 974 2492 praedicta
1024 2436 1241 2492 genera,
1269 2433 1408 2489 quae
1454 2418 1520 2471 ab
1547 2417 1757 2472 Aristo-

160 2513 278 2567 tele
319 2521 382 2566 et
425 2511 640 2566 inventa
679 2518 733 2564 et
780 2509 1056 2565 nominata
1108 2516 1252 2572 sunt,
1302 2520 1461 2576 posse
1509 2503 1754 2574 reperiri.

158 2604 317 2660 MAG.
343 2603 556 2658 Ratanc
584 2603 766 2673 itaque
800 2599 847 2633 ¹⁶
876 2601 970 2655 tibi
998 2599 1212 2653 videtur
1237 2601 1368 2653 haec
1390 2597 1583 2653 divisio
1614 2605 1759 2650 catc-

162 2698 456 2769 goriarum
491 2696 543 2749 in
572 2706 776 2749 motum
807 2702 969 2763 atque
999 2700 1222 2756 statum,
1273 2691 1323 2745 id
1363 2698 1464 2755 est,
1499 2699 1777 2760 quattuor,

163 2792 223 2846 in
252 2798 424 2853 statu,
454 2803 547 2843 sex
575 2789 628 2843 in
660 2787 845 2842 motu?

234 2881 330 2937 25.
358 2879 509 2934 Disc.
552 2879 687 2933 Rata
718 2876 952 2947 quidem.
982 2874 1087 2930 Sed
1120 2874 1295 2928 adhuc
1323 2873 1388 2928 de
1417 2871 1625 2927 duabus
1649 2886 1754 2926 non

160 2972 307 3026 satis
343 2970 475 3024 mibi
503 2978 671 3040 patet,
717 2969 785 3023 de
834 2967 1019 3023 habitu
1067 2967 1189 3021 dico
1234 2974 1287 3019 et
1334 2964 1613 3019 relatione.
1644 2963 1756 3017 liae

162 3080 409 3136 namque
432 3065 569 3118 duae
595 3061 898 3133 categoriae
924 3062 1095 3133 magis
1120 3060 1249 3115 mihi
1278 3062 1526 3114 videntur
1554 3074 1673 3114 esse
1701 3060 1753 3114 in

163 3167 343 3224 statu,
368 3172 529 3228 quam
548 3156 600 3209 in
632 3164 796 3209 motu.
834 3154 987 3221 Quod
1021 3154 1164 3209 enim
1192 3168 1404 3222 cunque
1434 3153 1453 3181 '
1481 3152 1546 3205 ad
1579 3148 1757 3223 perfe-

1869 2160 2015 2207 Slllll.

1932 2243 2022 2299 24.
2065 2243 2206 2298 Disc.
2225 2240 2363 2309 Quid
2393 2256 2521 2311 ergo
2543 2239 2783 2295 dicemus
2797 2238 2863 2294 de
2886 2237 3023 2304 loco,
3047 2235 3113 2293 de
3137 2235 3460 2308 quantitate,

1865 2336 1930 2391 de
1951 2334 2077 2399 situ,
2110 2347 2247 2404 quae
2274 2331 2326 2386 in
2356 2331 2459 2395 his,
2502 2345 2640 2401 quae
2680 2330 2735 2383 in
2784 2337 2926 2384 statu
2953 2337 3078 2383 sunt
3110 2326 3175 2392 “,
3198 2326 3460 2398 posuisti?

1863 2426 1998 2481 Nam
2032 2427 2098 2479 de
2126 2427 2301 2490 οὐσία,
2331 2423 2384 2479 id
2416 2432 2499 2478 est
2527 2422 2571 2453 "
2598 2421 2857 2486 essentia,
2877 2435 3036 2475 nemo
3061 2419 3289 2485 dubitat,
3315 2419 3458 2488 quod

1864 2515 2061 2572 nullius
2102 2516 2305 2587 indiget
2347 2514 2413 2568 ad
2456 2513 2879 2569 subsistendum.
2922 2510 3002 2565 Ab
3043 2511 3158 2580 ipsa
3187 2509 3332 2565 enim
3361 2525 3449 2565 ce.

1863 2617 1978 2664 tera
2032 2608 2208 2665 fulciri
2258 2609 2575 2663 creduntur.
2628 2604 2773 2660 Haec
2814 2619 2960 2670 vero,
3009 2604 3187 2659 locum
3237 2604 3360 2658 dico
3401 2610 3456 2657 et

1863 2702 2244 2771 quantitatem,
2297 2698 2587 2771 situmque,
2644 2696 2789 2751 inter
2838 2695 3141 2750 accidentia
3186 2693 3456 2750 essentiae

1863 2798 2340 2847 connumerantur.
2385 2788 2462 2842 Ac
2497 2803 2593 2858 per
2620 2789 2723 2842 hoc
2750 2786 2876 2840 illud
2908 2786 3230 2853 subjectum,
3260 2786 3317 2839 in
3345 2800 3453 2855 quo

1863 2890 2008 2945 sunt,
2039 2889 2094 2935 et
2119 2880 2238 2935 sine
2282 2895 2389 2950 quo
2427 2893 2548 2934 esse
2573 2893 2680 2932 non
2706 2886 2956 2949 possunt,
3006 2878 3306 2951 appetendo
3332 2891 3451 2931 meo

1859 2984 2075 3030 ventur.
2112 2973 2180 3026 Et
2221 2973 2263 3026 si
2295 2971 2367 3026 ita
2414 2981 2516 3038 est,
2566 2970 2746 3026 omnia
2790 2971 2842 3025 in
2892 2979 3039 3024 motu
3069 2980 3193 3024 sunt
3238 2976 3455 3040 praeter

1888 3069 2088 3131 οὐσίαν,
2135 3080 2273 3134 quae
2304 3063 2419 3118 sola
2445 3071 2591 3118 motu
2616 3071 2797 3128 caret,
2827 3076 2894 3118 eo
2920 3062 3034 3117 solo
3066 3071 3313 3131 excepto,
3342 3077 3449 3132 quo

1860 3161 2040 3216 omnia
2071 3167 2331 3230 appetunt
2356 3172 2495 3223 esse,
2528 3157 2784 3228 quoniam
2808 3156 2920 3213 sola
2954 3171 3053 3226 per
3088 3170 3146 3210 se
3185 3155 3449 3211 subsistit.

165 3260 324 3306 ctum
368 3249 675 3320 pervenerit
730 3248 750 3280 ³
792 3248 1054 3309 habitum,
1097 3245 1507 3300 immutabiliter
1548 3252 1748 3298 manet.
1783 3239 1827 3303 C
1858 3253 1997 3310 Mm.
2053 3252 2171 3307 Non
2216 3264 2606 3322 usquequaque
2654 3248 2885 3305 absurda
2915 3257 2996 3303 est
3024 3247 3302 3321 inquisitio
3335 3256 3446 3311 tua,

163 3343 308 3398 Nam
363 3343 408 3397 si
449 3341 848 3411 quodammodo
898 3346 1179 3395 moveatur
1226 3338 1268 3405 ’⁸,
1313 3337 1424 3407 jam
1474 3350 1579 3392 non
1632 3350 1752 3392 esse

163 3434 420 3490 habitum
454 3431 799 3488 manifestum
828 3439 929 3487 est.
966 3430 1147 3486 Virtus
1175 3430 1319 3485 enim
1348 3430 1402 3484 in
1430 3429 1608 3483 anima
1640 3436 1750 3483 tum

163 3546 297 3586 vere
355 3530 570 3585 habitus
617 3527 783 3584 animi
834 3527 857 3559 ⁸
907 3534 1024 3592 est,
1077 3541 1197 3580 cum
1248 3524 1294 3579 ei
1340 3522 1755 3579 immntabiliter

163 3614 454 3687 adhaeret,
485 3629 544 3674 ut
580 3618 648 3674 ab
670 3634 735 3673 eo
758 3618 995 3688 separari
1022 3633 1130 3672 non
1160 3616 1348 3687 possit.
1378 3613 1611 3684 Ideoque
1635 3628 1753 3667 cor-

164 3733 363 3789 porum
410 3716 555 3771 nulla
604 3730 729 3771 vera
776 3714 1035 3769 habitudo
1080 3711 1382 3776 invenitur;
1424 3722 1546 3763 nam
1577 3720 1758 3761 arma-

166 3820 255 3866 tus
286 3811 375 3866 vel
412 3810 631 3865 indutus
660 3815 839 3880 potest
867 3806 1034 3861 armis
1065 3820 1157 3861 seu
1184 3801 1514 3859 indumentis
1539 3814 1750 3856 carere.

162 3898 222 3957 In
256 3900 524 3957 relatione
568 3900 697 3955 item
740 3906 913 3953 status
936 3895 1248 3971 praevalere
1280 3894 1615 3948 aestimatur.
1649 3888 1755 3943 Re-

165 3993 302 4049 latio
352 3992 618 4063 siquidem
661 3992 829 4062 patris
859 3991 925 4046 ad
968 3989 1157 4054 ﬁlium,
1210 4002 1302 4043 seu
1349 3985 1494 4056 dupli
1526 3984 1592 4038 ad
1623 3983 1755 4038 sim-

164 4089 341 4162 plum,
367 4097 423 4142 et
446 4104 478 4145 e
499 4088 791 4153 contrario,
821 4084 1108 4142 immobilis
1130 4092 1232 4140 est.
1267 4082 1401 4138 Nam
1426 4088 1581 4152 pater
1608 4094 1753 4135 scm-

165 4196 267 4254 per
295 4189 456 4253 pater
479 4190 562 4235 est
587 4179 715 4246 ﬁlii;
767 4178 1017 4233 similiter
1060 4178 1201 4232 ﬁlius
1250 4190 1464 4246 semper
1507 4173 1647 4229 ﬁlius
1673 4179 1756 4228 est

165 4274 370 4346 patris,
423 4280 479 4327 et
507 4279 707 4331 cetera.
743 4270 882 4327 MAG.
915 4269 1183 4327 Fortassis
1224 4283 1330 4325 non
1366 4280 1693 4339 magnopere
1733 4265 1755 4297 ⁶

170 4364 524 4431 haesitasses,
542 4364 587 4418 si
610 4362 918 4435 diligentius
941 4361 1249 4427 intuereris,
1266 4360 1390 4431 quia
1410 4373 1589 4424 omne,
1614 4358 1756 4429 quod

166 4474 278 4514 non
327 4457 488 4513 simul
530 4456 960 4513 connaturaliter
1017 4454 1292 4525 perfectae
1327 4454 1349 4487 ⁷
1404 4454 1547 4508 inest
1595 4467 1750 4506 crea-

169 4560 349 4616 turae,
372 4551 466 4605 sed
483 4565 579 4621 per
601 4551 930 4605 incrementa
962 4549 1225 4619 quaedam
1248 4547 1313 4602 ad
1340 4544 1751 4615 inseparabilem

166 4613 773 4713 incommutabilemquc
792 4613 1179 4712 perfectionem
1201 4638 1445 4717 procedit
1462 4613 1507 4704 δ,
1527 4637 1579 4691 in
1603 4644 1750 4691 motu
1778 4613 1830 4674 Ῑ)

164 4752 291 4791 esse
323 4750 546 4791 necesse
572 4745 676 4795 est.
716 4735 906 4792 Omnis
937 4744 1116 4790 autem
1165 4734 1380 4790 habitus
1426 4741 1573 4788 motu
1622 4747 1756 4801 quo-

168 4829 296 4881 dam
334 4814 405 4883 ad
420 4826 826 4897 perfectionem
870 4826 1113 4881 ascendit
1142 4824 1197 4879 in
1229 4840 1315 4891 eo,
1346 4822 1498 4892 cujus
1536 4821 1753 4877 habitus

163 4930 274 4974 est.
326 4919 403 4974 De
428 4935 531 4999 qua
562 4919 916 4991 perfectione,
945 4920 1069 4989 quis
1114 4916 1301 4972 ﬁrmus
1349 4915 1462 4972 ﬁeri
1495 4918 1515 4949 θ
1541 4914 1593 4968 in
1645 4915 1748 4971 hac

163 5012 281 5067 vita
309 5013 649 5082 praesumat!
681 5011 907 5067 Habitus
937 5010 1102 5082 igitur
1127 5010 1180 5064 in
1211 5017 1357 5063 motu
1389 5014 1491 5062 est.
1520 5005 1593 5060 De
1621 5004 1754 5058 rela-

163 5103 317 5159 tione
363 5104 490 5163 item
541 5104 730 5171 Iniror,
762 5119 860 5159 cur
890 5101 1124 5169 dubitas,
1147 5116 1269 5156 cum
1302 5099 1507 5164 videas,
1545 5111 1664 5152 eam
1696 5095 1750 5149 in

1858 3348 1985 3421 quia
2017 3347 2327 3419 opinionem
2355 3359 2698 3401 communem
2729 3343 2994 3421 sequeris.
3024 3340 3132 3397 Sed
3161 3341 3204 3397 si
3233 3340 3452 3411 diligen-

1859 3440 1965 3495 tius
2012 3418 2305 3502 intuearis,
2342 3436 2613 3501 invenies,
2662 3435 2840 3490 locum
2881 3451 2912 3489 a
2949 3418 3108 3489 nullo
3146 3431 3441 3497 contineri,

1857 3528 2138 3584 continere
2161 3541 2287 3582 vero
2308 3524 2510 3591 omnia,
2532 3539 2671 3595 quae
2695 3524 2751 3578 in
2774 3522 3128 3579 eoiocantur.
3156 3520 3214 3576 Si
3238 3520 3282 3551 ¹⁶
3302 3521 3449 3576 enim

1856 3621 1928 3676 nil
1956 3619 1996 3650 "
2021 3617 2163 3673 aliud
2178 3617 2327 3672 locus
2341 3616 2433 3683 sit,
2448 3616 2551 3671 nisi
2564 3614 2826 3671 terminus
2840 3622 3000 3684 atque
3013 3613 3254 3669 deﬁnitio
3268 3612 3453 3667 unius-

1857 3714 2117 3785 cujusque
2149 3711 2190 3742 ⁸⁸
2221 3710 2406 3767 ﬁnitae
2439 3717 2686 3775 naturae,
2711 3709 2958 3779 profecto
2978 3706 3129 3763 locus
3159 3723 3265 3761 non
3291 3718 3452 3777 appe:

1860 3808 1941 3872 tit,
1972 3815 2034 3862 ut
2064 3807 2117 3861 in
2145 3805 2326 3874 aliquo
2372 3805 2461 3869 sit,
2516 3803 2611 3859 sed
2651 3802 2867 3867 omnia,
2925 3815 3066 3871 quae
3092 3800 3145 3854 in
3198 3815 3262 3854 eo
3299 3806 3444 3865 sunt,

1857 3901 2031 3970 ipsum
2063 3897 2257 3951 merito
2288 3895 2585 3951 terminum
2613 3893 2884 3962 ﬁnemque
2920 3906 3074 3946 suum
3114 3904 3326 3960 semper
3353 3890 3446 3944 de-

1858 3991 2121 4053 siderant,
2145 3988 2199 4042 in
2226 4001 2333 4057 quo
2355 3986 2679 4041 naturaliter
2704 3984 3076 4049 continentur,
3101 3992 3155 4038 et
3184 3982 3301 4037 sine
3332 3995 3442 4051 quo

1860 4082 1912 4137 in
1936 4079 2206 4135 infinitum
2230 4077 2396 4132 linere
2410 4077 2682 4131 videntur.
2710 4073 2887 4130 Locus
2901 4073 3149 4145 itaquein
3170 4081 3317 4126 motu
3336 4087 3444 4128 non

1861 4180 1963 4237 est,
1988 4186 2110 4226 cum
2159 4168 2359 4231 omnia,
2405 4180 2545 4236 quae
2572 4166 2625 4220 in
2656 4180 2723 4219 eo
2752 4172 2898 4229 sunt,
2930 4162 2996 4217 ad
3021 4176 3080 4217 se
3101 4169 3442 4227 moveantur,

1859 4262 1974 4332 ipse
2000 4275 2131 4315 vero
2165 4265 2290 4314 stat.
2322 4256 2520 4311 Eadem
2548 4256 2614 4311 de
2638 4255 2943 4324 quantitate
2977 4261 3140 4322 atque
3184 4252 3290 4307 situ
3347 4265 3439 4306 ra-

1859 4354 1934 4409 tio
1975 4353 2184 4409 edocet.
2227 4350 2366 4419 Quid
2414 4348 2599 4405 enim?
2646 4337 3080 4418 Unumquodque
3121 4342 3445 4416 quantitatis

1858 4462 1950 4503 seu
1964 4445 2248 4519 positionis
2268 4443 2539 4500 sensibilis
2570 4441 2989 4513 intelligibilisve
3010 4440 3303 4510 particeps,
3331 4435 3439 4495 nisi

1861 4550 1919 4595 ut
1961 4540 2027 4595 ad
2071 4537 2367 4611 perfectam
2398 4551 2551 4592 suam
2587 4535 2629 4567 ”
2653 4535 3008 4605 quantitatem
3051 4532 3443 4605 positionemve

1862 4632 2163 4704 perveniat,
2205 4630 2431 4702 appetit,
2462 4635 2521 4683 ut
2547 4628 2602 4683 in
2630 4641 2692 4683 ea
2725 4627 2992 4697 quiescat.
3030 4624 3146 4679 Non
3178 4638 3306 4693 ergo
3342 4638 3441 4692 ap-

1860 4732 2070 4796 petunt,
2114 4723 2208 4779 sed
2240 4728 2586 4792 appetuntur.
2630 4718 2689 4774 in
2735 4727 2883 4773 motu
2924 4720 3107 4785 itaque
3149 4729 3254 4769 non
3293 4721 3438 4768 sunt.

1861 4815 2017 4870 Stant
2032 4814 2212 4885 igitur.
2233 4813 2379 4868 DISC.
2397 4811 2533 4865 Num
2547 4812 2729 4881 itaque
2741 4810 2787 4842 “
2802 4806 3101 4864 accidentia
3116 4809 3293 4865 οὒσιας
3309 4806 3439 4860 haec

1861 4908 1963 4962 tria
1994 4905 2223 4961 dicenda
2257 4914 2406 4971 sunt,
2438 4903 2735 4975 quantitas,
2765 4903 2922 4968 situs,
2954 4898 3105 4956 locus
3125 4938 3141 4966 ,
3169 4912 3235 4952 an
3263 4912 3359 4967 per
3380 4909 3441 4950 se

1860 4997 2245 5054 subsistentiae
2274 4996 2362 5050 “‘l

1924 5088 2184 5147 25.1.1.5.
2226 5089 2293 5143 Et
2338 5089 2442 5143 hoc
2494 5088 2711 5159 dignum
2760 5088 3011 5159 quaesitu
3062 5085 3239 5140 video.
3299 5078 3435 5132 Nam

162 5209 280 5253 uno
303 5196 598 5265 eodcthue
622 5210 743 5253 esse
782 5212 892 5253 non
933 5209 1123 5265 posse;
1174 5193 1229 5257 in
1272 5190 1479 5246 duobus
1517 5201 1751 5257 namque
1846 5183 2007 5254 juxta
2036 5162 2450 5236 Dialecticortlm
2480 5178 2790 5248 opinionem
2829 5193 3009 5244 omne,
3034 5174 3175 5246 quod
3209 5179 3310 5234 est,
3342 5174 3435 5221 aut

159 5298 380 5361 semper
404 5284 617 5349 videtur
662 5286 723 5351 ιθ,
772 5272 1012 5353 Duorum
1063 5291 1243 5347 autem
1292 5283 1359 5347 ad
1411 5295 1470 5339 se
1518 5279 1746 5334 invicem

1853 5273 2153 5342 subjectum
2185 5272 2251 5339 ἐ,
2276 5281 2369 5325 aut
2394 5270 2462 5325 de
2486 5269 2755 5340 subjecto,
2791 5278 2885 5324 aut
2911 5270 2965 5323 in
2997 5264 3236 5337 subjecto
3260 5268 3341 5317 est
3362 5257 3431 5310 ".

1357 5420 1363 5427 ‘
1420 5408 1675 5475 VARIAE
1713 5402 2116 5471 LECTIONES,

239 5537 259 5575 ³
296 5531 390 5589 Sic
409 5531 482 5599 E;
508 5531 641 5587 ACD
660 5534 990 5603 praecedere.
1068 5531 1107 5561 ¹⁶
1134 5532 1309 5597 itaque
1335 5540 1443 5579 om.
1607 5523 1626 5551 '
1651 5521 1741 5603 Sic
1775 5519 1908 5575 CDE
1924 5535 1951 5603 ﬁ;
2049 5515 2416 5603 Quodcunque.
2432 5513 2590 5603 epipt.
2641 5514 2688 5603 ε
2709 5512 2756 5569 Δ
2774 5513 3004 5603 ,φηςι-ξι..
3025 5583 3040 5603 Ι
3068 5509 3154 5603 Α
3175 5518 3426 5564 movetur.

161 5606 185 5638 ⁵
212 5583 389 5659 Αυέῶ
409 5583 1004 5661 Hdiiﬁuitiiléif'é'n
1026 5583 1404 5670 magno'opere.
1436 5594 1572 5670 r_"_A
1604 5592 1845 5670 perfecte,
1904 5590 2017 5670 fﬂA
2049 5583 2329 5670 prqcesait.
2393 5587 2416 5621 '
2450 5584 2490 5638 A
2517 5585 2696 5670 (parit.
2774 5585 2817 5670 εξ
2862 5583 2908 5639 Α
2958 5583 3159 5670 videtur;
3208 5596 3428 5670 ferunper.

165 5678 208 5708 “
245 5674 335 5730 Sic
357 5675 577 5730 CDE;A
609 5684 895 5731 moveatur.
976 5674 1019 5704 "
1044 5672 1087 5731 Α
1114 5666 1350 5724 existere.
1432 5668 1473 5699 "
1498 5666 1543 5721 A
1567 5675 1633 5721 et.

165 5746 210 5779 ⁸⁸
247 5746 287 5801 C
311 5745 437 5801 Sed.
517 5747 558 5777 ¹¹⁷
580 5745 743 5809 CDE;
791 5744 834 5799 Δ
866 5743 1016 5799 nihil.
1093 5743 1138 5774 “‘
1162 5741 1207 5794 A
1235 5740 1503 5809 cuiusque.
1578 5737 1619 5771 ‘9
1644 5751 1795 5789 suam
1844 5750 1930 5809 om

1716 5662 1759 5694 ³⁵
1785 5662 1875 5717 Sic
1897 5660 2015 5723 CE;
2048 5651 2102 5711 in
2124 5658 2203 5710 Im
2222 5673 2358 5728 quae
2380 5651 2647 5728 omV-App;
2685 5665 2805 5728 sunt
2836 5670 2945 5728 om.
3114 5652 3157 5728 ’ξ
3200 5651 3237 5704 Α
3271 5651 3427 5728 idem:

2137 5728 2183 5760 "
2204 5721 2248 5781 A'
2273 5743 2413 5799 ergo.
2490 5727 2536 5758 ³¹
2557 5726 2659 5799 Sic
2684 5726 2802 5793 CB;
2832 5727 2885 5799 Di
2899 5725 3240 5799 substantiae.
3317 5721 3361 5755 "
3387 5722 3432 5777 Α

162 5797 470 5881 subiectum
497 5797 653 5873 est.”
670 5797 947 5873 illudut
972 5815 1261 5870 subiectum
1282 5822 1373 5866 aut
1395 5797 1459 5866 de
1486 5808 1714 5865 subiecto
1739 5815 1831 5865 aut
1855 5807 1870 5860 ί
1878 5822 1911 5859 η
1933 5801 2163 5859 subiecto
2182 5808 2257 5855 est
2285 5797 2375 5856 aut
2399 5800 2459 5854 iit
2482 5797 2709 5854 subiecto
2731 5808 2823 5854 aut
2851 5798 2917 5851 de
2944 5797 3191 5853 subiecto.
