4028 6280
562 340 662 398 471
1158 396 1167 401 _
1909 336 2187 394 JOANNIS
2226 335 2424 395 SCOTI
3725 333 3830 391 ‘72

566 447 705 505 Vera
746 455 922 503 tamen
970 447 1108 502 ratio
1152 446 1394 502 consulta
1440 446 2052 518 respondet,subjectum
2076 456 2130 502 et
2156 452 2208 512 Α
2233 447 2420 513 fertur,
2449 454 2503 503 et
2519 447 2727 517 species
2749 446 2817 502 ad
2846 461 3031 517 genus.
3058 446 3241 503 Genus
3264 450 3405 503 enim
3429 451 3651 520 speciei
3680 465 3767 507 est
3789 457 3828 486 "

567 544 633 597 de
659 540 901 610 subjecto
935 554 1100 594 unum
1140 554 1284 603 esse,
1309 548 1365 592 et
1393 540 1448 593 in
1479 538 1624 592 nullo
1648 538 1871 593 distare.
1899 538 2034 593 Nam
2059 539 2130 605 si,
2231 555 2419 611 genus,
2444 549 2498 594 et
2521 539 2726 608 species
2750 540 2964 609 generis
2983 549 3067 593 est
3086 539 3315 610 species.
3342 540 3581 596 Habitus
3608 558 3831 612 quoque

566 641 626 688 ut
652 631 726 688 illi
758 631 933 696 aiunt,
962 630 1151 686 Cicero
1177 630 1477 700 subjectum
1521 637 1603 683 est
1652 632 1665 659 ’
1710 637 1764 684 et
1792 630 1965 699 prima
2009 629 2135 684 sub-
2232 639 2286 685 et
2310 639 2463 685 extra
2489 632 2663 685 οὐσίαν
2690 637 2744 683 ει
2770 629 2910 682 intra
2940 630 3224 697 reperitur,
3252 638 3311 683 ut
3336 640 3646 697 armatum,
3680 631 3831 687 indu-

569 721 789 790 stantia,
836 723 998 777 homo
1026 736 1157 776 vero
1204 722 1269 775 de
1300 720 1542 791 subjecto
1583 720 1924 789 secundaque
1960 721 1980 751 ¹
2010 720 2135 773 sub-
2233 729 2347 775 tum
2389 721 2683 777 secundum
2704 735 2903 790 corpus
2932 721 3182 776 dicimus.
3215 720 3440 776 Habitus
3461 738 3608 778 vero
3630 725 3831 790 οὐσίας,

568 816 788 879 stantia,
817 828 957 884 quae
981 811 1280 868 dilfereutia
1313 820 1396 867 est
1415 810 1567 880 juxta
1594 821 1859 878 naturam,
1885 812 1985 866 nisi
2008 811 2135 881 quia
2232 815 2464 885 generis,
2495 822 2588 868 aut
2635 814 2856 884 speciei,
2880 822 2962 869 est
3010 815 3183 869 virtus
3213 816 3329 885 ipsa
3358 818 3696 882 immobilis,
3744 836 3833 889 per

567 921 733 960 unum
764 905 817 959 in
847 919 1096 969 numero,
1138 903 1365 957 alterum
1406 903 1462 957 in
1507 903 1705 973 specie,
1749 920 1872 958 cum
1897 903 1970 957 nil
1992 903 2134 958 aliud
2234 921 2396 977 quam
2443 920 2630 976 genus,
2662 906 2788 961 dum
2834 921 2931 976 per
2984 907 3193 975 Species
3227 907 3498 973 dividitur,
3543 910 3610 963 in
3654 911 3833 979 seipse

570 997 643 1051 sit
668 996 891 1067 species,
937 996 1042 1051 nisi
1083 1010 1427 1049 numerorum
1457 996 1658 1060 unitas,
1685 1003 1740 1049 et
1762 994 1835 1047 nil
1862 994 2005 1049 aliud
2032 1011 2133 1049 nu-
2235 1012 2451 1066 semper
2477 1012 2643 1050 unum
2673 995 3114 1065 individuumquc
3145 1007 3444 1065 permanet,
3469 1007 3529 1052 et
3569 1007 3753 1052 totum
3784 1000 3829 1052 in

570 1100 773 1151 merus,
797 1085 899 1141 nisi
944 1084 1141 1154 speciei
1188 1083 1507 1158 pluralitas’?
1537 1084 1593 1138 Si
1622 1098 1752 1153 ergo
1781 1085 1988 1153 species
2027 1093 2136 1139 tota
2234 1088 2516 1158 speciebus
2560 1087 2803 1157 singulis,
2829 1096 2885 1141 et
2908 1086 3153 1156 singulae
3177 1089 3382 1157 species
3420 1089 3473 1142 in
3506 1089 3643 1159 ipso
3672 1107 3833 1145 unum

571 1185 625 1229 et
647 1191 750 1231 una
772 1183 855 1231 est
877 1175 1256 1244 individuaque
1281 1174 1339 1229 in
1365 1174 1624 1243 numeris,
1656 1182 1710 1229 et
1733 1174 1941 1228 numeri
1972 1190 2134 1228 unum
2236 1187 2381 1234 sunt.
2425 1178 2623 1232 Eadem
2653 1178 2827 1232 virtus
2860 1184 2916 1231 et
2944 1178 2997 1231 in
3046 1178 3225 1247 specie
3263 1180 3625 1249 perspicitur,
3670 1197 3825 1250 quae,

574 1267 905 1323 individuum
933 1275 1057 1323 sunt
1085 1268 1136 1321 in
1165 1267 1548 1349 specie,'quae,
1585 1273 1845 1335 quantum
1884 1265 1952 1318 ad
1983 1273 2139 1319 natu-
2237 1268 2363 1324 dum
2387 1281 2483 1338 per
2507 1282 2761 1322 numeros
2786 1267 3061 1321 dividatur
3088 1269 3152 1333 ",
3192 1283 3324 1324 suae
3354 1270 3685 1324 individuae
3716 1272 3831 1326 uui-

574 1376 712 1427 ram,
738 1361 991 1416 distantia
1014 1369 1095 1416 est
1114 1361 1252 1414 inter
1271 1359 1565 1429 subjectum
1588 1358 1727 1413 etde
1749 1358 2009 1428 subjecto,
2031 1373 2139 1413 non
2238 1360 2369 1416 tatis
2410 1359 2785 1414 inexhaustam
2821 1358 2929 1411 vim
2960 1358 3214 1413 custodit.
3255 1359 3571 1429 Omnesque
3601 1361 3832 1426 numeri,

573 1454 752 1509 video.
796 1454 1055 1509 Similiter
1088 1454 1153 1507 de
1184 1452 1553 1525 accidentibus
1577 1452 1783 1521 primae
1809 1452 2141 1506 substantiae
2238 1451 2293 1506 in
2331 1465 2466 1519 quos
2495 1450 2659 1504 dividi
2712 1449 2923 1504 videtur
2969 1451 3021 1503 in
3070 1450 3362 1516 inﬁnitum,
3410 1454 3464 1506 in
3512 1453 3646 1522 ipsa
3679 1455 3829 1517 liuiti,

577 1544 996 1615 intelligendum.
1060 1543 1174 1599 Non
1239 1544 1381 1598 aliud
1441 1553 1524 1598 est
1573 1543 1717 1598 enim
1768 1543 1826 1608 ⁸,
1891 1546 2031 1612 quod
2085 1544 2140 1598 in
2238 1556 2515 1610 unumque
2545 1540 2881 1595 individuum
2906 1549 3050 1609 sunt.
3084 1541 3159 1596 De
3192 1541 3401 1612 agendo
3431 1552 3627 1597 autem
3656 1554 3718 1599 et
3750 1559 3833 1614 pa—

575 1635 813 1703 subjeeto
856 1636 1071 1700 dicitur,
1117 1643 1173 1689 et
1216 1634 1380 1699 aliud,
1424 1635 1565 1703 quod
1605 1634 1658 1688 in
1705 1634 1945 1703 subjecto
1983 1633 2141 1687 simul
2240 1635 2421 1689 tiendo
2449 1648 2606 1689 nemo
2645 1633 2890 1700 dubitat,
2939 1649 3061 1688 cum
3088 1634 3367 1690 videamus
3396 1650 3661 1705 corpora,
3707 1636 3824 1689 dum

575 1735 630 1782 et
672 1728 736 1782 de
779 1725 1036 1794 subjecto.
1092 1726 1225 1780 Nam
1270 1726 1572 1797 disciplina,
1616 1735 1676 1781 ut
1712 1724 1958 1796 exemplo
1993 1732 2137 1788 utar,
2241 1728 2308 1782 ad
2334 1727 2687 1796 quantitatem
2716 1727 3041 1796 pertineant,
3070 1736 3125 1781 et
3154 1742 3320 1798 agere
3347 1736 3404 1783 et
3431 1728 3571 1797 pati.
3624 1726 3830 1782 Genera

574 1833 676 1872 una
735 1817 1031 1887 eademque
1090 1824 1172 1871 est
1226 1817 1280 1870 in
1328 1818 1525 1887 seipsa,
1564 1825 1619 1871 et
1675 1815 1729 1870 in
1783 1815 1895 1870 suis
1942 1803 2457 1888 specie-Bquoquc
2501 1827 2556 1873 et
2582 1818 2789 1888 species
2811 1818 2979 1887 ipsius
3010 1818 3206 1885 οὐσίας,
3248 1820 3539 1874 cumsein
3592 1819 3830 1873 diversas

575 1910 676 1966 bus
712 1911 1074 1979 numerisque.
1137 1908 1255 1964 Non
1305 1909 1448 1963 aliud
1502 1909 1665 1979 igitur
1724 1906 2144 1976 uniuscujusque
2244 1913 2450 1982 species
2488 1927 2850 1981 numerosque
2878 1911 2921 1943 ⁸³
2950 1914 3328 1982 multiplicant,
3370 1929 3534 1985 agere
3557 1914 3827 1969 videntur.

576 2000 793 2071 propria
850 2000 1147 2071 disciplina,
1208 2015 1345 2070 quae
1390 2016 1420 2054 a
1456 2000 1756 2055 Dialecticis
1802 2001 1854 2053 in
1903 1998 2145 2066 subjecto
2246 2003 2303 2059 Si
2335 2005 2454 2073 quis
2501 2019 2628 2059 vero
2659 2003 2701 2035 ¹¹⁶
2730 2005 2955 2061 rationis
3002 2005 3201 2059 virtute
3248 2006 3405 2075 juxta
3455 2005 3644 2059 illam'
3677 2005 3827 2060 disci-

574 2090 773 2145 dicitur
816 2090 838 2122 ⁸
892 2091 1243 2157 solummodo,
1276 2100 1329 2145 et
1357 2091 1500 2144 aliud
1548 2090 1813 2160 generalis
1841 2091 2143 2160 disciplina,
2244 2096 2895 2167 plinam,quae&vu)tunxri
2913 2106 3156 2162 vocatur,
3180 2106 3235 2151 et
3251 2112 3504 2151 numeros
3530 2097 3586 2150 in
3602 2097 3826 2166 species.

572 2198 711 2254 quae
736 2184 803 2238 ab
840 2183 1027 2238 iisdem
1068 2184 1125 2238 in
1157 2182 1396 2251 subjecto
1440 2190 1497 2237 et
1524 2183 1588 2237 de
1620 2182 1864 2252 subjecto
1898 2192 2143 2248 vocatur,
2247 2194 2301 2241 et
2326 2185 2538 2256 species
2568 2186 2621 2239 in
2650 2201 2868 2257 genera,
2900 2200 3201 2257 generaque
3228 2186 3282 2240 in
3311 2188 3489 2243 οὐσίαν
3526 2183 3825 2255 colligendo

572 2275 809 2330 velutiin
824 2276 1084 2345 subjecto,
1100 2275 1273 2346 prima
1291 2274 1824 2339 scilicetsubstantia,
1848 2274 2148 2330 subsistens
2248 2277 2581 2342 adunaverit,
2616 2277 2727 2348 pati
2759 2278 3004 2331 dicuntur
3028 2316 3044 2342 ,
3095 2291 3202 2331 non
3232 2277 3377 2346 quod
3419 2277 3537 2347 ipse
3579 2276 3821 2344 colligat;

578 2367 643 2421 de
666 2365 927 2434 subjecto,
952 2364 1004 2420 id
1033 2374 1135 2432 est,
1165 2366 1380 2437 pr0pria
1421 2364 1647 2433 alicujus
1677 2364 1959 2435 disciplina
1986 2380 2140 2434 prae-
2249 2378 2442 2425 natura
2490 2369 2634 2423 enim
2662 2368 2883 2424 collecta
2922 2376 3082 2434 sunt,
3115 2369 3255 2424 sicut
3280 2369 3444 2423 etiam
3480 2369 3695 2432 divisa;
3738 2366 3824 2421 sed

576 2457 773 2513 dicitur
802 2474 815 2510 :
846 2457 939 2513 sed
973 2472 1078 2512 una
1099 2459 1392 2529 eademque
1416 2459 1570 2513 estin
1594 2465 1706 2512 toto
1727 2466 1782 2513 et
1808 2459 1862 2511 in
1885 2458 2146 2528 partibus.
2249 2464 2375 2534 quia
2422 2462 2670 2531 colligere
2713 2470 2836 2516 actu
2884 2458 3108 2515 rationis
3150 2474 3215 2515 ea
3255 2461 3487 2515 videtur.
3536 2459 3677 2513 Nam
3710 2471 3820 2511 cum

579 2547 657 2602 Ac
686 2562 781 2617 per
806 2548 910 2603 hoc
937 2548 1257 2618 relinquitur
1284 2548 1579 2618 subjectum
1622 2550 1755 2604 etin
1791 2548 2049 2617 subjecto.
2092 2549 2152 2604 Si
2250 2561 2307 2608 et
2332 2552 2376 2591 ⁸⁸
2401 2552 2587 2606 eadem
2612 2549 2827 2616 dividit,
2870 2548 3116 2604 similiter
3151 2562 3311 2619 agere
3350 2548 3571 2614 dicitur,
3616 2562 3681 2602 ea
3712 2559 3823 2599 ver.)

580 2649 758 2695 autem
821 2641 1030 2711 acutius
1076 2642 1303 2712 vestigia
1349 2643 1519 2698 sancti
1574 2641 1819 2713 Gregorii
1874 2642 2149 2713 Theologi,
2250 2647 2384 2715 pati.

581 2732 1009 2803 expositorisque
1057 2734 1141 2788 sui
1196 2733 1414 2788 Maximi
1468 2735 1851 2805 sapientissimi
1918 2751 2151 2805 sequens
2322 2736 2412 2791 26.
2454 2736 2597 2791 Dtsc.
2638 2735 2781 2790 Haec
2811 2734 3057 2804 quamvis
3092 2734 3377 2789 videantur
3407 2746 3532 2788 esse
3566 2731 3818 2791 obseura,

584 2826 897 2895 inspexeris,
932 2827 1192 2894 invenies,
1217 2831 1387 2885 οὐσίαν
1406 2829 1625 2883 omnino
1647 2830 1702 2884 in
1726 2829 1992 2892 omnibus,
2016 2844 2154 2899 quae
2254 2845 2360 2885 non
2400 2838 2576 2883 tamen
2599 2829 2678 2883 sic
2707 2828 2945 2882 animum
2974 2842 3151 2883 meum
3178 2824 3456 2893 eﬂ‘ugiunt,
3489 2832 3552 2879 ut
3580 2823 3653 2877 nil
3676 2823 3728 2876 in
3752 2820 3819 2873 eis

585 2924 729 2982 sunt,
763 2931 940 2986 perse
972 2916 1142 2988 ipsam
1169 2918 1767 2989 incomprehensibilem
1826 2936 1931 2975 non
1978 2919 2151 2975 solum
2254 2934 2448 2991 purum
2497 2926 2658 2988 atque
2707 2919 3001 2973 discretum
3061 2917 3112 2972 ei
3162 2916 3419 2971 reluceat.
3465 2914 3535 2969 Et
3584 2910 3821 2982 quoniam

585 3008 785 3074 sensui,
813 3007 906 3063 sed
928 3010 1090 3065 etiam
1118 3008 1405 3065 intellectui
1435 3024 1574 3065 esse.
1604 3009 1780 3080 Atque
1824 3010 1945 3065 ideo
1973 3026 2038 3065 ex
2069 3010 2153 3064 his
2255 3013 2431 3076 video,
2469 3025 2655 3066 omnes
2688 3011 2802 3066 fere
2843 3010 3147 3079 categorias
3176 3009 3315 3062 inter
3348 3020 3407 3062 se
3446 3005 3679 3060 invicem
3707 3015 3819 3055 con-

586 3100 750 3153 veluti
778 3098 1194 3154 circumstantiis
1244 3100 1355 3154 suis
1397 3099 1714 3170 intelligitur
1744 3100 2001 3165 existere,
2037 3099 2155 3154 loco
2259 3110 2533 3159 catenatas
2577 3102 2654 3167 ¹⁶,
2712 3110 2769 3154 ut
2816 3101 2903 3154 vix
2953 3116 2983 3154 a
3033 3115 3092 3155 se
3150 3098 3378 3153 invicem
3436 3103 3585 3150 certa
3630 3092 3819 3148 ratione

586 3190 726 3255 dico,
772 3190 1104 3260 quantitate,
1156 3190 1297 3256 situ;
1335 3191 1546 3245 additur
1592 3191 1755 3245 etiam
1801 3192 1886 3246 his
1930 3203 2155 3261 tempus.
2186 3174 2232 3237 ί)
2264 3195 2492 3250 discerni
2516 3195 2760 3266 possint;
2804 3207 2992 3248 omnes
3014 3192 3157 3249 enim
3184 3191 3455 3253 omnibus,
3478 3196 3539 3242 ut
3561 3184 3817 3248 video,in—

584 3282 727 3337 Intra
753 3284 887 3337 haec
918 3282 1207 3353 siquidem,
1236 3281 1398 3339 veluti
1437 3283 1578 3337 intra
1602 3284 1861 3354 quosdam
1890 3284 2026 3340 ﬁnes
2052 3286 2161 3339 cir-
2262 3298 2439 3342 sertae
2462 3295 2589 3341 sunt
2615 3304 2627 3339 :
2656 3287 2828 3356 inqua
2850 3285 3177 3355 proprietate
3199 3282 3405 3355 singula
3425 3278 3816 3351 quaequeinve-

589 3375 936 3444 cumpositos,
964 3376 1196 3430 essentia
1223 3376 1563 3453 cognoscitur
1592 3376 1962 3444 circumcludi,
2004 3379 2075 3432 ita
2104 3385 2164 3431 ut
2265 3378 2368 3432 niri
2396 3376 2629 3441 valeant,
2661 3376 2873 3445 aperias
2894 3373 3093 3445 ﬂagito.
3136 3373 3276 3428 ΜΑο.
3308 3370 3447 3439 Quid
3473 3362 3818 3425 tibi‘videtur?

589 3480 761 3535 neque
790 3466 1087 3522 accidentia
1115 3468 1165 3522 ei
1196 3468 1349 3537 quasi
1379 3468 1435 3523 in
1464 3483 1527 3523 ea
1559 3469 1904 3524 subsistentia
1946 3470 2163 3524 videan-
2269 3467 2406 3522 Num
2432 3470 2586 3524 οὐσία
2630 3466 2683 3520 in
2717 3466 3001 3535 generibus
3046 3461 3465 3535 generalissimis
3503 3468 3560 3515 et
3588 3460 3641 3513 in
3680 3469 3819 3526 gene-

592 3567 680 3613 tur
706 3573 850 3626 esse,
880 3559 1005 3629 quia
1031 3560 1368 3616 extrinsecus
1395 3568 1557 3627 sunt;
1601 3576 1774 3631 neque
1812 3562 1928 3617 sine
1960 3576 2024 3617 ea
2049 3563 2167 3617 exi-
2267 3559 2417 3612 ribus
2474 3556 2903 3627 generalioribus
2928 3596 2942 3620 ,
3006 3555 3058 3609 in
3114 3554 3242 3624 ipsis
3293 3566 3503 3622 quoque
3561 3546 3816 3621 generibus

590 3659 737 3706 stere
765 3665 943 3721 posse,
1001 3651 1127 3721 quia
1175 3660 1419 3708 centrum
1466 3669 1652 3708 eorum
1696 3661 1795 3718 est,
1831 3653 1973 3708 circa
2020 3654 2166 3723 quod
2266 3666 2557 3720 eorumque
2581 3650 3064 3720 speciebus,atque
3090 3648 3284 3703 iterum
3306 3643 3818 3716 specialissimisspe-

592 3741 885 3797 volvuntur
912 3750 1174 3813 tempora,
1203 3742 1320 3821 loca
1355 3758 1487 3797 vero
1514 3750 1569 3798 et
1592 3744 1921 3813 quantitates
1950 3752 2003 3799 et
2031 3744 2167 3798 situs
2269 3742 2479 3807 ciebus,
2511 3757 2646 3812 quae
2676 3751 2879 3807 atoma,
2912 3741 2962 3794 id
2994 3748 3075 3794 est
3114 3738 3385 3793 individua
3419 3737 3692 3797 dicuntur,
3718 3729 3816 3821 uni-

594 3836 833 3906 undique
877 3819 1223 3891 collocantur.
1256 3836 1659 3908 Categoriarum
1699 3837 1864 3907 igitur
1903 3836 2168 3907 quaedam
2268 3833 2548 3889 versaliter
2592 3832 2916 3904 proprieque
2973 3830 3316 3887 continetur?
3366 3830 3510 3884 Dtsc.
3568 3826 3650 3881 Nil
3692 3819 3810 3877 aliud

600 3926 741 3983 circa
789 3928 966 3986 οὐσίαν
1024 3924 1431 3997 praedicantur,
1487 3941 1625 3997 quae
1676 3928 1840 3982 veluti
1889 3933 2167 4004 περιοχαί,

2270 3941 2391 3984 εεεε
2419 3926 2575 3981 video
2606 3927 2669 3990 ",
2709 3926 2762 3979 in
2792 3940 2897 3995 quo
2926 3922 3243 3979 naturaliter
3272 3922 3445 3976 inesse
3473 3920 3620 3975 οὐσία
3656 3912 3814 3987 possit,

601 4020 654 4075 id
701 4028 806 4084 est,
846 4019 1259 4075 circumstantes
1305 4020 1577 4083 dicuntur,
1626 4021 1750 4091 quia
1794 4020 1939 4076 circa
1983 4020 2005 4052 ⁸
2050 4033 2170 4073 eam
2271 4018 2377 4072 nisi
2403 4019 2454 4072 in
2484 4017 2770 4088 generibus
2797 4025 2851 4069 et
2870 4015 3177 4085 speciebus,
3205 4027 3235 4065 a
3262 4026 3474 4067 summo
3499 4024 3668 4078 usque
3690 4006 3818 4060 deor-

602 4112 962 4184 inspiciuntur
986 4127 1143 4179 esse;
1174 4115 1436 4182 quaedam
1468 4128 1597 4169 vero
1633 4114 1687 4168 in
1720 4114 1832 4182 ipsa
1861 4122 2005 4179 sunt,
2036 4127 2172 4183 quae
2273 4124 2391 4165 sum
2422 4107 2888 4170 descendentibus,
2922 4107 3025 4160 hoc
3045 4113 3145 4168 est,
3179 4119 3208 4158 a
3238 4099 3656 4174 generalissimis
3678 4106 3818 4192 usqtte

596 4220 627 4260 a
648 4204 869 4261 Graecis
881 4206 1290 4278 συμϐάματα,ίά
1315 4214 1397 4262 est
1421 4205 1717 4262 accidentia
1741 4214 2017 4269 vocantur,
2042 4220 2174 4275 qua-
2276 4200 2341 4254 ad
2369 4196 2775 4268 specialissima,
2810 4196 2861 4250 id
2886 4204 2987 4259 est,
3016 4192 3317 4258 individua;
3352 4207 3444 4246 seu
3478 4189 3815 4279 recijirocatitll

597 4293 743 4360 litas,
779 4271 992 4361 relatio,
1023 4271 1265 4361 habitus,
1295 4310 1473 4367 agere,
1495 4296 1629 4365 pati.
1662 4294 1808 4363 Quae
1828 4296 1992 4351 etiam
2020 4271 2175 4352 estra
2252 4279 2488 4346 sursum
2515 4302 2703 4342 versus
2724 4287 2791 4340 ab
2821 4283 3110 4340 individuis
3134 4282 3201 4336 ad
3224 4278 3649 4353 generalissima-
3679 4275 3729 4367 Ῑη
3747 4271 3816 4367 his

603 4400 723 4440 eam
776 4386 828 4438 in
876 4386 996 4440 aliis
1023 4387 1309 4457 categoriis
1348 4376 1738 4456 intclliguntur,
1789 4386 1934 4441 verbi
1980 4387 2172 4459 gratia,
2275 4381 2417 4435 enim
2463 4378 2625 4434 veluti
2666 4377 3002 4433 naturalibus
3044 4373 3288 4446 partibus
3330 4367 3648 4463 universalis
3695 4361 3816 4463 obtriti

601 4477 834 4545 qualitas
880 4477 934 4533 in
977 4450 1307 4546 quantitate,
1364 4487 1424 4531 ut
1471 4450 1619 4532 co‘lor
1650 4478 1702 4532 in
1725 4450 2008 4545 corpore:
2043 4450 2172 4531 [teni
2201 4534 2247 4546 ,λ
2278 4468 2541 4524 subsistit.
2576 4467 2716 4522 MAG.
2745 4466 3026 4537 Ingredere
3053 4479 3182 4535 ergo
3214 4464 3282 4518 ad
3325 4471 3521 4517 cetera.
3557 4457 3688 4512 Num
3715 4450 3813 4508 alibi

602 4565 834 4637 qualitas
849 4567 900 4620 in
922 4569 1089 4643 οὐσίᾳ,
1104 4575 1162 4621 ut
1182 4568 1238 4621 in
1275 4567 1297 4599 ⁸
1316 4568 1599 4638 generibus
1623 4568 1956 4624 iuvisibilitas
1974 4569 2173 4622 incom-

2223 4535 2254 4593 )
2276 4561 2490 4616 videtur
2528 4559 2624 4614 tibi
2661 4574 2781 4614 esse
2812 4534 3131 4626 quantitatis
3162 4554 3495 4625 proprietas,
3536 4549 3637 4605 nisi
3669 4549 3714 4602 in
3740 4558 3814 4642 nu.

604 4639 1157 4729 prebensibilitasque.
1193 4658 1324 4713 ltem
1350 4658 1371 4690 '
1398 4658 1588 4713 relatio
1610 4667 1761 4713 extra
1790 4662 1986 4724 οὐσίαν,
2025 4667 2179 4729 pater
2280 4668 2430 4708 mero
2478 4653 2730 4722 partium.
2775 4650 3067 4720 SpaliiSttlle
3107 4647 3173 4711 ¹⁸ι
3215 4654 3377 4714 atque
3420 4639 3700 4701 mensuris,
3730 4639 3817 4688 Si"

606 4750 677 4804 ad
709 4748 1053 4814 tilium,ﬁlius
1088 4749 1155 4804 ad
1185 4749 1549 4821 patrem.Non
1570 4752 1709 4806 enim
1736 4758 1940 4807 suntex
1958 4759 2175 4816 natura,
2279 4745 2400 4801 illae
2429 4752 2608 4816 partes
2655 4742 2941 4797 continuae
2981 4738 3109 4803 sint,
3143 4745 3203 4791 ut
3241 4733 3679 4827 suntglinearum,

610 4839 703 4894 sed
756 4839 1032 4894 accidente
1079 4818 1361 4910 corporum
1418 4840 1751 4911 corruptibili
1811 4840 2174 4911 generatione.
2277 4853 2491 4910 porum,
2557 4843 3001 4902 ceterorumque,
3058 4840 3196 4900 quae
3244 4824 3496 4882 continua
3558 4818 3818 4912 quantitate

612 4930 885 5000 Siquidem
916 4941 1069 5001 pater
1112 4948 1214 4987 non
1266 4944 1491 4989 naturae
1524 4936 1546 4968 ⁸
1573 4934 1665 4990 lilii
1694 4944 1849 5004 pater
1878 4944 1979 5002 est,
2004 4950 2179 5006 neque
2280 4930 2658 4991 continentur;
2700 4926 2813 4981 sive
2857 4930 3170 4993 segregatas
3215 4918 3347 4982 sint,
3390 4914 3554 4971 certis
3590 4901 3817 5006 naturali-

612 5023 750 5080 ﬁlius
782 5032 1006 5078 naturae
1054 5027 1074 5058 ⁹
1114 5026 1283 5095 patris
1337 5026 1477 5082 ﬁlius
1515 5026 1833 5087 est.,Unius
1871 5029 2015 5083 enim
2040 5004 2180 5098 ejus-
2287 5023 2492 5091 busque
2545 5018 2740 5073 ﬁnibus
2791 5015 3076 5079 discretae,
3129 5019 3190 5066 ut
3236 5016 3360 5065 sunt
3406 5004 3637 5069 numeri.

611 5116 839 5187 demque
882 5091 1273 5173 naturae—sunt
1310 5126 1463 5188 pater
1500 5126 1554 5174 et
1587 5118 1766 5184 ﬁlius;
1800 5119 1943 5173 nulla
1999 5091 2178 5173 autem

2285 5111 2460 5167 omnis
2519 5105 2846 5171 multitudo,
2913 5104 2967 5158 in
3027 5100 3222 5173 quibus
3285 5098 3519 5153 discreta
3582 5091 3816 5188 quantitas

611 5179 802 5261 natura
832 5206 1061 5277 seipsam
1088 5207 1277 5277 gignit,
1304 5179 1397 5261 aut
1424 5220 1456 5260 a
1496 5207 1671 5276 seipsa
1699 5179 1951 5278 gignitur.
1982 5207 2041 5261 In
2066 5206 2182 5277 ipsa
2287 5206 2537 5256 constare
2573 5195 2921 5252 manifestum
2964 5192 3090 5248 est?
3125 5191 3271 5245 Drsc.
3313 5187 3380 5242 Et
3415 5186 3518 5240 hoc
3559 5179 3817 5281 luculenta!

611 5312 741 5354 vero
764 5298 807 5330 ‘°
832 5271 983 5356 οὐᾷἰα
1012 5271 1199 5355 relatio
1226 5307 1330 5364 est,
1373 5313 1494 5355 eum
1531 5271 1793 5371 genus'ad
1835 5298 2068 5368 speciem
2089 5271 2188 5352 ’τε-ι
2290 5301 2531 5364 apparet.
2570 5289 2709 5345 MAG.
2751 5287 2890 5343 Num
2928 5295 2985 5343 et
3035 5299 3121 5351 ea,
3166 5295 3307 5354 quae
3346 5284 3572 5335 vocatur
3593 5271 3814 5345 qualitas-

1866 5426 2119 5482 VARIAE
2153 5422 2557 5481 LECTIONES.

695 5549 714 5582 ¹
734 5557 808 5604 est
835 5547 1025 5603 om.D.
1080 5547 1100 5577 ³
1123 5544 1167 5599 Α
1189 5555 1238 5600 et
1265 5542 1513 5599 secunda.
1590 5540 1611 5573 ³
1638 5539 1728 5597 Sic
1748 5539 1912 5605 CDE;
1940 5541 1986 5595 A
2012 5541 2135 5596 Non
2163 5541 2300 5595 enim
2326 5536 2472 5591 aliud
2494 5542 2588 5591 est.
2665 5534 2687 5566 ⁸
2723 5534 2767 5588 Α
2789 5533 3052 5587 dicuntur.
3071 5600 3107 5605 __
3127 5528 3149 5562 '
3184 5527 3226 5582 Α
3253 5525 3468 5605 circum.
3506 5518 3567 5605 η’
3579 5504 3813 5605 ξιξᾲοξξιάξρ

697 5574 714 5582 ·
734 5574 806 5604 eu
835 5574 1025 5603 υιιι.υ.
1080 5574 1099 5577 -
1123 5574 1167 5599 n
1189 5574 1236 5600 ct
1265 5574 1513 5625 0601‘".qu
1639 5574 1728 5597 υιυ
1748 5574 1880 5598 ννιυ
1898 5583 1912 5605 ,
1940 5574 1986 5595 ιι
2012 5574 2135 5622 ηυνξ
2163 5574 2300 5595 cru".
2326 5574 2469 5591 unm-
2494 5574 2588 5591 ναι·
2723 5574 2767 5588 ιι
2789 5574 3020 5587 "nm-"~-
3038 5574 3052 5585 υ
3184 5574 3226 5582 --
3256 5574 3315 5617 ’νῇ
3334 5574 3390 5609 '5‘
3506 5591 3549 5622 η
3620 5588 3631 5599 .

615 5618 645 5694 '_
664 5620 756 5694 Sic
774 5619 905 5694 (PDE
921 5636 935 5679 ι
954 5619 995 5671 Α
1017 5620 1255 5694 ίξςπιςιιιε·
1330 5616 1352 5645 ⁸
1373 5612 1462 5667 διο
1485 5610 1659 5694 CDE}.
1677 5614 1949 5694 Matris:
2023 5614 2043 5694 ῗ
2074 5611 2164 5665 διε
2182 5609 2344 5694 δυνΞὲ
2368 5608 2641 5694 ἑέτίέττέντέ·
2667 5684 2697 5694 ί.
2721 5604 2990 5694 9&9’99;
3019 5600 3110 5694 ρῖῘ
3133 5588 3666 5694 Ξξξὲ¹ἶ’λ⁰;,.,-ηῗὲῗ
3741 5613 3817 5694 uti

1019 5665 1254 5740 ’λῖᾭίἷέ
1282 5665 1545 5738 nutrieras.
1622 5665 1665 5713 ίδ
1683 5665 1794 5740 Sic
1821 5665 1984 5751 CDE;
2013 5682 2060 5738 A
2085 5697 2254 5737 verae.
2289 5665 2343 5712 ιδ’
2368 5677 2455 5732 CE
2483 5676 2619 5732 Nam
2649 5684 2697 5731 et
2724 5691 2858 5730 cum.
2907 5665 2984 5705 ’³³
3019 5671 3109 5727 Sic
3133 5668 3297 5733 CDE;
3327 5665 3371 5720 Λ
3396 5670 3675 5718 catenatas.

622 5761 766 5817 video
790 5775 919 5815 esse.
996 5760 1041 5793 “
1079 5756 1171 5814 Sic
1194 5754 1356 5820 CDE;
1387 5754 1432 5809 Α
1459 5753 1663 5826 spatiis.
