4028 6280
245 378 383 437 475

1130 375 1218 431 DE
1254 376 1590 433 DIVISIONE
1624 375 1970 434 NATUBAE.
2007 404 2082 418 —
2115 375 2321 432 LIBER
2353 375 2629 436 PRIMUS.

3270 126 3379 220 νη

3413 383 3522 445 4⁷14

248 490 547 563 propriam
579 490 759 545 sedem
799 492 1028 558 obtinet,
1064 494 1170 551 nisi
1216 497 1269 550 in
1308 491 1494 567 ﬁguris
1527 506 1582 553 et
1619 496 1846 568 superﬁ-
1873 501 1924 558 Α
1951 496 2070 565 quis
2099 496 2165 550 de
2194 497 2376 551 animo
2409 497 2532 551 talia
2562 496 2775 561 dixerit,
2810 497 2882 553 nil
2904 498 3044 554 aliud
3071 500 3339 558 videbitur
3367 502 3525 561 intel-

247 582 481 645 ciebus,
517 580 631 635 sive
676 580 729 634 in
760 583 1093 640 naturalibus
1122 587 1460 657 corporibus,
1504 603 1597 642 seu
1626 588 1680 641 in
1725 602 1852 658 geo-

250 671 535 736 metricis,
564 678 622 724 ut
645 680 769 726 sunt
790 673 1001 742 planae,
1034 675 1348 746 triangulae,
1372 678 1686 747 quadratae,
1715 678 1849 732 mul-

255 762 527 834 ligonae,
580 764 878 830 rotundae,
934 765 1103 821 solida
1148 753 1309 821 etiam
1357 768 1411 822 in
1455 768 1759 840 superﬁcie,
1791 778 1850 823 ut

260 864 401 909 sunt
425 854 636 920 cubica,
667 855 854 911 conica
873 895 888 921 ,
917 858 1165 927 splierica
1187 858 1210 911 ἵ)
1236 857 1368 913 Nam
1401 860 1569 915 solida
1600 874 1844 929 corpora,

251 944 382 999 sive
426 946 717 1011 naturalia,
760 946 874 1001 sive
910 949 1265 1017 geometrica,
1310 962 1571 1019 quantum
1624 951 1849 1007 interius

254 1036 700 1103 considerantur,
747 1045 966 1106 propter
1005 1038 1106 1093 tria
1138 1040 1348 1110 spatia,
1388 1040 1443 1094 in
1479 1040 1673 1110 quibus
1700 1051 1844 1106 sunt,

253 1126 657 1199 longitudinem
697 1129 850 1193 dico,
889 1128 1226 1186 latitudinem
1274 1141 1329 1187 et
1367 1133 1383 1163 ¹
1420 1132 1757 1187 altitudinem
1803 1138 1845 1200 ⁸,

258 1220 333 1273 ad
362 1221 718 1289 quantitatem
748 1221 1083 1291 applicantur
1114 1240 1127 1276 :
1153 1224 1275 1278 dum
1303 1239 1430 1279 vero
1466 1224 1487 1256 ³
1533 1225 1847 1296 superficies

260 1327 459 1367 eorum
521 1313 863 1383 perspicitur,
916 1313 1162 1383 qualitati
1226 1313 1542 1385 junguntur.
1607 1316 1739 1370 Item
1790 1314 1845 1369 in

259 1387 433 1461 rebus
494 1405 964 1476 incorporalibus,
1028 1422 1207 1462 nonne
1274 1409 1568 1463 maximum
1641 1408 1847 1463 obtinet

255 1496 445 1554 locum
462 1539 479 1566 ,
515 1514 638 1555 cum
663 1514 853 1554 omnes
872 1499 1208 1569 disciplinae,
1239 1516 1429 1557 omnes
1454 1502 1699 1567 virtutes,
1729 1501 1845 1557 sive

257 1591 617 1647 rationabiles
647 1591 777 1657 sint,
808 1607 901 1646 seu
946 1591 1360 1671 irrationabiles,
1396 1593 1632 1648 nondum
1666 1603 1843 1647 tamen

256 1681 332 1737 ad
361 1682 754 1739 immutabilem
777 1684 972 1738 mentis
993 1692 1193 1739 statum
1218 1685 1611 1755 pervenientes,
1639 1688 1841 1740 adeam

258 1772 611 1829 refcrantur?
666 1774 817 1830 DISC.
852 1774 1138 1845 Ingredere
1187 1776 1254 1830 ad
1296 1792 1380 1841 ea,
1414 1792 1552 1847 quae
1600 1785 1839 1843 restant;

1949 586 2135 658 ligere,
2160 588 2259 642 nisi
2282 589 2424 658 quod
2450 596 2545 647 aut
2562 589 2738 644 adhuc
2759 589 2812 644 in
2839 591 3179 660 passionibns
3201 593 3519 650 delictorum

1941 674 2138 745 jaceat,
2160 688 2253 733 aut
2272 679 2664 749 quodammodo
2688 694 2781 735 eas
2803 681 3054 736 deserere
3078 692 3303 739 conetur
3334 686 3397 752 “,
3430 696 3524 743 aut

1948 766 2187 836 perfecte
2207 767 2261 822 in
2288 768 2516 823 virtutes
2537 768 2794 839 erigatur.
2829 769 2972 826 Disc.
3006 771 3072 825 Et
3099 772 3202 828 hoc
3228 774 3294 829 ad
3319 774 3520 830 intelli-

1946 860 2179 929 gendum
2230 876 2337 915 non
2368 864 2500 916 adeo
2542 860 2754 939 difﬁcile
2795 862 3027 918 videtur.
3082 863 3342 935 Sequere,
3383 884 3522 938 quae

1947 962 2176 1009 restant.
2209 954 2347 1010 MAG.
2384 953 2610 1011 Habitus
2639 964 2830 1022 restat,
2872 965 2932 1011 ut
2963 958 3207 1013 aestimo.
3234 958 3335 1025 Qui
3366 975 3525 1031 aper-

1949 1045 2155 1100 tissime
2184 1045 2237 1099 in
2263 1046 2522 1101 virtutum
2552 1061 2645 1102 seu
2677 1048 2930 1103 vitiorum
2961 1033 3126 1103 certis
3161 1050 3523 1119 possessioni-

1946 1137 2048 1193 bus
2078 1136 2394 1207 inspicitur.
2452 1138 2641 1194 Omnis
2690 1140 2833 1195 enim
2885 1140 3194 1209 disciplina,
3249 1142 3351 1197 hoc
3400 1150 3521 1213 est,

1946 1227 2123 1281 omnis
2158 1227 2493 1282 rationabilis
2544 1228 2706 1282 animi
2752 1237 2929 1283 motus
2973 1238 3065 1283 aut
3112 1230 3520 1299 irrationabilis,

1946 1316 2072 1370 dum
2104 1316 2168 1371 ad
2197 1326 2403 1371 certum
2425 1325 2625 1372 statum
2646 1319 2975 1388 pervenerit,
3008 1320 3081 1374 ita
3112 1329 3173 1375 ut
3198 1321 3343 1376 nullo
3362 1323 3520 1379 modo

1947 1407 2016 1461 ab
2062 1422 2128 1462 eo
2178 1407 2286 1462 ulla
2337 1409 2623 1464 occasione
2676 1411 2883 1465 moveri
2931 1411 3121 1482 possit,
3168 1414 3262 1468 sed
3311 1428 3525 1484 semper

1947 1498 2126 1553 animo
2151 1499 2441 1554 adhaereat
2478 1500 2540 1565 ³⁸,
2579 1509 2639 1554 ut
2663 1516 2825 1555 unum
2851 1501 2903 1556 id
2942 1502 3224 1574 ipsumque
3250 1504 3299 1559 ei
3328 1520 3447 1560 esse
3478 1504 3522 1536 ¹³

1944 1588 2273 1654 videatur”,
2290 1590 2504 1645 habitus
2524 1590 2739 1646 dicitur.
2758 1593 2837 1648 Ac
2850 1608 2946 1662 per
2967 1594 3069 1649 boc
3083 1597 3259 1652 omnis
3284 1596 3523 1667 perfecta

1944 1679 2118 1735 virtus
2143 1681 2323 1735 animo
2347 1681 2780 1751 inseparabiliter
2801 1684 3122 1750 adhaerens,
3154 1702 3281 1742 vere
3301 1702 3365 1743 ac
3393 1704 3521 1758 pro-

1922 1770 2062 1840 prie
2098 1770 2315 1825 habitus
2357 1771 2681 1841 appellatur.
2728 1772 2958 1830 Proinde
3009 1777 3061 1830 in
3099 1778 3435 1847 corporibus,
3467 1778 3519 1831 in

258 1864 401 1919 haec
431 1864 573 1920 enim
623 1864 784 1936 plane
833 1864 1006 1929 video,
1062 1873 1117 1921 et
1159 1866 1238 1921 sic
1286 1882 1344 1921 se
1389 1866 1587 1921 habere
1639 1882 1841 1921 assero.
1876 1862 1920 1921 B
1947 1862 2140 1932 quibus
2161 1862 2236 1915 nil
2256 1862 2807 1920 stabilevideturesse
2834 1866 3010 1931 “,aut
3029 1867 3118 1921 vix
3136 1876 3228 1920 aut
3248 1882 3518 1936 nunquam

256 1954 407 2011 llas.
444 1955 579 2011 Num
608 1965 663 2012 et
688 1974 779 2023 ea,
809 1973 951 2028 quae
992 1974 1022 2011 a
1051 1958 1273 2014 Graecis
1302 1959 1499 2013 dicitur
1538 1961 1666 2035 πρός
1706 1983 1778 2026 τι,
1808 1976 1840 2014 a

260 2048 427 2102 nobis
458 2063 588 2103 vero
618 2048 685 2102 ad
717 2047 939 2119 aliquid,
968 2049 1050 2104 vel
1084 2049 1291 2114 relatio,
1324 2050 1485 2104 alium
1511 2050 1687 2106 locum
1714 2066 1841 2120 pro-

256 2138 381 2207 prie
414 2139 465 2193 in
494 2149 686 2193 natura
710 2156 889 2195 rerum
918 2140 1174 2211 possidet,
1203 2142 1304 2196 nisi
1329 2142 1381 2195 in
1406 2143 1841 2212 proportionibus

260 2243 445 2282 rerum
476 2245 569 2285 seu
600 2246 966 2297 numerorum,
1032 2233 1193 2302 inque
1231 2233 1254 2264 ⁸
1293 2234 1584 2305 reciprocis
1628 2250 1835 2303 eorum,

258 2334 405 2389 quae
434 2320 500 2373 ad
528 2336 586 2375 se
619 2320 846 2376 invicem
890 2322 1203 2393 respiciunt,
1234 2326 1677 2382 conversionibus
1699 2328 1839 2383 inse-

257 2414 614 2484 parabilibus,
673 2416 744 2470 ita
797 2426 854 2471 ut
905 2417 944 2484 ¹⁵,
990 2420 1131 2489 quod
1178 2436 1342 2474 unum
1391 2420 1605 2488 dicitur,
1651 2438 1756 2476 non
1806 2438 1839 2476 a

252 2508 464 2579 Seipso,
494 2510 590 2565 sed
635 2511 703 2565 ab
743 2512 937 2579 altero,
982 2514 1124 2583 quod
1178 2515 1231 2570 ei
1259 2516 1564 2586 opponitur,
1596 2517 1839 2588 accipere

256 2597 633 2668 intelligatur?
675 2600 840 2671 Cujus
872 2602 1224 2661 inconcussae
1257 2607 1525 2663 amicitiae
1570 2609 1840 2677 insepara-

253 2686 492 2759 bilisque
545 2692 768 2761 capulae
815 2696 1058 2765 exempla
1092 2705 1218 2751 sunt
1261 2697 1582 2767 multiplices
1625 2701 1836 2756 numeri

256 2778 407 2835 inter
452 2796 512 2837 se
541 2782 771 2838 invicem
814 2786 1069 2855 copulati,
1121 2788 1288 2857 dupli,
1336 2789 1502 2859 tripli,
1530 2790 1834 2860 quadrupli,

257 2877 539 2946 ceterique
577 2878 630 2931 id
675 2895 848 2949 genus
882 2881 937 2936 in
972 2881 1270 2948 inﬁnitum;
1308 2883 1432 2939 item
1462 2885 1834 2954 particulares,

256 2974 320 3020 ut
360 2975 487 3021 sunt
531 2968 916 3038 ‘sesqualteri,
979 2973 1330 3042 sesquitertii,
1376 2976 1739 3045 sesquiquarti
1787 2978 1831 3041 ",

255 3057 535 3126 ceterique
561 3056 885 3127 bujusmodi.
918 3060 974 3114 In
1008 3061 1201 3130 quibus
1244 3063 1492 3118 omnibus
1521 3080 1625 3119 non
1664 3064 1833 3119 solum

256 3145 456 3215 integri
486 3151 693 3202 numeri
737 3151 805 3204 ad
844 3165 903 3205 se
932 3150 1162 3207 invicem
1205 3155 1496 3224 comparati
1526 3156 1831 3225 proportio-

1942 1954 2158 2024 pr0prie
2181 1954 2397 2009 habitus
2425 1955 2468 1986 ¹⁶
2494 1956 2786 2011 invenitur.
2819 1959 2970 2025 Quod
2999 1960 3143 2014 enim
3171 1975 3385 2029 semper
3412 1975 3518 2015 non

1943 2044 2188 2109 habetur,
2224 2046 2472 2115 quamvis
2500 2047 2567 2100 ad
2610 2058 2818 2117 tempus
2854 2048 3038 2105 haberi
3072 2051 3336 2116 videatur,
3381 2052 3517 2106 abu--

1942 2137 2056 2191 sive
2084 2137 2299 2192 habitus
2338 2138 2648 2193 nominatur
2673 2139 2739 2193 1".
2780 2139 2923 2195 Disc.
2966 2139 3150 2196 Tende
3188 2142 3255 2197 ad
3298 2154 3515 2209 cetera;

1938 2226 2043 2283 hoc
2071 2228 2215 2282 enim
2235 2227 2671 2301 verisimile‘esse
2698 2228 2876 2285 nullus
2899 2230 2942 2261 ³⁸
2970 2229 3216 2301 denegat.

2010 2321 2099 2376 27.
2138 2320 2278 2377 Illac.
2320 2320 2498 2375 Locus
2551 2321 2819 2390 sequitur,
2889 2321 3021 2390 qui,
3074 2330 3133 2375 ut
3184 2322 3342 2391 paulo
3394 2331 3518 2375 ante

1940 2418 2192 2483 diximus,
2222 2418 2274 2471 in
2304 2416 2705 2472 deﬁnitionibus
2749 2433 2948 2482 rerum,
2989 2432 3127 2487 quae
3155 2417 3365 2472 deﬁniri
3392 2433 3516 2487 pos-

1940 2520 2088 2576 sunt,
2136 2512 2507 2566 constituitur.
2555 2509 2641 2564 Nil
2679 2509 2824 2564 enim
2874 2510 3019 2565 aliud
3066 2518 3149 2564 est
3190 2509 3370 2573 locus,
3414 2508 3518 2562 nisi

1939 2603 2193 2668 ambitus,
2228 2618 2334 2671 quo
2365 2598 2782 2671 unumquodque
2816 2601 2979 2656 certis
3016 2600 3258 2656 terminis
3298 2598 3514 2655 conclu-

1945 2695 2090 2749 ditur
2127 2693 2192 2746 ιν.
2223 2693 2493 2748 Locorum
2534 2700 2712 2746 autem
2752 2691 2950 2746 multae
2991 2692 3197 2761 species
3242 2701 3397 2757 sunt;
3440 2699 3520 2747 tot

1938 2785 2082 2841 enim
2106 2785 2220 2839 loca
2247 2793 2394 2851 sunt,
2420 2793 2550 2854 quot
2578 2800 2688 2848 res,
2711 2799 2849 2853 quae
2877 2784 3245 2839 circumscribi
3271 2796 3514 2853 possunt,

1938 2876 2051 2931 sive
2072 2874 2399 2944 corporales,
2430 2875 2543 2929 sive
2565 2873 2931 2943 ineorporales
2957 2874 3084 2927 sint.
3127 2873 3286 2927 Verbi
3319 2873 3510 2943 gratia,

1937 2980 2132 3035 corpus
2145 2973 2229 3020 est
2246 2963 2561 3034 compositio
2582 2963 2842 3032 quaedam
2856 2971 3110 3030 quattuor
3128 2961 3515 3016 elementorum

1937 3055 2284 3127 qualitatibus
2312 3055 2380 3118 '°,
2424 3055 2525 3110 sub
2554 3068 2660 3107 una
2699 3053 2928 3121 quadam
2966 3036 3145 3121 specie
3178 3049 3513 3120 conglobata.

1938 3147 2051 3203 Hac
2077 3148 2222 3202 enim
2258 3145 2588 3211 deﬁnitione,
2618 3143 2853 3215 generali
2880 3143 3109 3213 quadam
3134 3141 3511 3213 descriptione,
3552 3122 3565 3157 ³

255 3237 417 3290 nibus
442 3238 667 3293 diversis
691 3239 914 3309 pollent,
953 3242 1046 3297 sed
1072 3242 1235 3297 etiam
1275 3242 1605 3315 singulorum
1643 3261 1830 3301 nume-
1859 3218 1904 3280 (ἶ
1939 3242 2119 3297 omnia
2181 3255 2406 3310 corpora
2432 3280 2446 3304 ,
2498 3252 2637 3308 quae
2688 3236 2912 3291 materie
2958 3236 3002 3266 τί
3043 3250 3108 3290 ac
3162 3234 3336 3289 forma
3384 3250 3512 3290 con-

256 3341 444 3381 rorum
473 3339 656 3398 partes
681 3330 781 3385 sibi
812 3330 1045 3387 invicem
1081 3331 1400 3403 conjunctae
1429 3338 1832 3406 proportionum

258 3418 559 3473 rationibus
590 3420 1023 3490 inseparabiliter
1048 3423 1383 3495 copulantur.
1427 3424 1496 3481 Et
1522 3442 1629 3482 non
1660 3428 1834 3483 solum

261 3510 368 3566 hoc
417 3512 472 3566 in
501 3513 633 3583 ipsis
663 3516 910 3571 terminis
937 3532 1313 3584 numerorum,
1362 3534 1548 3574 verum
1576 3522 1737 3575 etiam
1780 3522 1834 3576 in

258 3605 697 3675 proportionibus
725 3609 1149 3678 proportionum,
1200 3624 1334 3678 quas
1359 3611 1683 3666 arithmetiei
1712 3627 1835 3683 pro-

258 3697 690 3768 portionalitates
730 3701 1015 3770 appellant,
1054 3702 1311 3772 reperies.
1350 3702 1494 3758 DISC.
1544 3703 1673 3759 Illud
1705 3720 1836 3774 quo-

258 3802 365 3858 que
394 3803 499 3843 non
525 3788 731 3860 ignoro.
773 3789 919 3846 Ilaec
942 3791 1086 3846 enim
1112 3792 1309 3848 artium
1337 3792 1526 3863 peritis
1551 3794 1832 3850 notissima

258 3889 403 3935 sunt.

330 3959 471 4025 MAG.
514 3971 653 4039 Quid
680 3973 744 4027 de
779 3973 882 4028 situ
919 3974 1203 4030 dicendum
1230 3975 1350 4031 est?
1386 3974 1573 4030 Nonne
1601 3974 1656 4029 in
1691 3976 1836 4031 ordi-

257 4062 418 4118 nibus
443 4079 623 4118 rerum
656 4066 1011 4133 naturalibus,
1059 4083 1153 4122 seu
1183 4067 1555 4124 artilieialibus
1582 4083 1835 4139 corpora-

256 4150 387 4208 lium
420 4168 515 4208 seu
548 4149 910 4225 spiritualium
940 4159 1320 4228 positionibus,
1348 4161 1624 4230 proprium
1656 4160 1832 4217 locum

254 4246 507 4302 obtinet?
552 4247 683 4302 Cum
714 4251 856 4304 enim
881 4251 1034 4316 dico,
1080 4251 1336 4320 primum,
1377 4254 1693 4319 secundum,
1731 4263 1836 4309 ter-

254 4335 388 4391 tium
408 4377 425 4403 ,
459 4353 525 4392 ac
557 4338 769 4405 deinde,
806 4339 919 4395 sive
941 4341 994 4395 in
1024 4341 1170 4407 totis,
1203 4342 1315 4397 sive
1356 4343 1407 4396 in
1433 4344 1695 4412 partibus,
1723 4345 1836 4399 sive

256 4427 311 4482 in
333 4430 640 4498 generibus,
657 4430 771 4485 sive
798 4431 851 4484 in
874 4430 1172 4501 speciebus,
1190 4446 1366 4487 nonne
1391 4433 1551 4487 situm
1567 4435 1834 4505 quendam

257 4520 595 4589 singulorum
639 4521 955 4577 considero?
1004 4521 1139 4577 Item
1185 4521 1231 4577 si
1274 4523 1633 4588 dextrorsum,
1672 4524 1832 4579 sinis-

255 4619 518 4676 trorsum,
552 4627 789 4677 sursum,
814 4612 1085 4680 deorsum,
1115 4622 1262 4679 ante,
1294 4622 1440 4671 retro
1467 4615 1674 4680 dixero,
1700 4617 1826 4685 quid

255 4701 401 4755 aliud
426 4710 640 4770 praeter
664 4702 984 4771 positionem
1010 4702 1324 4770 quandam,
1346 4704 1461 4758 sive
1505 4704 1829 4773 generaliter

257 4794 424 4849 totius
453 4794 661 4860 mundi,
688 4809 782 4851 seu
810 4795 1041 4864 partium
1067 4793 1182 4863 ejus
1200 4795 1551 4851 demonstro?
1580 4795 1714 4850 Nam
1739 4797 1829 4865 qui

257 4887 389 4942 dicit
410 4888 475 4941 de
500 4887 680 4957 aliquo
698 4903 944 4958 corpore,
970 4885 1135 4955 jacet,
1161 4902 1255 4942 seu
1280 4889 1455 4953 sedet,
1482 4902 1576 4942 seu
1603 4897 1729 4954 stat,
1756 4887 1831 4953 nil

256 4981 404 5035 aliud
447 4981 704 5046 insinuat,
746 4981 848 5035 nisi
899 4988 991 5035 aut
1046 4982 1070 5013 ⁸
1113 4980 1363 5037 deorsum
1402 4982 1691 5047 accumbit,
1740 4990 1833 5035 aut

257 5087 476 5127 sursum
498 5085 687 5127 versus
709 5073 731 5105 ⁵
755 5071 999 5141 erigitur,
1024 5080 1117 5126 aut
1155 5071 1317 5126 veluti
1353 5072 1393 5102 ¹⁰
1415 5072 1646 5142 quodam
1669 5072 1832 5128 libra-

258 5161 407 5219 mine
448 5161 592 5217 inter
621 5176 838 5217 sursum
866 5169 1029 5232 atque
1073 5161 1322 5217 deorsum
1353 5163 1570 5233 pendet.
1609 5162 1744 5219 Item
1784 5163 1831 5218 si

1935 3334 2151 3398 sistunt,
2197 3330 2605 3386 concluduntur.
2643 3327 2775 3383 Item
2825 3326 3046 3398 spiritus
3083 3335 3167 3380 est
3211 3333 3402 3379 natura
3432 3324 3513 3379 in-

1935 3437 2215 3493 corporea,
2263 3421 2436 3475 forma
2468 3435 2564 3490 per
2609 3433 2668 3475 se
2709 3427 2869 3487 atque
2894 3418 2939 3448 ²²
2976 3416 3198 3470 materie
3219 3414 3266 3446 ’³
3296 3430 3508 3470 carens.

1934 3514 2123 3570 Omnis
2146 3512 2290 3567 enim
2320 3511 2564 3581 spiritus,
2603 3511 2716 3565 sive
2745 3508 3078 3564 rationabilis
3104 3508 3216 3562 sive
3258 3505 3503 3561 intellec-

1935 3604 2095 3658 tualis
2124 3602 2214 3667 sit,
2255 3616 2350 3671 per
2385 3616 2443 3655 se
2490 3601 2663 3670 ipsum
2705 3598 2949 3653 informis
2989 3606 3091 3652 est.
3126 3594 3184 3651 Si
3210 3610 3339 3651 vero
3373 3610 3501 3650 con-

1934 3708 2123 3748 versus
2144 3692 2304 3747 fuerit
2332 3693 2400 3746 ad
2429 3705 2646 3746 causam
2671 3705 2847 3755 suam,
2873 3690 2977 3744 hoc
3004 3696 3114 3752 est,
3152 3687 3220 3742 ad
3249 3685 3508 3753 Verbum,

1934 3798 2031 3855 per
2055 3784 2198 3853 quod
2225 3783 2367 3837 facta
2394 3792 2521 3838 sunt
2543 3782 2744 3846 omnia,
2774 3789 2902 3835 tunc
2926 3778 3208 3834 formatur.
3236 3778 3332 3833 Est
3354 3778 3516 3848 igitur

1936 3890 2041 3930 una
2082 3873 2253 3928 forma
2290 3874 2530 3929 omnium
2569 3873 2878 3943 spirituum,
2914 3869 3312 3925 rationabilium
3351 3883 3403 3923 et
3436 3870 3516 3924 in-

1937 3965 2356 4031 tellectualium,
2415 3964 2511 4018 Dei
2558 3962 2816 4017 Verbum.
2851 3960 2907 4014 Si
2958 3975 3084 4016 vero
3131 3959 3514 4014 irrationabilis

1938 4058 2161 4130 spiritus
2187 4057 2278 4122 sit,
2319 4054 2569 4110 similiter
2596 4052 2842 4108 informis
2872 4061 2953 4106 est
2993 4065 3088 4121 per
3115 4050 3371 4119 seipsum,
3399 4048 3512 4103 for-

1936 4159 2117 4207 matur
2169 4159 2349 4203 tamen
2401 4160 2581 4202 rerum
2637 4142 2970 4199 sensibilium
3037 4140 3355 4211 pbantasiis.
3416 4140 3515 4196 Est

1938 4248 2136 4302 iterum
2191 4242 2365 4297 forma
2420 4239 2660 4294 omnium
2725 4236 3010 4305 spirituum
3062 4231 3514 4287 irrationabilium

1937 4334 2222 4411 phantasia
2246 4330 2604 4403 corporalium
2628 4342 2831 4393 rerum,
2849 4326 2904 4381 in
2921 4325 3181 4381 memoria
3203 4336 3387 4379 eorum
3414 4337 3514 4392 per

1939 4429 2251 4501 corporales
2282 4439 2474 4481 sensus
2513 4422 2702 4477 inﬁxa.
2730 4420 2862 4475 Item
2893 4419 2947 4474 in
2979 4415 3275 4487 disciplinis
3319 4415 3511 4471 libera.

1940 4524 2079 4579 libus
2118 4521 2346 4592 plurima
2377 4517 2491 4572 loca
2520 4514 2879 4584 reperiuntur.
2910 4508 3064 4564 Nulla
3109 4508 3252 4564 enim
3294 4522 3382 4562 ars
3410 4516 3510 4573 est,

1935 4630 2074 4686 quae
2117 4611 2231 4667 suis
2258 4608 2391 4663 locis
2441 4614 2646 4669 careat,
2689 4611 2748 4657 ut
2791 4608 2917 4657 sunt
2964 4598 3066 4653 loci
3092 4596 3146 4663 ³⁸,
3167 4597 3452 4663 dialectici,
3482 4612 3513 4650 a

1935 4719 2153 4779 genere,
2200 4718 2231 4755 a
2282 4698 2481 4769 specie,
2522 4712 2551 4750 a
2581 4695 2818 4758 nomine,
2863 4693 2931 4747 ab
2977 4688 3438 4779 antecedentibus,
3478 4704 3512 4779 ra

1936 4778 2408 4863 consequentibus,
2432 4805 2462 4841 a
2486 4784 2788 4850 contrariis,
2816 4782 3089 4868 ceterique
3116 4779 3161 4813 "
3186 4778 3511 4847 liujusmodi,

1937 4887 2005 4940 de
2032 4884 2226 4955 quibus
2262 4896 2409 4936 nunc
2452 4878 2719 4931 disserere
2760 4873 2806 4904 ’³
2853 4872 3068 4942 longum
3098 4878 3199 4926 est.
3232 4868 3387 4923 Nam‘
3404 4879 3512 4922 tam

1938 4981 2046 5035 late
2074 4984 2257 5049 patent
2277 4971 2543 5029 dialectici
2571 4968 2696 5034 loci,
2724 4976 2803 5032 ut,
2831 4966 3184 5033 undecunque
3204 4960 3514 5017 dialecticus

1938 5071 2151 5126 animus
2184 5065 2237 5120 in
2269 5063 2313 5095 ’⁷
2352 5071 2543 5117 natura
2588 5072 2768 5113 rerum
2806 5062 3201 5127 argumentum,
3245 5049 3388 5120 quod
3436 5048 3512 5102 rei

1941 5164 2134 5221 dubiae
2170 5157 2303 5215 facit
2335 5155 2513 5219 ﬁdem,
2545 5149 2829 5222 repererit,
2858 5149 3036 5205 locum
3064 5141 3365 5217 argumenti
3394 5152 3512 5196 esse

1546 5340 1806 5398 VARIAE
1844 5332 2242 5396 LECTIONES.

332 5486 351 5518 ³
393 5495 438 5539 et
465 5500 574 5540 om.
602 5486 668 5540 Α.
741 5486 764 5517 ¹
796 5493 843 5539 et
861 5482 1189 5539 altitudinem
1210 5500 1319 5541 om.
1352 5485 1417 5539 D.
1493 5484 1516 5515 ⁸
1547 5483 1593 5537 Α
1614 5491 1807 5536 autem.
1882 5478 1964 5534 ‘A
1990 5487 2162 5549 atque.
2239 5472 2264 5504 ⁸
2295 5478 2352 5525 ut
2378 5481 2488 5524 om.
2516 5460 2583 5515 A-

332 5558 434 5607 arti
468 5572 577 5607 om.
610 5557 674 5607 ι).
731 5556 754 5587 ³
780 5565 869 5607 aut
894 5570 1003 5607 om.
1042 5554 1106 5607 A.
1181 5557 1202 5588 ’
1232 5572 1408 5607 versus
1449 5569 1559 5607 om.
1589 5554 1655 5607 A.
1734 5552 1778 5582 ¹⁰
1821 5550 1976 5604 veluti
1997 5564 2107 5605 om.
2138 5546 2181 5598 A
2259 5544 2299 5574 “
2334 5541 2377 5594 Ι)
2418 5542 2637 5607 Pone”?

1821 5564 1976 5604 velut:
1997 5564 2107 5604 om.
2138 5564 2181 5598 Λ
2259 5564 2299 5574 ’⁸
2334 5564 2377 5594 υ
2418 5564 2657 5604 paramur.

258 5558 434 5625 quarti
468 5572 577 5611 om.
610 5557 674 5610 Ι).
731 5556 754 5587 ⁸
780 5565 869 5609 aut
894 5570 1003 5609 om.
1042 5554 1106 5625 AN.
1181 5557 1202 5588 ⁹
1232 5572 1408 5611 versus
1449 5569 1559 5611 om.
1589 5554 1655 5607 A.

261 5624 370 5698 om.
397 5624 458 5681 ϐ.
536 5625 580 5656 ιδ
599 5626 647 5680 Α
674 5628 723 5680 ei
748 5626 1008 5698 videtur.__
1044 5624 1205 5698 ‘_'__AD
1228 5643 1336 5698 esse
1364 5626 1583 5698 videtur.

263 5696 440 5750 nullus
484 5712 593 5750 esse
648 5692 895 5766 denegat.
972 5694 1014 5727 ¹⁹
1055 5692 1147 5750 Sic
1185 5697 1348 5763 ADE;
1397 5694 1768 5766 Cincjluditur.

263 5766 308 5797 "
345 5767 562 5820 materie
605 5783 666 5819 ac
701 5768 870 5836 [arma
892 5774 1135 5836 —atque
1164 5783 1273 5824 om.
1308 5769 1368 5822 υ.

263 5852 383 5906 que.
457 5835 503 5867 “
538 5836 581 5890 D
608 5835 798 5893 dicere.
874 5836 917 5867 ³⁷
946 5835 990 5889 Α
1016 5853 1049 5888 a

1661 5621 1705 5654 ¹⁶
1741 5621 1782 5675 Α
1808 5621 2014 5674 habitus
2042 5615 2266 5688 proprie.
2346 5615 2386 5641 ¹’¹
2426 5615 2467 5660 (Σ
2492 5615 2861 5677 ηοηιιηᾳυιιξιτ.
2939 5615 2983 5625 ’ν
3018 5615 3062 5645 ιι
3094 5615 3380 5647 vcrlsluutc
3406 5615 3510 5670 esse

1665 5704 1768 5747 tur.
1845 5691 1891 5722 ²⁰
1933 5689 2024 5743 Sic
2071 5685 2238 5750 CDE;
2290 5681 2335 5737 Α
2390 5693 2507 5750 sunt
2552 5662 3510 5750 qualt‘taubps‘.“A'juajex‘uiat‘erm.

1446 5765 1489 5797 ”
1531 5764 1573 5819 A
1604 5763 1842 5827 materia,
1884 5758 1930 5814 Ι)
1972 5757 2240 5812 materiae.

2660 5454 2682 5487 ⁶
2702 5452 2793 5509 Sic
2820 5450 2983 5517 CDE;
3008 5450 3049 5504 A
3076 5451 3202 5506 sint.
3277 5450 3297 5482 ⁷
3318 5450 3515 5521 sesqui-

2731 5525 2775 5555 “
2812 5522 2945 5579 (ΖΒΕ
2977 5521 3243 5576 adhaeret.
3331 5520 3376 5552 ¹³
3404 5520 3514 5574 esse

2346 5589 2386 5641 ῖτ
2418 5589 2469 5660 ’0
2492 5595 2861 5660 nominabitur.
2939 5593 2984 5625 ³⁸
3018 5591 3062 5645 A
3091 5589 3380 5647 verisimile
3406 5607 3514 5644 esse

2317 5730 2362 5782 ἱι
2394 5730 2502 5803 ﬁci
2529 5730 2637 5800 οἰιι,
2676 5737 2738 5790 I).
2814 5734 2858 5766 ³⁸
2899 5734 2990 5788 Sic
3015 5732 3180 5798 UBE;
3223 5730 3271 5784 Α
3311 5730 3514 5785 ceteris-
