4028 6280
2898 250 2965 319 ν

496 353 608 409 ιτδ
1858 342 2099 404 ιοΑΝΝι

2199 340 2380 403 SCOTI
3652 349 3779 406 476

496 465 788 531 describat,
819 478 913 520 seu
961 462 1269 535 argumenti
1315 460 1522 516 sedem.
1557 457 1826 514 Similiter
1876 460 1931 513 in
1960 457 2081 514 aliis
2105 468 2155 526 Α
2183 459 2447 522 coeuntia,
2489 468 2903 530 componuntur,
2931 461 3095 533 inque
3122 477 3216 520 eas
3241 464 3439 522 iterum
3475 471 3781 527 resolutio.

495 560 704 614 artibus
746 558 1016 627 reperies;
1059 569 1200 626 quae
1243 553 1355 609 suis
1394 552 1551 618 locis,
1594 552 1646 607 id
1693 560 1799 617 est,
1845 551 2081 621 propriis

495 649 895 707 definitionibus
908 647 1239 702 ambiuntur.
1258 646 1498 711 Quarum
1517 642 1762 714 exempla
1781 653 1906 698 sunt
1924 644 2075 697 haec.

494 739 854 798 GRAIIATICA
873 748 957 793 est
976 735 1200 790 articula
1208 743 1294 789 tae
1310 733 1456 789 vocis
1474 744 1657 788 custos
1672 742 1727 787 et
1746 731 2079 787 moderatrix

496 833 776 903 disciplina
801 831 841 884 ¹.
873 830 1192 884 Rumone;
1220 835 1303 882 est
1353 826 1556 880 ﬁnitam
1581 839 1799 879 causam
1824 838 2076 894 persona,

496 923 723 980 materia
761 924 804 988 ',
830 921 1137 985 occasione,
1161 917 1441 987 qualitate,
1463 916 1605 982 loco,
1628 926 1890 986 tempore.
1911 913 2082 969 facul-

498 1026 607 1075 tate
621 1016 915 1072 discutiens
929 1013 1143 1083 copiose
1163 1020 1323 1081 atque
1357 1017 1546 1065 ornate
1575 1007 1597 1039 ⁸
1625 1007 1935 1078 disciplina;
1959 1008 2083 1062 bre-

496 1110 744 1178 viterque
777 1105 800 1137 ‘
825 1105 1034 1162 deﬁniri
1059 1113 1236 1176 potest
1262 1142 1278 1168 ,
1306 1116 1607 1157 ιιιιετοιιιωι
1628 1109 1714 1155 est
1736 1099 1920 1154 ﬁnitae
1948 1114 2080 1154 cau-

498 1215 592 1258 sae
657 1207 864 1269 septem
903 1196 1174 1267 periochis
1216 1208 1379 1265 sagax
1431 1202 1487 1248 et
1531 1192 1745 1261 copiosa
1777 1190 2080 1260 disciplina.

501 1296 825 1350 Duwcrtcs
880 1299 964 1346 est
1014 1286 1380 1345 communium
1436 1284 1601 1340 animi
1671 1282 2082 1351 conceptionum

500 1382 898 1441 rationabilium
952 1381 1181 1453 diligens
1238 1376 1725 1446 investigatrixque
1779 1373 2080 1443 disciplina.

498 1481 877 1537 ANTHIETICA
949 1485 1033 1533 est
1126 1490 1475 1531 numerorum
1545 1468 2086 1540 contemplationlhus

500 1574 663 1629 animi
690 1572 713 1605 ⁸
769 1570 1234 1627 succumbentiutn
1280 1577 1399 1622 rata
1446 1566 1873 1632 lntemerataque
1917 1560 2085 1617 disci-

500 1670 666 1742 plina.
691 1668 1009 1725 Geottrzrtus
1033 1674 1117 1721 est
1137 1663 1421 1734 planarum
1448 1660 1745 1732 ﬁgurarum
1769 1656 2086 1713 solidarum-

501 1777 608 1833 que
656 1762 827 1833 spatia
858 1758 1278 1831 superﬁciesque
1308 1755 1486 1827 sagaci
1514 1755 1711 1810 mentis
1742 1752 1939 1809 intuitu
1958 1766 2086 1806 con-

2180 550 2264 605 nis
2301 558 2539 621 tempore
2570 551 2814 608 redeunt.

2250 640 2340 699 30.
2373 641 2443 697 Ut
2464 644 2607 698 enim
2636 636 2864 731 "_totus
2906 647 3010 704 iste
3052 634 3279 707 mundus
3307 653 3561 710 sensibus
3589 672 3781 731 appa-

2182 749 2308 789 rens
2347 735 2563 791 assiduo
2612 724 2758 793 motu
2793 740 2935 795 circa
2985 756 3138 797 suum
3178 745 3455 803 cardinem
3504 724 3780 818 volvitur,

2181 827 2327 883 circa
2357 835 2559 883 terram
2587 831 2740 896 dico,
2770 832 2913 887 circa
2940 832 3103 904 quam
3133 837 3295 892 veluti
3328 841 3601 909 quoddam
3632 860 3782 899 cen-

2186 927 2326 973 trum
2350 928 2531 975 cetera
2555 919 2659 976 tria
2677 921 2962 989 elementa,
2986 940 3128 995 aqua
3157 929 3423 995 videlicet,
3448 946 3564 997 aer,
3597 934 3776 1002 ignis,

2182 1010 2491 1067 incessabili
2539 1021 2714 1068 rotatu
2766 1014 3068 1083 volvuntur,
3122 1018 3196 1074 ita
3245 1021 3498 1077 invisibili
3534 1036 3695 1080 motu
3732 1026 3775 1057 ιε

2182 1109 2301 1165 sine
2321 1110 2424 1164 ulla
2463 1111 2863 1169 intermissione
2881 1115 3203 1172 universalia
3243 1127 3784 1190 corpora,quattuor

2183 1202 2452 1259 elementa
2481 1203 2602 1260 dico
2625 1205 2689 1273 “,
2714 1206 2769 1261 in
2800 1222 2859 1262 se
2878 1208 3106 1263 invicem
3136 1212 3403 1278 coeuntia,
3429 1214 3779 1286 singularum

2184 1312 2363 1352 rerum
2392 1298 2437 1329 ²⁶
2472 1299 2688 1370 propria
2716 1314 2942 1370 corpora
2967 1302 3279 1358 conﬁciunt.
3332 1305 3483 1372 Quae
3528 1308 3783 1363 resoluta

2187 1389 2381 1444 iterum
2404 1404 2469 1445 ex
2482 1391 2902 1461 proprietatibus
2925 1393 2976 1447 in
3000 1395 3432 1454 universalitatcs
3454 1410 3780 1466 recurrunt,

2187 1488 2438 1535 manente
2481 1496 2695 1552 semper
2724 1484 3132 1540 immutabiliter
3182 1488 3336 1557 quasi
3367 1492 3607 1558 quodam
3643 1506 3785 1547 cen—

2188 1577 2271 1625 tro
2287 1572 2328 1602 ³²
2360 1572 2689 1642 singularum
2710 1588 2891 1629 rerum
2912 1577 3127 1646 propria
3150 1579 3487 1650 naturalique
3504 1584 3782 1647 essentia,

2187 1677 2326 1732 quae
2373 1679 2472 1720 nec
2519 1666 2743 1733 moveri,
2803 1681 2903 1723 nec
2955 1670 3160 1738 augeri,
3214 1682 3313 1726 nec
3356 1673 3527 1728 minui
3572 1682 3780 1745 potest.

2186 1752 2502 1808 Accidentia
2526 1756 2670 1810 enim
2702 1757 2755 1811 in
2782 1766 2931 1813 motu
2959 1767 3087 1815 sunt
3109 1761 3175 1826 “,
3206 1772 3312 1818 non
3338 1766 3631 1820 essentiae.
3664 1765 3784 1821 Nec

501 1855 749 1913 siderans
779 1852 1076 1923 disciplina.
1110 1850 1315 1905 Musics
1339 1856 1426 1905 est
1449 1847 1712 1912 omnium,
1739 1860 1881 1917 quae
1917 1852 2046 1901 sunt
2064 1841 2086 1874 °
2114 1849 2162 1910 Β
2188 1844 2350 1900 etiam
2388 1847 2500 1916 ipsa
2544 1847 2843 1903 accidentia
2879 1849 2933 1903 in
2972 1858 3117 1906 motu
3144 1860 3290 1919 Sunt,
3322 1869 3414 1910 seu
3446 1856 3498 1910 in
3521 1856 3573 1887 ³³
3602 1857 3788 1912 incre-

501 1949 615 2004 sive
637 1949 656 1980 ⁷
686 1948 739 2003 in
770 1956 916 2004 motu
947 1947 1061 2001 sive
1088 1946 1142 1999 in
1168 1953 1310 1999 statu
1336 1943 1357 1974 ⁸
1392 1941 1590 2008 scibili,
1645 1939 2090 2008 naturalibusque

503 2040 959 2112 proportionibus,
1008 2037 1350 2093 harmoniam
1379 2035 1609 2090 rationis
1647 2033 1850 2088 lumine
1896 2032 2090 2103 digno-

505 2133 705 2188 scens’
736 2131 1036 2201 disciplina.
1100 2128 1442 2183 ASTBOLOGIA
1485 2134 1569 2181 est
1614 2124 1927 2180 caelestium
1968 2136 2089 2178 cor-

505 2239 695 2293 porum
723 2222 896 2291 spatia
926 2228 1211 2290 motusque
1236 2220 1550 2288 reditusque
1569 2217 1735 2273 certis
1761 2216 2093 2287 temporibus

506 2316 838 2386 investigans
875 2313 1177 2384 disciplina.
1209 2312 1275 2368 Hi
1298 2320 1425 2368 sunt
1460 2311 1741 2384 generales
1762 2310 1868 2366 loci
1894 2311 2092 2364 artium

507 2407 843 2473 liberalium;
904 2406 989 2461 his
1049 2405 1292 2461 terminis
1350 2404 1717 2473 continentur,
1770 2403 1911 2458 intra
1957 2417 2096 2474 quos

515 2503 655 2559 aliae
686 2500 1105 2557 innumerabiles
1132 2510 1258 2556 sunt
1285 2500 1352 2555 “.

581 2594 671 2651 98.
701 2594 896 2650 Disc.“
919 2593 1014 2649 His
1035 2594 1334 2649 rationibus
1347 2608 1512 2665 cogor
1532 2592 1710 2657 fateri,
1739 2607 1847 2647 non
1875 2605 1997 2647 esse
2018 2590 2096 2646 lo-

508 2702 636 2746 cum
650 2689 754 2744 nisi
768 2688 822 2742 in
841 2687 1039 2743 animo.
1060 2686 1119 2742 Si
1134 2685 1279 2740 enim
1299 2686 1539 2741 deﬁnitio
1551 2685 1728 2740 omnis
1747 2684 1801 2737 in
1816 2681 2095 2752 disciplina

511 2789 614 2849 est,
644 2790 701 2837 et
740 2779 917 2837 omnis
964 2779 1246 2848 disciplina
1278 2777 1333 2833 in
1363 2777 1565 2842 animo,
1603 2774 1909 2831 necessario
1948 2773 2098 2828 locus

511 2875 709 2942 omnis,
756 2873 882 2944 quia
928 2871 1172 2927 deﬁnitio
1199 2876 1301 2938 est,
1354 2884 1463 2926 non
1502 2868 1629 2924 alibi
1662 2867 1765 2923 nisi
1818 2866 1874 2921 in
1915 2866 2097 2921 animo

513 2973 678 3093 agi).
711 3035 852 3093 Mss.
885 3027 1052 3091 Recte
1087 3032 1330 3090 intueris.
1373 3031 1519 3086 Dtsc.
1558 3028 1699 3095 Quid
1732 3028 1893 3099 igitur
1917 3027 2097 3081 dicen-

517 3129 643 3185 dutn
685 3136 768 3185 est
796 3127 865 3184 de
902 3126 1007 3192 bis,
1033 3124 1126 3195 qui
1173 3124 1382 3189 dicunt,
1413 3121 1778 3175 habitationes
1819 3118 2097 3174 hominum

2192 1941 2413 2006 mentis,
2450 1940 2872 2008 detrimentisve,
2928 1944 3021 1999 sed
3071 1945 3412 2016 participatio
3456 1963 3652 2005 eorum
3714 1948 3788 2005 ab

2193 2033 2429 2089 essentia
2460 2033 2594 2088 tales
2622 2034 2827 2105 patitur
2850 2036 3257 2091 mutabilitates.
3286 2037 3455 2093 Aliter
3473 2041 3626 2094 enim
3646 2055 3787 2095 vera

2196 2125 2336 2180 ratio
2385 2140 2491 2180 non
2538 2126 2666 2181 sinit
2705 2141 2846 2182 esse.
2891 2127 3079 2183 Omnis
3126 2129 3389 2198 siquidem
3431 2140 3632 2185 natura
3680 2145 3791 2186 seu

2194 2216 2574 2282 essentiarum,
2619 2232 2713 2273 seu
2749 2219 2828 2273 eis
2857 2219 3216 2274 accidentium
3255 2219 3613 2276 immutabilis
3659 2230 3783 2288 est;

2195 2310 2537 2381 participatio
2564 2326 2716 2377 vero,
2750 2320 2812 2366 ut
2835 2312 3090 2378 diximus,
3135 2315 3488 2369 essentiarutn
3529 2315 3607 2368 ab
3636 2314 3790 2369 acci-

2195 2403 2466 2469 dentibus,
2518 2418 2615 2459 seu
2644 2404 3001 2459 accidentium
3045 2405 3113 2461 ab
3154 2407 3432 2471 essentiis,
3464 2421 3691 2477 semper
3730 2408 3786 2462 in

2196 2508 2344 2551 motu
2366 2507 2469 2553 est.
2500 2498 2856 2570 Participatio
2875 2499 3137 2569 siquidem
3164 2506 3219 2555 et
3247 2501 3485 2556 inchoari
3503 2510 3563 2557 et
3593 2502 3788 2572 augeri

2198 2591 2473 2662 minuique
2502 2600 2697 2662 potest,
2730 2594 2900 2648 donec
2944 2592 3177 2649 mundus
3204 2590 3307 2649 iste
3350 2594 3416 2647 ad
3456 2592 3624 2649 tinem
3655 2608 3790 2650 suae

2198 2685 2510 2740 stabilitatis
2562 2687 2616 2740 in
2662 2684 2916 2739 omnibus.
2953 2684 3250 2755 perveniat,
3300 2688 3422 2754 post
3466 2700 3637 2755 quem
3685 2698 3791 2741 nec

2198 2774 2459 2840 essentia,
2479 2790 2578 2830 nec
2607 2776 2874 2841 accidens,
2916 2789 3018 2830 nec
3055 2790 3245 2831 eorum
3282 2776 3425 2833 inter
3454 2792 3513 2832 se
3546 2775 3785 2833 invicem

2198 2868 2538 2939 participatio
2559 2867 2725 2922 ullum
2741 2876 2945 2924 motum
2969 2870 3232 2940 patietur:
3249 2870 3423 2925 omnia
3446 2870 3593 2925 enim
3618 2883 3788 2925 unum

2199 2969 2251 3014 et
2275 2959 2501 3029 idipsunt
2533 2961 2807 3018 immobile
2832 2967 3015 3028 erunt,
3042 2962 3258 3031 quando
3288 2961 3341 3016 in
3370 2977 3491 3017 suas
3521 2962 3785 3017 immuta-

2200 3054 2334 3108 biles
2381 3053 2618 3109 rationes
2641 3055 2822 3110 omnia
2860 3066 3145 3110 reversura
3175 3063 3320 3111 sunt.
3365 3054 3440 3110 De
3467 3071 3575 3125 quo
3609 3057 3786 3111 reditu

2202 3145 2327 3200 alibi
2355 3146 2725 3202 disserendum
2752 3148 3005 3204 arbitror.

517 3231 930 3290 ceterorumque
953 3214 1267 3273 animalium
1298 3215 1446 3269 locos
1474 3213 1631 3269 esse?
1663 3209 1913 3311 similiter
1936 3210 2097 3311 istum
2128 3230 2172 3293 ρ
2275 3236 2365 3291 5L
2400 3238 2513 3304 Qua
2529 3246 2708 3294 autem
2730 3238 2939 3296 ratione
2966 3238 3302 3298 solummodo
3318 3243 3786 3311 mundicemmm'

517 3325 860 3369 communem
885 3324 1013 3365 aera
1046 3308 1112 3375 ³²,
1146 3316 1347 3363 terram
1392 3319 1629 3376 quoque,
1666 3305 1910 3359 omnium
1944 3302 2100 3358 habi-

521 3405 752 3461 tantium
785 3405 841 3459 in
885 3403 966 3459 eis
992 3402 1139 3457 locos
1166 3400 1212 3433 ¹³
1237 3401 1560 3456 aestimant?
1591 3413 1785 3469 aquam
1813 3397 1989 3452 locum
2027 3393 2107 3466 pi-

2208 3330 2261 3384 id
2289 3334 2373 3385 est
2395 3338 2561 3395 terra,
2586 3345 2799 3401 semper
2822 3338 2951 3397 stat,
2981 3336 3162 3388 cetera
3190 3350 3319 3390 vero
3349 3334 3613 3389 elementa
3644 3336 3787 3392 circa

2206 3437 2327 3477 eam
2378 3429 2599 3477 aeterno
2646 3432 2793 3478 motu
2839 3423 3128 3480 volvuntur
3159 3466 3173 3490 ,
3221 3434 3324 3482 non
3369 3444 3527 3497 parva
3583 3420 3792 3501 indiget

522 3499 697 3555 scium
726 3497 935 3561 dicunt,
978 3495 1317 3566 planetarum
1356 3494 1600 3556 aethera,
1654 3491 1905 3561 spheram
1934 3487 2099 3543 caele-

2209 3513 2659 3569 consideratione.
2693 3512 2828 3569 Nam
2870 3520 2925 3569 et
2959 3515 3282 3571 secularium
3317 3487 3787 3589 Ριιίιυεοριιοτυῖιι,

466 3635 470 3641 .
524 3596 665 3646 stem
693 3595 965 3642 astrorum
993 3586 1171 3641 locum
1200 3600 1320 3641 esse
1346 3585 1573 3657 putant?
1601 3583 1741 3639 Mite.
1771 3581 1911 3637 Nihil
1938 3580 2106 3646 aliud,

525 3680 633 3736 nisi
673 3688 733 3734 ut
757 3686 851 3733 aut
880 3679 1171 3733 suadeatur
1215 3678 1318 3744 eis,
1359 3678 1404 3733 si
1456 3673 1877 3747 disciplinabiles
1902 3673 2011 3728 sint
2055 3679 2112 3726 et

527 3773 711 3829 doceri
744 3771 1013 3827 voluerint
1031 3770 1099 3836 ιδ,
1132 3780 1227 3826 aut
1258 3771 1475 3842 penitus
1498 3769 1863 3833 dimittantur,
1902 3766 1950 3822 si
1983 3779 2112 3820 con-

529 3865 745 3922 tentiosi
793 3866 920 3921 sint.
966 3865 1010 3899 ¹⁸
1049 3865 1157 3922 Eos
1201 3865 1370 3931 enim,
1417 3864 1510 3936 qui
1557 3863 1687 3919 talia
1729 3862 1937 3926 dicunt,
1983 3872 2112 3913 vera

2211 3613 2265 3661 et
2288 3605 2676 3661 catholicorum
2697 3603 2919 3661 Patrum
2948 3607 3012 3662 de
3034 3607 3137 3664 hac
3157 3610 3471 3679 quaestione
3491 3611 3790 3667 sententias

2214 3700 2561 3771 cognovimus
2587 3697 2653 3753 “.
2687 3699 2840 3756 Plato
2870 3701 3158 3772 siquidem,
3186 3700 3682 3774 philosophantium
3728 3694 3791 3758 de

2207 3794 2414 3853 mundo
2441 3796 2727 3861 maximus,
2781 3796 2834 3850 in
2882 3796 3102 3853 Timaeo
3151 3813 3248 3853 suo
3286 3797 3465 3854 multis
3493 3799 3791 3854 rationibus

2217 3887 2430 3951 asserit,
2459 3886 2597 3941 hunc
2615 3888 2867 3941 mundum
2893 3890 3166 3954 visibilem,
3195 3893 3345 3961 quasi
3369 3908 3615 3962 magnum
3627 3891 3792 3963 quod-

531 3957 741 4014 deridet
779 3958 942 4013 ratio.
991 3956 1127 4012 Nam
1168 3957 1215 4012 si
1260 3956 1405 4012 aliud
1433 3966 1519 4011 est
1547 3968 1747 4027 corpus
1783 3960 1839 4009 et
1864 3950 2008 4007 aliud
2032 3961 2099 4005 es!

2216 3979 2338 4033 dam
2352 3977 2571 4046 animal,
2596 3997 2807 4050 corpore
2832 3982 3106 4051 animaque
3126 3984 3392 4051 componi;
3420 3983 3563 4052 cujus
3584 3984 3788 4039 anima-

529 4045 682 4105 locus
706 4049 772 4115 ¹⁶,
795 4048 1058 4119 sequitur,
1080 4057 1140 4103 ut
1166 4048 1315 4105 locus
1340 4062 1448 4104 non
1468 4048 1539 4104 sit
1559 4061 1774 4118 corpus.
1801 4044 1909 4099 Aer
1934 4050 2115 4097 autem

530 4140 690 4199 istius
727 4141 1024 4213 corporalis
1060 4149 1223 4212 atque
1265 4141 1498 4197 visibilis
1538 4139 1723 4195 mundi
1765 4146 1956 4208 quarta
1992 4151 2116 4207 pars

532 4241 636 4290 est.
694 4232 866 4289 Locus
910 4234 1074 4305 igitur
1102 4248 1211 4290 non
1262 4244 1364 4290 est.
1420 4233 1648 4289 Constat
1694 4232 1915 4298 etenim,
1973 4232 2119 4285 hunc

535 4326 797 4380 mundum
831 4325 1100 4381 visibilem
1125 4333 1379 4395 quattuor
1419 4325 1721 4391 elementis,
1762 4323 1927 4380 veluti
1959 4330 2118 4392 quat-

537 4423 662 4471 tuor
706 4417 1050 4487 generalibus
1106 4416 1429 4488 quibusdam
1484 4419 1727 4490 partibus
1763 4417 2120 4486 compositum

538 4525 677 4567 esse.
720 4512 788 4566 Et
822 4518 905 4567 est
947 4513 1102 4583 quasi
1149 4515 1420 4584 quoddam
1450 4526 1674 4585 corpus,
1723 4512 1835 4567 suis
1882 4509 2124 4581 partibus

541 4610 902 4673 compactum.
950 4603 1031 4659 Ex
1058 4605 1253 4675 quibus
1290 4605 1540 4661 videlicet
1578 4603 1821 4676 partibus
1849 4600 2127 4657 catholicis
2151 4601 2205 4662 Ι)

541 4696 783 4751 omnium
798 4697 1134 4765 animalium,
1160 4701 1435 4764 arborum,
1464 4700 1753 4754 herbarum
1771 4697 1985 4767 propria
2002 4710 2126 4766 spe-

543 4785 949 4860 cialissimaque
967 4804 1195 4862 corpora
1243 4789 1475 4847 mirabili
1505 4788 1869 4859 ineﬁ‘ahilique
1894 4788 2127 4843 mixtura

2219 4070 2285 4126 lis
2299 4088 2484 4142 corpus
2496 4072 2705 4143 quidem
2718 4083 2791 4126 est
2810 4078 3057 4143 quattuor
3067 4070 3328 4128 elementis
3344 4075 3631 4129 notissimis
3645 4091 3791 4146 gene-

2222 4161 2542 4234 ralibusque,
2578 4158 2895 4234 diversisque
2926 4164 3229 4235 corporibus
3276 4183 3339 4220 ea:
3366 4166 3550 4221 eisdem
3584 4183 3791 4239 compo-

2223 4258 2341 4312 sitis
2364 4267 2711 4327 compactum;
2738 4259 2915 4311 animo
2956 4274 3072 4312 vero
3101 4260 3266 4330 ipsius
3290 4270 3362 4314 est
3388 4259 3642 4332 generalis
3674 4262 3789 4323 vita,

2223 4364 2357 4420 quae
2381 4349 2426 4380 ’⁸
2449 4348 2642 4411 omnia,
2675 4365 2807 4419 quae
2829 4349 2884 4403 in
2908 4360 3051 4403 motu
3075 4360 3228 4422 atque
3253 4352 3306 4406 in
3328 4363 3465 4406 statu
3490 4359 3631 4419 sunt,
3657 4367 3792 4422 cege—

2227 4450 2302 4494 tat
2332 4451 2485 4511 atque
2515 4448 2698 4495 movet.
2735 4438 2867 4496 llinc
2891 4439 3053 4495 Poeta
3089 4459 3103 4495 :

2329 4555 2581 4619 Principio
2604 4554 2872 4619 caelumac
2895 4558 3453 4619 '{terramrcamposque
3476 4558 3737 4619 liquentes,

2325 4616 2694 4682 Lurcmcuique
2716 4617 2911 4682 globum
2932 4616 3122 4681 Lunae,
3146 4616 3433 4682 Titaniaque
3449 4616 3596 4682 astra,

2321 4679 2536 4742 Spiritus
2552 4681 2682 4728 intus
2704 4679 2788 4728 alit
2812 4680 2857 4727 ⁸.

2299 4783 2406 4839 Sed
2427 4782 2551 4855 quia
2579 4783 2691 4853 ipsa
2715 4784 2989 4851 anima,ut
3009 4783 3084 4838 ait
3116 4783 3250 4854 ipse,
3280 4784 3611 4839 aeternaliter
3637 4792 3789 4840 hiare-

1823 4947 2076 5006 VARIAE
2112 4944 2507 5002 LECTIONES.
2576 5010 2579 5011 ν

625 5084 641 5117 ¹
671 5080 761 5155 Sic
788 5083 907 5151 CE;
939 5082 1030 5139 AD
1059 5080 1475 5155 disciplinarum.
1552 5085 1573 5116 ²
1601 5082 1641 5140 D
1672 5095 1938 5140 materiae.
2017 5084 2041 5116 ³
2060 5082 2102 5155 D
2128 5082 2385 5138 ordinate.
2463 5083 2484 5113 ⁸
2512 5082 2553 5155 Α
2585 5080 2726 5155 llaec
2740 5082 3024 5155 disciplina
3044 5083 3119 5137 sic
3152 5079 3385 5155 breviter.
3427 5152 3435 5155 _
3460 5080 3480 5114 ⁸
3509 5081 3671 5155 animi
3694 5096 3789 5155 oin.

552 5157 616 5212 D.
691 5154 714 5186 ⁸
746 5170 881 5222 quae
918 5160 1038 5209 sunt
1066 5152 1269 5210 ome.
1345 5155 1367 5187 '
1389 5156 1496 5209 sive
1523 5171 1633 5211 om.
1669 5156 1820 5212 CDE.
1898 5155 1920 5187 ⁸
1947 5156 2052 5209 sive
2085 5154 2140 5206 in
2182 5162 2321 5207 statu
2364 5168 2473 5207 om.
2505 5154 2612 5209 CD.
2688 5153 2709 5184 ⁹
2739 5152 2781 5207 E
2810 5152 2926 5207 cum
2977 5155 3267 5208 dinoscens.
3347 5152 3390 5184 “
3411 5152 3455 5206 A
3481 5153 3627 5216 addit
3660 5171 3672 5205 :
3713 5152 3791 5205 Se-

550 5237 690 5298 ptem
740 5228 1011 5298 περιοχοά1
1041 5225 1096 5298 id
1144 5226 1699 5298 esl,rcircumstanliae
1746 5235 1891 5298 sunt,
1926 5226 2060 5298 quis,
2103 5224 2246 5294 quid,
2275 5240 2413 5298 _cur,
2442 5225 2721 5298 quomodo,
2768 5225 2997 5298 qugndo,
3052 5224 3157 5289 ubi,
3200 5225 3387 5298 quibus
3412 5223 3790 5298 facultatibus;

553 5296 610 5353 in
669 5296 942 5351 codicibus
991 5296 1077 5349 DE
1125 5297 1348 5351 omnino
1393 5296 1607 5351 desunt.

1715 5298 1756 5328 “
1805 5296 1847 5351 (Γ.
1896 5292 1962 5350 ad
2007 5311 2090 5349 ma

2220 5295 2397 5365 adscr.
2440 5292 2528 5349 illa
2584 5296 2745 5349 verba
2777 5292 2789 5347 ἐ
2821 5292 3024 5365 Septem
3062 5292 3331 5365 περιοχαὶ,
3368 5292 3437 5346 id
3467 5306 3560 5352 cst.
3592 5296 3792 5365 circurn-

554 5366 780 5422 stantiae
806 5376 949 5429 sunt,
978 5366 1117 5436 quis,
1138 5366 1282 5487 quid,
1310 5382 1423 5431 cur,
1456 5368 1738 5448 quomodo,
1765 5366 1996 5492 quando,
2023 5357 2152 5447 ubi:
2156 5364 2340 5436 quibus
2361 5362 2722 5445 facultatibus.
2801 5365 2842 5395 ¹²
2867 5357 2956 5421 Sic
2980 5366 3085 5431 CE;
3114 5357 3399 5420 AD'r-icrem
3479 5365 3521 5396 “
3538 5365 3631 5445 Sic
3648 5357 3789 5443 CliE';

555 5437 603 5492 Α
624 5436 813 5490 locum.
894 5435 938 5467 “‘
962 5436 1055 5490 AD
1078 5452 1138 5489 ua
1163 5445 1352 5489 uermt.
1434 5438 1478 5468 ³⁸
1503 5448 1607 5490 sint
1632 5453 1741 5492 om.
1817 5478 1829 5490 .
1909 5437 1952 5470 “
1976 5434 2069 5491 Stc
2094 5434 2255 5492 CDE:
2302 5437 2344 5488 A
2388 5435 2530 5489 aliud
2582 5446 2663 5491 est
2694 5435 2837 5489 locus
2871 5448 2918 5489 et
2968 5436 3114 5490 aliud
3156 5451 3362 5492 corpus.
3441 5434 3483 5465 ¹⁷
3514 5437 3556 5490 Α
3588 5436 3788 5489 latentia.

555 5437 603 5493 Α
624 5436 813 5490 locum.
894 5435 938 5467 “‘
962 5436 1055 5490 AD
1078 5435 1352 5489 valuerint.
1434 5438 1478 5468 ³⁸
1503 5440 1607 5490 sint
1632 5453 1741 5492 om.

1909 5437 1952 5470 “
1976 5434 2069 5505 Sic
2090 5434 2255 5505 CDE;
2302 5437 2344 5488 A
2388 5435 2530 5489 aliud
2582 5446 2663 5491 est
2694 5435 2837 5489 locus
2871 5448 2918 5489 et
2968 5436 3114 5490 aliud
3156 5451 3362 5505 corpus.
3441 5434 3483 5465 ¹⁷
3514 5437 3556 5490 Α
3588 5434 3788 5489 Etenim.

558 5507 606 5542 “
641 5506 729 5562 Sic
758 5504 923 5571 CDE;
966 5507 1010 5560 Α
1033 5516 1079 5560 et
1114 5507 1190 5559 ita
1219 5506 1465 5560 invisibili
1494 5512 1660 5577 (motu
1699 5524 1811 5563 om.
1836 5507 1924 5577 Α).
2003 5496 2044 5538 ίθ
2070 5496 2391 5577 qualtuor
2415 5506 2531 5560 dico
2552 5505 2823 5560 elementa.
2899 5507 2944 5537 ²⁰
2978 5524 3148 5560 rerum
3190 5496 3299 5561 om.
3327 5507 3387 5559 D.
3467 5506 3509 5537 "
3539 5506 3580 5562 C
3600 5512 3789 5562 contra;

560 5577 650 5634 DE
671 5570 935 5648 quoddam
956 5587 1208 5631 centrum.
1287 5577 1333 5607 “
1356 5588 1475 5633 sunt
1499 5570 1607 5634 om.
1638 5579 1700 5633 D.
1781 5577 1828 5609 ⁸³
1846 5570 1902 5633 in
1929 5592 2036 5633 om.
2060 5570 2174 5632 AD.
2247 5577 2294 5609 "
2322 5576 2414 5631 AD
2435 5579 2758 5648 agnovimus.
2836 5577 2882 5608 "
2909 5577 2951 5632 Δ
2972 5578 3115 5649 quia.
3196 5577 3243 5608 ²⁶
3272 5578 3312 5631 Α
3346 5586 3414 5631 et.

2091 5708 2338 5771 NOTAE.

614 5810 665 5845 λι
699 5799 883 5867 Virgil.
909 5801 1039 5854 Aen.
1070 5797 1157 5864 Vl,
1183 5800 1284 5855 724
1315 5817 1435 5872 sqq.
