4028 6280
182 401 307 455 477

1052 395 1138 449 DE
1178 386 1515 451 DIVISIONE
1549 389 1897 448 NATURAE.
1937 420 2006 429 —
2040 387 2243 445 LIBER
2277 387 2550 445 PRIMUS.

3335 391 3439 446 478

174 499 281 568 ’ω-
301 513 371 568 ad
399 527 585 581 corpus
608 526 783 575 suum,
817 508 868 563 id
888 517 990 573 est,
1019 509 1274 563 mundum
1301 516 1467 563 totum
1493 506 1768 562 vivifican-
1799 509 1850 570 Α
1945 502 2038 559 55.
2068 502 2209 559 Mss.
2239 501 2354 559 Non
2384 503 2663 567 aliorsum,
2697 501 2800 557 nisi
2823 510 2881 556 ut
2900 516 3184 573 corporum
3208 513 3452 559 naturam

176 606 345 670 dum,
400 602 724 673 regendum,
773 600 1103 669 diversisque
1152 599 1447 656 rationibus
1501 599 1777 654 variorum

178 709 484 763 corporum
501 692 831 764 singulorum
846 690 1318 761 coniunctionibus
1337 691 1777 747 resolutionibus-

149 790 153 807 τ
180 801 307 857 que
326 785 672 851 movendum,
698 794 869 838 manet
894 785 1051 839 etiam
1071 784 1127 838 in
1154 801 1248 840 suo
1275 783 1506 839 naturali
1531 783 1774 838 immobi-

128 900 133 911 ι
182 878 338 951 lique
375 887 539 934 statu.
580 877 975 946 Moveturergo
1017 890 1231 946 semper
1281 877 1298 907 ί
1338 885 1395 932 et
1436 884 1567 943 stat,
1591 890 1656 930 ac
1680 890 1778 945 per

185 969 305 1026 hoc
332 978 390 1025 et
415 983 612 1039 corpus
664 967 803 1037 ejus,
830 967 883 1022 id
908 975 992 1022 est
1021 966 1345 1022 universitas
1380 981 1560 1021 rerum
1591 966 1776 1021 visibi-

185 1059 354 1126 lium,
390 1058 587 1129 partim
630 1057 846 1128 quidem
874 1065 981 1111 stat
1008 1064 1228 1113 aeterna
1270 1055 1583 1121 stabilitate,
1616 1062 1676 1110 ut
1697 1062 1783 1111 est

190 1159 369 1216 terra,
382 1150 579 1219 partim
589 1163 721 1205 vero
734 1156 952 1205 aeterna
970 1147 1255 1203 velocitate
1264 1157 1510 1204 movetur
1522 1150 1563 1213 ',
1583 1157 1644 1202 ut
1658 1162 1781 1219 spa-

116 1244 123 1275 ί
192 1241 337 1296 tium
359 1241 673 1296 aetliereum
701 1238 746 1305 ³,
773 1238 972 1309 partim
994 1253 1093 1294 nec
1117 1246 1226 1293 stat
1248 1254 1345 1294 nec
1390 1239 1641 1295 velociter
1668 1254 1782 1295 mo-

116 1398 119 1401 _
190 1340 383 1397 vetur,
405 1341 463 1387 ut
482 1346 641 1403 aqua,
659 1330 856 1401 partim
873 1329 1152 1397 velociter,
1177 1331 1270 1386 sed
1295 1346 1400 1387 non
1422 1330 1781 1397 velocissime,

194 1433 261 1479 ut
289 1431 380 1479 est
416 1438 530 1480 aer.
584 1422 652 1477 Et
687 1422 822 1479 haec
864 1424 1004 1477 ratio
1034 1422 1227 1477 summi
1265 1422 1564 1493 philosophi
1615 1421 1638 1453 "
1676 1437 1783 1478 non

195 1522 287 1571 est
310 1514 536 1571 omnino
560 1513 882 1586 spernenda,
906 1522 964 1567 ut
984 1514 1240 1580 aestimo;
1274 1523 1429 1569 acuta
1450 1515 1594 1568 enim
1622 1524 1786 1582 atque

198 1605 470 1661 naturalis
491 1620 611 1663 esse
642 1605 872 1661 videtur.
927 1604 1032 1660 Sed
1063 1605 1316 1674 quoniam
1344 1606 1413 1661 de
1446 1606 1549 1659 hac
1594 1605 1784 1660 eadem

136 1682 151 1699 κ
196 1714 371 1754 causa
398 1699 421 1731 '
452 1712 678 1769 magnus
695 1696 986 1768 Gregorius
1026 1695 1293 1768 Nyssaeus
1323 1697 1617 1768 Episcopus
1663 1697 1789 1752 sub—

202 1789 459 1844 tilissime
514 1787 753 1859 disputat
794 1788 851 1843 in
900 1787 1163 1843 Sermone
1202 1789 1268 1843 de
1318 1789 1570 1860 imagine,
1619 1788 1790 1859 magis

1882 614 1912 653 a
1935 598 2176 655 locorum
2193 606 2386 653 natura
2410 596 2650 668 diligenti
2668 595 3073 652 ratiocinatione
3093 612 3454 669 scgregemns.

1881 688 2084 745 Horum
2130 704 2362 759 namque
2403 686 2644 744 confusio
2673 695 2765 741 aut
2810 688 3066 753 maxima,
3095 698 3188 743 aut
3224 689 3335 744 sola
3375 701 3458 747 est

1881 780 2082 836 erroris
2118 794 2281 835 causa
2310 780 2492 834 multis
2521 794 2584 835 ac
2613 793 2783 850 paene
2825 780 3095 845 omnibus,
3125 782 3458 836 aestimanti-

1882 874 1999 935 bus,
2037 874 2180 928 hunc
2202 873 2460 928 mundum
2480 871 2768 937 visibilem,
2790 881 3079 943 partesque
3105 873 3219 942 ejus
3241 875 3458 929 univer—

1883 966 2024 1023 sales
2044 975 2205 1038 atque
2224 966 2487 1037 speciales
2516 966 2632 1020 loca
2658 981 2796 1022 esse.
2826 965 2882 1021 Si
2909 967 3050 1021 enim
3083 976 3228 1023 recta
3250 968 3459 1025 ratione

1886 1072 2064 1112 rerum
2096 1057 2333 1112 omnium
2365 1072 2561 1129 genera
2584 1067 2740 1112 acute
2776 1073 2839 1113 ac
2866 1058 2982 1113 sine
3010 1059 3120 1114 ullo
3143 1075 3331 1116 errore
3350 1061 3459 1117 dis-

1884 1157 2203 1216 cernerent,
2238 1148 2384 1204 nullo
2417 1150 2576 1204 modo
2616 1164 2810 1219 corpus
2844 1161 3005 1220 atque
3045 1150 3219 1207 locum
3261 1151 3313 1206 in
3355 1166 3463 1207 uno

1885 1241 2182 1311 eodemque
2211 1255 2409 1312 genere
2441 1240 2841 1297 concluderent.
2873 1240 3042 1297 Nemo
3069 1242 3213 1297 enim
3242 1250 3465 1298 naturas

1888 1347 2070 1388 rerum
2130 1342 2276 1388 recte
2325 1333 2783 1388 considerantium
2835 1341 2998 1403 atque
3047 1335 3464 1391 discernentium

1887 1424 2006 1480 loca
2033 1433 2088 1480 et
2110 1440 2337 1495 corpora
2366 1426 2420 1481 in
2448 1441 2557 1481 uno
2575 1440 2773 1498 genere
2799 1428 3010 1494 miscet,
3041 1429 3134 1484 sed
3163 1428 3466 1485 rationabili

1891 1517 2217 1573 discretione
2276 1527 2543 1589 segregat.
2604 1518 2739 1573 Nam
2795 1534 3024 1590 corpora
3084 1521 3141 1576 in
3198 1524 3469 1595 categoria

1892 1615 2211 1684 quantitatis
2236 1616 2591 1671 continentur.
2638 1615 2922 1687 Categoria
2953 1626 3130 1673 autem
3156 1620 3471 1689 quantitatis

1892 1720 1923 1759 a
1962 1707 2235 1777 catcgoria
2287 1705 2389 1762 loci
2448 1706 2604 1775 longe
2651 1707 2967 1762 naturaliter
3013 1707 3193 1762 distat.
3239 1707 3352 1763 Non
3389 1717 3475 1765 est

1895 1795 2059 1866 igitur
2088 1811 2282 1868 corpus
2314 1797 2482 1863 locus,
2515 1797 2640 1867 quia
2664 1798 2910 1853 localitas
2942 1814 3048 1854 non
3073 1807 3157 1855 est
3181 1805 3470 1869 quantitas.

200 1880 368 1935 video
393 1879 563 1949 ipsius
591 1879 913 1935 sententiam
941 1894 1063 1934 esse
1082 1878 1431 1949 sequendam.
1453 1879 1597 1935 Dicit
1625 1882 1792 1946 enim,
1824 1880 1869 1941 Β
1900 1883 2198 1956 Siquidem,
2233 1895 2291 1941 ut
2333 1886 2722 1958 praediximus,
2753 1888 2827 1941 nil
2868 1887 3012 1946 aliud
3050 1899 3132 1944 est
3175 1890 3470 1959 quantitas,

203 1974 532 2029 conditorem
562 1972 925 2029 Universitatis
942 1973 1078 2027 hunc
1107 1976 1359 2028 mundum
1384 1973 1631 2027 visibilem
1659 1975 1796 2028 inter

204 2064 349 2119 duas
377 2064 476 2118 sibi
504 2063 725 2119 invicem
748 2063 1039 2119 contrarias
1068 2068 1417 2118 extremitates
1445 2064 1792 2128 constituisse,

204 2157 351 2210 inter
382 2157 685 2226 gravitatem
714 2155 833 2209 dico
872 2163 920 2210 et
955 2154 1248 2222 levitatem,
1289 2171 1424 2226 quae
1448 2156 1548 2211 sibi
1585 2158 1795 2212 omnino

208 2258 563 2320 apponuntur.
590 2248 754 2319 Atque
774 2248 892 2302 ideo
911 2248 1161 2318 quoniam
1188 2248 1242 2302 in
1277 2250 1529 2318 gravitate
1557 2258 1697 2303 terra
1722 2256 1797 2304 est

194 2342 521 2411 constituta,
573 2357 773 2411 semper
815 2340 1094 2394 immobilis
1135 2350 1328 2397 manet.
1381 2340 1524 2395 Nunt
1568 2343 1797 2413 gravitas

204 2435 408 2489 rmveri
437 2434 619 2498 nescit,
638 2441 689 2486 et
709 2442 782 2486 est
815 2432 871 2485 in
902 2432 1072 2486 medio
1098 2433 1279 2487 mundi
1304 2434 1609 2499 constituta,
1636 2446 1800 2489 extre-

214 2541 463 2595 mumque
487 2541 548 2578 ac
574 2524 802 2578 medium
825 2524 1017 2578 obtinet
1046 2524 1343 2578 terminum.
1386 2525 1637 2579 Aetherea
1684 2541 1800 2580 vero

214 2616 389 2684 spatia
408 2623 678 2684 prapterea
700 2612 951 2683 ineffabili
967 2612 1233 2669 velocitate
1253 2630 1453 2684 semper
1467 2616 1607 2669 circa
1630 2616 1800 2670 media

170 2736 177 2777 »ε
214 2706 519 2774 volvuntur,
536 2707 779 2779 quoniam
805 2709 859 2761 in
882 2718 1072 2762 natura
1102 2706 1323 2763 levitatis
1349 2711 1627 2765 constituta
1655 2723 1797 2778 sunt,

214 2815 351 2869 quae
381 2806 524 2853 stare
558 2799 785 2868 ignorat,
833 2809 880 2852 et
917 2810 1203 2853 extremum
1227 2799 1409 2852 mundi
1437 2801 1648 2856 visibilis
1672 2802 1804 2855 obti-

218 2899 338 2944 nent
358 2889 539 2958 ﬁnem.
571 2887 691 2944 Duo
721 2905 837 2944 vero
864 2889 918 2943 in
946 2889 1117 2943 medio
1165 2888 1417 2945 elementa
1448 2893 1729 2947 constituta
1756 2893 1799 2959 ⁸,

218 2996 355 3048 aqua
381 2979 614 3035 videlicet
657 2989 703 3035 et
748 2996 860 3048 aer,
888 2980 1265 3052 proportionali
1290 2982 1640 3039 moderamine
1670 2987 1803 3040 inter

217 3074 522 3145 gravitatem
577 3062 643 3129 δι’
685 3073 943 3129 levitatem
992 3076 1202 3130 assidue
1262 3087 1564 3143 moventur,
1624 3079 1697 3133 ita
1745 3088 1801 3133 ut

216 3169 515 3238 proximum
561 3167 662 3222 sibi
703 3176 990 3223 extremum
1030 3170 1307 3223 terminum
1360 3182 1578 3241 utraque
1631 3173 1798 3242 magis

1895 1978 1998 2033 nisi
2039 1979 2297 2049 partium,
2346 1994 2483 2049 quae
2510 1978 2555 2011 “
2594 1994 2689 2036 seu
2716 1979 2829 2035 sola
2860 1980 3086 2047 ratione,
3120 1995 3214 2037 seu
3243 1980 3474 2036 naturali

1893 2069 2196 2126 diﬂ‘erentia
2245 2079 2593 2141 separantur,
2642 2080 2790 2127 certa
2838 2071 3124 2140 dimensio,
3147 2087 3472 2143 eorumque,

1894 2178 2034 2235 quae
2086 2164 2420 2221 naturalibus
2471 2165 2660 2234 spatiis
2711 2166 3093 2229 extenduntur,
3145 2164 3477 2237 longitudine

1897 2257 2039 2322 dico,
2072 2256 2374 2323 latitudine,
2403 2264 2457 2312 et
2484 2257 2784 2323 altitudine,
2817 2258 2884 2312 ad
2907 2268 3085 2313 certos
3108 2258 3364 2313 terminos
3388 2273 3475 2312 ra-

1897 2349 2172 2405 tionabilis
2207 2350 2530 2420 progressio.
2577 2348 2752 2405 Locus
2788 2363 2917 2404 vero
2960 2347 3035 2403 nil
3079 2348 3220 2402 aliud
3256 2358 3339 2403 est
3374 2348 3478 2404 nisi

1899 2453 2103 2506 rerum,
2134 2454 2273 2509 quae
2300 2448 2446 2495 certo
2488 2438 2595 2494 line
2638 2438 3014 2505 terminantur,
3046 2438 3278 2494 ambitus
3317 2446 3479 2508 atque

1899 2529 2197 2586 conclusio.
2246 2528 2300 2584 Si
2336 2545 2465 2601 ergo
2511 2529 2741 2584 mundus
2768 2529 2869 2583 iste
2893 2526 3120 2582 visibilis
3154 2543 3350 2597 corpus
3377 2535 3477 2592 est,

1900 2620 2143 2690 sequitur
2176 2620 2507 2686 necessario,
2546 2628 2606 2673 ut
2642 2626 2698 2675 et
2732 2628 2909 2690 partes
2954 2617 3069 2687 ejus
3101 2634 3322 2689 corpora
3350 2620 3477 2674 sint.

1901 2713 1984 2766 At‘
1998 2712 2040 2765 si
2060 2726 2285 2780 corpora
2314 2718 2462 2775 sunt,
2490 2710 2828 2781 quantitatis,
2856 2726 2962 2764 non
2990 2710 3275 2766 localitatis
3296 2711 3478 2782 generi

1903 2801 2260 2872 subiugantur
2285 2802 2350 2856 ιι.
2384 2801 2521 2857 Sunt
2567 2809 2747 2857 antem
2791 2816 3039 2872 corpora.
3070 2800 3211 2857 Loca
3250 2802 3409 2872 igitur
3438 2802 3481 2834 ¹³

1906 2911 2011 2950 non
2059 2902 2204 2948 sunt.
2254 2893 2488 2950 Videsne
2520 2887 2722 2963 itadue,
2768 2895 3034 2964 quomodo
3063 2894 3349 2969 praedictis
3396 2910 3481 2950 ra-

1906 2986 2140 3043 tionibus
2168 2983 2473 3041 confectum
2498 2994 2600 3051 est,
2634 2986 2776 3040 hunc
2807 2984 3062 3039 mundum
3086 3000 3206 3038 cum
3240 2984 3481 3054 partibus

1903 3079 2016 3135 suis
2044 3094 2151 3134 non
2198 3093 2319 3133 esse
2352 3078 2548 3144 locum,
2593 3076 2689 3133 sed
2736 3076 2853 3132 loco
2899 3076 3185 3143 contineri,
3232 3077 3332 3132 hoc
3377 3086 3479 3143 est,

1904 3169 2476 3226 certo“deﬁnitionis
2517 3183 2644 3224 suae
2688 3167 2927 3222 ambitu?
2973 3166 3131 3222 Aliud
3179 3176 3261 3223 est
3311 3168 3478 3231 cuitu,

218 3268 525 3329 sequantur,
556 3274 713 3330 quam
737 3259 800 3313 ab
831 3261 904 3313 eis
930 3258 1079 3328 longe
1112 3270 1378 3314 remotum.
1410 3261 1557 3331 Aqua
1579 3279 1800 3336 namque
1828 3268 1870 3331 (ζ
1902 3261 2042 3332 quod
2077 3262 2336 3327 continet,
2365 3269 2419 3316 et
2441 3259 2607 3326 aliud,
2646 3258 2787 3329 quod
2821 3258 3142 3314 continetur.
3177 3256 3412 3328 Corpora
3441 3258 3479 3289 ³⁷

220 3352 425 3405 tardius
476 3360 707 3405 movetur
756 3367 896 3417 aere,
949 3352 1197 3422 quoniam
1243 3354 1485 3422 gravitati
1530 3355 1549 3385 "
1596 3356 1798 3411 telluris

221 3442 469 3496 adimeret
483 3457 506 3507 ;
547 3456 638 3496 aer
663 3457 780 3497 vero
807 3441 1031 3496 velocius
1061 3459 1198 3511 aqua
1225 3445 1535 3509 concitatur,
1554 3447 1799 3515 quoniam

221 3536 493 3589 aetltereae
517 3532 713 3588 levitati
740 3535 1097 3605 conjungitur.
1145 3532 1248 3588 Sed
1277 3537 1509 3606 quamvis
1530 3537 1801 3593 videantur

222 3636 486 3681 extremae
506 3624 687 3680 mundi
704 3636 875 3696 partes
898 3642 930 3679 a
951 3642 1005 3680 se
1024 3625 1243 3681 invicem
1265 3626 1559 3697 discrepare
1595 3637 1801 3698 propter

220 3718 453 3773 diversas
487 3733 666 3771 earum
694 3717 994 3787 qualitates,
1029 3733 1131 3772 non
1154 3727 1327 3771 tamen
1351 3734 1442 3787 per
1470 3719 1644 3772 omnia
1682 3737 1713 3772 a
1747 3735 1800 3773 se

222 3809 441 3863 invicem
492 3804 826 3863 dissentiunt.
877 3808 1020 3863 Nam
1062 3810 1297 3863 aetherea
1343 3809 1512 3879 spatia
1565 3811 1801 3880 quamvis

221 3916 424 3971 semper
466 3899 733 3955 celerrima
786 3900 1053 3955 velocitate
1091 3901 1378 3966 volvantur,
1408 3902 1595 3955 chorus
1630 3912 1802 3958 tamen

222 4001 490 4045 astrorum
512 4008 661 4045 suam
682 3990 1058 4046 immutabilem
1079 3992 1315 4046 observat
1344 3991 1535 4056 sedem,
1576 3994 1649 4045 ita
1696 4004 1751 4045 ut
1778 3992 1801 4023 ⁸

223 4092 265 4136 et
289 4098 411 4136 eum
438 4082 643 4136 aet/tere
672 4070 924 4146 volvatur,
953 4091 1000 4135 et
1028 4080 1320 4135 naturalem
1350 4080 1521 4135 locum
1558 4082 1627 4135 ad
1657 4081 1804 4135 simi-

206 4172 499 4227 litudinem
520 4182 753 4228 terrenae
776 4173 1079 4228 stabilitatis
1109 4189 1211 4227 non
1237 4173 1462 4226 deserat.
1491 4171 1651 4227 Terra
1682 4190 1801 4227 vero

220 4281 247 4317 e
273 4265 544 4319 contrario
575 4280 690 4318 cum
715 4263 1045 4318 aeternaliter
1063 4265 1117 4318 in
1137 4272 1275 4318 statu
1297 4264 1389 4329 sit,
1410 4263 1582 4317 omnia
1605 4273 1798 4331 tamen,

220 4374 355 4429 quae
383 4373 450 4411 ea:
480 4373 539 4412 ea
560 4358 825 4423 oriuntur,
856 4355 925 4410 ad
962 4355 1357 4410 similitudinem
1386 4353 1608 4410 levitatis
1633 4357 1805 4410 aet/te-

221 4468 342 4506 reae
364 4466 563 4520 semper
584 4452 639 4505 in
662 4460 805 4503 motu
826 4457 971 4516 sunt,
996 4448 1256 4503 nascendo
1282 4464 1375 4518 per
1394 4448 1798 4519 generationem,

222 4543 499 4598 crescendo
538 4544 593 4597 in
631 4557 901 4596 numerum
956 4540 976 4571 °
1014 4541 1249 4596 locorum
1275 4556 1336 4594 ac
1365 4549 1668 4608 (culparum,
1710 4540 1803 4593 ite—

1901 3355 2245 3409 continentur
2271 3354 2404 3409 locis
2444 3354 2570 3411 suis.
2604 3352 2760 3409 Aliud
2805 3353 2964 3423 igitur
2992 3361 3073 3407 est
3096 3354 3138 3385 ¹⁸
3173 3367 3389 3422 corpus,
3431 3362 3485 3407 et

1900 3445 2044 3501 aliud
2070 3446 2241 3512 locus,
2269 3447 2410 3502 sicut
2443 3446 2587 3501 aliud
2620 3454 2701 3501 est
2729 3445 3002 3515 quantitas
3049 3445 3304 3516 partium,
3342 3445 3483 3500 aliud

1901 3537 2145 3593 deﬁnitio
2184 3553 2394 3594 earum.
2450 3527 2565 3593 Non
2596 3538 2758 3609 igitur
2795 3545 3047 3608 quattuor
3074 3538 3171 3593 ista
3202 3538 3484 3593 notissima

1900 3630 2166 3685 elementa
2194 3630 2310 3687 loca
2334 3639 2478 3695 sunt,
2494 3629 2588 3685 sed
2611 3629 2664 3684 in
2686 3630 2806 3684 loco
2830 3628 3261 3698 circumscripta,
3284 3629 3415 3698 quia
3442 3628 3484 3659 "

1901 3731 2029 3778 sunt
2070 3721 2394 3791 principales
2422 3730 2625 3792 partes,
2659 3720 2853 3790 quibus
2888 3719 3264 3775 universalitas
3307 3719 3481 3775 sensi-

1900 3809 2027 3866 bilis
2048 3811 2093 3841 ¹⁰
2122 3811 2308 3865 mundi
2331 3811 2647 3881 completur.
2680 3811 2826 3866 Dtsc.
2860 3809 3024 3876 Haec,
3048 3824 3188 3879 quae
3209 3826 3237 3864 a
3266 3817 3317 3865 te
3342 3809 3487 3866 dicta

1902 3911 2032 3957 sunt
2063 3903 2131 3958 de
2151 3902 2454 3959 diil‘erentia
2490 3904 2729 3959 locorum
2761 3910 2816 3958 et
2842 3917 3148 3972 corporum,
3175 3901 3486 3958 verisimilia

1902 4008 2024 4050 esse
2065 3992 2333 4048 videntur.
2380 3993 2487 4049 Sed
2534 3993 2784 4048 subtilius
2824 3994 3010 4048 eadem
3059 3993 3220 4048 velim
3250 4003 3480 4063 repetas.

1904 4086 2021 4142 Non
2042 4087 2185 4142 enim
2216 4086 2398 4152 video,
2433 4100 2600 4157 quare
2616 4085 2846 4140 mundus
2870 4085 2972 4140 iste
3000 4084 3147 4141 locus
3178 4099 3283 4139 non
3326 4084 3396 4139 sit
3415 4084 3481 4149 “,

1903 4193 2029 4234 cum
2060 4177 2230 4234 multa
2261 4179 2316 4233 in
2343 4192 2408 4233 eo
2434 4177 2696 4234 locentur.
2734 4175 2873 4232 Mss.
2904 4174 3019 4230 Non
3049 4184 3100 4229 te
3128 4174 3278 4241 latet,
3307 4182 3366 4227 ut
3393 4189 3482 4227 ar-

1904 4275 2096 4341 bitror,
2151 4273 2352 4328 nullam
2404 4272 2804 4344 praedictarum
2876 4268 3293 4341 categoriarum,
3350 4281 3486 4335 quas

1904 4368 2089 4424 decem
2109 4382 2229 4424 esse
2247 4366 2566 4423 Aristoteles
2589 4364 2851 4428 deﬁnivit,
2879 4363 3004 4417 dum
3035 4376 3131 4432 per
3168 4360 3481 4429 seipsam",

1906 4460 2009 4515 hoc
2031 4467 2132 4526 est,
2160 4460 2212 4513 in
2234 4474 2331 4514 sua
2350 4468 2545 4513 natura
2572 4457 2799 4513 rationis
2825 4453 3068 4511 contuitu
3088 4450 3481 4516 consideratur,

1906 4553 2153 4608 sensibus
2176 4552 2451 4622 corporeis
2480 4551 2857 4608 succumbere.
2889 4546 3026 4602 Nam
3052 4548 3199 4602 οὐσία
3239 4544 3486 4613 incorpo-

222 4650 443 4704 rumque
468 4634 832 4699 decrescendo,
876 4642 922 4689 et
952 4636 1020 4688 ad
1059 4632 1371 4687 solutionem
1411 4632 1612 4702 formae
1650 4641 1802 4702 atque
1828 4628 1881 4689 D
1908 4642 2037 4698 ralis
2068 4652 2174 4709 est,
2203 4642 2444 4712 nullique
2487 4653 2751 4711 corporeo
2787 4637 2969 4694 sensui
3019 4634 3291 4706 subjacet;
3338 4632 3486 4687 circa

220 4727 476 4782 materiae
495 4726 855 4797 perveniendo.

288 4828 383 4884 32.
416 4829 560 4884 Disc.
602 4830 808 4885 Videris
835 4828 965 4884 mihi
1010 4828 1166 4898 paulo
1196 4827 1408 4898 longius
1452 4843 1479 4879 a
1515 4826 1797 4896 principali

220 4919 540 4990 quaestione
567 4919 632 4973 ad
672 4919 997 4975 incidentem
1023 4918 1066 4950 ¹⁰
1096 4918 1379 4973 transitum
1408 4916 1618 4971 fecisse.
1662 4915 1795 4972 Nam

224 5026 345 5065 cum
371 5011 438 5066 de
465 5010 582 5069 loco
612 5012 884 5082 disputare
907 4997 1076 5066 nostri
1106 5009 1363 5080 propositi
1388 5007 1562 5062 fuerat
1586 5007 1650 5073 “,
1679 5006 1797 5063 loco

224 5100 438 5168 relicto,
468 5104 537 5158 ad
579 5103 764 5159 mundi
810 5110 1092 5158 tractatum
1141 5100 1403 5166 transisti,
1446 5107 1501 5155 et
1540 5113 1796 5170 quorsum

224 5191 357 5250 haec
380 5193 606 5251 tendant
629 5195 698 5263 ",
730 5195 906 5251 adhuc
931 5194 1138 5268 ignoro.

1906 4748 2088 4804 quam,
2119 4744 2213 4788 aut
2239 4732 2297 4787 in
2320 4747 2428 4802 qua
2449 4731 2496 4763 ⁸³
2523 4730 2661 4785 aliae
2694 4744 2887 4785 novem
2924 4724 3228 4796 categoriae
3262 4736 3485 4777 versan—

1908 4835 2013 4882 tur.
2035 4826 2108 4880 At
2130 4826 2177 4881 si
2201 4824 2287 4879 illa
2311 4826 2593 4893 incorpora
2612 4830 2697 4877 est
2716 4821 2783 4886 ⁸⁵,
2808 4835 2935 4874 num
2957 4818 3005 4850 “
3023 4817 3117 4872 tibi
3145 4814 3305 4870 aliter
3345 4814 3485 4868 vide

1907 4925 2014 4983 tur,
2056 4917 2163 4972 nisi
2208 4927 2268 4971 ut
2295 4916 2497 4981 omnia,
2544 4930 2684 4985 quae
2710 4922 2805 4967 aut
2846 4914 2895 4967 ei
2928 4904 3255 4972 adhaerent,
3306 4914 3398 4960 aut
3430 4906 3483 4959 in

1905 5025 1970 5066 ea
1991 5010 2311 5078 subsistunt,
2331 5018 2387 5066 et
2412 5008 2529 5065 sine
2556 5020 2621 5063 ea
2646 5020 2767 5063 esse
2781 5020 2886 5062 non
2909 5010 3151 5075 possunt,
3166 5000 3481 5068 incorporea

1907 5102 2048 5160 sint?

1976 5192 2068 5250 54.
2087 5192 2285 5250 Omnes
2298 5193 2461 5265 igitur
2478 5192 2526 5225 ’⁸
2543 5189 2851 5262 categorias
2860 5184 3229 5243 ineoruomlea
3247 5185 3374 5237 sunt
3386 5192 3485 5249 per

1503 5347 1763 5404 VARIAE
1791 5346 2196 5409 LECTIONES.

295 5488 316 5522 ⁸
348 5487 442 5559 Si?
464 5486 629 5559 βυες
656 5502 856 5559 θείημεν
880 5503 990 5544 01η.
1017 5488 1082 5544 Δ.
1158 5488 1178 5518 ¹
1202 5497 1429 5559 movetur
1455 5502 1564 5544 om.
1596 5486 1700 5559 (ΖΕ.
1779 5487 1799 5517 ³
1820 5487 1908 5544 CE
1933 5497 1988 5542 ut
2016 5498 2089 5542 est
2108 5488 2403 5559 aet/aereum
2430 5487 2675 5559 spatium,
2750 5484 2773 5515 ⁸
2804 5484 2848 5538 D
2880 5476 3483 5559 sumini‘rﬁatio‘pltil‘aso:

222 5559 330 5627 piri.
403 5555 431 5589 ‘
454 5552 500 5611 Α
530 5551 808 5617 ,ιιὸεαάεὶπ
843 5575 1002 5613 causa
1030 5559 1148 5612 Itac.
1224 5558 1244 5588 ‘
1267 5559 1356 5613 Sic
1387 5557 1549 5623 CDE;
1581 5558 1626 5611 A
1664 5559 1951 5613 constituta
1981 5569 2119 5611 sunt.
2198 5559 2217 5589 "
2239 5558 2279 5611 C
2301 5551 2573 5627 gravitate.
2632 5555 2670 5627 7‘
2697 5565 2751 5608 ut
2785 5551 3005 5627 orasc.
3064 5551 3222 5627 [ξήρ’
3242 5551 3373 5627 (ὲυῂ

1784 5574 1951 5612 ιιιιιιιει
1981 5574 2119 5611 sunt.
2202 5574 2279 5611 ἰι
2301 5574 2573 5628 gravitate.
2649 5574 2670 5586 ν
2697 5574 2750 5608 ιιι
2785 5574 2891 5608 om.
2927 5574 2986 5607 υ.
3066 5574 3084 5585 υ
3115 5574 3206 5604 me
3242 5574 3402 5625 bunt,
3436 5574 3479 5600 η

1784 5629 1828 5658 "
1859 5628 1948 5682 Sic
1968 5629 2129 5694 CllE;
2161 5629 2203 5681 Α
2227 5627 2464 5682 tendunt.
2543 5627 2587 5657 "
2613 5626 2654 5679 A
2683 5641 2805 5692 qua.
2878 5623 2920 5655 “’
2952 5622 3042 5694 Sic
3063 5620 3168 5682 CE;
3197 5618 3237 5672 A
3263 5617 3479 5694 subruit-

225 5644 491 5699 numera._
539 5628 581 5659 ¹⁰
604 5628 648 5699 Α
669 5630 1003 5684 incedentem.
1083 5629 1123 5660 “
1154 5628 1243 5683 Sic
1271 5628 1495 5699 CDE;7A
1524 5629 1701 5699 fuerit.

224 5709 439 5767 gnutur;
468 5697 512 5768 Ι)
532 5697 928 5768 subiungantur.
1008 5699 1053 5730 ¹⁸
1077 5699 1121 5752 Α
1142 5715 1283 5767 ergo.

223 5851 334 5893 om.
364 5838 426 5892 ι).

512 5836 624 5892 “A
651 5848 723 5894 est
752 5840 1075 5909 incorporea.
1160 5839 1206 5870 "
1230 5838 1275 5893 Α
1308 5856 1429 5896 non.
1509 5840 1555 5874 "
1583 5841 1627 5893 Α
1658 5858 1799 5911 ergo.

1364 5700 1406 5730 ¹⁶
1429 5698 1468 5753 C
1489 5696 1641 5753 certe.
1717 5699 1757 5731 ³⁷
1787 5696 1879 5753 Sic
1914 5699 2064 5762 CDE;
2097 5699 2141 5752 Α
2183 5698 2390 5766 Corpus
2412 5707 2605 5751 autem.

222 5765 375 5836 quae.
452 5765 502 5800 ’°
528 5768 619 5823 Sic
645 5765 738 5823 AC
752 5786 767 5833 ;
801 5770 855 5822 Ἰ)
885 5769 1126 5835 visibilis;
1173 5765 1429 5823 sensibilis
1479 5787 1587 5824 (ιιιι.
1634 5769 1693 5824 E.
1769 5770 1811 5800 ²¹
1837 5769 1926 5826 Sic
1958 5769 2093 5824 ADE
2117 5787 2130 5834 ;
2155 5771 2193 5824 tl
2217 5765 2320 5823 non
2346 5769 2412 5822 sit
2440 5768 2603 5822 locus.

3064 5552 3085 5585 ’
3115 5548 3206 5604 Sic
3242 5546 3402 5608 CDE;
3436 5546 3482 5600 Α

2684 5685 2795 5747 ίεΑ
2836 5692 2992 5746 Aliud
3035 5701 3108 5745 est
3156 5704 3294 5759 ergo.
3373 5685 3482 5738 “A

2685 5768 2728 5797 ”
2760 5766 2802 5820 D
2841 5779 2936 5835 per
2966 5764 3154 5833 ipsam.
3231 5758 3277 5790 ’⁸
3302 5759 3355 5812 in
3376 5772 3482 5827 qua
3534 5770 3537 5773 '
