4028 6280
1541 405 1545 408 .
1570 396 1605 423 .
2743 391 2755 406 .

627 473 730 529 479
1792 514 1797 520 .
2000 472 2174 530 JOAN

2274 498 2280 523 ι
2316 471 2486 528 SCOT
2491 473 2513 526 ι
3752 482 3835 537 480

627 604 687 643 se
716 588 1033 642 interiectae.
1086 588 1281 641 alarum
1321 594 1496 640 tamen
1522 588 1787 657 quaedam
1838 587 1979 643 inter
2006 604 2064 643 se
2094 589 2196 643 mi-
2225 594 2276 651 Λ
2304 586 2672 657 intelligibilia,
2706 585 2819 641 suis
2860 587 3089 656 propriis
3120 587 3275 653 locis,
3309 587 3362 643 id
3388 596 3494 657 est,
3542 594 3833 651 naturalibus

626 682 779 739 rabili
830 683 1061 752 quodam
1109 682 1271 744 coitu,
1316 689 1374 734 ut
1426 681 1501 734 ait
1560 680 1870 750 Gregorius,
1922 681 2197 736 materiem
2301 678 3150 733 deﬁnitionibuscontinerivera
3192 680 3328 734 ratio
3355 680 3568 736 edocet.

624 774 885 831 visibilem
926 773 1246 839 conﬁciunt;
1278 773 1541 841 quaedam
1583 788 1710 827 vero
1760 773 1812 827 in
1856 772 2000 829 nullo
2033 787 2195 842 appa-
2368 768 2456 825 ‘56.
2495 769 2634 824 Dtse.
2659 768 2768 824 Nec
2794 770 2918 825 huic
2943 770 3273 825 conclusioni
3305 771 3520 839 resisto,
3574 774 3693 827 dum
3739 791 3830 831 eam

623 877 765 933 rent,
816 881 1132 937 semperque
1158 866 1520 936 incorporales
1563 867 1715 921 ﬁunt.
1768 865 1901 921 Nam
1935 869 2105 932 οὐσία,
2145 875 2200 921 et
2297 879 2479 919 veram
2509 878 2626 918 esse
2651 863 2827 919 video.
2856 861 2962 918 Sed
2992 862 3142 918 valde
3170 864 3357 928 miror,
3387 879 3485 919 cur
3529 865 3583 918 in
3630 880 3830 922 conum-

622 959 830 1024 relatio,
862 958 1028 1024 locus,
1067 967 1296 1028 tempus,
1326 974 1507 1028 agere,
1548 958 1680 1028 pati,
1719 959 1865 1012 nullo
1888 974 2047 1015 sensu
2075 972 2198 1014 cor—
2297 971 2417 1010 nem
2442 971 2595 1011 usum
2639 956 2907 1010 humanae
2930 956 3075 1010 vitae
3107 956 3372 1025 pervenit,
3426 965 3487 1012 ut
3533 959 3707 1012 omnia
3732 961 3831 1015 haec

620 1063 785 1117 porco
821 1050 1178 1121 atlinguntut‘.
1217 1050 1498 1116 Quantitas
1530 1066 1677 1115 vero,
1710 1050 2081 1120 qualitasque,
2124 1050 2196 1105 si-
2296 1062 2542 1118 corpora,
2568 1049 2681 1103 sive
2695 1047 2971 1114 caelestia,
3002 1050 3115 1104 sive
3138 1049 3306 1115 aeria,
3331 1048 3445 1106 sive
3468 1050 3831 1120 aquatica,sive

619 1147 742 1205 tus,
771 1147 827 1193 et
869 1139 1101 1206 habitus,
1133 1140 1260 1194 dum
1308 1140 1445 1194 inter
1479 1155 1537 1194 se
1584 1149 1841 1196 coeuntes
1884 1141 2187 1206 materiem,

618 1240 679 1285 ιιι
714 1232 1079 1302 praediximus
1128 1232 1170 1296 ¹,
1222 1229 1487 1302 jungunt,
1541 1247 1801 1302 corporeo
1855 1248 2014 1288 sensu
2066 1248 2189 1302 per-

617 1322 723 1390 cipi
762 1324 957 1377 solent.
1012 1323 1069 1377 Si
1102 1322 1263 1392 igitur
1304 1323 1325 1352 '
1365 1323 1516 1378 locus
1553 1322 1694 1378 inter
1736 1338 1821 1389 ea,
1872 1339 2010 1394 quae
2044 1324 2190 1378 nullo

616 1414 776 1469 modo
800 1415 1074 1485 corporeis
1116 1414 1361 1470 sensibus
1405 1416 1779 1480 succumbunt,
1832 1430 2190 1471 connumera-

617 1515 733 1572 tur;
774 1522 1004 1577 corpora
1045 1522 1193 1573 vero,
1244 1508 1290 1562 si
1329 1507 1577 1563 sensibus
1605 1523 1712 1561 non
1751 1508 2185 1577 percipiantur",

614 1613 838 1666 corpora
868 1613 970 1653 non
1002 1596 1127 1653 'sunt
1149 1615 1167 1654 :
1193 1614 1371 1654 nonne
1402 1601 1578 1665 datur,
1623 1600 1763 1668 quod
1791 1600 1940 1655 locus
1980 1616 2085 1655 non
2117 1600 2189 1653 sit

612 1688 846 1757 corpus?
869 1689 1106 1759 Corpora
1136 1705 1279 1746 nunc
1299 1689 1321 1721 ⁸
1345 1690 1483 1753 dico,
1512 1705 1650 1759 quae
1673 1705 1738 1744 ex
1766 1690 1846 1745 eoi
1857 1698 1909 1743 tu
1934 1697 2188 1758 quattuor

613 1780 796 1833 mundi
852 1780 1236 1837 elementorum
1293 1784 1668 1839 conﬁciuntur.
1729 1782 1867 1837 Nam
1935 1791 2185 1854 quattuor

610 1871 792 1925 mundi
822 1872 1106 1940 elementa,
1139 1874 1264 1929 dum
1313 1891 1542 1946 corpora
1581 1876 1687 1930 sint
1727 1891 1827 1945 per
1853 1891 1911 1931 se
1942 1877 2055 1945 ipsa
2077 1876 2185 1931 dis-

2297 1145 2527 1203 terrena,
2557 1139 2823 1194 minorum
2876 1139 3016 1193 intra
3037 1169 3046 1179 -
3070 1154 3127 1194 se
3176 1154 3465 1210 corporum
3498 1140 3615 1195 loca
3642 1143 3830 1196 essedi-

2294 1245 2418 1285 cerc
2441 1241 2795 1297 consuescat;
2824 1230 3274 1301 quemadmodum
3302 1231 3374 1285 nil
3397 1231 3544 1285 aliud
3574 1246 3689 1286 esse
3706 1233 3831 1288 aesti-

2294 1329 2405 1373 mat
2433 1322 2613 1376 οὐσὶαν
2634 1329 2850 1390 praeter
2892 1320 2993 1374 hoc
3017 1337 3213 1390 corpus
3238 1321 3451 1377 visibile
3491 1331 3657 1391 atque
3696 1324 3831 1392 tangi-

2292 1410 2414 1465 bile.
2449 1411 2679 1480 Ideoque
2719 1411 2914 1466 obnixe
2953 1409 3151 1481 ﬂagito,
3185 1427 3253 1466 ne
3303 1412 3375 1467 sit
3420 1412 3520 1467 tibi
3574 1426 3826 1476 morosum,

2292 1501 2492 1554 diutius
2515 1502 2580 1554 de
2614 1499 2715 1554 hac
2746 1501 3010 1570 praesenti
3042 1500 3350 1556 difﬁcultate
3387 1502 3683 1571 disputare.
3718 1502 3826 1558 llis.

2236 1620 2245 1635 .
2291 1591 2427 1657 Quid
2450 1592 2613 1662 igitur
2642 1592 2720 1645 ‘3?
2749 1592 2952 1661 Nempe
2971 1591 3286 1660 jamdudum
3314 1594 3457 1649 inter
3501 1611 3601 1650 nos
3627 1604 3704 1651 est
3731 1609 3827 1651 con-

2289 1679 2510 1745 fectum,
2544 1681 2746 1745 omnia,
2774 1696 2914 1751 quae
2963 1681 3048 1736 vel
3098 1696 3260 1738 sensu
3313 1699 3611 1753 corporeo,
3658 1685 3732 1740 vel
3764 1702 3828 1739 ηε

2292 1773 2456 1840 tione,
2471 1773 2553 1829 vel
2575 1773 2843 1829 intellectu
2874 1786 3288 1845 cognoscuntur,
3304 1778 3368 1833 de
3381 1777 3495 1834 Deo
3515 1780 3704 1834 merito
3715 1796 3827 1834 crea-

2291 1873 2407 1920 tore
2449 1865 2690 1919 omninm
2724 1864 2768 1896 ¹¹⁵
2792 1878 2951 1935 posse
2989 1868 3309 1935 praedicari,
3343 1869 3470 1923 dum
3496 1870 3632 1924 nihil
3655 1884 3819 1934 eorum,

607 1973 779 2030 creta,
810 1964 1064 2021 inell‘allili
1098 1984 1194 2022 sua
1247 1969 1481 2023 naturali
1519 1968 1810 2023 subtilitate
1839 1979 1998 2038 atque
2040 1969 2184 2039 ραι-ί-
2212 1963 2258 2021 Β
2290 1970 2429 2025 quae
2456 1956 2523 2011 de
2555 1971 2614 2011 se
2641 1956 3002 2027 medicantur,
3035 1973 3170 2028 pura
3213 1960 3458 2016 veritatis
3487 1961 3823 2032 contemplatio

610 2061 719 2109 tate
761 2071 974 2112 omnem
1001 2074 1218 2114 sensum
1263 2059 1543 2114 mortalem
1583 2070 1857 2129 superant.
1901 2060 2058 2114 Aliud
2102 2069 2187 2116 est

609 2148 774 2220 igitur
805 2150 827 2182 '
856 2150 1026 2216 locus,
1055 2160 1110 2205 et
1153 2151 1293 2205 aliud
1334 2167 1552 2220 corpus.
1600 2152 1681 2205 An
1712 2152 1808 2206 tibi
1859 2151 2013 2206 aliter
2044 2151 2184 2206 vide-

609 2240 731 2293 tur?
758 2241 901 2296 DISC.
935 2240 1090 2297 Nullo
1122 2244 1299 2297 modo.
1331 2242 1399 2296 Et
1428 2242 1569 2303 haec,
1591 2251 1859 2311 postrema
1904 2242 2184 2297 ratiocina-

608 2332 770 2386 tionis
798 2342 1014 2388 nostrae
1038 2335 1314 2389 conclusio
1339 2349 1679 2404 nequaquam
1706 2335 1835 2388 sinit
1864 2335 2178 2401 concedere,

605 2422 782 2479 locum
807 2434 860 2479 et
887 2441 1081 2496 corpus
1108 2427 1270 2481 unius
1298 2427 1509 2497 generis
1535 2442 1674 2482 csse.
1710 2426 1815 2481 Sed
1844 2427 1986 2497 quod
2015 2427 2180 2481 inter-

608 2518 840 2589 positum
868 2535 898 2572 a
928 2528 983 2574 te
1003 2520 1177 2583 video.
1205 2520 1278 2575 nil
1307 2519 1449 2576 aliud
1471 2535 1588 2576 esse
1614 2521 1890 2575 materiem
1913 2521 2178 2576 visibilem

605 2604 809 2662 formae
852 2608 1153 2678 adjunctam
1181 2610 1533 2680 —quicquid
1582 2612 1723 2664 enim
1774 2619 2032 2679 apparet,
2085 2626 2181 2680 per

608 2696 1081 2770 l‘ormamepparet
1101 2732 1170 2741 ——
1192 2702 1295 2757 nisi
1325 2701 1679 2756 accidentium
1701 2703 2035 2771 quorundam
2053 2717 2180 2757 con-

603 2807 841 2857 cursum,
866 2809 969 2847 non
1002 2810 1224 2863 parvum
1275 2794 1296 2825 ⁸
1329 2811 1416 2850 me
1445 2803 1622 2881 movet
1674 2793 1812 2850 MAG.
1840 2795 1955 2849 Non
1987 2803 2037 2850 te
2064 2811 2177 2850 mo-

600 2891 742 2937 vcat.
789 2883 948 2949 Nam,
973 2892 1032 2937 ut
1073 2886 1200 2950 dixi,
1231 2901 1456 2956 magnus
1481 2886 1773 2955 Gregorius
1806 2886 2075 2959 Nyssaeus
2120 2889 2173 2942 in

604 2971 863 3027 Sermone
893 2975 959 3029 de
988 2975 1220 3046 imagine
1247 2977 1409 3031 certis
1439 2979 1736 3033 rationibus
1780 2979 1850 3031 ita
1881 2994 2001 3033 esse
2044 2995 2171 3033 sua-

601 3060 711 3126 det,
740 3063 815 3117 nil
843 3064 988 3117 aliud
1018 3066 1201 3120 dicens
1238 3067 1509 3121 materiam
1539 3083 1669 3132 esse,
1704 3068 1802 3121 nisi
1827 3068 2173 3121 accidentium

600 3154 865 3221 quandam
919 3155 1359 3224 compositionem,
1391 3172 1454 3208 ex
1488 3156 1829 3211 inuisibilibus
1872 3159 2045 3211 causis
2102 3158 2171 3212 ad

604 3244 850 3297 risibilem
882 3246 1149 3299 materiem
1198 3249 1576 3315 procedentem.
1617 3248 1726 3303 Nec
1774 3249 2061 3304 immerito.
2112 3250 2168 3304 Si

2289 2062 2410 2102 cum
2442 2051 2704 2120 approbat
2744 2050 2789 2082 "
2821 2065 2959 2107 esse.
2991 2053 3135 2109 DISC.
3162 2053 3220 2107 ld
3260 2053 3436 2124 ipsum
3486 2055 3820 2111 inconcussum

2287 2157 2431 2210 esse,
2458 2144 2682 2216 luceque
2710 2146 2908 2202 clarius
2934 2147 3067 2202 ratio
3096 2149 3301 2204 edocet.

2355 2238 2443 2292 57.
2484 2238 2622 2295 MAG.
2655 2238 2713 2294 Si
2740 2255 2869 2312 ergo
2895 2240 2961 2296 de
2990 2240 3121 2296 'Deo
3156 2243 3357 2307 omnia,
3390 2258 3532 2312 quae
3560 2253 3695 2308 sunt,
3737 2258 3819 2298 non

2285 2331 2499 2401 quidem
2522 2333 2759 2403 proprie,
2779 2334 2873 2389 sed
2898 2335 3056 2390 modo
3071 2337 3302 2405 quodam
3324 2339 3820 2410 translationis,quo-

2283 2423 2427 2477 niam
2455 2425 2522 2477 ab
2540 2425 2656 2493 ipso
2670 2433 2815 2489 sunt,
2842 2426 2943 2480 rite
2964 2428 3344 2495 praedicantur
3374 2448 3386 2483 :
3414 2431 3547 2500 quid
3576 2432 3765 2495 mirum,
3783 2432 3817 2485 si

2283 2521 2473 2567 cuncta
2492 2553 2506 2579 ,
2531 2529 2668 2583 quae
2688 2515 2743 2569 in
2758 2515 2877 2570 loco
2899 2526 3045 2583 sunt,
3067 2518 3193 2573 dum
3220 2518 3514 2587 majoribus
3546 2537 3603 2577 se
3623 2523 3817 2590 undique

2281 2603 2564 2659 videantur
2580 2607 2933 2663 circumfundi
2954 2650 2967 2674 ,
2986 2610 3099 2664 loca
3119 2610 3161 2641 ¹⁶
3177 2615 3382 2680 possint
3397 2616 3659 2669 nominari
3680 2656 3694 2678 ,
3722 2631 3815 2667 cum

2279 2694 2482 2750 nullum
2500 2696 2708 2752 illorum
2723 2700 2940 2769 proprie
2953 2700 3100 2757 locus
3115 2704 3206 2767 sit,
3223 2704 3315 2758 sed
3332 2704 3451 2761 loco
3468 2722 3597 2761 suae
3609 2707 3815 2776 propriae

2283 2786 2325 2817 "
2338 2796 2560 2841 naturae
2574 2790 2879 2846 continetur
2895 2792 3192 2864 u",cumque
3208 2796 3608 2866 videamus,per
3618 2806 3816 2868 metony-

2279 2878 2534 2943 miam,id
2562 2890 2643 2936 est
2674 2885 3270 2953 transnominationem,
3288 2888 3355 2942 ab
3385 2889 3642 2960 his,quae
3669 2889 3813 2944 conti-

2277 2978 2425 3035 nent,
2460 2972 2727 3028 nominari
2753 2990 2841 3041 ea,
2869 2992 3005 3045 quae
3028 2979 3395 3046 continentur,
3435 2998 3543 3053 non
3572 2992 3733 3037 tamen
3759 2982 3812 3034 ita

2276 3062 2621 3119 continentur
2640 3066 2706 3122 ab
2731 3069 2831 3134 eis,
2850 3080 2908 3124 ut
2923 3072 3037 3126 sine
3057 3074 3135 3128 eis
3150 3074 3289 3128 intra
3305 3077 3578 3133 naturales
3599 3093 3712 3134 suos
3732 3087 3815 3130 ter-

2275 3156 2447 3211 minos
2489 3159 2780 3215 subsistere
2809 3177 2912 3217 non
2943 3167 3167 3235 possint.
3223 3167 3361 3224 Usus
3398 3171 3659 3240 siquidem
3699 3184 3813 3223 mor-

2277 3247 2458 3301 talium
2490 3250 2725 3318 domum,
2756 3269 3001 3322 uxorem,
3054 3273 3145 3313 seu
3203 3258 3459 3316 familiam
3504 3263 3639 3319 solet
3666 3261 3813 3333 appel'

604 3338 747 3389 enim
777 3337 1071 3406 corporalis
1121 3337 1278 3392 huius
1306 3339 1562 3393 materiae
1591 3340 1935 3409 solubilisque
1964 3341 1984 3373 ἰ
2017 3356 2175 3410 quae.
2199 3317 2243 3379 (ἶ
2275 3336 2407 3404 lare,
2436 3356 2556 3394 cum
2593 3344 2725 3399 haec
2754 3346 3072 3404 naturaliter
3101 3350 3318 3406 distent.
3347 3352 3461 3408 Non
3483 3357 3628 3410 enim
3655 3357 3812 3409 domus

607 3426 728 3477 dam
776 3425 997 3494 simplex
1043 3434 1203 3496 atque
1248 3428 1596 3485 immutabilis
1649 3433 1879 3487 essentia
1935 3442 1989 3487 et
2030 3433 2172 3489 nullo

609 3516 769 3569 modo
817 3515 1057 3571 solubilis
1104 3517 1320 3583 inesset,
1372 3519 1515 3573 nulla
1557 3521 1763 3576 ratione
1803 3522 2053 3593 nullaque
2082 3541 2173 3580 ac-

605 3603 753 3658 tione
778 3604 991 3673 penitus
1016 3605 1332 3661 solveretur.
1362 3606 1479 3662 Jam
1508 3623 1636 3665 vero
1678 3610 1919 3665 solvitur.
1946 3611 2029 3666 Nil
2074 3614 2172 3685 igi-

607 3703 694 3748 tur
724 3694 775 3749 ei
815 3694 1095 3751 insolubile
1143 3699 1345 3754 subest.
1394 3698 1527 3755 Nam
1554 3717 1748 3771 genera
1782 3714 1834 3758 et
1883 3706 2088 3775 species
2117 3715 2174 3762 et

606 3794 785 3839 atoma
809 3795 1089 3856 propterea
1123 3803 1336 3858 semper
1385 3801 1509 3845 sunt
1559 3808 1623 3847 ac
1665 3804 1996 3862 permanent,
2041 3796 2168 3866 quia

599 3876 740 3932 inest
790 3879 869 3932 eis
921 3879 1134 3950 aliquod
1183 3880 1394 3935 aunum
1440 3882 1790 3951 individuum,
1843 3888 1982 3957 quod
2035 3888 2170 3943 solvi

602 3967 808 4035 nequit,
842 3983 1015 4038 neque
1062 3970 1285 4025 destrui.
1320 3971 1436 4041 Ipsa
1472 3988 1683 4043 quoque
1709 3977 2009 4031 accidentia
2045 3993 2170 4047 pro-

503 4073 518 4138 ;
599 4068 779 4128 pterea
808 4060 861 4114 in
891 4076 985 4115 sua
1009 4072 1201 4116 natura
1232 4063 1633 4120 inuuutabiliter
1680 4078 2013 4136 permanent,
2042 4069 2166 4138 quia

596 4150 843 4205 omnibus
894 4152 973 4207 eis
1018 4168 1184 4207 unum
1230 4154 1497 4223 quoddam
1544 4159 1564 4191 '
1594 4157 1925 4214 individuum
1961 4160 2164 4229 subest,

520 4244 528 4257 ‘
596 4238 650 4292 in
682 4257 788 4309 quo
813 4243 1129 4298 naturaliter
1153 4246 1332 4300 omnia
1366 4263 1531 4302 unum
1557 4249 1873 4306 subsistunt.

665 4332 754 4386 35.
785 4333 940 4391 -Dtsc.
988 4335 1068 4388 Nil
1114 4338 1311 4406 verius,
1360 4350 1419 4395 ut
1445 4342 1705 4409 arbitror;
1762 4354 1922 4416 atque
1975 4347 2095 4404 ideo
2124 4348 2165 4380 ‘°

594 4433 932 4492 praesentem
953 4426 1350 4496 inquisitionem
1375 4435 1683 4503 concludas,
1719 4448 1900 4508 specto
1928 4441 1989 4495 ιι.
2022 4442 2162 4500 MAG.

595 4514 734 4580 Quid
769 4525 955 4582 restat,
984 4520 1085 4574 nisi
1115 4530 1172 4575 ut
1206 4523 1463 4589 dicamus,
1501 4529 1650 4584 verbi
1693 4532 1884 4600 gratia,
1926 4534 2051 4589 dum
2080 4537 2153 4590 vi-

595 4606 784 4658 demus
812 4622 1038 4677 corpora
1087 4619 1272 4666 nostra
1306 4615 1358 4667 in
1404 4616 1505 4671 hac
1534 4626 1678 4672 terra
1717 4623 2025 4690 constituta,
2080 4627 2163 4682 vel

596 4692 697 4747 hoc
725 4710 851 4749 aere
878 4696 1223 4767 circumfusa,

592 4783 812 4851 poribus
855 4788 1007 4841 esse?
1054 4788 1250 4845 Eadem
1309 4796 1515 4850 ratione
1562 4797 1739 4866 pisces
1784 4800 1837 4853 in
1888 4801 2157 4876 ﬂuctibus,

591 4873 838 4942 planetae
868 4877 920 4932 in
966 4881 1203 4948 aethere,
1250 4893 1394 4937 astra
1445 4885 1499 4939 in
1547 4886 1904 4959 ﬁrmamento,
1935 4873 2157 4966 corpora

592 4964 645 5019 in
676 4969 988 5037 corporibus
1022 4980 1175 5037 sunt,
1205 4975 1410 5029 minora
1461 4977 1515 5032 in
1574 4981 1869 5052 majoribus
1898 4987 1962 5054 ¹²,
2012 4964 2159 5046 eras-

591 5057 734 5114 siora
787 5062 839 5115 in
870 5063 1252 5131 subtilioribus,
1291 5068 1427 5125 levia
1461 5072 1512 5126 in
1560 5073 1871 5147 levioribus,
1919 5097 2053 5151 pura
2101 5087 2157 5142 in

588 5151 915 5217 purioribus.
941 5154 1088 5213 Haec
1111 5159 1255 5214 enim
1281 5163 1460 5219 omnia
1489 5168 1784 5240 sensibilia,
1810 5175 1952 5231 sicut
1993 5178 2155 5234 etiam

2273 3443 2513 3502 praestat
2542 3438 2695 3491 uxori
2725 3454 2819 3493 seu
2847 3440 3085 3497 familiae
3130 3444 3561 3502 substantialiter
3587 3464 3717 3513 esse,
3737 3446 3811 3502 sed

2273 3534 2498 3580 naturae
2541 3529 2704 3583 locus.
2754 3530 3015 3596 Quoniam
3046 3548 3173 3591 vero
3212 3537 3264 3591 in
3292 3553 3354 3593 ea
3380 3539 3736 3609 possident",
3758 3540 3811 3593 ab

2271 3627 2333 3669 ea
2362 3616 2693 3674 denominari
2726 3622 2914 3678 solent.
2947 3625 3311 3699 Similiterque
3347 3646 3431 3698 ea,
3490 3650 3630 3703 quae
3670 3634 3811 3689 conti-

2272 3718 2423 3774 nent,
2456 3712 2523 3766 ab
2563 3712 2668 3779 bis,
2699 3728 2836 3783 quae
2861 3719 3224 3775 continentur.
3256 3722 3415 3781 Verbi
3441 3724 3490 3757 ⁸⁸
3514 3727 3699 3797 gratia,
3735 3739 3809 3779 aer

2272 3801 2511 3856 continet
2554 3803 2759 3870 lucem;
2793 3806 3019 3878 ideoque
3051 3811 3385 3873 illuminatus
3422 3832 3516 3872 aer
3541 3818 3588 3850 “
3629 3818 3711 3872 lux
3746 3816 3809 3871 di-

2272 3894 2431 3949 citur.
2470 3895 2671 3953 Oculus
2699 3898 2845 3956 visus
2887 3913 3132 3973 vocatur,
3171 3922 3265 3962 seu
3308 3908 3463 3975 visio,
3502 3911 3629 3967 dum
3665 3922 3808 3979 neque

2271 3983 2441 4052 visus,
2489 4002 2663 4056 neque
2695 3988 2832 4045 visio
2868 3991 2941 4046 sit
2974 3994 3126 4063 juxta
3170 4006 3393 4056 naturae
3435 4002 3805 4070 proprietatem.

2271 4073 2401 4141 Quis
2431 4077 2572 4131 enim
2602 4080 2825 4147 nesciat,
2856 4084 3070 4139 oculum
3109 4099 3318 4158 partem
3353 4095 3622 4162 quandam
3647 4108 3807 4163 oorpo-

2269 4171 2438 4226 ralem
2468 4174 2679 4243 capitis,
2711 4175 3093 4249 ltumidamque
3115 4198 3252 4249 esse,
3280 4199 3378 4254 per
3415 4202 3577 4256 quam
3617 4188 3748 4243 visus
3769 4185 3817 4216 "'

2268 4264 2540 4319 radiorum
2583 4266 2755 4323 instar
2794 4284 2862 4325 ex
2907 4274 3147 4339 menica,
3199 4276 3303 4332 hoc
3346 4286 3430 4334 est
3470 4278 3804 4337 membranula

2269 4355 2502 4421 cerebri,
2532 4356 2677 4413 foras
2722 4358 3004 4417 funditur?
3034 4365 3240 4422 Menica
3270 4383 3400 4425 vero
3430 4369 3645 4428 luminis
3670 4380 3802 4425 natu-

2268 4459 2380 4498 ram
2419 4461 2485 4502 ex
2527 4450 2704 4513 corde,
2753 4452 2893 4520 ignis
2930 4455 3177 4513 videlicet
3213 4461 3359 4525 sede,
3402 4465 3591 4533 recipit
3627 4465 3690 4518 ".
3727 4461 3805 4516 Est

2267 4537 2412 4591 enim
2439 4538 2587 4595 visus
2616 4543 2875 4599 naturalis
2918 4546 3135 4603 luminis
3174 4537 3241 4605 in.
3261 4567 3417 4610 sensu
3463 4556 3667 4611 videndi
3702 4569 3804 4626 p08-

2268 4632 2494 4689 sidcntis
2547 4636 2797 4691 radiatim
2854 4638 3000 4695 foras
3058 4644 3343 4713 prosiliens
3394 4648 3641 4714 emissio.
3690 4659 3801 4718 quae

1272 4703 1345 4756 nil
1374 4703 1517 4800 aliud
1544 4707 1644 4800 nisi
1687 4724 1913 4779 corpora
1944 4712 1997 4767 in
2042 4729 2165 4771 cor-
2192 4698 2245 4759 Β
2269 4738 2389 4777 cum
2457 4725 2725 4782 coloribus
2762 4698 3077 4800 formisque‘
3116 4735 3445 4793 exteriorum
3502 4698 3799 4797 sensibilium

2268 4831 2551 4888 corporum
2591 4821 3060 4892 circumfunditur,
3103 4828 3338 4885 mirabili
3385 4831 3655 4888 celeritate
3692 4830 3800 4901 ipsis

2266 4912 2521 4968 coloratis
2562 4915 2858 4971 visibilibus
2890 4917 3079 4974 formis
3124 4920 3509 4979 conformatur.
3553 4925 3647 4981 Est
3678 4924 3799 4980 enim

2265 5005 2401 5059 visio
2449 5006 2741 5063 formarum
2788 5009 3135 5081 colorumque
3170 5018 3525 5085 corporalium
3561 5020 3613 5074 in
3660 5018 3798 5074 radiis

2198 5137 2211 5147 .
2264 5093 2540 5150 oculorum
2578 5101 2842 5167 quaedam
2879 5102 3056 5174 imago
3106 5105 3461 5177 conformata,
3504 5128 3638 5183 quae
3674 5108 3795 5166 nulla

2265 5201 2416 5242 mora
2443 5188 2763 5257 interstaute
2787 5208 2948 5250 sensu
2984 5196 3261 5268 recipitur,
3289 5204 3788 5276 memoriaequesen-

1857 5337 2111 5398 VARIAE
2147 5336 2551 5408 LECTIONES.

583 5479 615 5538 ..
658 5455 976 5538 ιὲίοβῐηῂ
1018 5459 1061 5513 Α
1104 5464 1249 5538 prius
1283 5465 1539 5538 finitima.

585 5522 627 5608 Α
660 5526 976 5608 Aliud-enim
1005 5522 1154 5608 ergo.
1221 5534 1369 5608 “fit;
1413 5535 1576 5603 CDE;
1634 5540 1673 5591 A
1706 5522 1909 5608 pnituit.

586 5593 732 5679 gia-
762 5597 981 5679 aliquid.
1022 5593 1392 5679 esteem);
1439 5608 1478 5658 A
1534 5593 1803 5677 q'utdui'mt.
1841 5593 1923 5645 "Io
1954 5615 1993 5669 A
2030 5593 2102 5671 ιὶὶξ

667 5666 761 5746 Sic
1092 5675 1156 5726 de
1194 5674 1301 5728 Deo
1348 5663 1578 5731 creatore
1632 5663 1859 5735 omnium
1915 5663 2117 5741 itterito.

666 5732 956 5814 SiqliDEj
1027 5743 1069 5794 A
1124 5747 1330 5813 proprie
1381 5763 1525 5802 suae.

584 5802 654 5867 E;
704 5806 785 5859 λυ
817 5802 961 5864 ideo.
1041 5814 1080 5842 ²¹
1122 5802 1228 5868 Ἀρί
1259 5832 1364 5869 0;:1.
1403 5819 1460 5870 υ.

1540 5821 1582 5849 θ’
1608 5821 1649 5873 Λ
1685 5824 1827 5879 visus
1865 5828 2033 5895 filius.

1616 5469 1697 5557 ’.Α
1720 5485 1856 5541 ergo.
1936 5474 1957 5506 ³
1985 5475 2352 5557 _Si£CI)_l_3_;_A
2374 5488 2747 5557 percipiuntur.

2827 5494 2849 5566 ἦ
2888 5493 2978 5550 Sic
2998 5493 3159 5566 CDE;
3190 5501 3236 5555 A
3270 5497 3450 5558 enim."
3505 5506 3525 5538 ⁸
3563 5506 3646 5562 Sic
3678 5500 3789 5559 CDE

1985 5548 2004 5577 ⁷
2030 5547 2136 5644 ,ἓίο
2165 5550 2325 5644 Ψέξ
2374 5547 2731 5644 mattea“
2757 5564 2877 5618 ἰιιίε
2907 5547 3159 5644 mutatae;
3196 5547 3522 5644 εοίῖιῐὲιὲἰιαε.
3564 5547 3727 5630 "isi:
3756 5574 3790 5628 ο

2183 5622 2351 5704 ίξνὸίς
2403 5622 2571 5704 (lilii
2595 5629 2658 5704 Α⁸
2687 5646 2944 5701 exspecto.
3023 5639 3064 5668 ¹²
3089 5622 3462 5699 ΒῨηι-ἱὶινδιίίίέέὲῖ

1744 5692 2117 5772 γ’τίηιηςζιῐιίνῐιςῖ.
2212 5692 2257 5724 ⁸⁸
2288 5693 2385 5772 _Sic
2416 5696 2576 5765 CDE;
2635 5702 2673 5752 A
2720 5692 2982 5772 alt-probet.

1647 5752 1686 5779 “‘
1727 5752 1815 5807 Sic
1867 5756 2024 5820 lilii);
2068 5758 2107 5812 (ἶ
2161 5764 2504 5820 continentur.

1647 5868 1649 5872 ,
1685 5824 1827 5879 visus
1866 5828 2033 5886 [ιιῑειδ.
2112 5832 2156 5861 ²³
2198 5834 2241 5886 D
2271 5838 2476 5886 revenit.

2271 5849 2476 5903 recepit.

3542 5647 3584 5678 ¹³
3606 5647 3643 5700 Α
3666 5662 3787 5714 ergo.

3096 5711 3139 5742 ¹⁰
3201 5713 3289 5766 Sic
3331 5715 3495 5783 CDE;
3548 5718 3588 5771 Α
3645 5711 3787 5783 locus.

2606 5772 2647 5803 ’θ
2686 5773 2775 5827 Sic
2815 5775 2975 5844 CDE;
3036 5780 3077 5833 Λ
3136 5772 3494 5849 possidentur"
3579 5788 3621 5819 '°
3652 5787 3729 5841 Sic
3755 5782 3790 5838 ί)
