  <div class='ocr_page' id='page_1' title='image "/cluster/home/n/w/nwhite01/storage/ocr_20150623/122/hvd.32044015471659/278.png"; bbox 0 0 4028 6280; ppageno 0'>
   <div class='ocr_carea' id='block_1_1' title="bbox 109 3545 166 3802">
    <p class='ocr_par' dir='ltr' id='par_1_1' title="bbox 109 3545 166 3802">
     <span class='ocr_line' id='line_1_1' title="bbox 109 3545 166 3802; baseline 0 0"><span class='ocrx_word' id='word_1_1' title='bbox 109 3545 166 3802; x_wconf 61' lang='grc' dir='ltr'>ἕ</span> 
     </span>
    </p>
   </div>
   <div class='ocr_carea' id='block_1_2' title="bbox 211 467 320 525">
    <p class='ocr_par' dir='ltr' id='par_1_2' title="bbox 211 467 320 525">
     <span class='ocr_line' id='line_1_2' title="bbox 211 467 320 525; baseline -0.046 1"><span class='ocrx_word' id='word_1_2' title='bbox 211 467 320 525; x_wconf 72' lang='grc'><strong>481</strong></span> 
     </span>
    </p>
   </div>
   <div class='ocr_carea' id='block_1_3' title="bbox 1069 427 2584 518">
    <p class='ocr_par' dir='ltr' id='par_1_3' title="bbox 1069 427 2584 518">
     <span class='ocr_line' id='line_1_3' title="bbox 1069 427 2584 518; baseline -0.007 -4"><span class='ocrx_word' id='word_1_3' title='bbox 1069 459 1156 514; x_wconf 87' lang='lat' dir='ltr'><strong>DE</strong></span> <span class='ocrx_word' id='word_1_4' title='bbox 1189 456 1532 516; x_wconf 75' lang='lat' dir='ltr'><strong>DIVISIONE</strong></span> <span class='ocrx_word' id='word_1_5' title='bbox 1569 451 1926 518; x_wconf 75' lang='lat' dir='ltr'><strong>NATURAE.</strong></span> <span class='ocrx_word' id='word_1_6' title='bbox 1964 484 2034 495; x_wconf 89' lang='lat'><strong><em>—</em></strong></span> <span class='ocrx_word' id='word_1_7' title='bbox 2069 452 2272 509; x_wconf 82' lang='lat' dir='ltr'><strong>LIBER</strong></span> <span class='ocrx_word' id='word_1_8' title='bbox 2307 427 2584 508; x_wconf 66' lang='lat' dir='ltr'><strong>renuis.</strong></span> 
     </span>
    </p>
   </div>
   <div class='ocr_carea' id='block_1_4' title="bbox 3359 448 3469 507">
    <p class='ocr_par' dir='ltr' id='par_1_4' title="bbox 3359 448 3469 507">
     <span class='ocr_line' id='line_1_4' title="bbox 3359 448 3469 507; baseline -0.036 1"><span class='ocrx_word' id='word_1_9' title='bbox 3359 448 3469 507; x_wconf 66' lang='lat'><strong>‘83</strong></span> 
     </span>
    </p>
   </div>
   <div class='ocr_carea' id='block_1_5' title="bbox 213 561 3472 646">
    <p class='ocr_par' dir='ltr' id='par_1_5' title="bbox 213 561 3472 646">
     <span class='ocr_line' id='line_1_5' title="bbox 213 561 3472 646; baseline -0.005 -13"><span class='ocrx_word' id='word_1_10' title='bbox 213 579 406 636; x_wconf 87' lang='lat' dir='ltr'><strong>tientis</strong></span> <span class='ocrx_word' id='word_1_11' title='bbox 444 576 695 646; x_wconf 79' lang='lat' dir='ltr'><strong>inﬁgitur.</strong></span> <span class='ocrx_word' id='word_1_12' title='bbox 747 576 946 630; x_wconf 82' lang='lat' dir='ltr'><strong>Eadem</strong></span> <span class='ocrx_word' id='word_1_13' title='bbox 976 574 1114 629; x_wconf 85' lang='lat' dir='ltr'><strong>ratio</strong></span> <span class='ocrx_word' id='word_1_14' title='bbox 1141 581 1226 628; x_wconf 88' lang='lat' dir='ltr'><strong>est</strong></span> <span class='ocrx_word' id='word_1_15' title='bbox 1259 581 1314 628; x_wconf 92' lang='lat' dir='ltr'><strong>et</strong></span> <span class='ocrx_word' id='word_1_16' title='bbox 1349 572 1366 604; x_wconf 69' lang='grc' dir='ltr'><strong>ι</strong></span> <span class='ocrx_word' id='word_1_17' title='bbox 1407 572 1461 627; x_wconf 88' lang='lat' dir='ltr'><strong>in</strong></span> <span class='ocrx_word' id='word_1_18' title='bbox 1489 586 1651 628; x_wconf 87' lang='lat' dir='ltr'><strong>sensu</strong></span> <span class='ocrx_word' id='word_1_19' title='bbox 1688 587 1785 626; x_wconf 85' lang='lat' dir='ltr'><strong>au-</strong></span> <span class='ocrx_word' id='word_1_20' title='bbox 1819 573 1870 633; x_wconf 76' lang='grc' dir='ltr'>Α</span> <span class='ocrx_word' id='word_1_21' title='bbox 1897 567 2150 639; x_wconf 89' lang='lat' dir='ltr'><strong>quoniam</strong></span> <span class='ocrx_word' id='word_1_22' title='bbox 2172 580 2278 622; x_wconf 91' lang='lat' dir='ltr'><strong>non</strong></span> <span class='ocrx_word' id='word_1_23' title='bbox 2294 563 2629 636; x_wconf 90' lang='lat' dir='ltr'><strong>simpliciter,</strong></span> <span class='ocrx_word' id='word_1_24' title='bbox 2645 562 2736 618; x_wconf 88' lang='lat' dir='ltr'><strong>sed</strong></span> <span class='ocrx_word' id='word_1_25' title='bbox 2759 563 2936 632; x_wconf 88' lang='lat' dir='ltr'><strong>aliquo</strong></span> <span class='ocrx_word' id='word_1_26' title='bbox 2963 562 3118 618; x_wconf 84' lang='lat' dir='ltr'><strong>modo</strong></span> <span class='ocrx_word' id='word_1_27' title='bbox 3136 575 3256 618; x_wconf 88' lang='lat' dir='ltr'><strong>esse</strong></span> <span class='ocrx_word' id='word_1_28' title='bbox 3270 561 3472 619; x_wconf 88' lang='lat' dir='ltr'><strong>habent</strong></span> 
     </span>
    </p>
   </div>
   <div class='ocr_carea' id='block_1_6' title="bbox 213 660 1793 738">
    <p class='ocr_par' dir='ltr' id='par_1_6' title="bbox 213 660 1793 738">
     <span class='ocr_line' id='line_1_6' title="bbox 213 660 1793 738; baseline -0.006 -12"><span class='ocrx_word' id='word_1_29' title='bbox 213 671 380 726; x_wconf 85' lang='lat' dir='ltr'><strong>rium.</strong></span> <span class='ocrx_word' id='word_1_30' title='bbox 409 668 543 722; x_wconf 86' lang='lat' dir='ltr'><strong>Nam</strong></span> <span class='ocrx_word' id='word_1_31' title='bbox 570 677 626 722; x_wconf 90' lang='lat' dir='ltr'><strong>et</strong></span> <span class='ocrx_word' id='word_1_32' title='bbox 663 666 925 738; x_wconf 88' lang='lat' dir='ltr'><strong>particula</strong></span> <span class='ocrx_word' id='word_1_33' title='bbox 956 664 1150 734; x_wconf 92' lang='lat' dir='ltr'><strong>capitis</strong></span> <span class='ocrx_word' id='word_1_34' title='bbox 1175 666 1217 730; x_wconf 83' lang='grc'>²,</span> <span class='ocrx_word' id='word_1_35' title='bbox 1246 679 1385 734; x_wconf 86' lang='lat' dir='ltr'><strong>quae</strong></span> <span class='ocrx_word' id='word_1_36' title='bbox 1408 662 1624 734; x_wconf 84' lang='lat' dir='ltr'><strong>preprie</strong></span> <span class='ocrx_word' id='word_1_37' title='bbox 1646 660 1793 717; x_wconf 83' lang='lat' dir='ltr'><strong>auris</strong></span> 
     </span>
    </p>
   </div>
   <div class='ocr_carea' id='block_1_7' title="bbox 212 743 1798 828">
    <p class='ocr_par' dir='ltr' id='par_1_7' title="bbox 212 743 1798 828">
     <span class='ocr_line' id='line_1_7' title="bbox 212 743 1798 828; baseline -0.005 -10"><span class='ocrx_word' id='word_1_38' title='bbox 212 764 437 826; x_wconf 83' lang='lat' dir='ltr'><strong>dicitur,</strong></span> <span class='ocrx_word' id='word_1_39' title='bbox 465 776 533 817; x_wconf 81' lang='lat' dir='ltr'><strong>ex</strong></span> <span class='ocrx_word' id='word_1_40' title='bbox 557 760 740 815; x_wconf 85' lang='lat' dir='ltr'><strong>auditu</strong></span> <span class='ocrx_word' id='word_1_41' title='bbox 772 759 1171 822; x_wconf 90' lang='lat' dir='ltr'><strong>denominatur,</strong></span> <span class='ocrx_word' id='word_1_42' title='bbox 1193 757 1448 828; x_wconf 85' lang='lat' dir='ltr'><strong>quoniam</strong></span> <span class='ocrx_word' id='word_1_43' title='bbox 1471 743 1798 812; x_wconf 84' lang='lat' dir='ltr'><strong>instrumen-</strong></span> 
     </span>
    </p>
   </div>
   <div class='ocr_carea' id='block_1_8' title="bbox 211 845 1375 919">
    <p class='ocr_par' dir='ltr' id='par_1_8' title="bbox 211 845 1375 919">
     <span class='ocr_line' id='line_1_8' title="bbox 211 845 1375 919; baseline -0.007 -11"><span class='ocrx_word' id='word_1_44' title='bbox 211 864 331 910; x_wconf 90' lang='lat' dir='ltr'><strong>tum</strong></span> <span class='ocrx_word' id='word_1_45' title='bbox 357 853 574 907; x_wconf 88' lang='lat' dir='ltr'><strong>auditus</strong></span> <span class='ocrx_word' id='word_1_46' title='bbox 602 858 706 904; x_wconf 86' lang='lat' dir='ltr'><strong>est.</strong></span> <span class='ocrx_word' id='word_1_47' title='bbox 733 850 908 919; x_wconf 83' lang='lat' dir='ltr'><strong>Atque</strong></span> <span class='ocrx_word' id='word_1_48' title='bbox 934 848 988 902; x_wconf 87' lang='lat' dir='ltr'><strong>id</strong></span> <span class='ocrx_word' id='word_1_49' title='bbox 1017 862 1182 918; x_wconf 88' lang='lat' dir='ltr'><strong>genus</strong></span> <span class='ocrx_word' id='word_1_50' title='bbox 1211 845 1375 901; x_wconf 89' lang='lat' dir='ltr'><strong>mille.</strong></span> 
     </span>
    </p>
   </div>
   <div class='ocr_carea' id='block_1_9' title="bbox 285 919 1802 1013">
    <p class='ocr_par' dir='ltr' id='par_1_9' title="bbox 285 919 1802 1013">
     <span class='ocr_line' id='line_1_9' title="bbox 285 919 1802 1013; baseline -0.007 -11"><span class='ocrx_word' id='word_1_51' title='bbox 285 947 378 1002; x_wconf 81' lang='lat'><strong>58.</strong></span> <span class='ocrx_word' id='word_1_52' title='bbox 419 945 569 1000; x_wconf 78' lang='lat' dir='ltr'><strong>Drsc.</strong></span> <span class='ocrx_word' id='word_1_53' title='bbox 599 943 668 998; x_wconf 89' lang='lat' dir='ltr'><strong>Et</strong></span> <span class='ocrx_word' id='word_1_54' title='bbox 710 943 813 997; x_wconf 91' lang='lat' dir='ltr'><strong>hoc</strong></span> <span class='ocrx_word' id='word_1_55' title='bbox 853 942 1014 1013; x_wconf 85' lang='lat' dir='ltr'><strong>plane</strong></span> <span class='ocrx_word' id='word_1_56' title='bbox 1051 919 1343 1010; x_wconf 74' lang='lat' dir='ltr'><strong>perspicio.</strong></span> <span class='ocrx_word' id='word_1_57' title='bbox 1383 937 1523 1012; x_wconf 75' lang='lat' dir='ltr'><strong>Mm.</strong></span> <span class='ocrx_word' id='word_1_58' title='bbox 1570 937 1802 994; x_wconf 79' lang='lat' dir='ltr'><strong>Videsne</strong></span> 
     </span>
    </p>
   </div>
   <div class='ocr_carea' id='block_1_10' title="bbox 214 1029 1800 1107">
    <p class='ocr_par' dir='ltr' id='par_1_10' title="bbox 214 1029 1800 1107">
     <span class='ocr_line' id='line_1_10' title="bbox 214 1029 1800 1107; baseline -0.007 -12"><span class='ocrx_word' id='word_1_59' title='bbox 214 1040 427 1107; x_wconf 89' lang='lat' dir='ltr'><strong>itaque,</strong></span> <span class='ocrx_word' id='word_1_60' title='bbox 470 1050 576 1106; x_wconf 90' lang='lat' dir='ltr'><strong>qua</strong></span> <span class='ocrx_word' id='word_1_61' title='bbox 622 1035 1040 1091; x_wconf 75' lang='lat' dir='ltr'><strong>consuetudine.</strong></span> <span class='ocrx_word' id='word_1_62' title='bbox 1089 1047 1380 1101; x_wconf 84' lang='lat' dir='ltr'><strong>rerumque</strong></span> <span class='ocrx_word' id='word_1_63' title='bbox 1422 1029 1800 1101; x_wconf 89' lang='lat' dir='ltr'><strong>signiﬁcanda-</strong></span> 
     </span>
    </p>
   </div>
   <div class='ocr_carea' id='block_1_11' title="bbox 212 1120 1800 1196">
    <p class='ocr_par' dir='ltr' id='par_1_11' title="bbox 212 1120 1800 1196">
     <span class='ocr_line' id='line_1_11' title="bbox 212 1120 1800 1196; baseline -0.004 -12"><span class='ocrx_word' id='word_1_64' title='bbox 212 1145 339 1184; x_wconf 88' lang='lat' dir='ltr'><strong>rum</strong></span> <span class='ocrx_word' id='word_1_65' title='bbox 383 1128 724 1193; x_wconf 73' lang='lat' dir='ltr'><strong>necessitate,</strong></span> <span class='ocrx_word' id='word_1_66' title='bbox 763 1126 917 1196; x_wconf 88' lang='lat' dir='ltr'><strong>inops</strong></span> <span class='ocrx_word' id='word_1_67' title='bbox 955 1139 1205 1180; x_wconf 86' lang='lat' dir='ltr'><strong>verarum</strong></span> <span class='ocrx_word' id='word_1_68' title='bbox 1240 1129 1424 1178; x_wconf 78' lang='lat' dir='ltr'><strong>rerum‘</strong></span> <span class='ocrx_word' id='word_1_69' title='bbox 1463 1120 1800 1178; x_wconf 82' lang='lat' dir='ltr'><strong>discretionis</strong></span> 
     </span>
    </p>
   </div>
   <div class='ocr_carea' id='block_1_12' title="bbox 215 1214 1803 1276">
    <p class='ocr_par' dir='ltr' id='par_1_12' title="bbox 215 1214 1803 1276">
     <span class='ocr_line' id='line_1_12' title="bbox 215 1214 1803 1276; baseline -0.006 0"><span class='ocrx_word' id='word_1_70' title='bbox 215 1221 530 1276; x_wconf 85' lang='lat' dir='ltr'><strong>humanitas</strong></span> <span class='ocrx_word' id='word_1_71' title='bbox 569 1220 668 1274; x_wconf 90' lang='lat' dir='ltr'><strong>has</strong></span> <span class='ocrx_word' id='word_1_72' title='bbox 706 1218 956 1272; x_wconf 89' lang='lat' dir='ltr'><strong>abusivas</strong></span> <span class='ocrx_word' id='word_1_73' title='bbox 994 1231 1175 1272; x_wconf 91' lang='lat' dir='ltr'><strong>rerum</strong></span> <span class='ocrx_word' id='word_1_74' title='bbox 1216 1214 1677 1270; x_wconf 89' lang='lat' dir='ltr'><strong>denominationes</strong></span> <span class='ocrx_word' id='word_1_75' title='bbox 1717 1228 1803 1268; x_wconf 86' lang='lat' dir='ltr'><strong>re-</strong></span> 
     </span>
    </p>
   </div>
   <div class='ocr_carea' id='block_1_13' title="bbox 213 1305 1799 1381">
    <p class='ocr_par' dir='ltr' id='par_1_13' title="bbox 213 1305 1799 1381">
     <span class='ocr_line' id='line_1_13' title="bbox 213 1305 1799 1381; baseline -0.005 -15"><span class='ocrx_word' id='word_1_76' title='bbox 213 1311 458 1381; x_wconf 88' lang='lat' dir='ltr'><strong>pererit,</strong></span> <span class='ocrx_word' id='word_1_77' title='bbox 506 1311 670 1366; x_wconf 86' lang='lat' dir='ltr'><strong>imam</strong></span> <span class='ocrx_word' id='word_1_78' title='bbox 701 1309 1042 1377; x_wconf 89' lang='lat' dir='ltr'><strong>mediamque</strong></span> <span class='ocrx_word' id='word_1_79' title='bbox 1083 1307 1266 1361; x_wconf 89' lang='lat' dir='ltr'><strong>mundi</strong></span> <span class='ocrx_word' id='word_1_80' title='bbox 1308 1305 1535 1360; x_wconf 74' lang='lat' dir='ltr'><strong>visibilis</strong></span> <span class='ocrx_word' id='word_1_81' title='bbox 1569 1311 1799 1376; x_wconf 87' lang='lat' dir='ltr'><strong>partem,</strong></span> 
     </span>
    </p>
   </div>
   <div class='ocr_carea' id='block_1_14' title="bbox 216 1396 1804 1469">
    <p class='ocr_par' dir='ltr' id='par_1_14' title="bbox 216 1396 1804 1469">
     <span class='ocr_line' id='line_1_14' title="bbox 216 1396 1804 1469; baseline -0.003 -14"><span class='ocrx_word' id='word_1_82' title='bbox 216 1409 426 1456; x_wconf 83' lang='lat' dir='ltr'><strong>terram</strong></span> <span class='ocrx_word' id='word_1_83' title='bbox 487 1401 639 1466; x_wconf 88' lang='lat' dir='ltr'><strong>dico,</strong></span> <span class='ocrx_word' id='word_1_84' title='bbox 713 1399 1025 1453; x_wconf 88' lang='lat' dir='ltr'><strong>animalium</strong></span> <span class='ocrx_word' id='word_1_85' title='bbox 1089 1396 1449 1469; x_wconf 85' lang='lat' dir='ltr'><strong>gressibilium</strong></span> <span class='ocrx_word' id='word_1_86' title='bbox 1519 1396 1804 1450; x_wconf 77' lang='lat' dir='ltr'><strong>nominans</strong></span> 
     </span>
    </p>
   </div>
   <div class='ocr_carea' id='block_1_15' title="bbox 212 1487 1805 1557">
    <p class='ocr_par' dir='ltr' id='par_1_15' title="bbox 212 1487 1805 1557">
     <span class='ocr_line' id='line_1_15' title="bbox 212 1487 1805 1557; baseline -0.003 -11"><span class='ocrx_word' id='word_1_87' title='bbox 212 1491 438 1548; x_wconf 83' lang='lat' dir='ltr'><strong>locum?</strong></span> <span class='ocrx_word' id='word_1_88' title='bbox 462 1491 560 1547; x_wconf 86' lang='lat' dir='ltr'><strong>Cui</strong></span> <span class='ocrx_word' id='word_1_89' title='bbox 578 1491 599 1522; x_wconf 90' lang='grc'><em>³</em></span> <span class='ocrx_word' id='word_1_90' title='bbox 631 1491 886 1546; x_wconf 85' lang='lat' dir='ltr'><strong>similiter</strong></span> <span class='ocrx_word' id='word_1_91' title='bbox 910 1489 1264 1544; x_wconf 88' lang='lat' dir='ltr'><strong>coadunatam</strong></span> <span class='ocrx_word' id='word_1_92' title='bbox 1287 1487 1805 1557; x_wconf 88' lang='lat' dir='ltr'><strong>inseparabilemque</strong></span> 
     </span>
    </p>
   </div>
   <div class='ocr_carea' id='block_1_16' title="bbox 211 1583 1805 1659">
    <p class='ocr_par' dir='ltr' id='par_1_16' title="bbox 211 1583 1805 1659">
     <span class='ocr_line' id='line_1_16' title="bbox 211 1583 1805 1659; baseline -0.004 -17"><span class='ocrx_word' id='word_1_93' title='bbox 211 1596 456 1659; x_wconf 88' lang='lat' dir='ltr'><strong>partem,</strong></span> <span class='ocrx_word' id='word_1_94' title='bbox 496 1587 862 1656; x_wconf 87' lang='lat' dir='ltr'><strong>qualitathuc</strong></span> <span class='ocrx_word' id='word_1_95' title='bbox 901 1585 1212 1656; x_wconf 82' lang='lat' dir='ltr'><strong>frigiditatis</strong></span> <span class='ocrx_word' id='word_1_96' title='bbox 1249 1583 1573 1654; x_wconf 84' lang='lat' dir='ltr'><strong>proximam,</strong></span> <span class='ocrx_word' id='word_1_97' title='bbox 1607 1597 1805 1654; x_wconf 88' lang='lat' dir='ltr'><strong>aquam</strong></span> 
     </span>
    </p>
   </div>
   <div class='ocr_carea' id='block_1_17' title="bbox 213 1675 1810 1742">
    <p class='ocr_par' dir='ltr' id='par_1_17' title="bbox 213 1675 1810 1742">
     <span class='ocr_line' id='line_1_17' title="bbox 213 1675 1810 1742; baseline 0.001 -13"><span class='ocrx_word' id='word_1_98' title='bbox 213 1676 490 1742; x_wconf 76' lang='lat' dir='ltr'><strong>videlicet,</strong></span> <span class='ocrx_word' id='word_1_99' title='bbox 537 1677 714 1733; x_wconf 89' lang='lat' dir='ltr'><strong>locum</strong></span> <span class='ocrx_word' id='word_1_100' title='bbox 750 1678 1050 1732; x_wconf 89' lang='lat' dir='ltr'><strong>natantium</strong></span> <span class='ocrx_word' id='word_1_101' title='bbox 1078 1675 1102 1707; x_wconf 70' lang='lat'><strong>‘</strong></span> <span class='ocrx_word' id='word_1_102' title='bbox 1129 1684 1319 1731; x_wconf 85' lang='lat' dir='ltr'><strong>evocat</strong></span> <span class='ocrx_word' id='word_1_103' title='bbox 1346 1675 1388 1730; x_wconf 79' lang='grc'><strong>⁸.</strong></span> <span class='ocrx_word' id='word_1_104' title='bbox 1418 1675 1622 1731; x_wconf 81' lang='lat' dir='ltr'><strong>Deinde</strong></span> <span class='ocrx_word' id='word_1_105' title='bbox 1650 1683 1810 1731; x_wconf 85' lang='lat' dir='ltr'><strong>natu-</strong></span> 
     </span>
    </p>
   </div>
   <div class='ocr_carea' id='block_1_18' title="bbox 215 1768 1809 1840">
    <p class='ocr_par' dir='ltr' id='par_1_18' title="bbox 215 1768 1809 1840">
     <span class='ocr_line' id='line_1_18' title="bbox 215 1768 1809 1840; baseline -0.002 -14"><span class='ocrx_word' id='word_1_106' title='bbox 215 1771 324 1826; x_wconf 85' lang='lat' dir='ltr'><strong>rali</strong></span> <span class='ocrx_word' id='word_1_107' title='bbox 363 1771 556 1828; x_wconf 88' lang='lat' dir='ltr'><strong>ordine</strong></span> <span class='ocrx_word' id='word_1_108' title='bbox 603 1770 818 1826; x_wconf 83' lang='lat' dir='ltr'><strong>tertiam</strong></span> <span class='ocrx_word' id='word_1_109' title='bbox 859 1769 1043 1825; x_wconf 91' lang='lat' dir='ltr'><strong>mundi</strong></span> <span class='ocrx_word' id='word_1_110' title='bbox 1083 1775 1296 1838; x_wconf 89' lang='lat' dir='ltr'><strong>partem</strong></span> <span class='ocrx_word' id='word_1_111' title='bbox 1339 1768 1557 1837; x_wconf 89' lang='lat' dir='ltr'><strong>pennati</strong></span> <span class='ocrx_word' id='word_1_112' title='bbox 1595 1768 1809 1840; x_wconf 78' lang='lat' dir='ltr'><strong>generis</strong></span> 
     </span>
    </p>
   </div>
   <div class='ocr_carea' id='block_1_19' title="bbox 214 1860 1808 1930">
    <p class='ocr_par' dir='ltr' id='par_1_19' title="bbox 214 1860 1808 1930">
     <span class='ocr_line' id='line_1_19' title="bbox 214 1860 1808 1930; baseline -0.003 -11"><span class='ocrx_word' id='word_1_113' title='bbox 214 1861 400 1919; x_wconf 81' lang='lat' dir='ltr'><strong>locum</strong></span> <span class='ocrx_word' id='word_1_114' title='bbox 437 1877 559 1918; x_wconf 89' lang='lat' dir='ltr'><strong>esse</strong></span> <span class='ocrx_word' id='word_1_115' title='bbox 598 1863 867 1917; x_wconf 86' lang='lat' dir='ltr'><strong>aestimat.</strong></span> <span class='ocrx_word' id='word_1_116' title='bbox 922 1860 1232 1930; x_wconf 90' lang='lat' dir='ltr'><strong>Eodemque</strong></span> <span class='ocrx_word' id='word_1_117' title='bbox 1275 1860 1435 1914; x_wconf 91' lang='lat' dir='ltr'><strong>modo</strong></span> <span class='ocrx_word' id='word_1_118' title='bbox 1477 1860 1808 1930; x_wconf 86' lang='lat' dir='ltr'><strong>amplissima</strong></span> 
     </span>
    </p>
   </div>
   <div class='ocr_carea' id='block_1_20' title="bbox 1901 650 3471 726">
    <p class='ocr_par' dir='ltr' id='par_1_20' title="bbox 1901 650 3471 726">
     <span class='ocr_line' id='line_1_20' title="bbox 1901 650 3471 726; baseline -0.003 -14"><span class='ocrx_word' id='word_1_119' title='bbox 1901 658 2184 722; x_wconf 85' lang='lat' dir='ltr'><strong>universa,</strong></span> <span class='ocrx_word' id='word_1_120' title='bbox 2240 651 2611 726; x_wconf 83' lang='lat' dir='ltr'><strong>quaecumque</strong></span> <span class='ocrx_word' id='word_1_121' title='bbox 2665 660 2787 722; x_wconf 88' lang='lat' dir='ltr'><strong>post</strong></span> <span class='ocrx_word' id='word_1_122' title='bbox 2841 653 3003 706; x_wconf 90' lang='lat' dir='ltr'><strong>Deum</strong></span> <span class='ocrx_word' id='word_1_123' title='bbox 3059 666 3178 706; x_wconf 91' lang='lat' dir='ltr'><strong>esse</strong></span> <span class='ocrx_word' id='word_1_124' title='bbox 3237 650 3471 720; x_wconf 83' lang='lat' dir='ltr'><strong>habent,</strong></span> 
     </span>
    </p>
   </div>
   <div class='ocr_carea' id='block_1_21' title="bbox 1897 745 3470 818">
    <p class='ocr_par' dir='ltr' id='par_1_21' title="bbox 1897 745 3470 818">
     <span class='ocr_line' id='line_1_21' title="bbox 1897 745 3470 818; baseline -0.003 -13"><span class='ocrx_word' id='word_1_125' title='bbox 1897 763 1962 805; x_wconf 88' lang='lat' dir='ltr'><strong>ac</strong></span> <span class='ocrx_word' id='word_1_126' title='bbox 2011 763 2107 818; x_wconf 89' lang='lat' dir='ltr'><strong>per</strong></span> <span class='ocrx_word' id='word_1_127' title='bbox 2168 749 2270 804; x_wconf 89' lang='lat' dir='ltr'><strong>hoc</strong></span> <span class='ocrx_word' id='word_1_128' title='bbox 2325 762 2434 802; x_wconf 87' lang='lat' dir='ltr'><strong>non</strong></span> <span class='ocrx_word' id='word_1_129' title='bbox 2493 753 2681 802; x_wconf 88' lang='lat' dir='ltr'><strong>carent</strong></span> <span class='ocrx_word' id='word_1_130' title='bbox 2735 745 3016 815; x_wconf 89' lang='lat' dir='ltr'><strong>principio.</strong></span> <span class='ocrx_word' id='word_1_131' title='bbox 3075 745 3244 800; x_wconf 90' lang='lat' dir='ltr'><strong>Omne</strong></span> <span class='ocrx_word' id='word_1_132' title='bbox 3303 747 3470 813; x_wconf 91' lang='lat' dir='ltr'><strong>enim,</strong></span> 
     </span>
    </p>
   </div>
   <div class='ocr_carea' id='block_1_22' title="bbox 1898 833 3473 909">
    <p class='ocr_par' dir='ltr' id='par_1_22' title="bbox 1898 833 3473 909">
     <span class='ocr_line' id='line_1_22' title="bbox 1898 833 3473 909; baseline -0.001 -16"><span class='ocrx_word' id='word_1_133' title='bbox 1898 839 2278 909; x_wconf 79' lang='lat' dir='ltr'><strong>quodcumque</strong></span> <span class='ocrx_word' id='word_1_134' title='bbox 2325 836 2588 892; x_wconf 90' lang='lat' dir='ltr'><strong>rationem</strong></span> <span class='ocrx_word' id='word_1_135' title='bbox 2620 835 2832 905; x_wconf 85' lang='lat' dir='ltr'><strong>recipit,</strong></span> <span class='ocrx_word' id='word_1_136' title='bbox 2885 833 3252 904; x_wconf 87' lang='lat' dir='ltr'><strong>alicujusmodi</strong></span> <span class='ocrx_word' id='word_1_137' title='bbox 3289 850 3473 892; x_wconf 86' lang='lat' dir='ltr'><strong>esseu-</strong></span> 
     </span>
    </p>
   </div>
   <div class='ocr_carea' id='block_1_23' title="bbox 1901 923 3472 994">
    <p class='ocr_par' dir='ltr' id='par_1_23' title="bbox 1901 923 3472 994">
     <span class='ocr_line' id='line_1_23' title="bbox 1901 923 3472 994; baseline -0.001 -12"><span class='ocrx_word' id='word_1_138' title='bbox 1901 927 2028 992; x_wconf 87' lang='lat' dir='ltr'><strong>tiae,</strong></span> <span class='ocrx_word' id='word_1_139' title='bbox 2063 927 2165 982; x_wconf 90' lang='lat' dir='ltr'><strong>etsi</strong></span> <span class='ocrx_word' id='word_1_140' title='bbox 2213 933 2316 991; x_wconf 88' lang='lat' dir='ltr'><strong>est,</strong></span> <span class='ocrx_word' id='word_1_141' title='bbox 2368 942 2474 982; x_wconf 90' lang='lat' dir='ltr'><strong>non</strong></span> <span class='ocrx_word' id='word_1_142' title='bbox 2519 933 2655 981; x_wconf 89' lang='lat' dir='ltr'><strong>erat.</strong></span> <span class='ocrx_word' id='word_1_143' title='bbox 2691 925 2878 994; x_wconf 89' lang='lat' dir='ltr'><strong>Itaque</strong></span> <span class='ocrx_word' id='word_1_144' title='bbox 2918 923 3096 994; x_wconf 91' lang='lat' dir='ltr'><strong>aliquo</strong></span> <span class='ocrx_word' id='word_1_145' title='bbox 3135 925 3293 980; x_wconf 89' lang='lat' dir='ltr'><strong>modo</strong></span> <span class='ocrx_word' id='word_1_146' title='bbox 3333 940 3472 993; x_wconf 90' lang='lat' dir='ltr'><strong>esse,</strong></span> 
     </span>
    </p>
   </div>
   <div class='ocr_carea' id='block_1_24' title="bbox 1898 1014 3476 1086">
    <p class='ocr_par' dir='ltr' id='par_1_24' title="bbox 1898 1014 3476 1086">
     <span class='ocr_line' id='line_1_24' title="bbox 1898 1014 3476 1086; baseline 0 -14"><span class='ocrx_word' id='word_1_147' title='bbox 1898 1017 2002 1072; x_wconf 88' lang='lat' dir='ltr'><strong>hoc</strong></span> <span class='ocrx_word' id='word_1_148' title='bbox 2023 1026 2107 1073; x_wconf 90' lang='lat' dir='ltr'><strong>est</strong></span> <span class='ocrx_word' id='word_1_149' title='bbox 2133 1016 2376 1072; x_wconf 88' lang='lat' dir='ltr'><strong>localiter</strong></span> <span class='ocrx_word' id='word_1_150' title='bbox 2392 1031 2534 1083; x_wconf 90' lang='lat' dir='ltr'><strong>esse,</strong></span> <span class='ocrx_word' id='word_1_151' title='bbox 2557 1023 2614 1071; x_wconf 88' lang='lat' dir='ltr'><strong>et</strong></span> <span class='ocrx_word' id='word_1_152' title='bbox 2646 1014 2827 1086; x_wconf 92' lang='lat' dir='ltr'><strong>aliquo</strong></span> <span class='ocrx_word' id='word_1_153' title='bbox 2852 1014 3010 1070; x_wconf 92' lang='lat' dir='ltr'><strong>modo</strong></span> <span class='ocrx_word' id='word_1_154' title='bbox 3033 1014 3315 1070; x_wconf 87' lang='lat' dir='ltr'><strong>inchoasse</strong></span> <span class='ocrx_word' id='word_1_155' title='bbox 3333 1031 3476 1082; x_wconf 86' lang='lat' dir='ltr'><strong>esse,</strong></span> 
     </span>
    </p>
   </div>
   <div class='ocr_carea' id='block_1_25' title="bbox 1901 1106 3480 1178">
    <p class='ocr_par' dir='ltr' id='par_1_25' title="bbox 1901 1106 3480 1178">
     <span class='ocr_line' id='line_1_25' title="bbox 1901 1106 3480 1178; baseline 0 -14"><span class='ocrx_word' id='word_1_156' title='bbox 1901 1109 2004 1164; x_wconf 90' lang='lat' dir='ltr'><strong>hoc</strong></span> <span class='ocrx_word' id='word_1_157' title='bbox 2033 1118 2119 1164; x_wconf 89' lang='lat' dir='ltr'><strong>est</strong></span> <span class='ocrx_word' id='word_1_158' title='bbox 2147 1107 2520 1178; x_wconf 88' lang='lat' dir='ltr'><strong>temporaliter</strong></span> <span class='ocrx_word' id='word_1_159' title='bbox 2555 1121 2696 1163; x_wconf 91' lang='lat' dir='ltr'><strong>esse.</strong></span> <span class='ocrx_word' id='word_1_160' title='bbox 2739 1106 2971 1178; x_wconf 87' lang='lat' dir='ltr'><strong>Ideoque</strong></span> <span class='ocrx_word' id='word_1_161' title='bbox 3006 1120 3185 1171; x_wconf 92' lang='lat' dir='ltr'><strong>omne,</strong></span> <span class='ocrx_word' id='word_1_162' title='bbox 3225 1107 3367 1176; x_wconf 93' lang='lat' dir='ltr'><strong>quod</strong></span> <span class='ocrx_word' id='word_1_163' title='bbox 3397 1117 3480 1164; x_wconf 83' lang='lat' dir='ltr'><strong>est</strong></span> 
     </span>
    </p>
   </div>
   <div class='ocr_carea' id='block_1_26' title="bbox 1901 1199 3484 1272">
    <p class='ocr_par' dir='ltr' id='par_1_26' title="bbox 1901 1199 3484 1272">
     <span class='ocr_line' id='line_1_26' title="bbox 1901 1199 3484 1272; baseline 0.001 -16"><span class='ocrx_word' id='word_1_164' title='bbox 1901 1210 2117 1272; x_wconf 90' lang='lat' dir='ltr'><strong>praeter</strong></span> <span class='ocrx_word' id='word_1_165' title='bbox 2163 1201 2351 1267; x_wconf 91' lang='lat' dir='ltr'><strong>Deum,</strong></span> <span class='ocrx_word' id='word_1_166' title='bbox 2381 1201 2656 1272; x_wconf 65' lang='lat' dir='ltr'><strong>‘quoniam</strong></span> <span class='ocrx_word' id='word_1_167' title='bbox 2696 1199 2877 1271; x_wconf 88' lang='lat' dir='ltr'><strong>aliquo</strong></span> <span class='ocrx_word' id='word_1_168' title='bbox 2914 1199 3073 1262; x_wconf 82' lang='lat' dir='ltr'><strong>modo</strong></span> <span class='ocrx_word' id='word_1_169' title='bbox 3116 1199 3377 1266; x_wconf 87' lang='lat' dir='ltr'><strong>subsistit,</strong></span> <span class='ocrx_word' id='word_1_170' title='bbox 3427 1209 3484 1257; x_wconf 89' lang='lat' dir='ltr'><strong>et</strong></span> 
     </span>
    </p>
   </div>
   <div class='ocr_carea' id='block_1_27' title="bbox 1874 1291 3483 1365">
    <p class='ocr_par' dir='ltr' id='par_1_27' title="bbox 1874 1291 3483 1365">
     <span class='ocr_line' id='line_1_27' title="bbox 1874 1291 3483 1365; baseline -0.001 -17"><span class='ocrx_word' id='word_1_171' title='bbox 1874 1309 1998 1364; x_wconf 91' lang='lat' dir='ltr'><strong>.per</strong></span> <span class='ocrx_word' id='word_1_172' title='bbox 2044 1293 2451 1365; x_wconf 78' lang='lat' dir='ltr'><strong>generationem</strong></span> <span class='ocrx_word' id='word_1_173' title='bbox 2501 1292 2796 1348; x_wconf 84' lang='lat' dir='ltr'><strong>subsistere</strong></span> <span class='ocrx_word' id='word_1_174' title='bbox 2842 1291 3137 1358; x_wconf 86' lang='lat' dir='ltr'><strong>inchoavit,</strong></span> <span class='ocrx_word' id='word_1_175' title='bbox 3176 1291 3483 1348; x_wconf 88' lang='lat' dir='ltr'><strong>necessario</strong></span> 
     </span>
    </p>
   </div>
   <div class='ocr_carea' id='block_1_28' title="bbox 1904 1383 3484 1456">
    <p class='ocr_par' dir='ltr' id='par_1_28' title="bbox 1904 1383 3484 1456">
     <span class='ocr_line' id='line_1_28' title="bbox 1904 1383 3484 1456; baseline -0.001 -16"><span class='ocrx_word' id='word_1_176' title='bbox 1904 1387 2022 1443; x_wconf 91' lang='lat' dir='ltr'><strong>loco</strong></span> <span class='ocrx_word' id='word_1_177' title='bbox 2059 1402 2124 1442; x_wconf 88' lang='lat' dir='ltr'><strong>ac</strong></span> <span class='ocrx_word' id='word_1_178' title='bbox 2159 1394 2401 1456; x_wconf 89' lang='lat' dir='ltr'><strong>tempore</strong></span> <span class='ocrx_word' id='word_1_179' title='bbox 2442 1385 2802 1442; x_wconf 88' lang='lat' dir='ltr'><strong>concluditur.</strong></span> <span class='ocrx_word' id='word_1_180' title='bbox 2848 1383 3002 1441; x_wconf 90' lang='lat' dir='ltr'><strong>Unde</strong></span> <span class='ocrx_word' id='word_1_181' title='bbox 3030 1384 3200 1440; x_wconf 90' lang='lat' dir='ltr'><strong>Deum</strong></span> <span class='ocrx_word' id='word_1_182' title='bbox 3246 1399 3366 1441; x_wconf 89' lang='lat' dir='ltr'><strong>esse</strong></span> <span class='ocrx_word' id='word_1_183' title='bbox 3401 1384 3484 1439; x_wconf 85' lang='lat' dir='ltr'><strong>di-</strong></span> 
     </span>
    </p>
   </div>
   <div class='ocr_carea' id='block_1_29' title="bbox 1904 1476 3485 1550">
    <p class='ocr_par' dir='ltr' id='par_1_29' title="bbox 1904 1476 3485 1550">
     <span class='ocr_line' id='line_1_29' title="bbox 1904 1476 3485 1550; baseline -0.002 -14"><span class='ocrx_word' id='word_1_184' title='bbox 1904 1489 2112 1545; x_wconf 87' lang='lat' dir='ltr'><strong>centes,</strong></span> <span class='ocrx_word' id='word_1_185' title='bbox 2139 1495 2245 1536; x_wconf 91' lang='lat' dir='ltr'><strong>non</strong></span> <span class='ocrx_word' id='word_1_186' title='bbox 2272 1480 2454 1550; x_wconf 87' lang='lat' dir='ltr'><strong>aliquo</strong></span> <span class='ocrx_word' id='word_1_187' title='bbox 2478 1479 2638 1535; x_wconf 91' lang='lat' dir='ltr'><strong>modo</strong></span> <span class='ocrx_word' id='word_1_188' title='bbox 2666 1493 2786 1546; x_wconf 86' lang='lat' dir='ltr'><strong>esse</strong></span> <span class='ocrx_word' id='word_1_189' title='bbox 2820 1476 2860 1509; x_wconf 83' lang='lat'>&quot;</span> <span class='ocrx_word' id='word_1_190' title='bbox 2888 1476 3136 1533; x_wconf 85' lang='lat' dir='ltr'><strong>dicimus.</strong></span> <span class='ocrx_word' id='word_1_191' title='bbox 3157 1476 3235 1532; x_wconf 83' lang='lat' dir='ltr'><strong>Ac</strong></span> <span class='ocrx_word' id='word_1_192' title='bbox 3260 1491 3358 1548; x_wconf 91' lang='lat' dir='ltr'><strong>per</strong></span> <span class='ocrx_word' id='word_1_193' title='bbox 3380 1478 3485 1533; x_wconf 89' lang='lat' dir='ltr'><strong>hoc</strong></span> 
     </span>
    </p>
   </div>
   <div class='ocr_carea' id='block_1_30' title="bbox 1905 1567 3481 1639">
    <p class='ocr_par' dir='ltr' id='par_1_30' title="bbox 1905 1567 3481 1639">
     <span class='ocr_line' id='line_1_30' title="bbox 1905 1567 3481 1639; baseline -0.004 -12"><span class='ocrx_word' id='word_1_194' title='bbox 1905 1580 1959 1627; x_wconf 90' lang='lat' dir='ltr'><strong>et</strong></span> <span class='ocrx_word' id='word_1_195' title='bbox 1985 1578 2067 1626; x_wconf 90' lang='lat' dir='ltr'><strong>est</strong></span> <span class='ocrx_word' id='word_1_196' title='bbox 2112 1579 2168 1625; x_wconf 90' lang='lat' dir='ltr'><strong>et</strong></span> <span class='ocrx_word' id='word_1_197' title='bbox 2199 1579 2340 1636; x_wconf 90' lang='lat' dir='ltr'><strong>erat,</strong></span> <span class='ocrx_word' id='word_1_198' title='bbox 2383 1569 2700 1639; x_wconf 84' lang='lat' dir='ltr'><strong>simpliciter</strong></span> <span class='ocrx_word' id='word_1_199' title='bbox 2741 1578 2798 1624; x_wconf 90' lang='lat' dir='ltr'><strong>et</strong></span> <span class='ocrx_word' id='word_1_200' title='bbox 2837 1567 3044 1624; x_wconf 89' lang='lat' dir='ltr'><strong>inﬁnite</strong></span> <span class='ocrx_word' id='word_1_201' title='bbox 3065 1576 3122 1624; x_wconf 90' lang='lat' dir='ltr'><strong>et</strong></span> <span class='ocrx_word' id='word_1_202' title='bbox 3146 1567 3392 1624; x_wconf 87' lang='lat' dir='ltr'><strong>absolute</strong></span> <span class='ocrx_word' id='word_1_203' title='bbox 3429 1569 3481 1623; x_wconf 90' lang='lat' dir='ltr'><strong>in</strong></span> 
     </span>
    </p>
   </div>
   <div class='ocr_carea' id='block_1_31' title="bbox 1906 1659 3485 1734">
    <p class='ocr_par' dir='ltr' id='par_1_31' title="bbox 1906 1659 3485 1734">
     <span class='ocr_line' id='line_1_31' title="bbox 1906 1659 3485 1734; baseline -0.002 -16"><span class='ocrx_word' id='word_1_204' title='bbox 1906 1663 2023 1734; x_wconf 90' lang='lat' dir='ltr'><strong>ipso</strong></span> <span class='ocrx_word' id='word_1_205' title='bbox 2052 1661 2304 1718; x_wconf 86' lang='lat' dir='ltr'><strong>dicimus.</strong></span> <span class='ocrx_word' id='word_1_206' title='bbox 2347 1659 2894 1730; x_wconf 89' lang='lat' dir='ltr'><strong>lncomprehensibile</strong></span> <span class='ocrx_word' id='word_1_207' title='bbox 2927 1659 3070 1714; x_wconf 88' lang='lat' dir='ltr'><strong>enim</strong></span> <span class='ocrx_word' id='word_1_208' title='bbox 3101 1659 3246 1714; x_wconf 91' lang='lat' dir='ltr'><strong>omni</strong></span> <span class='ocrx_word' id='word_1_209' title='bbox 3290 1660 3485 1716; x_wconf 85' lang='lat' dir='ltr'><strong>rationi</strong></span> 
     </span>
    </p>
   </div>
   <div class='ocr_carea' id='block_1_32' title="bbox 1905 1753 3486 1824">
    <p class='ocr_par' dir='ltr' id='par_1_32' title="bbox 1905 1753 3486 1824">
     <span class='ocr_line' id='line_1_32' title="bbox 1905 1753 3486 1824; baseline -0.001 -13"><span class='ocrx_word' id='word_1_210' title='bbox 1905 1764 1962 1811; x_wconf 93' lang='lat' dir='ltr'><strong>et</strong></span> <span class='ocrx_word' id='word_1_211' title='bbox 1988 1754 2278 1811; x_wconf 89' lang='lat' dir='ltr'><strong>intellectui</strong></span> <span class='ocrx_word' id='word_1_212' title='bbox 2319 1754 2558 1810; x_wconf 87' lang='lat' dir='ltr'><strong>divinum</strong></span> <span class='ocrx_word' id='word_1_213' title='bbox 2603 1762 2704 1818; x_wconf 91' lang='lat' dir='ltr'><strong>est,</strong></span> <span class='ocrx_word' id='word_1_214' title='bbox 2751 1761 2913 1824; x_wconf 87' lang='lat' dir='ltr'><strong>atque</strong></span> <span class='ocrx_word' id='word_1_215' title='bbox 2952 1753 3071 1809; x_wconf 92' lang='lat' dir='ltr'><strong>ideo</strong></span> <span class='ocrx_word' id='word_1_216' title='bbox 3111 1755 3486 1822; x_wconf 89' lang='lat' dir='ltr'><strong>praedicantes</strong></span> 
     </span>
    </p>
   </div>
   <div class='ocr_carea' id='block_1_33' title="bbox 1909 1846 3482 1919">
    <p class='ocr_par' dir='ltr' id='par_1_33' title="bbox 1909 1846 3482 1919">
     <span class='ocr_line' id='line_1_33' title="bbox 1909 1846 3482 1919; baseline -0.002 -15"><span class='ocrx_word' id='word_1_217' title='bbox 1909 1848 2078 1919; x_wconf 88' lang='lat' dir='ltr'><strong>ipsius</strong></span> <span class='ocrx_word' id='word_1_218' title='bbox 2115 1863 2258 1914; x_wconf 89' lang='lat' dir='ltr'><strong>esse,</strong></span> <span class='ocrx_word' id='word_1_219' title='bbox 2289 1863 2394 1904; x_wconf 91' lang='lat' dir='ltr'><strong>non</strong></span> <span class='ocrx_word' id='word_1_220' title='bbox 2433 1847 2661 1904; x_wconf 89' lang='lat' dir='ltr'><strong>dicimus</strong></span> <span class='ocrx_word' id='word_1_221' title='bbox 2697 1846 2870 1916; x_wconf 84' lang='lat' dir='ltr'><strong>ipsum</strong></span> <span class='ocrx_word' id='word_1_222' title='bbox 2911 1860 3050 1902; x_wconf 89' lang='lat' dir='ltr'><strong>esse.</strong></span> <span class='ocrx_word' id='word_1_223' title='bbox 3084 1846 3162 1901; x_wconf 82' lang='lat' dir='ltr'><strong>Ex</strong></span> <span class='ocrx_word' id='word_1_224' title='bbox 3193 1846 3309 1918; x_wconf 89' lang='lat' dir='ltr'><strong>ipso</strong></span> <span class='ocrx_word' id='word_1_225' title='bbox 3338 1847 3482 1902; x_wconf 88' lang='lat' dir='ltr'><strong>enim</strong></span> 
     </span>
    </p>
   </div>
   <div class='ocr_carea' id='block_1_34' title="bbox 219 1938 3486 2026">
    <p class='ocr_par' dir='ltr' id='par_1_34' title="bbox 219 1938 3486 2026">
     <span class='ocr_line' id='line_1_34' title="bbox 219 1938 3486 2026; baseline -0.004 -14"><span class='ocrx_word' id='word_1_226' title='bbox 219 1955 465 2012; x_wconf 86' lang='lat' dir='ltr'><strong>aetheris</strong></span> <span class='ocrx_word' id='word_1_227' title='bbox 490 1955 658 2026; x_wconf 87' lang='lat' dir='ltr'><strong>spatia</strong></span> <span class='ocrx_word' id='word_1_228' title='bbox 698 1953 1010 2010; x_wconf 87' lang='lat' dir='ltr'><strong>caelestium</strong></span> <span class='ocrx_word' id='word_1_229' title='bbox 1043 1966 1329 2022; x_wconf 88' lang='lat' dir='ltr'><strong>corporum</strong></span> <span class='ocrx_word' id='word_1_230' title='bbox 1370 1951 1710 2008; x_wconf 91' lang='lat' dir='ltr'><strong>circulariter</strong></span> <span class='ocrx_word' id='word_1_231' title='bbox 1749 1952 1803 2006; x_wconf 92' lang='lat' dir='ltr'><strong>in</strong></span> <span class='ocrx_word' id='word_1_232' title='bbox 1837 1959 1880 2019; x_wconf 82' lang='grc' dir='ltr'><strong>Β</strong></span> <span class='ocrx_word' id='word_1_233' title='bbox 1907 1953 2050 2008; x_wconf 68' lang='lat' dir='ltr'><strong>esse.</strong></span> <span class='ocrx_word' id='word_1_234' title='bbox 2077 1943 2171 1998; x_wconf 74' lang='lat' dir='ltr'><strong>sed</strong></span> <span class='ocrx_word' id='word_1_235' title='bbox 2196 1955 2300 1995; x_wconf 80' lang='grc' dir='ltr'><strong>ηοη</strong></span> <span class='ocrx_word' id='word_1_236' title='bbox 2325 1940 2498 2010; x_wconf 77' lang='lat' dir='ltr'><strong>ipsum</strong></span> <span class='ocrx_word' id='word_1_237' title='bbox 2523 1953 2665 1995; x_wconf 73' lang='lat'><strong>8556-</strong></span> <span class='ocrx_word' id='word_1_238' title='bbox 2690 1939 2784 1994; x_wconf 77' lang='grc' dir='ltr'>Εει</span> <span class='ocrx_word' id='word_1_239' title='bbox 2811 1938 2955 1993; x_wconf 71' lang='lat' dir='ltr'><strong>enim</strong></span> <span class='ocrx_word' id='word_1_240' title='bbox 2983 1954 3145 2008; x_wconf 67' lang='lat' dir='ltr'><strong>super</strong></span> <span class='ocrx_word' id='word_1_241' title='bbox 3165 1939 3338 2008; x_wconf 82' lang='lat' dir='ltr'><strong>ipsum</strong></span> <span class='ocrx_word' id='word_1_242' title='bbox 3364 1953 3486 1994; x_wconf 82' lang='lat' dir='ltr'><strong>esse</strong></span> 
     </span>
    </p>
   </div>
   <div class='ocr_carea' id='block_1_35' title="bbox 218 2042 1807 2110">
    <p class='ocr_par' dir='ltr' id='par_1_35' title="bbox 218 2042 1807 2110">
     <span class='ocr_line' id='line_1_35' title="bbox 218 2042 1807 2110; baseline -0.002 -8"><span class='ocrx_word' id='word_1_243' title='bbox 218 2060 290 2102; x_wconf 87' lang='lat' dir='ltr'><strong>eo</strong></span> <span class='ocrx_word' id='word_1_244' title='bbox 361 2044 722 2100; x_wconf 85' lang='lat' dir='ltr'><strong>revolutorum</strong></span> <span class='ocrx_word' id='word_1_245' title='bbox 796 2043 913 2098; x_wconf 90' lang='lat' dir='ltr'><strong>loca</strong></span> <span class='ocrx_word' id='word_1_246' title='bbox 946 2042 1229 2098; x_wconf 88' lang='lat' dir='ltr'><strong>nominare</strong></span> <span class='ocrx_word' id='word_1_247' title='bbox 1291 2043 1588 2098; x_wconf 87' lang='lat' dir='ltr'><strong>consuevit.</strong></span> <span class='ocrx_word' id='word_1_248' title='bbox 1657 2042 1807 2110; x_wconf 86' lang='lat' dir='ltr'><strong>Quae</strong></span> 
     </span>
    </p>
   </div>
   <div class='ocr_carea' id='block_1_36' title="bbox 219 2133 1804 2204">
    <p class='ocr_par' dir='ltr' id='par_1_36' title="bbox 219 2133 1804 2204">
     <span class='ocr_line' id='line_1_36' title="bbox 219 2133 1804 2204; baseline -0.004 -11"><span class='ocrx_word' id='word_1_249' title='bbox 219 2136 430 2204; x_wconf 85' lang='lat' dir='ltr'><strong>omnia,</strong></span> <span class='ocrx_word' id='word_1_250' title='bbox 451 2150 577 2192; x_wconf 84' lang='lat' dir='ltr'><strong>vera</strong></span> <span class='ocrx_word' id='word_1_251' title='bbox 600 2135 809 2192; x_wconf 87' lang='lat' dir='ltr'><strong>ratione</strong></span> <span class='ocrx_word' id='word_1_252' title='bbox 831 2133 1176 2191; x_wconf 89' lang='lat' dir='ltr'><strong>discretionis</strong></span> <span class='ocrx_word' id='word_1_253' title='bbox 1202 2141 1517 2189; x_wconf 88' lang='lat' dir='ltr'><strong>naturarum</strong></span> <span class='ocrx_word' id='word_1_254' title='bbox 1543 2133 1804 2200; x_wconf 89' lang='lat' dir='ltr'><strong>consulta,</strong></span> 
     </span>
    </p>
   </div>
   <div class='ocr_carea' id='block_1_37' title="bbox 222 2225 1807 2301">
    <p class='ocr_par' dir='ltr' id='par_1_37' title="bbox 222 2225 1807 2301">
     <span class='ocr_line' id='line_1_37' title="bbox 222 2225 1807 2301; baseline -0.004 -14"><span class='ocrx_word' id='word_1_255' title='bbox 222 2245 333 2287; x_wconf 83' lang='lat' dir='ltr'><strong>non</strong></span> <span class='ocrx_word' id='word_1_256' title='bbox 364 2229 500 2296; x_wconf 88' lang='lat' dir='ltr'><strong>loca,</strong></span> <span class='ocrx_word' id='word_1_257' title='bbox 533 2229 626 2286; x_wconf 87' lang='lat' dir='ltr'><strong>sed</strong></span> <span class='ocrx_word' id='word_1_258' title='bbox 666 2237 848 2301; x_wconf 86' lang='lat' dir='ltr'><strong>partes</strong></span> <span class='ocrx_word' id='word_1_259' title='bbox 875 2226 1060 2284; x_wconf 89' lang='lat' dir='ltr'><strong>mundi</strong></span> <span class='ocrx_word' id='word_1_260' title='bbox 1091 2226 1204 2283; x_wconf 88' lang='lat' dir='ltr'><strong>suis</strong></span> <span class='ocrx_word' id='word_1_261' title='bbox 1234 2225 1367 2288; x_wconf 85' lang='lat' dir='ltr'><strong>locis</strong></span> <span class='ocrx_word' id='word_1_262' title='bbox 1397 2225 1807 2295; x_wconf 87' lang='lat' dir='ltr'><strong>circumscripta</strong></span> 
     </span>
    </p>
   </div>
   <div class='ocr_carea' id='block_1_38' title="bbox 224 2323 654 2394">
    <p class='ocr_par' dir='ltr' id='par_1_38' title="bbox 224 2323 654 2394">
     <span class='ocr_line' id='line_1_38' title="bbox 224 2323 654 2394; baseline -0.007 -14"><span class='ocrx_word' id='word_1_263' title='bbox 224 2323 654 2394; x_wconf 89' lang='lat' dir='ltr'><strong>consplciuntur.</strong></span> 
     </span>
    </p>
   </div>
   <div class='ocr_carea' id='block_1_39' title="bbox 295 2407 1810 2483">
    <p class='ocr_par' dir='ltr' id='par_1_39' title="bbox 295 2407 1810 2483">
     <span class='ocr_line' id='line_1_39' title="bbox 295 2407 1810 2483; baseline -0.005 -13"><span class='ocrx_word' id='word_1_264' title='bbox 295 2411 391 2470; x_wconf 74' lang='lat'><strong>59.</strong></span> <span class='ocrx_word' id='word_1_265' title='bbox 433 2412 503 2469; x_wconf 88' lang='lat' dir='ltr'><strong>Ut</strong></span> <span class='ocrx_word' id='word_1_266' title='bbox 538 2421 716 2467; x_wconf 89' lang='lat' dir='ltr'><strong>autem</strong></span> <span class='ocrx_word' id='word_1_267' title='bbox 754 2409 1039 2483; x_wconf 79' lang='lat' dir='ltr'><strong>perspicue</strong></span> <span class='ocrx_word' id='word_1_268' title='bbox 1068 2423 1402 2482; x_wconf 79' lang='lat' dir='ltr'><strong>cognoscas,</strong></span> <span class='ocrx_word' id='word_1_269' title='bbox 1446 2409 1544 2464; x_wconf 90' lang='lat' dir='ltr'><strong>has</strong></span> <span class='ocrx_word' id='word_1_270' title='bbox 1595 2407 1810 2480; x_wconf 86' lang='lat' dir='ltr'><strong>praedi-</strong></span> 
     </span>
    </p>
   </div>
   <div class='ocr_carea' id='block_1_40' title="bbox 220 2501 1812 2576">
    <p class='ocr_par' dir='ltr' id='par_1_40' title="bbox 220 2501 1812 2576">
     <span class='ocr_line' id='line_1_40' title="bbox 220 2501 1812 2576; baseline -0.004 -14"><span class='ocrx_word' id='word_1_271' title='bbox 220 2514 346 2563; x_wconf 85' lang='lat' dir='ltr'><strong>ctas</strong></span> <span class='ocrx_word' id='word_1_272' title='bbox 371 2504 555 2560; x_wconf 89' lang='lat' dir='ltr'><strong>mundi</strong></span> <span class='ocrx_word' id='word_1_273' title='bbox 583 2502 860 2576; x_wconf 79' lang='lat' dir='ltr'><strong>generales</strong></span> <span class='ocrx_word' id='word_1_274' title='bbox 879 2511 1081 2572; x_wconf 86' lang='lat' dir='ltr'><strong>partes,</strong></span> <span class='ocrx_word' id='word_1_275' title='bbox 1109 2515 1405 2572; x_wconf 90' lang='lat' dir='ltr'><strong>earumque</strong></span> <span class='ocrx_word' id='word_1_276' title='bbox 1426 2501 1659 2572; x_wconf 89' lang='lat' dir='ltr'><strong>partium</strong></span> <span class='ocrx_word' id='word_1_277' title='bbox 1689 2516 1812 2570; x_wconf 89' lang='lat' dir='ltr'><strong>par-</strong></span> 
     </span>
    </p>
   </div>
   <div class='ocr_carea' id='block_1_41' title="bbox 224 2593 1807 2668">
    <p class='ocr_par' dir='ltr' id='par_1_41' title="bbox 224 2593 1807 2668">
     <span class='ocr_line' id='line_1_41' title="bbox 224 2593 1807 2668; baseline -0.003 -14"><span class='ocrx_word' id='word_1_278' title='bbox 224 2608 333 2665; x_wconf 88' lang='lat' dir='ltr'><strong>tes,</strong></span> <span class='ocrx_word' id='word_1_279' title='bbox 367 2610 540 2668; x_wconf 89' lang='lat' dir='ltr'><strong>usque</strong></span> <span class='ocrx_word' id='word_1_280' title='bbox 568 2597 635 2652; x_wconf 92' lang='lat' dir='ltr'><strong>ad</strong></span> <span class='ocrx_word' id='word_1_281' title='bbox 653 2595 1044 2651; x_wconf 88' lang='lat' dir='ltr'><strong>minutissimas</strong></span> <span class='ocrx_word' id='word_1_282' title='bbox 1066 2594 1442 2665; x_wconf 87' lang='lat' dir='ltr'><strong>pervenientes</strong></span> <span class='ocrx_word' id='word_1_283' title='bbox 1471 2593 1807 2664; x_wconf 87' lang='lat' dir='ltr'><strong>partitiones,</strong></span> 
     </span>
    </p>
   </div>
   <div class='ocr_carea' id='block_1_42' title="bbox 220 2684 1810 2758">
    <p class='ocr_par' dir='ltr' id='par_1_42' title="bbox 220 2684 1810 2758">
     <span class='ocr_line' id='line_1_42' title="bbox 220 2684 1810 2758; baseline -0.006 -8"><span class='ocrx_word' id='word_1_284' title='bbox 220 2707 334 2751; x_wconf 84' lang='lat' dir='ltr'><strong>non</strong></span> <span class='ocrx_word' id='word_1_285' title='bbox 362 2704 484 2747; x_wconf 89' lang='lat' dir='ltr'><strong>esse</strong></span> <span class='ocrx_word' id='word_1_286' title='bbox 524 2690 656 2754; x_wconf 89' lang='lat' dir='ltr'><strong>loca,</strong></span> <span class='ocrx_word' id='word_1_287' title='bbox 704 2689 799 2745; x_wconf 90' lang='lat' dir='ltr'><strong>sed</strong></span> <span class='ocrx_word' id='word_1_288' title='bbox 844 2687 977 2744; x_wconf 89' lang='lat' dir='ltr'><strong>locis</strong></span> <span class='ocrx_word' id='word_1_289' title='bbox 1015 2687 1476 2758; x_wconf 87' lang='lat' dir='ltr'><strong>circumscriptas,</strong></span> <span class='ocrx_word' id='word_1_290' title='bbox 1510 2686 1678 2756; x_wconf 89' lang='lat' dir='ltr'><strong>ipsius</strong></span> <span class='ocrx_word' id='word_1_291' title='bbox 1707 2684 1810 2741; x_wconf 90' lang='lat' dir='ltr'><strong>loci</strong></span> 
     </span>
    </p>
   </div>
   <div class='ocr_carea' id='block_1_43' title="bbox 224 2775 1810 2853">
    <p class='ocr_par' dir='ltr' id='par_1_43' title="bbox 224 2775 1810 2853">
     <span class='ocr_line' id='line_1_43' title="bbox 224 2775 1810 2853; baseline -0.006 -13"><span class='ocrx_word' id='word_1_292' title='bbox 224 2791 426 2841; x_wconf 86' lang='lat' dir='ltr'><strong>natura</strong></span> <span class='ocrx_word' id='word_1_293' title='bbox 458 2781 619 2852; x_wconf 89' lang='lat' dir='ltr'><strong>paulo</strong></span> <span class='ocrx_word' id='word_1_294' title='bbox 641 2780 973 2853; x_wconf 88' lang='lat' dir='ltr'><strong>diligentius,</strong></span> <span class='ocrx_word' id='word_1_295' title='bbox 999 2780 1043 2834; x_wconf 88' lang='lat' dir='ltr'><strong>si</strong></span> <span class='ocrx_word' id='word_1_296' title='bbox 1077 2779 1169 2834; x_wconf 91' lang='lat' dir='ltr'><strong>tibi</strong></span> <span class='ocrx_word' id='word_1_297' title='bbox 1193 2777 1392 2851; x_wconf 85' lang='lat' dir='ltr'><strong>placet,</strong></span> <span class='ocrx_word' id='word_1_298' title='bbox 1419 2775 1810 2835; x_wconf 82' lang='lat' dir='ltr'><strong>consideranda</strong></span> 
     </span>
    </p>
   </div>
   <div class='ocr_carea' id='block_1_44' title="bbox 221 2871 1808 2944">
    <p class='ocr_par' dir='ltr' id='par_1_44' title="bbox 221 2871 1808 2944">
     <span class='ocr_line' id='line_1_44' title="bbox 221 2871 1808 2944; baseline -0.005 -10"><span class='ocrx_word' id='word_1_299' title='bbox 221 2885 329 2934; x_wconf 85' lang='lat' dir='ltr'><strong>est.</strong></span> <span class='ocrx_word' id='word_1_300' title='bbox 379 2874 528 2931; x_wconf 82' lang='lat' dir='ltr'><strong>DISC.</strong></span> <span class='ocrx_word' id='word_1_301' title='bbox 577 2873 760 2930; x_wconf 82' lang='lat' dir='ltr'><strong>Placet</strong></span> <span class='ocrx_word' id='word_1_302' title='bbox 801 2873 1082 2944; x_wconf 89' lang='lat' dir='ltr'><strong>equidem;</strong></span> <span class='ocrx_word' id='word_1_303' title='bbox 1134 2881 1190 2929; x_wconf 91' lang='lat' dir='ltr'><strong>et</strong></span> <span class='ocrx_word' id='word_1_304' title='bbox 1223 2873 1291 2928; x_wconf 91' lang='lat' dir='ltr'><strong>ad</strong></span> <span class='ocrx_word' id='word_1_305' title='bbox 1335 2872 1439 2929; x_wconf 92' lang='lat' dir='ltr'><strong>hoc</strong></span> <span class='ocrx_word' id='word_1_306' title='bbox 1479 2871 1808 2927; x_wconf 89' lang='lat' dir='ltr'><strong>audiendum</strong></span> 
     </span>
    </p>
   </div>
   <div class='ocr_carea' id='block_1_45' title="bbox 225 2959 1808 3036">
    <p class='ocr_par' dir='ltr' id='par_1_45' title="bbox 225 2959 1808 3036">
     <span class='ocr_line' id='line_1_45' title="bbox 225 2959 1808 3036; baseline -0.003 -15"><span class='ocrx_word' id='word_1_307' title='bbox 225 2967 488 3021; x_wconf 87' lang='lat' dir='ltr'><strong>ardenter</strong></span> <span class='ocrx_word' id='word_1_308' title='bbox 530 2964 740 3021; x_wconf 90' lang='lat' dir='ltr'><strong>insisto.</strong></span> <span class='ocrx_word' id='word_1_309' title='bbox 779 2963 920 3020; x_wconf 78' lang='lat' dir='ltr'><strong>MAG.</strong></span> <span class='ocrx_word' id='word_1_310' title='bbox 958 2964 1155 3036; x_wconf 84' lang='lat' dir='ltr'><strong>Accipe</strong></span> <span class='ocrx_word' id='word_1_311' title='bbox 1187 2964 1352 3036; x_wconf 88' lang='lat' dir='ltr'><strong>igitur</strong></span> <span class='ocrx_word' id='word_1_312' title='bbox 1378 2963 1399 2995; x_wconf 86' lang='grc'>⁶</span> <span class='ocrx_word' id='word_1_313' title='bbox 1447 2963 1554 3018; x_wconf 85' lang='lat' dir='ltr'><strong>tale</strong></span> <span class='ocrx_word' id='word_1_314' title='bbox 1584 2959 1808 3017; x_wconf 81' lang='lat' dir='ltr'><strong>ratioci-</strong></span> 
     </span>
    </p>
   </div>
   <div class='ocr_carea' id='block_1_46' title="bbox 230 3053 1815 3128">
    <p class='ocr_par' dir='ltr' id='par_1_46' title="bbox 230 3053 1815 3128">
     <span class='ocr_line' id='line_1_46' title="bbox 230 3053 1815 3128; baseline -0.003 -15"><span class='ocrx_word' id='word_1_315' title='bbox 230 3059 470 3114; x_wconf 88' lang='lat' dir='ltr'><strong>nationis</strong></span> <span class='ocrx_word' id='word_1_316' title='bbox 497 3057 800 3128; x_wconf 80' lang='lat' dir='ltr'><strong>hujusmodi</strong></span> <span class='ocrx_word' id='word_1_317' title='bbox 819 3058 1124 3124; x_wconf 79' lang='lat' dir='ltr'><strong>exordium,</strong></span> <span class='ocrx_word' id='word_1_318' title='bbox 1155 3072 1318 3128; x_wconf 90' lang='lat' dir='ltr'><strong>quam</strong></span> <span class='ocrx_word' id='word_1_319' title='bbox 1343 3071 1373 3112; x_wconf 92' lang='lat' dir='ltr'><strong>a</strong></span> <span class='ocrx_word' id='word_1_320' title='bbox 1405 3055 1606 3113; x_wconf 89' lang='lat' dir='ltr'><strong>sanctis</strong></span> <span class='ocrx_word' id='word_1_321' title='bbox 1634 3053 1815 3110; x_wconf 87' lang='lat' dir='ltr'><strong>Patri-</strong></span> 
     </span>
    </p>
   </div>
   <div class='ocr_carea' id='block_1_47' title="bbox 228 3147 1812 3220">
    <p class='ocr_par' dir='ltr' id='par_1_47' title="bbox 228 3147 1812 3220">
     <span class='ocr_line' id='line_1_47' title="bbox 228 3147 1812 3220; baseline -0.004 -12"><span class='ocrx_word' id='word_1_322' title='bbox 228 3151 372 3217; x_wconf 86' lang='lat' dir='ltr'><strong>bus,</strong></span> <span class='ocrx_word' id='word_1_323' title='bbox 429 3148 693 3220; x_wconf 85' lang='lat' dir='ltr'><strong>Gregorio</strong></span> <span class='ocrx_word' id='word_1_324' title='bbox 755 3148 1008 3204; x_wconf 86' lang='lat' dir='ltr'><strong>videlicet</strong></span> <span class='ocrx_word' id='word_1_325' title='bbox 1060 3149 1328 3220; x_wconf 88' lang='lat' dir='ltr'><strong>theologo,</strong></span> <span class='ocrx_word' id='word_1_326' title='bbox 1383 3147 1812 3217; x_wconf 88' lang='lat' dir='ltr'><strong>Sermonumque</strong></span> 
     </span>
    </p>
   </div>
   <div class='ocr_carea' id='block_1_48' title="bbox 227 3237 1808 3312">
    <p class='ocr_par' dir='ltr' id='par_1_48' title="bbox 227 3237 1808 3312">
     <span class='ocr_line' id='line_1_48' title="bbox 227 3237 1808 3312; baseline -0.001 -17"><span class='ocrx_word' id='word_1_327' title='bbox 227 3241 346 3312; x_wconf 86' lang='lat' dir='ltr'><strong>ejus</strong></span> <span class='ocrx_word' id='word_1_328' title='bbox 375 3240 596 3311; x_wconf 89' lang='lat' dir='ltr'><strong>egregio</strong></span> <span class='ocrx_word' id='word_1_329' title='bbox 636 3239 942 3309; x_wconf 82' lang='lat' dir='ltr'><strong>expositore</strong></span> <span class='ocrx_word' id='word_1_330' title='bbox 970 3239 1202 3296; x_wconf 75' lang='lat' dir='ltr'><strong>Maximo</strong></span> <span class='ocrx_word' id='word_1_331' title='bbox 1230 3240 1575 3310; x_wconf 87' lang='lat' dir='ltr'><strong>sumpsimus.</strong></span> <span class='ocrx_word' id='word_1_332' title='bbox 1615 3237 1808 3304; x_wconf 85' lang='lat' dir='ltr'><strong>Omne,</strong></span> 
     </span>
    </p>
   </div>
   <div class='ocr_carea' id='block_1_49' title="bbox 1909 2030 3489 2105">
    <p class='ocr_par' dir='ltr' id='par_1_49' title="bbox 1909 2030 3489 2105">
     <span class='ocr_line' id='line_1_49' title="bbox 1909 2030 3489 2105; baseline -0.003 -15"><span class='ocrx_word' id='word_1_333' title='bbox 1909 2035 2091 2105; x_wconf 85' lang='lat' dir='ltr'><strong>aliquo</strong></span> <span class='ocrx_word' id='word_1_334' title='bbox 2141 2032 2343 2099; x_wconf 89' lang='lat' dir='ltr'><strong>modo,</strong></span> <span class='ocrx_word' id='word_1_335' title='bbox 2401 2047 2564 2104; x_wconf 86' lang='lat' dir='ltr'><strong>super</strong></span> <span class='ocrx_word' id='word_1_336' title='bbox 2611 2045 2732 2087; x_wconf 90' lang='lat' dir='ltr'><strong>esse</strong></span> <span class='ocrx_word' id='word_1_337' title='bbox 2791 2039 2846 2086; x_wconf 92' lang='lat' dir='ltr'><strong>et</strong></span> <span class='ocrx_word' id='word_1_338' title='bbox 2904 2030 3278 2088; x_wconf 88' lang='lat' dir='ltr'><strong>universaliter</strong></span> <span class='ocrx_word' id='word_1_339' title='bbox 3324 2046 3489 2103; x_wconf 88' lang='lat' dir='ltr'><strong>super</strong></span> 
     </span>
    </p>
   </div>
   <div class='ocr_carea' id='block_1_50' title="bbox 1908 2123 3485 2200">
    <p class='ocr_par' dir='ltr' id='par_1_50' title="bbox 1908 2123 3485 2200">
     <span class='ocr_line' id='line_1_50' title="bbox 1908 2123 3485 2200; baseline -0.002 -16"><span class='ocrx_word' id='word_1_340' title='bbox 1908 2128 2052 2200; x_wconf 86' lang='lat' dir='ltr'><strong>quod</strong></span> <span class='ocrx_word' id='word_1_341' title='bbox 2077 2127 2277 2184; x_wconf 89' lang='lat' dir='ltr'><strong>dicitur</strong></span> <span class='ocrx_word' id='word_1_342' title='bbox 2305 2136 2360 2182; x_wconf 90' lang='lat' dir='ltr'><strong>et</strong></span> <span class='ocrx_word' id='word_1_343' title='bbox 2401 2125 2738 2196; x_wconf 89' lang='lat' dir='ltr'><strong>intelligitur.</strong></span> <span class='ocrx_word' id='word_1_344' title='bbox 2783 2123 2840 2180; x_wconf 92' lang='lat' dir='ltr'><strong>Si</strong></span> <span class='ocrx_word' id='word_1_345' title='bbox 2876 2133 3056 2180; x_wconf 91' lang='lat' dir='ltr'><strong>autem</strong></span> <span class='ocrx_word' id='word_1_346' title='bbox 3097 2123 3277 2194; x_wconf 86' lang='lat' dir='ltr'><strong>aliquo</strong></span> <span class='ocrx_word' id='word_1_347' title='bbox 3307 2126 3485 2191; x_wconf 89' lang='lat' dir='ltr'><strong>modo,</strong></span> 
     </span>
    </p>
   </div>
   <div class='ocr_carea' id='block_1_51' title="bbox 1909 2214 3486 2286">
    <p class='ocr_par' dir='ltr' id='par_1_51' title="bbox 1909 2214 3486 2286">
     <span class='ocr_line' id='line_1_51' title="bbox 1909 2214 3486 2286; baseline -0.004 -9"><span class='ocrx_word' id='word_1_348' title='bbox 1909 2222 2003 2277; x_wconf 91' lang='lat' dir='ltr'><strong>sed</strong></span> <span class='ocrx_word' id='word_1_349' title='bbox 2033 2220 2076 2252; x_wconf 74' lang='lat'>“</span> <span class='ocrx_word' id='word_1_350' title='bbox 2105 2234 2212 2275; x_wconf 90' lang='lat' dir='ltr'><strong>non</strong></span> <span class='ocrx_word' id='word_1_351' title='bbox 2233 2217 2610 2274; x_wconf 87' lang='lat' dir='ltr'><strong>universaliter</strong></span> <span class='ocrx_word' id='word_1_352' title='bbox 2633 2231 2720 2282; x_wconf 91' lang='lat' dir='ltr'><strong>ea,</strong></span> <span class='ocrx_word' id='word_1_353' title='bbox 2747 2231 2886 2286; x_wconf 91' lang='lat' dir='ltr'><strong>quae</strong></span> <span class='ocrx_word' id='word_1_354' title='bbox 2919 2223 3064 2279; x_wconf 87' lang='lat' dir='ltr'><strong>sunt,</strong></span> <span class='ocrx_word' id='word_1_355' title='bbox 3106 2214 3308 2271; x_wconf 88' lang='lat' dir='ltr'><strong>habent</strong></span> <span class='ocrx_word' id='word_1_356' title='bbox 3347 2230 3486 2280; x_wconf 85' lang='lat' dir='ltr'><strong>esse,</strong></span> 
     </span>
    </p>
   </div>
   <div class='ocr_carea' id='block_1_52' title="bbox 1909 2305 3492 2381">
    <p class='ocr_par' dir='ltr' id='par_1_52' title="bbox 1909 2305 3492 2381">
     <span class='ocr_line' id='line_1_52' title="bbox 1909 2305 3492 2381; baseline -0.003 -16"><span class='ocrx_word' id='word_1_357' title='bbox 1909 2309 2363 2381; x_wconf 89' lang='lat' dir='ltr'><strong>quemadmodum</strong></span> <span class='ocrx_word' id='word_1_358' title='bbox 2394 2307 2496 2363; x_wconf 87' lang='lat' dir='ltr'><strong>sub</strong></span> <span class='ocrx_word' id='word_1_359' title='bbox 2529 2306 2648 2363; x_wconf 91' lang='lat' dir='ltr'><strong>loco</strong></span> <span class='ocrx_word' id='word_1_360' title='bbox 2668 2321 2812 2373; x_wconf 91' lang='lat' dir='ltr'><strong>esse,</strong></span> <span class='ocrx_word' id='word_1_361' title='bbox 2842 2321 2940 2376; x_wconf 88' lang='lat' dir='ltr'><strong>per</strong></span> <span class='ocrx_word' id='word_1_362' title='bbox 2969 2305 3291 2377; x_wconf 88' lang='lat' dir='ltr'><strong>positionem</strong></span> <span class='ocrx_word' id='word_1_363' title='bbox 3329 2315 3384 2361; x_wconf 91' lang='lat' dir='ltr'><strong>et</strong></span> <span class='ocrx_word' id='word_1_364' title='bbox 3428 2307 3492 2361; x_wconf 85' lang='lat' dir='ltr'><strong>ﬁ-</strong></span> 
     </span>
    </p>
   </div>
   <div class='ocr_carea' id='block_1_53' title="bbox 1909 2396 3490 2466">
    <p class='ocr_par' dir='ltr' id='par_1_53' title="bbox 1909 2396 3490 2466">
     <span class='ocr_line' id='line_1_53' title="bbox 1909 2396 3490 2466; baseline -0.003 -11"><span class='ocrx_word' id='word_1_365' title='bbox 1909 2414 2035 2455; x_wconf 88' lang='lat' dir='ltr'><strong>nem</strong></span> <span class='ocrx_word' id='word_1_366' title='bbox 2057 2399 2104 2432; x_wconf 80' lang='lat'><strong>&quot;</strong></span> <span class='ocrx_word' id='word_1_367' title='bbox 2132 2398 2423 2463; x_wconf 89' lang='lat' dir='ltr'><strong>rationum,</strong></span> <span class='ocrx_word' id='word_1_368' title='bbox 2448 2397 2502 2453; x_wconf 92' lang='lat' dir='ltr'><strong>in</strong></span> <span class='ocrx_word' id='word_1_369' title='bbox 2524 2396 2722 2466; x_wconf 88' lang='lat' dir='ltr'><strong>quibus</strong></span> <span class='ocrx_word' id='word_1_370' title='bbox 2749 2397 3042 2452; x_wconf 89' lang='lat' dir='ltr'><strong>secundum</strong></span> <span class='ocrx_word' id='word_1_371' title='bbox 3068 2406 3318 2452; x_wconf 89' lang='lat' dir='ltr'><strong>naturam</strong></span> <span class='ocrx_word' id='word_1_372' title='bbox 3341 2404 3490 2464; x_wconf 85' lang='lat' dir='ltr'><strong>sunt,</strong></span> 
     </span>
    </p>
   </div>
   <div class='ocr_carea' id='block_1_54' title="bbox 1909 2489 3494 2562">
    <p class='ocr_par' dir='ltr' id='par_1_54' title="bbox 1909 2489 3494 2562">
     <span class='ocr_line' id='line_1_54' title="bbox 1909 2489 3494 2562; baseline -0.005 -12"><span class='ocrx_word' id='word_1_373' title='bbox 1909 2502 1963 2550; x_wconf 94' lang='lat' dir='ltr'><strong>et</strong></span> <span class='ocrx_word' id='word_1_374' title='bbox 1975 2493 2076 2550; x_wconf 89' lang='lat' dir='ltr'><strong>sub</strong></span> <span class='ocrx_word' id='word_1_375' title='bbox 2089 2500 2328 2562; x_wconf 90' lang='lat' dir='ltr'><strong>tempore</strong></span> <span class='ocrx_word' id='word_1_376' title='bbox 2341 2505 2484 2556; x_wconf 85' lang='lat' dir='ltr'><strong>esse,</strong></span> <span class='ocrx_word' id='word_1_377' title='bbox 2497 2489 2718 2546; x_wconf 91' lang='lat' dir='ltr'><strong>omnino</strong></span> <span class='ocrx_word' id='word_1_378' title='bbox 2731 2503 2828 2560; x_wconf 91' lang='lat' dir='ltr'><strong>per</strong></span> <span class='ocrx_word' id='word_1_379' title='bbox 2841 2489 3186 2560; x_wconf 87' lang='lat' dir='ltr'><strong>principium,</strong></span> <span class='ocrx_word' id='word_1_380' title='bbox 3199 2503 3304 2543; x_wconf 93' lang='lat' dir='ltr'><strong>non</strong></span> <span class='ocrx_word' id='word_1_381' title='bbox 3317 2496 3494 2545; x_wconf 89' lang='lat' dir='ltr'><strong>osten-</strong></span> 
     </span>
    </p>
   </div>
   <div class='ocr_carea' id='block_1_55' title="bbox 1909 2579 3492 2653">
    <p class='ocr_par' dir='ltr' id='par_1_55' title="bbox 1909 2579 3492 2653">
     <span class='ocr_line' id='line_1_55' title="bbox 1909 2579 3492 2653; baseline -0.004 -11"><span class='ocrx_word' id='word_1_382' title='bbox 1909 2585 2107 2642; x_wconf 90' lang='lat' dir='ltr'><strong>deutur</strong></span> <span class='ocrx_word' id='word_1_383' title='bbox 2133 2582 2212 2638; x_wconf 81' lang='lat'><strong>“?</strong></span> <span class='ocrx_word' id='word_1_384' title='bbox 2241 2582 2472 2639; x_wconf 81' lang='lat' dir='ltr'><strong>Videsne</strong></span> <span class='ocrx_word' id='word_1_385' title='bbox 2503 2581 2668 2653; x_wconf 87' lang='lat' dir='ltr'><strong>igitur</strong></span> <span class='ocrx_word' id='word_1_386' title='bbox 2696 2580 2764 2648; x_wconf 80' lang='grc'><strong>³⁷,</strong></span> <span class='ocrx_word' id='word_1_387' title='bbox 2802 2579 2981 2636; x_wconf 90' lang='lat' dir='ltr'><strong>locum</strong></span> <span class='ocrx_word' id='word_1_388' title='bbox 3019 2589 3337 2651; x_wconf 87' lang='lat' dir='ltr'><strong>tempusque</strong></span> <span class='ocrx_word' id='word_1_389' title='bbox 3366 2589 3492 2637; x_wconf 83' lang='lat' dir='ltr'><strong>ante</strong></span> 
     </span>
    </p>
   </div>
   <div class='ocr_carea' id='block_1_56' title="bbox 1909 2670 3493 2748">
    <p class='ocr_par' dir='ltr' id='par_1_56' title="bbox 1909 2670 3493 2748">
     <span class='ocr_line' id='line_1_56' title="bbox 1909 2670 3493 2748; baseline -0.004 -13"><span class='ocrx_word' id='word_1_390' title='bbox 1909 2679 2114 2744; x_wconf 87' lang='lat' dir='ltr'><strong>omnia,</strong></span> <span class='ocrx_word' id='word_1_391' title='bbox 2144 2690 2284 2748; x_wconf 90' lang='lat' dir='ltr'><strong>quae</strong></span> <span class='ocrx_word' id='word_1_392' title='bbox 2313 2683 2462 2740; x_wconf 89' lang='lat' dir='ltr'><strong>sunt,</strong></span> <span class='ocrx_word' id='word_1_393' title='bbox 2484 2671 2755 2744; x_wconf 81' lang='lat' dir='ltr'><strong>intelligi?</strong></span> <span class='ocrx_word' id='word_1_394' title='bbox 2780 2670 3045 2728; x_wconf 77' lang='lat' dir='ltr'><strong>Numerus</strong></span> <span class='ocrx_word' id='word_1_395' title='bbox 3068 2673 3212 2726; x_wconf 92' lang='lat' dir='ltr'><strong>enim</strong></span> <span class='ocrx_word' id='word_1_396' title='bbox 3251 2672 3493 2728; x_wconf 89' lang='lat' dir='ltr'><strong>locorum</strong></span> 
     </span>
    </p>
   </div>
   <div class='ocr_carea' id='block_1_57' title="bbox 1911 2762 3492 2840">
    <p class='ocr_par' dir='ltr' id='par_1_57' title="bbox 1911 2762 3492 2840">
     <span class='ocr_line' id='line_1_57' title="bbox 1911 2762 3492 2840; baseline -0.005 -14"><span class='ocrx_word' id='word_1_397' title='bbox 1911 2778 1966 2827; x_wconf 91' lang='lat' dir='ltr'><strong>et</strong></span> <span class='ocrx_word' id='word_1_398' title='bbox 1993 2780 2316 2840; x_wconf 88' lang='lat' dir='ltr'><strong>temporum,</strong></span> <span class='ocrx_word' id='word_1_399' title='bbox 2349 2776 2408 2823; x_wconf 92' lang='lat' dir='ltr'><strong>ut</strong></span> <span class='ocrx_word' id='word_1_400' title='bbox 2443 2767 2517 2822; x_wconf 90' lang='lat' dir='ltr'><strong>ait</strong></span> <span class='ocrx_word' id='word_1_401' title='bbox 2549 2773 2770 2823; x_wconf 89' lang='lat' dir='ltr'><strong>sanctus</strong></span> <span class='ocrx_word' id='word_1_402' title='bbox 2799 2762 3129 2834; x_wconf 78' lang='lat' dir='ltr'><strong>Augustinus</strong></span> <span class='ocrx_word' id='word_1_403' title='bbox 3167 2763 3222 2818; x_wconf 91' lang='lat' dir='ltr'><strong>in</strong></span> <span class='ocrx_word' id='word_1_404' title='bbox 3248 2773 3400 2818; x_wconf 79' lang='lat' dir='ltr'><strong>sexto</strong></span> <span class='ocrx_word' id='word_1_405' title='bbox 3426 2764 3492 2818; x_wconf 86' lang='lat' dir='ltr'><strong>de</strong></span> 
     </span>
    </p>
   </div>
   <div class='ocr_carea' id='block_1_58' title="bbox 1911 2852 3494 2931">
    <p class='ocr_par' dir='ltr' id='par_1_58' title="bbox 1911 2852 3494 2931">
     <span class='ocr_line' id='line_1_58' title="bbox 1911 2852 3494 2931; baseline -0.006 -12"><span class='ocrx_word' id='word_1_406' title='bbox 1911 2861 2136 2926; x_wconf 82' lang='lat' dir='ltr'><strong>Musica,</strong></span> <span class='ocrx_word' id='word_1_407' title='bbox 2176 2858 2453 2931; x_wconf 83' lang='lat' dir='ltr'><strong>praecedit</strong></span> <span class='ocrx_word' id='word_1_408' title='bbox 2488 2857 2690 2923; x_wconf 88' lang='lat' dir='ltr'><strong>omnia,</strong></span> <span class='ocrx_word' id='word_1_409' title='bbox 2727 2871 2866 2925; x_wconf 88' lang='lat' dir='ltr'><strong>quae</strong></span> <span class='ocrx_word' id='word_1_410' title='bbox 2913 2856 2970 2912; x_wconf 89' lang='lat' dir='ltr'><strong>in</strong></span> <span class='ocrx_word' id='word_1_411' title='bbox 3005 2857 3087 2910; x_wconf 92' lang='lat' dir='ltr'><strong>eis</strong></span> <span class='ocrx_word' id='word_1_412' title='bbox 3133 2861 3277 2909; x_wconf 91' lang='lat' dir='ltr'><strong>sunt.</strong></span> <span class='ocrx_word' id='word_1_413' title='bbox 3308 2852 3494 2909; x_wconf 84' lang='lat' dir='ltr'><strong>Modus</strong></span> 
     </span>
    </p>
   </div>
   <div class='ocr_carea' id='block_1_59' title="bbox 1910 2945 3496 3024">
    <p class='ocr_par' dir='ltr' id='par_1_59' title="bbox 1910 2945 3496 3024">
     <span class='ocr_line' id='line_1_59' title="bbox 1910 2945 3496 3024; baseline -0.006 -16"><span class='ocrx_word' id='word_1_414' title='bbox 1910 2952 2198 3024; x_wconf 86' lang='lat' dir='ltr'><strong>siquidem,</strong></span> <span class='ocrx_word' id='word_1_415' title='bbox 2245 2949 2300 3005; x_wconf 90' lang='lat' dir='ltr'><strong>id</strong></span> <span class='ocrx_word' id='word_1_416' title='bbox 2352 2956 2457 3014; x_wconf 85' lang='lat' dir='ltr'><strong>est,</strong></span> <span class='ocrx_word' id='word_1_417' title='bbox 2510 2961 2762 3002; x_wconf 90' lang='lat' dir='ltr'><strong>mensura</strong></span> <span class='ocrx_word' id='word_1_418' title='bbox 2805 2945 3042 3012; x_wconf 88' lang='lat' dir='ltr'><strong>omnium</strong></span> <span class='ocrx_word' id='word_1_419' title='bbox 3091 2959 3302 3009; x_wconf 87' lang='lat' dir='ltr'><strong>rerum,</strong></span> <span class='ocrx_word' id='word_1_420' title='bbox 3353 2958 3496 3013; x_wconf 84' lang='lat' dir='ltr'><strong>quae</strong></span> 
     </span>
    </p>
   </div>
   <div class='ocr_carea' id='block_1_60' title="bbox 1911 3034 3496 3106">
    <p class='ocr_par' dir='ltr' id='par_1_60' title="bbox 1911 3034 3496 3106">
     <span class='ocr_line' id='line_1_60' title="bbox 1911 3034 3496 3106; baseline -0.006 -7"><span class='ocrx_word' id='word_1_421' title='bbox 1911 3049 2129 3100; x_wconf 85' lang='lat' dir='ltr'><strong>creatae</strong></span> <span class='ocrx_word' id='word_1_422' title='bbox 2155 3047 2306 3106; x_wconf 84' lang='lat' dir='ltr'><strong>sunt,</strong></span> <span class='ocrx_word' id='word_1_423' title='bbox 2331 3037 2651 3094; x_wconf 88' lang='lat' dir='ltr'><strong>naturaliter</strong></span> <span class='ocrx_word' id='word_1_424' title='bbox 2677 3035 3044 3092; x_wconf 88' lang='lat' dir='ltr'><strong>conditionem</strong></span> <span class='ocrx_word' id='word_1_425' title='bbox 3071 3049 3258 3090; x_wconf 87' lang='lat' dir='ltr'><strong>earum</strong></span> <span class='ocrx_word' id='word_1_426' title='bbox 3283 3034 3496 3090; x_wconf 83' lang='lat' dir='ltr'><strong>ratione</strong></span> 
     </span>
    </p>
   </div>
   <div class='ocr_carea' id='block_1_61' title="bbox 1912 3125 3496 3206">
    <p class='ocr_par' dir='ltr' id='par_1_61' title="bbox 1912 3125 3496 3206">
     <span class='ocr_line' id='line_1_61' title="bbox 1912 3125 3496 3206; baseline -0.007 -14"><span class='ocrx_word' id='word_1_427' title='bbox 1912 3133 2206 3206; x_wconf 86' lang='lat' dir='ltr'><strong>praecedit.</strong></span> <span class='ocrx_word' id='word_1_428' title='bbox 2239 3132 2343 3201; x_wconf 83' lang='lat' dir='ltr'><strong>Qui</strong></span> <span class='ocrx_word' id='word_1_429' title='bbox 2376 3131 2570 3188; x_wconf 91' lang='lat' dir='ltr'><strong>modus</strong></span> <span class='ocrx_word' id='word_1_430' title='bbox 2598 3137 2760 3200; x_wconf 83' lang='lat' dir='ltr'><strong>atque</strong></span> <span class='ocrx_word' id='word_1_431' title='bbox 2793 3141 3048 3196; x_wconf 84' lang='lat' dir='ltr'><strong>mensura</strong></span> <span class='ocrx_word' id='word_1_432' title='bbox 3077 3125 3496 3195; x_wconf 89' lang='lat' dir='ltr'><strong>uniuscujusque</strong></span> 
     </span>
    </p>
   </div>
   <div class='ocr_carea' id='block_1_62' title="bbox 1912 3217 3496 3290">
    <p class='ocr_par' dir='ltr' id='par_1_62' title="bbox 1912 3217 3496 3290">
     <span class='ocr_line' id='line_1_62' title="bbox 1912 3217 3496 3290; baseline -0.009 -6"><span class='ocrx_word' id='word_1_433' title='bbox 1912 3227 2063 3284; x_wconf 88' lang='lat' dir='ltr'><strong>locus</strong></span> <span class='ocrx_word' id='word_1_434' title='bbox 2099 3226 2299 3283; x_wconf 86' lang='lat' dir='ltr'><strong>dicitur</strong></span> <span class='ocrx_word' id='word_1_435' title='bbox 2326 3229 2401 3280; x_wconf 90' lang='lat' dir='ltr'><strong>et‘</strong></span> <span class='ocrx_word' id='word_1_436' title='bbox 2425 3231 2528 3280; x_wconf 90' lang='lat' dir='ltr'><strong>est.</strong></span> <span class='ocrx_word' id='word_1_437' title='bbox 2567 3220 2830 3278; x_wconf 83' lang='lat' dir='ltr'><strong>Similiter</strong></span> <span class='ocrx_word' id='word_1_438' title='bbox 2866 3219 3186 3290; x_wconf 87' lang='lat' dir='ltr'><strong>principium</strong></span> <span class='ocrx_word' id='word_1_439' title='bbox 3237 3217 3496 3274; x_wconf 80' lang='lat' dir='ltr'><strong>nascendi</strong></span> 
     </span>
    </p>
   </div>
   <div class='ocr_carea' id='block_1_63' title="bbox 228 3311 1830 3409">
    <p class='ocr_par' dir='ltr' id='par_1_63' title="bbox 228 3311 1810 3404">
     <span class='ocr_line' id='line_1_63' title="bbox 228 3311 1810 3404; baseline 0.001 -19"><span class='ocrx_word' id='word_1_440' title='bbox 228 3311 590 3404; x_wconf 84' lang='lat' dir='ltr'><strong>quodcunque</strong></span> <span class='ocrx_word' id='word_1_441' title='bbox 644 3342 726 3388; x_wconf 87' lang='lat' dir='ltr'><strong>est</strong></span> <span class='ocrx_word' id='word_1_442' title='bbox 775 3340 990 3404; x_wconf 89' lang='lat' dir='ltr'><strong>praeter</strong></span> <span class='ocrx_word' id='word_1_443' title='bbox 1037 3335 1243 3399; x_wconf 90' lang='lat' dir='ltr'><strong>Deum,</strong></span> <span class='ocrx_word' id='word_1_444' title='bbox 1303 3333 1393 3404; x_wconf 91' lang='lat' dir='ltr'><strong>qui</strong></span> <span class='ocrx_word' id='word_1_445' title='bbox 1455 3331 1604 3388; x_wconf 87' lang='lat' dir='ltr'><strong>solus</strong></span> <span class='ocrx_word' id='word_1_446' title='bbox 1645 3346 1810 3402; x_wconf 85' lang='lat' dir='ltr'><strong>super</strong></span> 
     </span>
    </p>
   </div>
   <div class='ocr_carea' id='block_1_64' title="bbox 1908 3311 3569 3409">
    <p class='ocr_par' dir='ltr' id='par_1_64' title="bbox 1914 3311 3569 3391">
     <span class='ocr_line' id='line_1_64' title="bbox 1914 3311 3569 3391; baseline -0.007 -16"><span class='ocrx_word' id='word_1_447' title='bbox 1914 3327 2078 3391; x_wconf 87' lang='lat' dir='ltr'><strong>atque</strong></span> <span class='ocrx_word' id='word_1_448' title='bbox 2123 3315 2400 3373; x_wconf 86' lang='lat' dir='ltr'><strong>inchoatio</strong></span> <span class='ocrx_word' id='word_1_449' title='bbox 2444 3321 2571 3370; x_wconf 88' lang='lat' dir='ltr'><strong>ante</strong></span> <span class='ocrx_word' id='word_1_450' title='bbox 2618 3324 2799 3379; x_wconf 89' lang='lat' dir='ltr'><strong>omne,</strong></span> <span class='ocrx_word' id='word_1_451' title='bbox 2855 3313 2998 3381; x_wconf 92' lang='lat' dir='ltr'><strong>quod</strong></span> <span class='ocrx_word' id='word_1_452' title='bbox 3054 3311 3295 3367; x_wconf 91' lang='lat' dir='ltr'><strong>nascitur</strong></span> <span class='ocrx_word' id='word_1_453' title='bbox 3335 3317 3497 3378; x_wconf 86' lang='lat' dir='ltr'><strong>atque</strong></span> <span class='ocrx_word' id='word_1_454' title='bbox 3563 3379 3569 3388; x_wconf 29' lang='grc' dir='ltr'>ν</span> 
     </span>
    </p>
   </div>
   <div class='ocr_carea' id='block_1_65' title="bbox 231 3421 1808 3496">
    <p class='ocr_par' dir='ltr' id='par_1_65' title="bbox 231 3421 1808 3496">
     <span class='ocr_line' id='line_1_65' title="bbox 231 3421 1808 3496; baseline -0.002 -16"><span class='ocrx_word' id='word_1_455' title='bbox 231 3425 410 3495; x_wconf 80' lang='lat' dir='ltr'><strong>ipsum</strong></span> <span class='ocrx_word' id='word_1_456' title='bbox 462 3437 582 3480; x_wconf 89' lang='lat' dir='ltr'><strong>esse</strong></span> <span class='ocrx_word' id='word_1_457' title='bbox 633 3423 850 3495; x_wconf 86' lang='lat' dir='ltr'><strong>proprie</strong></span> <span class='ocrx_word' id='word_1_458' title='bbox 899 3424 1164 3491; x_wconf 90' lang='lat' dir='ltr'><strong>subsistit,</strong></span> <span class='ocrx_word' id='word_1_459' title='bbox 1213 3423 1531 3496; x_wconf 91' lang='lat' dir='ltr'><strong>intelligitur</strong></span> <span class='ocrx_word' id='word_1_460' title='bbox 1572 3423 1626 3477; x_wconf 91' lang='lat' dir='ltr'><strong>in</strong></span> <span class='ocrx_word' id='word_1_461' title='bbox 1671 3421 1808 3478; x_wconf 90' lang='lat' dir='ltr'><strong>loco.</strong></span> 
     </span>
    </p>
   </div>
   <div class='ocr_carea' id='block_1_66' title="bbox 232 3514 1813 3588">
    <p class='ocr_par' dir='ltr' id='par_1_66' title="bbox 232 3514 1813 3588">
     <span class='ocr_line' id='line_1_66' title="bbox 232 3514 1813 3588; baseline -0.001 -16"><span class='ocrx_word' id='word_1_462' title='bbox 232 3518 369 3572; x_wconf 89' lang='lat' dir='ltr'><strong>Cum</strong></span> <span class='ocrx_word' id='word_1_463' title='bbox 399 3531 527 3587; x_wconf 88' lang='lat' dir='ltr'><strong>quo,</strong></span> <span class='ocrx_word' id='word_1_464' title='bbox 559 3516 810 3572; x_wconf 88' lang='lat' dir='ltr'><strong>videlicet</strong></span> <span class='ocrx_word' id='word_1_465' title='bbox 852 3517 993 3584; x_wconf 89' lang='lat' dir='ltr'><strong>loco,</strong></span> <span class='ocrx_word' id='word_1_466' title='bbox 1039 3530 1251 3588; x_wconf 91' lang='lat' dir='ltr'><strong>semper</strong></span> <span class='ocrx_word' id='word_1_467' title='bbox 1275 3517 1297 3550; x_wconf 88' lang='lat'><strong><em>&quot;</em></strong></span> <span class='ocrx_word' id='word_1_468' title='bbox 1317 3524 1372 3572; x_wconf 89' lang='lat' dir='ltr'><strong>et</strong></span> <span class='ocrx_word' id='word_1_469' title='bbox 1413 3516 1633 3572; x_wconf 88' lang='lat' dir='ltr'><strong>oumino</strong></span> <span class='ocrx_word' id='word_1_470' title='bbox 1667 3514 1813 3571; x_wconf 88' lang='lat' dir='ltr'><strong>coin-</strong></span> 
     </span>
    </p>
   </div>
   <div class='ocr_carea' id='block_1_67' title="bbox 234 3605 1814 3678">
    <p class='ocr_par' dir='ltr' id='par_1_67' title="bbox 234 3605 1814 3678">
     <span class='ocr_line' id='line_1_67' title="bbox 234 3605 1814 3678; baseline -0.001 -17"><span class='ocrx_word' id='word_1_471' title='bbox 234 3607 501 3677; x_wconf 84' lang='lat' dir='ltr'><strong>telligitur</strong></span> <span class='ocrx_word' id='word_1_472' title='bbox 523 3613 756 3676; x_wconf 88' lang='lat' dir='ltr'><strong>tempus.</strong></span> <span class='ocrx_word' id='word_1_473' title='bbox 789 3605 904 3662; x_wconf 89' lang='lat' dir='ltr'><strong>Non</strong></span> <span class='ocrx_word' id='word_1_474' title='bbox 948 3607 1090 3662; x_wconf 91' lang='lat' dir='ltr'><strong>enim</strong></span> <span class='ocrx_word' id='word_1_475' title='bbox 1125 3606 1385 3678; x_wconf 87' lang='lat' dir='ltr'><strong>possibile</strong></span> <span class='ocrx_word' id='word_1_476' title='bbox 1423 3614 1508 3662; x_wconf 90' lang='lat' dir='ltr'><strong>est</strong></span> <span class='ocrx_word' id='word_1_477' title='bbox 1545 3607 1588 3673; x_wconf 82' lang='grc'>⁸,</span> <span class='ocrx_word' id='word_1_478' title='bbox 1639 3606 1814 3662; x_wconf 78' lang='lat' dir='ltr'><strong>locum</strong></span> 
     </span>
    </p>
   </div>
   <div class='ocr_carea' id='block_1_68' title="bbox 233 3696 1818 3769">
    <p class='ocr_par' dir='ltr' id='par_1_68' title="bbox 233 3696 1818 3769">
     <span class='ocr_line' id='line_1_68' title="bbox 233 3696 1818 3769; baseline 0.001 -17"><span class='ocrx_word' id='word_1_479' title='bbox 233 3697 518 3752; x_wconf 86' lang='lat' dir='ltr'><strong>subtracto</strong></span> <span class='ocrx_word' id='word_1_480' title='bbox 546 3705 784 3766; x_wconf 88' lang='lat' dir='ltr'><strong>tempore</strong></span> <span class='ocrx_word' id='word_1_481' title='bbox 808 3696 1064 3769; x_wconf 84' lang='lat' dir='ltr'><strong>intelligi;</strong></span> <span class='ocrx_word' id='word_1_482' title='bbox 1102 3697 1242 3752; x_wconf 87' lang='lat' dir='ltr'><strong>sicut</strong></span> <span class='ocrx_word' id='word_1_483' title='bbox 1269 3711 1443 3768; x_wconf 90' lang='lat' dir='ltr'><strong>neque</strong></span> <span class='ocrx_word' id='word_1_484' title='bbox 1469 3705 1681 3768; x_wconf 91' lang='lat' dir='ltr'><strong>tempus</strong></span> <span class='ocrx_word' id='word_1_485' title='bbox 1701 3711 1818 3753; x_wconf 80' lang='lat' dir='ltr'><strong>sine</strong></span> 
     </span>
    </p>
   </div>
   <div class='ocr_carea' id='block_1_69' title="bbox 235 3783 1820 3857">
    <p class='ocr_par' dir='ltr' id='par_1_69' title="bbox 235 3783 1820 3857">
     <span class='ocr_line' id='line_1_69' title="bbox 235 3783 1820 3857; baseline 0.003 -19"><span class='ocrx_word' id='word_1_486' title='bbox 235 3783 338 3840; x_wconf 91' lang='lat' dir='ltr'><strong>loci</strong></span> <span class='ocrx_word' id='word_1_487' title='bbox 369 3785 792 3856; x_wconf 86' lang='lat' dir='ltr'><strong>cointelligentia</strong></span> <span class='ocrx_word' id='word_1_488' title='bbox 829 3785 1042 3842; x_wconf 91' lang='lat' dir='ltr'><strong>deﬁniri</strong></span> <span class='ocrx_word' id='word_1_489' title='bbox 1071 3794 1269 3857; x_wconf 89' lang='lat' dir='ltr'><strong>potest.</strong></span> <span class='ocrx_word' id='word_1_490' title='bbox 1311 3787 1456 3844; x_wconf 81' lang='lat' dir='ltr'><strong>llaec</strong></span> <span class='ocrx_word' id='word_1_491' title='bbox 1496 3787 1640 3843; x_wconf 91' lang='lat' dir='ltr'><strong>enim</strong></span> <span class='ocrx_word' id='word_1_492' title='bbox 1679 3787 1820 3843; x_wconf 89' lang='lat' dir='ltr'><strong>inter</strong></span> 
     </span>
    </p>
   </div>
   <div class='ocr_carea' id='block_1_70' title="bbox 235 3877 1822 3950">
    <p class='ocr_par' dir='ltr' id='par_1_70' title="bbox 235 3877 1822 3950">
     <span class='ocr_line' id='line_1_70' title="bbox 235 3877 1822 3950; baseline 0.003 -18"><span class='ocrx_word' id='word_1_493' title='bbox 235 3891 326 3942; x_wconf 89' lang='lat' dir='ltr'><strong>ea,</strong></span> <span class='ocrx_word' id='word_1_494' title='bbox 356 3891 499 3946; x_wconf 88' lang='lat' dir='ltr'><strong>quae</strong></span> <span class='ocrx_word' id='word_1_495' title='bbox 531 3877 691 3932; x_wconf 89' lang='lat' dir='ltr'><strong>simul</strong></span> <span class='ocrx_word' id='word_1_496' title='bbox 725 3888 782 3934; x_wconf 90' lang='lat' dir='ltr'><strong>et</strong></span> <span class='ocrx_word' id='word_1_497' title='bbox 819 3893 1034 3950; x_wconf 87' lang='lat' dir='ltr'><strong>semper</strong></span> <span class='ocrx_word' id='word_1_498' title='bbox 1067 3887 1217 3946; x_wconf 91' lang='lat' dir='ltr'><strong>sunt,</strong></span> <span class='ocrx_word' id='word_1_499' title='bbox 1257 3879 1685 3950; x_wconf 70' lang='lat' dir='ltr'><strong>inseparabiliter</strong></span> <span class='ocrx_word' id='word_1_500' title='bbox 1723 3895 1822 3950; x_wconf 91' lang='lat' dir='ltr'><strong>po-</strong></span> 
     </span>
    </p>
   </div>
   <div class='ocr_carea' id='block_1_71' title="bbox 238 3969 1822 4042">
    <p class='ocr_par' dir='ltr' id='par_1_71' title="bbox 238 3969 1822 4042">
     <span class='ocr_line' id='line_1_71' title="bbox 238 3969 1822 4042; baseline 0.001 -18"><span class='ocrx_word' id='word_1_501' title='bbox 238 3977 473 4034; x_wconf 89' lang='lat' dir='ltr'><strong>nuntur;</strong></span> <span class='ocrx_word' id='word_1_502' title='bbox 501 3983 566 4025; x_wconf 91' lang='lat' dir='ltr'><strong>ac</strong></span> <span class='ocrx_word' id='word_1_503' title='bbox 590 3969 707 4025; x_wconf 91' lang='lat' dir='ltr'><strong>sine</strong></span> <span class='ocrx_word' id='word_1_504' title='bbox 733 3970 815 4026; x_wconf 91' lang='lat' dir='ltr'><strong>his</strong></span> <span class='ocrx_word' id='word_1_505' title='bbox 843 3969 985 4025; x_wconf 87' lang='lat' dir='ltr'><strong>nulla</strong></span> <span class='ocrx_word' id='word_1_506' title='bbox 1017 3971 1276 4036; x_wconf 88' lang='lat' dir='ltr'><strong>essentia,</strong></span> <span class='ocrx_word' id='word_1_507' title='bbox 1305 3984 1444 4040; x_wconf 89' lang='lat' dir='ltr'><strong>quae</strong></span> <span class='ocrx_word' id='word_1_508' title='bbox 1478 3985 1577 4042; x_wconf 89' lang='lat' dir='ltr'><strong>per</strong></span> <span class='ocrx_word' id='word_1_509' title='bbox 1597 3985 1822 4042; x_wconf 83' lang='lat' dir='ltr'><strong>genera-</strong></span> 
     </span>
    </p>
   </div>
   <div class='ocr_carea' id='block_1_72' title="bbox 239 4059 1822 4130">
    <p class='ocr_par' dir='ltr' id='par_1_72' title="bbox 239 4059 1822 4130">
     <span class='ocr_line' id='line_1_72' title="bbox 239 4059 1822 4130; baseline 0.001 -16"><span class='ocrx_word' id='word_1_510' title='bbox 239 4059 444 4114; x_wconf 87' lang='lat' dir='ltr'><strong>tionem</strong></span> <span class='ocrx_word' id='word_1_511' title='bbox 473 4061 684 4130; x_wconf 86' lang='lat' dir='ltr'><strong>accepit</strong></span> <span class='ocrx_word' id='word_1_512' title='bbox 712 4075 858 4127; x_wconf 87' lang='lat' dir='ltr'><strong>esse,</strong></span> <span class='ocrx_word' id='word_1_513' title='bbox 894 4059 1000 4116; x_wconf 91' lang='lat' dir='ltr'><strong>ullo</strong></span> <span class='ocrx_word' id='word_1_514' title='bbox 1027 4062 1186 4119; x_wconf 89' lang='lat' dir='ltr'><strong>modo</strong></span> <span class='ocrx_word' id='word_1_515' title='bbox 1215 4061 1356 4116; x_wconf 88' lang='lat' dir='ltr'><strong>valet</strong></span> <span class='ocrx_word' id='word_1_516' title='bbox 1395 4061 1700 4116; x_wconf 87' lang='lat' dir='ltr'><strong>consistere</strong></span> <span class='ocrx_word' id='word_1_517' title='bbox 1737 4060 1822 4116; x_wconf 89' lang='lat' dir='ltr'><strong>vel</strong></span> 
     </span>
    </p>
   </div>
   <div class='ocr_carea' id='block_1_73' title="bbox 1916 3400 3502 3476">
    <p class='ocr_par' dir='ltr' id='par_1_73' title="bbox 1916 3400 3502 3476">
     <span class='ocr_line' id='line_1_73' title="bbox 1916 3400 3502 3476; baseline -0.006 -10"><span class='ocrx_word' id='word_1_518' title='bbox 1916 3411 2175 3476; x_wconf 73' lang='lat' dir='ltr'><strong>inchoat,</strong></span> <span class='ocrx_word' id='word_1_519' title='bbox 2222 3407 2433 3464; x_wconf 86' lang='lat' dir='ltr'><strong>ratione</strong></span> <span class='ocrx_word' id='word_1_520' title='bbox 2494 3403 2816 3475; x_wconf 89' lang='lat' dir='ltr'><strong>praecedere</strong></span> <span class='ocrx_word' id='word_1_521' title='bbox 2869 3401 3212 3473; x_wconf 90' lang='lat' dir='ltr'><strong>perspicitur.</strong></span> <span class='ocrx_word' id='word_1_522' title='bbox 3268 3400 3502 3471; x_wconf 84' lang='lat' dir='ltr'><strong>Ideoque</strong></span> 
     </span>
    </p>
   </div>
   <div class='ocr_carea' id='block_1_74' title="bbox 1914 3489 3573 3576">
    <p class='ocr_par' dir='ltr' id='par_1_74' title="bbox 1914 3489 3573 3576">
     <span class='ocr_line' id='line_1_74' title="bbox 1914 3489 3573 3576; baseline -0.006 -13"><span class='ocrx_word' id='word_1_523' title='bbox 1914 3519 2095 3572; x_wconf 89' lang='lat' dir='ltr'><strong>omne,</strong></span> <span class='ocrx_word' id='word_1_524' title='bbox 2139 3503 2282 3576; x_wconf 91' lang='lat' dir='ltr'><strong>quod</strong></span> <span class='ocrx_word' id='word_1_525' title='bbox 2325 3517 2434 3560; x_wconf 89' lang='lat' dir='ltr'><strong>non</strong></span> <span class='ocrx_word' id='word_1_526' title='bbox 2481 3509 2600 3558; x_wconf 86' lang='lat' dir='ltr'><strong>erat</strong></span> <span class='ocrx_word' id='word_1_527' title='bbox 2647 3509 2704 3557; x_wconf 92' lang='lat' dir='ltr'><strong>et</strong></span> <span class='ocrx_word' id='word_1_528' title='bbox 2743 3507 2857 3564; x_wconf 91' lang='lat' dir='ltr'><strong>est,</strong></span> <span class='ocrx_word' id='word_1_529' title='bbox 2884 3513 2917 3554; x_wconf 92' lang='lat' dir='ltr'><strong>a</strong></span> <span class='ocrx_word' id='word_1_530' title='bbox 2955 3497 3220 3569; x_wconf 87' lang='lat' dir='ltr'><strong>principio</strong></span> <span class='ocrx_word' id='word_1_531' title='bbox 3241 3489 3501 3567; x_wconf 81' lang='lat' dir='ltr'><strong>temporis</strong></span> <span class='ocrx_word' id='word_1_532' title='bbox 3569 3536 3573 3539; x_wconf 62' lang='grc' dir='ltr'><strong>ς</strong></span> 
     </span>
    </p>
   </div>
   <div class='ocr_carea' id='block_1_75' title="bbox 1917 3592 3502 3669">
    <p class='ocr_par' dir='ltr' id='par_1_75' title="bbox 1917 3592 3502 3669">
     <span class='ocr_line' id='line_1_75' title="bbox 1917 3592 3502 3669; baseline -0.004 -14"><span class='ocrx_word' id='word_1_533' title='bbox 1917 3599 2096 3669; x_wconf 88' lang='lat' dir='ltr'><strong>coepit</strong></span> <span class='ocrx_word' id='word_1_534' title='bbox 2121 3612 2240 3654; x_wconf 90' lang='lat' dir='ltr'><strong>esse</strong></span> <span class='ocrx_word' id='word_1_535' title='bbox 2259 3596 2326 3650; x_wconf 77' lang='lat'><strong>“.</strong></span> <span class='ocrx_word' id='word_1_536' title='bbox 2358 3594 2517 3652; x_wconf 91' lang='lat' dir='ltr'><strong>Solus</strong></span> <span class='ocrx_word' id='word_1_537' title='bbox 2539 3595 2722 3661; x_wconf 88' lang='lat' dir='ltr'><strong>itaque</strong></span> <span class='ocrx_word' id='word_1_538' title='bbox 2742 3592 2884 3650; x_wconf 87' lang='lat' dir='ltr'><strong>Deus</strong></span> <span class='ocrx_word' id='word_1_539' title='bbox 2906 3592 3147 3648; x_wconf 90' lang='lat' dir='ltr'><strong>inﬁnitus</strong></span> <span class='ocrx_word' id='word_1_540' title='bbox 3169 3601 3280 3657; x_wconf 88' lang='lat' dir='ltr'><strong>est;</strong></span> <span class='ocrx_word' id='word_1_541' title='bbox 3318 3602 3502 3648; x_wconf 82' lang='lat' dir='ltr'><strong>cetera</strong></span> 
     </span>
    </p>
   </div>
   <div class='ocr_carea' id='block_1_76' title="bbox 1918 3684 3502 3759">
    <p class='ocr_par' dir='ltr' id='par_1_76' title="bbox 1918 3684 3502 3759">
     <span class='ocr_line' id='line_1_76' title="bbox 1918 3684 3502 3759; baseline -0.003 -15"><span class='ocrx_word' id='word_1_542' title='bbox 1918 3690 2010 3746; x_wconf 89' lang='lat' dir='ltr'><strong>ubi</strong></span> <span class='ocrx_word' id='word_1_543' title='bbox 2035 3698 2090 3744; x_wconf 92' lang='lat' dir='ltr'><strong>et</strong></span> <span class='ocrx_word' id='word_1_544' title='bbox 2115 3688 2332 3759; x_wconf 90' lang='lat' dir='ltr'><strong>quando</strong></span> <span class='ocrx_word' id='word_1_545' title='bbox 2357 3686 2737 3750; x_wconf 90' lang='lat' dir='ltr'><strong>terminantur,</strong></span> <span class='ocrx_word' id='word_1_546' title='bbox 2774 3685 2831 3741; x_wconf 91' lang='lat' dir='ltr'><strong>id</strong></span> <span class='ocrx_word' id='word_1_547' title='bbox 2865 3692 2970 3751; x_wconf 90' lang='lat' dir='ltr'><strong>est,</strong></span> <span class='ocrx_word' id='word_1_548' title='bbox 3000 3684 3118 3740; x_wconf 87' lang='lat' dir='ltr'><strong>loco</strong></span> <span class='ocrx_word' id='word_1_549' title='bbox 3147 3693 3202 3741; x_wconf 90' lang='lat' dir='ltr'><strong>et</strong></span> <span class='ocrx_word' id='word_1_550' title='bbox 3233 3693 3502 3754; x_wconf 84' lang='lat' dir='ltr'><strong>tempore,</strong></span> 
     </span>
    </p>
   </div>
   <div class='ocr_carea' id='block_1_77' title="bbox 1920 3782 3504 3854">
    <p class='ocr_par' dir='ltr' id='par_1_77' title="bbox 1920 3782 3504 3854">
     <span class='ocr_line' id='line_1_77' title="bbox 1920 3782 3504 3854; baseline -0.003 -13"><span class='ocrx_word' id='word_1_551' title='bbox 1920 3799 2027 3841; x_wconf 91' lang='lat' dir='ltr'><strong>non</strong></span> <span class='ocrx_word' id='word_1_552' title='bbox 2058 3784 2202 3854; x_wconf 87' lang='lat' dir='ltr'><strong>quod</strong></span> <span class='ocrx_word' id='word_1_553' title='bbox 2231 3783 2382 3839; x_wconf 92' lang='lat' dir='ltr'><strong>locus</strong></span> <span class='ocrx_word' id='word_1_554' title='bbox 2420 3791 2476 3838; x_wconf 89' lang='lat' dir='ltr'><strong>et</strong></span> <span class='ocrx_word' id='word_1_555' title='bbox 2521 3790 2735 3854; x_wconf 90' lang='lat' dir='ltr'><strong>tempus</strong></span> <span class='ocrx_word' id='word_1_556' title='bbox 2769 3782 2824 3836; x_wconf 92' lang='lat' dir='ltr'><strong>in</strong></span> <span class='ocrx_word' id='word_1_557' title='bbox 2855 3796 3083 3837; x_wconf 90' lang='lat' dir='ltr'><strong>numero</strong></span> <span class='ocrx_word' id='word_1_558' title='bbox 3105 3797 3317 3847; x_wconf 92' lang='lat' dir='ltr'><strong>eorum,</strong></span> <span class='ocrx_word' id='word_1_559' title='bbox 3361 3795 3504 3851; x_wconf 87' lang='lat' dir='ltr'><strong>quae</strong></span> 
     </span>
    </p>
   </div>
   <div class='ocr_carea' id='block_1_78' title="bbox 1919 3875 3505 3945">
    <p class='ocr_par' dir='ltr' id='par_1_78' title="bbox 1919 3875 3505 3945">
     <span class='ocr_line' id='line_1_78' title="bbox 1919 3875 3505 3945; baseline 0 -15"><span class='ocrx_word' id='word_1_560' title='bbox 1919 3893 1949 3931; x_wconf 86' lang='lat' dir='ltr'><strong>a</strong></span> <span class='ocrx_word' id='word_1_561' title='bbox 1973 3877 2083 3932; x_wconf 90' lang='lat' dir='ltr'><strong>Deo</strong></span> <span class='ocrx_word' id='word_1_562' title='bbox 2110 3876 2152 3908; x_wconf 85' lang='grc'><strong>¹⁹</strong></span> <span class='ocrx_word' id='word_1_563' title='bbox 2179 3884 2360 3932; x_wconf 90' lang='lat' dir='ltr'><strong>creata</strong></span> <span class='ocrx_word' id='word_1_564' title='bbox 2388 3884 2536 3943; x_wconf 87' lang='lat' dir='ltr'><strong>sunt,</strong></span> <span class='ocrx_word' id='word_1_565' title='bbox 2564 3891 2672 3931; x_wconf 89' lang='lat' dir='ltr'><strong>non</strong></span> <span class='ocrx_word' id='word_1_566' title='bbox 2697 3875 2825 3940; x_wconf 82' lang='lat' dir='ltr'><strong>sint,</strong></span> <span class='ocrx_word' id='word_1_567' title='bbox 2856 3875 2948 3930; x_wconf 90' lang='lat' dir='ltr'><strong>sed</strong></span> <span class='ocrx_word' id='word_1_568' title='bbox 2969 3875 3110 3944; x_wconf 91' lang='lat' dir='ltr'><strong>quod</strong></span> <span class='ocrx_word' id='word_1_569' title='bbox 3135 3875 3342 3942; x_wconf 88' lang='lat' dir='ltr'><strong>omnia,</strong></span> <span class='ocrx_word' id='word_1_570' title='bbox 3364 3889 3505 3945; x_wconf 87' lang='lat' dir='ltr'><strong>quae</strong></span> 
     </span>
    </p>
   </div>
   <div class='ocr_carea' id='block_1_79' title="bbox 1923 3966 3502 4037">
    <p class='ocr_par' dir='ltr' id='par_1_79' title="bbox 1923 3966 3502 4037">
     <span class='ocr_line' id='line_1_79' title="bbox 1923 3966 3502 4037; baseline -0.001 -13"><span class='ocrx_word' id='word_1_571' title='bbox 1923 3969 1977 4024; x_wconf 91' lang='lat' dir='ltr'><strong>in</strong></span> <span class='ocrx_word' id='word_1_572' title='bbox 2007 3967 2362 4024; x_wconf 82' lang='lat' dir='ltr'><strong>universitate</strong></span> <span class='ocrx_word' id='word_1_573' title='bbox 2390 3975 2536 4033; x_wconf 87' lang='lat' dir='ltr'><strong>sunt,</strong></span> <span class='ocrx_word' id='word_1_574' title='bbox 2568 3983 2675 4022; x_wconf 90' lang='lat' dir='ltr'><strong>non</strong></span> <span class='ocrx_word' id='word_1_575' title='bbox 2701 3967 2891 4036; x_wconf 89' lang='lat' dir='ltr'><strong>spatiis</strong></span> <span class='ocrx_word' id='word_1_576' title='bbox 2916 3975 3239 4037; x_wconf 83' lang='lat' dir='ltr'><strong>temporum,</strong></span> <span class='ocrx_word' id='word_1_577' title='bbox 3268 3967 3361 4021; x_wconf 84' lang='lat' dir='ltr'><strong>sed</strong></span> <span class='ocrx_word' id='word_1_578' title='bbox 3386 3966 3502 4023; x_wconf 80' lang='lat' dir='ltr'><strong>sola</strong></span> 
     </span>
    </p>
   </div>
   <div class='ocr_carea' id='block_1_80' title="bbox 1921 4058 3506 4130">
    <p class='ocr_par' dir='ltr' id='par_1_80' title="bbox 1921 4058 3506 4130">
     <span class='ocr_line' id='line_1_80' title="bbox 1921 4058 3506 4130; baseline -0.003 -12"><span class='ocrx_word' id='word_1_579' title='bbox 1921 4061 2134 4118; x_wconf 88' lang='lat' dir='ltr'><strong>ratione</strong></span> <span class='ocrx_word' id='word_1_580' title='bbox 2179 4059 2503 4116; x_wconf 89' lang='lat' dir='ltr'><strong>conditionis</strong></span> <span class='ocrx_word' id='word_1_581' title='bbox 2540 4059 2954 4130; x_wconf 89' lang='lat' dir='ltr'><strong>praecesserint.</strong></span> <span class='ocrx_word' id='word_1_582' title='bbox 3003 4058 3317 4112; x_wconf 77' lang='lat' dir='ltr'><strong>Necessario</strong></span> <span class='ocrx_word' id='word_1_583' title='bbox 3358 4058 3506 4114; x_wconf 89' lang='lat' dir='ltr'><strong>enim</strong></span> 
     </span>
    </p>
   </div>
   <div class='ocr_carea' id='block_1_81' title="bbox 241 4146 3498 4222">
    <p class='ocr_par' dir='ltr' id='par_1_81' title="bbox 241 4146 3498 4222">
     <span class='ocr_line' id='line_1_81' title="bbox 241 4146 3498 4222; baseline -0.001 -16"><span class='ocrx_word' id='word_1_584' title='bbox 241 4151 517 4221; x_wconf 82' lang='lat' dir='ltr'><strong>cognosci.</strong></span> <span class='ocrx_word' id='word_1_585' title='bbox 559 4146 812 4209; x_wconf 80' lang='lat' dir='ltr'><strong>Omnium</strong></span> <span class='ocrx_word' id='word_1_586' title='bbox 858 4152 1040 4222; x_wconf 89' lang='lat' dir='ltr'><strong>itaque</strong></span> <span class='ocrx_word' id='word_1_587' title='bbox 1084 4152 1432 4209; x_wconf 79' lang='lat' dir='ltr'><strong>existentium</strong></span> <span class='ocrx_word' id='word_1_588' title='bbox 1469 4152 1705 4208; x_wconf 90' lang='lat' dir='ltr'><strong>essentia</strong></span> <span class='ocrx_word' id='word_1_589' title='bbox 1745 4151 1823 4208; x_wconf 85' lang='grc' dir='ltr'><strong>ιο-</strong></span> <span class='ocrx_word' id='word_1_590' title='bbox 1922 4167 2008 4219; x_wconf 86' lang='lat' dir='ltr'><strong>ea,</strong></span> <span class='ocrx_word' id='word_1_591' title='bbox 2049 4165 2188 4221; x_wconf 90' lang='lat' dir='ltr'><strong>quae</strong></span> <span class='ocrx_word' id='word_1_592' title='bbox 2237 4150 2535 4217; x_wconf 89' lang='lat' dir='ltr'><strong>continent,</strong></span> <span class='ocrx_word' id='word_1_593' title='bbox 2577 4150 2729 4220; x_wconf 89' lang='lat' dir='ltr'><strong>prius</strong></span> <span class='ocrx_word' id='word_1_594' title='bbox 2765 4148 3158 4220; x_wconf 89' lang='lat' dir='ltr'><strong>intelliguntur,</strong></span> <span class='ocrx_word' id='word_1_595' title='bbox 3205 4162 3368 4218; x_wconf 87' lang='lat' dir='ltr'><strong>quam</strong></span> <span class='ocrx_word' id='word_1_596' title='bbox 3414 4163 3498 4212; x_wconf 87' lang='lat' dir='ltr'><strong>ea,</strong></span> 
     </span>
    </p>
   </div>
   <div class='ocr_carea' id='block_1_82' title="bbox 241 4237 3500 4314">
    <p class='ocr_par' dir='ltr' id='par_1_82' title="bbox 241 4237 3500 4314">
     <span class='ocr_line' id='line_1_82' title="bbox 241 4237 3500 4314; baseline -0.001 -19"><span class='ocrx_word' id='word_1_597' title='bbox 241 4241 378 4295; x_wconf 88' lang='lat' dir='ltr'><strong>calis</strong></span> <span class='ocrx_word' id='word_1_598' title='bbox 403 4249 567 4312; x_wconf 86' lang='lat' dir='ltr'><strong>atque</strong></span> <span class='ocrx_word' id='word_1_599' title='bbox 600 4242 909 4313; x_wconf 87' lang='lat' dir='ltr'><strong>temporalis</strong></span> <span class='ocrx_word' id='word_1_600' title='bbox 937 4251 1058 4309; x_wconf 91' lang='lat' dir='ltr'><strong>est;</strong></span> <span class='ocrx_word' id='word_1_601' title='bbox 1100 4250 1263 4314; x_wconf 87' lang='lat' dir='ltr'><strong>atque</strong></span> <span class='ocrx_word' id='word_1_602' title='bbox 1295 4240 1439 4310; x_wconf 91' lang='lat' dir='ltr'><strong>ideo,</strong></span> <span class='ocrx_word' id='word_1_603' title='bbox 1471 4242 1574 4298; x_wconf 89' lang='lat' dir='ltr'><strong>uisi</strong></span> <span class='ocrx_word' id='word_1_604' title='bbox 1601 4243 1658 4298; x_wconf 91' lang='lat' dir='ltr'><strong>in</strong></span> <span class='ocrx_word' id='word_1_605' title='bbox 1701 4241 1824 4298; x_wconf 90' lang='lat' dir='ltr'><strong>loco</strong></span> <span class='ocrx_word' id='word_1_606' title='bbox 1923 4255 2065 4311; x_wconf 87' lang='lat' dir='ltr'><strong>quae</strong></span> <span class='ocrx_word' id='word_1_607' title='bbox 2109 4241 2482 4305; x_wconf 88' lang='lat' dir='ltr'><strong>continentur;</strong></span> <span class='ocrx_word' id='word_1_608' title='bbox 2529 4241 2669 4295; x_wconf 88' lang='lat' dir='ltr'><strong>sicut</strong></span> <span class='ocrx_word' id='word_1_609' title='bbox 2703 4254 2867 4296; x_wconf 88' lang='lat' dir='ltr'><strong>causa</strong></span> <span class='ocrx_word' id='word_1_610' title='bbox 2910 4239 3186 4309; x_wconf 85' lang='lat' dir='ltr'><strong>praecedit</strong></span> <span class='ocrx_word' id='word_1_611' title='bbox 3229 4237 3500 4302; x_wconf 77' lang='lat' dir='ltr'><strong>etl‘ectum,</strong></span> 
     </span>
    </p>
   </div>
   <div class='ocr_carea' id='block_1_83' title="bbox 242 4329 3506 4407">
    <p class='ocr_par' dir='ltr' id='par_1_83' title="bbox 242 4329 3506 4407">
     <span class='ocr_line' id='line_1_83' title="bbox 242 4329 3506 4407; baseline -0.001 -19"><span class='ocrx_word' id='word_1_612' title='bbox 242 4342 300 4388; x_wconf 86' lang='lat' dir='ltr'><strong>et</strong></span> <span class='ocrx_word' id='word_1_613' title='bbox 325 4342 590 4403; x_wconf 88' lang='lat' dir='ltr'><strong>tempore,</strong></span> <span class='ocrx_word' id='word_1_614' title='bbox 619 4341 675 4389; x_wconf 91' lang='lat' dir='ltr'><strong>et</strong></span> <span class='ocrx_word' id='word_1_615' title='bbox 703 4335 804 4389; x_wconf 88' lang='lat' dir='ltr'><strong>sub</strong></span> <span class='ocrx_word' id='word_1_616' title='bbox 839 4334 956 4391; x_wconf 92' lang='lat' dir='ltr'><strong>loco</strong></span> <span class='ocrx_word' id='word_1_617' title='bbox 983 4342 1036 4391; x_wconf 93' lang='lat' dir='ltr'><strong>et</strong></span> <span class='ocrx_word' id='word_1_618' title='bbox 1064 4337 1165 4390; x_wconf 88' lang='lat' dir='ltr'><strong>sub</strong></span> <span class='ocrx_word' id='word_1_619' title='bbox 1197 4345 1462 4407; x_wconf 89' lang='lat' dir='ltr'><strong>tempore,</strong></span> <span class='ocrx_word' id='word_1_620' title='bbox 1489 4334 1634 4389; x_wconf 92' lang='lat' dir='ltr'><strong>nullo</strong></span> <span class='ocrx_word' id='word_1_621' title='bbox 1661 4334 1827 4390; x_wconf 90' lang='lat' dir='ltr'><strong>modo</strong></span> <span class='ocrx_word' id='word_1_622' title='bbox 1926 4333 2068 4404; x_wconf 87' lang='lat' dir='ltr'><strong>ignis</strong></span> <span class='ocrx_word' id='word_1_623' title='bbox 2096 4333 2428 4395; x_wconf 87' lang='lat' dir='ltr'><strong>incendium,</strong></span> <span class='ocrx_word' id='word_1_624' title='bbox 2457 4347 2561 4387; x_wconf 81' lang='lat' dir='ltr'><strong>vox</strong></span> <span class='ocrx_word' id='word_1_625' title='bbox 2591 4331 2838 4397; x_wconf 84' lang='lat' dir='ltr'><strong>verbum,</strong></span> <span class='ocrx_word' id='word_1_626' title='bbox 2867 4339 3160 4400; x_wconf 88' lang='lat' dir='ltr'><strong>ceteraque</strong></span> <span class='ocrx_word' id='word_1_627' title='bbox 3185 4329 3401 4385; x_wconf 88' lang='lat' dir='ltr'><strong>similia.</strong></span> <span class='ocrx_word' id='word_1_628' title='bbox 3425 4330 3506 4386; x_wconf 82' lang='lat' dir='ltr'><strong>Ae</strong></span> 
     </span>
    </p>
   </div>
   <div class='ocr_carea' id='block_1_84' title="bbox 243 4421 3507 4498">
    <p class='ocr_par' dir='ltr' id='par_1_84' title="bbox 243 4421 3507 4498">
     <span class='ocr_line' id='line_1_84' title="bbox 243 4421 3507 4498; baseline -0.001 -18"><span class='ocrx_word' id='word_1_629' title='bbox 243 4425 610 4494; x_wconf 76' lang='lat' dir='ltr'><strong>cognoscitur.</strong></span> <span class='ocrx_word' id='word_1_630' title='bbox 656 4424 774 4481; x_wconf 85' lang='lat' dir='ltr'><strong>Non</strong></span> <span class='ocrx_word' id='word_1_631' title='bbox 807 4426 953 4482; x_wconf 88' lang='lat' dir='ltr'><strong>enim</strong></span> <span class='ocrx_word' id='word_1_632' title='bbox 992 4427 1234 4482; x_wconf 88' lang='lat' dir='ltr'><strong>omnium</strong></span> <span class='ocrx_word' id='word_1_633' title='bbox 1273 4441 1457 4482; x_wconf 90' lang='lat' dir='ltr'><strong>rerum</strong></span> <span class='ocrx_word' id='word_1_634' title='bbox 1500 4429 1826 4484; x_wconf 86' lang='lat' dir='ltr'><strong>universitas</strong></span> <span class='ocrx_word' id='word_1_635' title='bbox 1926 4438 2026 4494; x_wconf 85' lang='lat' dir='ltr'><strong>per</strong></span> <span class='ocrx_word' id='word_1_636' title='bbox 2054 4423 2156 4478; x_wconf 91' lang='lat' dir='ltr'><strong>hoc</strong></span> <span class='ocrx_word' id='word_1_637' title='bbox 2189 4439 2295 4478; x_wconf 90' lang='lat' dir='ltr'><strong>non</strong></span> <span class='ocrx_word' id='word_1_638' title='bbox 2326 4423 2487 4477; x_wconf 88' lang='lat' dir='ltr'><strong>aliam</strong></span> <span class='ocrx_word' id='word_1_639' title='bbox 2515 4422 2902 4498; x_wconf 84' lang='lat' dir='ltr'><strong>beatitudinem</strong></span> <span class='ocrx_word' id='word_1_640' title='bbox 2930 4423 3035 4488; x_wconf 90' lang='lat' dir='ltr'><strong>his,</strong></span> <span class='ocrx_word' id='word_1_641' title='bbox 3063 4421 3155 4492; x_wconf 86' lang='lat' dir='ltr'><strong>qui</strong></span> <span class='ocrx_word' id='word_1_642' title='bbox 3182 4421 3326 4494; x_wconf 86' lang='lat' dir='ltr'><strong>digni</strong></span> <span class='ocrx_word' id='word_1_643' title='bbox 3359 4430 3507 4489; x_wconf 89' lang='lat' dir='ltr'><strong>sunt,</strong></span> 
     </span>
    </p>
   </div>
   <div class='ocr_carea' id='block_1_85' title="bbox 244 4513 3509 4587">
    <p class='ocr_par' dir='ltr' id='par_1_85' title="bbox 244 4513 3509 4587">
     <span class='ocr_line' id='line_1_85' title="bbox 244 4513 3509 4587; baseline 0 -14"><span class='ocrx_word' id='word_1_644' title='bbox 244 4517 347 4574; x_wconf 79' lang='lat' dir='ltr'><strong>sub</strong></span> <span class='ocrx_word' id='word_1_645' title='bbox 369 4516 577 4587; x_wconf 67' lang='lat' dir='ltr'><strong>seipsa</strong></span> <span class='ocrx_word' id='word_1_646' title='bbox 597 4526 654 4573; x_wconf 86' lang='lat' dir='ltr'><strong>et</strong></span> <span class='ocrx_word' id='word_1_647' title='bbox 681 4517 825 4573; x_wconf 90' lang='lat' dir='ltr'><strong>intra</strong></span> <span class='ocrx_word' id='word_1_648' title='bbox 851 4518 1084 4586; x_wconf 89' lang='lat' dir='ltr'><strong>seipsam</strong></span> <span class='ocrx_word' id='word_1_649' title='bbox 1110 4528 1214 4574; x_wconf 92' lang='lat' dir='ltr'><strong>est.</strong></span> <span class='ocrx_word' id='word_1_650' title='bbox 1248 4517 1362 4574; x_wconf 86' lang='lat' dir='ltr'><strong>Hoc</strong></span> <span class='ocrx_word' id='word_1_651' title='bbox 1390 4519 1534 4574; x_wconf 91' lang='lat' dir='ltr'><strong>enim</strong></span> <span class='ocrx_word' id='word_1_652' title='bbox 1565 4527 1824 4584; x_wconf 86' lang='lat' dir='ltr'><strong>statuere,</strong></span> <span class='ocrx_word' id='word_1_653' title='bbox 1928 4514 2278 4570; x_wconf 87' lang='lat' dir='ltr'><strong>aestimamus</strong></span> <span class='ocrx_word' id='word_1_654' title='bbox 2335 4529 2456 4570; x_wconf 90' lang='lat' dir='ltr'><strong>esse</strong></span> <span class='ocrx_word' id='word_1_655' title='bbox 2522 4514 2841 4586; x_wconf 88' lang='lat' dir='ltr'><strong>promissam</strong></span> <span class='ocrx_word' id='word_1_656' title='bbox 2863 4514 2934 4580; x_wconf 80' lang='lat'><strong>”.</strong></span> <span class='ocrx_word' id='word_1_657' title='bbox 2987 4529 3087 4570; x_wconf 82' lang='lat' dir='ltr'><strong>nec</strong></span> <span class='ocrx_word' id='word_1_658' title='bbox 3127 4514 3291 4570; x_wconf 74' lang='lat' dir='ltr'><strong>alium</strong></span> <span class='ocrx_word' id='word_1_659' title='bbox 3350 4513 3509 4583; x_wconf 76' lang='lat' dir='ltr'><strong>huius</strong></span> 
     </span>
    </p>
   </div>
   <div class='ocr_carea' id='block_1_86' title="bbox 250 4605 3510 4683">
    <p class='ocr_par' dir='ltr' id='par_1_86' title="bbox 250 4605 3510 4683">
     <span class='ocr_line' id='line_1_86' title="bbox 250 4605 3510 4683; baseline -0.002 -14"><span class='ocrx_word' id='word_1_660' title='bbox 250 4609 622 4669; x_wconf 88' lang='lat' dir='ltr'><strong>irrationabile</strong></span> <span class='ocrx_word' id='word_1_661' title='bbox 653 4618 739 4668; x_wconf 87' lang='lat' dir='ltr'><strong>est</strong></span> <span class='ocrx_word' id='word_1_662' title='bbox 760 4619 814 4668; x_wconf 90' lang='lat' dir='ltr'><strong>et</strong></span> <span class='ocrx_word' id='word_1_663' title='bbox 835 4611 1189 4681; x_wconf 87' lang='lat' dir='ltr'><strong>impossibile,</strong></span> <span class='ocrx_word' id='word_1_664' title='bbox 1220 4611 1393 4683; x_wconf 86' lang='lat' dir='ltr'><strong>ipsam</strong></span> <span class='ocrx_word' id='word_1_665' title='bbox 1418 4612 1669 4669; x_wconf 85' lang='lat' dir='ltr'><strong>videlicet</strong></span> <span class='ocrx_word' id='word_1_666' title='bbox 1707 4613 1829 4668; x_wconf 90' lang='lat' dir='ltr'><strong>uni-</strong></span> <span class='ocrx_word' id='word_1_667' title='bbox 1929 4607 2113 4662; x_wconf 88' lang='lat' dir='ltr'><strong>mundi</strong></span> <span class='ocrx_word' id='word_1_668' title='bbox 2162 4607 2324 4662; x_wconf 81' lang='lat' dir='ltr'><strong>ﬁnem</strong></span> <span class='ocrx_word' id='word_1_669' title='bbox 2372 4605 2509 4674; x_wconf 80' lang='lat' dir='ltr'><strong>fore,</strong></span> <span class='ocrx_word' id='word_1_670' title='bbox 2563 4622 2728 4678; x_wconf 88' lang='lat' dir='ltr'><strong>quam</strong></span> <span class='ocrx_word' id='word_1_671' title='bbox 2776 4616 2835 4662; x_wconf 91' lang='lat' dir='ltr'><strong>ut</strong></span> <span class='ocrx_word' id='word_1_672' title='bbox 2881 4621 3090 4672; x_wconf 87' lang='lat' dir='ltr'><strong>omnes,</strong></span> <span class='ocrx_word' id='word_1_673' title='bbox 3141 4607 3233 4678; x_wconf 90' lang='lat' dir='ltr'><strong>qui</strong></span> <span class='ocrx_word' id='word_1_674' title='bbox 3283 4607 3510 4679; x_wconf 87' lang='lat' dir='ltr'><strong>gloriam</strong></span> 
     </span>
    </p>
   </div>
   <div class='ocr_carea' id='block_1_87' title="bbox 242 4698 3508 4784">
    <p class='ocr_par' dir='ltr' id='par_1_87' title="bbox 242 4698 3508 4784">
     <span class='ocr_line' id='line_1_87' title="bbox 242 4698 3508 4784; baseline -0.002 -24"><span class='ocrx_word' id='word_1_675' title='bbox 242 4703 563 4760; x_wconf 77' lang='lat' dir='ltr'><strong>versitatem</strong></span> <span class='ocrx_word' id='word_1_676' title='bbox 619 4715 783 4784; x_wconf 85' lang='lat' dir='ltr'><strong>super</strong></span> <span class='ocrx_word' id='word_1_677' title='bbox 836 4701 1033 4758; x_wconf 90' lang='lat' dir='ltr'><strong>suimet</strong></span> <span class='ocrx_word' id='word_1_678' title='bbox 1066 4702 1089 4734; x_wconf 82' lang='lat'><strong>&#39;</strong></span> <span class='ocrx_word' id='word_1_679' title='bbox 1142 4702 1554 4760; x_wconf 84' lang='lat' dir='ltr'><strong>universitatem</strong></span> <span class='ocrx_word' id='word_1_680' title='bbox 1593 4717 1740 4770; x_wconf 71' lang='lat' dir='ltr'><strong>esse,</strong></span> <span class='ocrx_word' id='word_1_681' title='bbox 1780 4701 1828 4736; x_wconf 77' lang='lat'>“</span> <span class='ocrx_word' id='word_1_682' title='bbox 1855 4703 1905 4764; x_wconf 91' lang='lat' dir='ltr'><strong>D</strong></span> <span class='ocrx_word' id='word_1_683' title='bbox 1933 4699 2201 4765; x_wconf 87' lang='lat' dir='ltr'><strong>theoseos,</strong></span> <span class='ocrx_word' id='word_1_684' title='bbox 2245 4700 2300 4756; x_wconf 93' lang='lat' dir='ltr'><strong>id</strong></span> <span class='ocrx_word' id='word_1_685' title='bbox 2337 4709 2444 4768; x_wconf 91' lang='lat' dir='ltr'><strong>est,</strong></span> <span class='ocrx_word' id='word_1_686' title='bbox 2472 4698 2831 4755; x_wconf 85' lang='lat' dir='ltr'><strong>deiﬁcationis</strong></span> <span class='ocrx_word' id='word_1_687' title='bbox 2865 4699 3141 4768; x_wconf 86' lang='lat' dir='ltr'><strong>accepturi</strong></span> <span class='ocrx_word' id='word_1_688' title='bbox 3181 4707 3326 4764; x_wconf 89' lang='lat' dir='ltr'><strong>sunt,</strong></span> <span class='ocrx_word' id='word_1_689' title='bbox 3366 4699 3508 4755; x_wconf 82' lang='lat' dir='ltr'><strong>ultra</strong></span> 
     </span>
    </p>
   </div>
   <div class='ocr_carea' id='block_1_88' title="bbox 242 4789 3510 4868">
    <p class='ocr_par' dir='ltr' id='par_1_88' title="bbox 242 4789 3510 4868">
     <span class='ocr_line' id='line_1_88' title="bbox 242 4789 3510 4868; baseline -0.002 -17"><span class='ocrx_word' id='word_1_690' title='bbox 242 4794 373 4851; x_wconf 82' lang='lat' dir='ltr'><strong>dum</strong></span> <span class='ocrx_word' id='word_1_691' title='bbox 405 4793 968 4868; x_wconf 80' lang='lat' dir='ltr'><strong>circumscriptionem</strong></span> <span class='ocrx_word' id='word_1_692' title='bbox 1028 4793 1226 4850; x_wconf 86' lang='lat' dir='ltr'><strong>habeat</strong></span> <span class='ocrx_word' id='word_1_693' title='bbox 1287 4803 1412 4866; x_wconf 84' lang='lat' dir='ltr'><strong>post</strong></span> <span class='ocrx_word' id='word_1_694' title='bbox 1469 4795 1653 4851; x_wconf 88' lang='lat' dir='ltr'><strong>omnia</strong></span> <span class='ocrx_word' id='word_1_695' title='bbox 1683 4795 1824 4864; x_wconf 70' lang='lat' dir='ltr'><strong>icir-</strong></span> <span class='ocrx_word' id='word_1_696' title='bbox 1928 4791 2047 4849; x_wconf 89' lang='lat' dir='ltr'><strong>loca</strong></span> <span class='ocrx_word' id='word_1_697' title='bbox 2077 4800 2132 4848; x_wconf 91' lang='lat' dir='ltr'><strong>et</strong></span> <span class='ocrx_word' id='word_1_698' title='bbox 2173 4799 2416 4863; x_wconf 88' lang='lat' dir='ltr'><strong>tempora</strong></span> <span class='ocrx_word' id='word_1_699' title='bbox 2465 4791 2780 4847; x_wconf 90' lang='lat' dir='ltr'><strong>ascendant.</strong></span> <span class='ocrx_word' id='word_1_700' title='bbox 2820 4789 2976 4856; x_wconf 84' lang='lat' dir='ltr'><strong>Nam,</strong></span> <span class='ocrx_word' id='word_1_701' title='bbox 3015 4790 3106 4860; x_wconf 80' lang='lat' dir='ltr'><strong>qui</strong></span> <span class='ocrx_word' id='word_1_702' title='bbox 3132 4790 3251 4846; x_wconf 89' lang='lat' dir='ltr'><strong>loco</strong></span> <span class='ocrx_word' id='word_1_703' title='bbox 3286 4797 3341 4845; x_wconf 89' lang='lat' dir='ltr'><strong>et</strong></span> <span class='ocrx_word' id='word_1_704' title='bbox 3371 4798 3510 4846; x_wconf 88' lang='lat' dir='ltr'><strong>tem-</strong></span> 
     </span>
    </p>
   </div>
   <div class='ocr_carea' id='block_1_89' title="bbox 241 4882 3519 4957">
    <p class='ocr_par' dir='ltr' id='par_1_89' title="bbox 241 4882 3519 4957">
     <span class='ocr_line' id='line_1_89' title="bbox 241 4882 3519 4957; baseline -0.001 -15"><span class='ocrx_word' id='word_1_705' title='bbox 241 4884 704 4942; x_wconf 82' lang='lat' dir='ltr'><strong>eumseribeutem</strong></span> <span class='ocrx_word' id='word_1_706' title='bbox 742 4884 925 4941; x_wconf 91' lang='lat' dir='ltr'><strong>omnia</strong></span> <span class='ocrx_word' id='word_1_707' title='bbox 965 4883 1067 4940; x_wconf 91' lang='lat' dir='ltr'><strong>sub</strong></span> <span class='ocrx_word' id='word_1_708' title='bbox 1115 4899 1176 4941; x_wconf 91' lang='lat' dir='ltr'><strong>se</strong></span> <span class='ocrx_word' id='word_1_709' title='bbox 1216 4885 1355 4956; x_wconf 85' lang='lat' dir='ltr'><strong>ipsa,</strong></span> <span class='ocrx_word' id='word_1_710' title='bbox 1388 4889 1443 4942; x_wconf 87' lang='lat' dir='ltr'><strong>in</strong></span> <span class='ocrx_word' id='word_1_711' title='bbox 1471 4901 1530 4941; x_wconf 88' lang='lat' dir='ltr'><strong>se</strong></span> <span class='ocrx_word' id='word_1_712' title='bbox 1559 4885 1672 4956; x_wconf 86' lang='lat' dir='ltr'><strong>ipsa</strong></span> <span class='ocrx_word' id='word_1_713' title='bbox 1700 4901 1829 4942; x_wconf 83' lang='lat' dir='ltr'><strong>cau-</strong></span> <span class='ocrx_word' id='word_1_714' title='bbox 1927 4899 2058 4957; x_wconf 89' lang='lat' dir='ltr'><strong>pore</strong></span> <span class='ocrx_word' id='word_1_715' title='bbox 2085 4886 2131 4927; x_wconf 78' lang='grc' dir='ltr'><strong>ἰ</strong></span> <span class='ocrx_word' id='word_1_716' title='bbox 2160 4894 2492 4949; x_wconf 88' lang='lat' dir='ltr'><strong>coartantur,</strong></span> <span class='ocrx_word' id='word_1_717' title='bbox 2533 4885 2672 4939; x_wconf 87' lang='lat' dir='ltr'><strong>ﬁniti</strong></span> <span class='ocrx_word' id='word_1_718' title='bbox 2699 4891 2846 4940; x_wconf 90' lang='lat' dir='ltr'><strong>sunt.</strong></span> <span class='ocrx_word' id='word_1_719' title='bbox 2871 4883 3105 4941; x_wconf 80' lang='lat' dir='ltr'><strong>Aeterna</strong></span> <span class='ocrx_word' id='word_1_720' title='bbox 3136 4891 3314 4938; x_wconf 91' lang='lat' dir='ltr'><strong>autem</strong></span> <span class='ocrx_word' id='word_1_721' title='bbox 3343 4882 3519 4939; x_wconf 80' lang='lat' dir='ltr'><strong>beati-</strong></span> 
     </span>
    </p>
   </div>
   <div class='ocr_carea' id='block_1_90' title="bbox 243 4974 3513 5047">
    <p class='ocr_par' dir='ltr' id='par_1_90' title="bbox 243 4974 3513 5047">
     <span class='ocr_line' id='line_1_90' title="bbox 243 4974 3513 5047; baseline -0.001 -16"><span class='ocrx_word' id='word_1_722' title='bbox 243 4974 569 5031; x_wconf 78' lang='lat' dir='ltr'><strong>salissimam</strong></span> <span class='ocrx_word' id='word_1_723' title='bbox 594 4976 874 5032; x_wconf 87' lang='lat' dir='ltr'><strong>virtutem.</strong></span> <span class='ocrx_word' id='word_1_724' title='bbox 902 4974 1019 5046; x_wconf 85' lang='lat' dir='ltr'><strong>Ipse</strong></span> <span class='ocrx_word' id='word_1_725' title='bbox 1041 4975 1222 5047; x_wconf 89' lang='lat' dir='ltr'><strong>itaque</strong></span> <span class='ocrx_word' id='word_1_726' title='bbox 1259 4978 1384 5034; x_wconf 83' lang='lat' dir='ltr'><strong>linis</strong></span> <span class='ocrx_word' id='word_1_727' title='bbox 1406 4977 1646 5034; x_wconf 81' lang='lat' dir='ltr'><strong>exterior</strong></span> <span class='ocrx_word' id='word_1_728' title='bbox 1674 4977 1826 5036; x_wconf 91' lang='lat' dir='ltr'><strong>locus</strong></span> <span class='ocrx_word' id='word_1_729' title='bbox 1929 4977 2058 5032; x_wconf 88' lang='lat' dir='ltr'><strong>tudo</strong></span> <span class='ocrx_word' id='word_1_730' title='bbox 2073 4976 2280 5032; x_wconf 88' lang='lat' dir='ltr'><strong>inﬁnita</strong></span> <span class='ocrx_word' id='word_1_731' title='bbox 2311 4984 2415 5032; x_wconf 90' lang='lat' dir='ltr'><strong>est.</strong></span> <span class='ocrx_word' id='word_1_732' title='bbox 2438 4975 2706 5031; x_wconf 78' lang='lat' dir='ltr'><strong>Aeternae</strong></span> <span class='ocrx_word' id='word_1_733' title='bbox 2725 4974 2889 5047; x_wconf 89' lang='lat' dir='ltr'><strong>igitur</strong></span> <span class='ocrx_word' id='word_1_734' title='bbox 2909 4976 2955 5008; x_wconf 82' lang='lat'><strong>&quot;</strong></span> <span class='ocrx_word' id='word_1_735' title='bbox 2976 4974 3324 5030; x_wconf 84' lang='lat' dir='ltr'><strong>beatitudinis</strong></span> <span class='ocrx_word' id='word_1_736' title='bbox 3349 4981 3513 5042; x_wconf 80' lang='lat' dir='ltr'><strong>atque</strong></span> 
     </span>
    </p>
   </div>
   <div class='ocr_carea' id='block_1_91' title="bbox 245 5065 3506 5137">
    <p class='ocr_par' dir='ltr' id='par_1_91' title="bbox 245 5065 3506 5137">
     <span class='ocr_line' id='line_1_91' title="bbox 245 5065 3506 5137; baseline -0.002 -14"><span class='ocrx_word' id='word_1_737' title='bbox 245 5066 618 5124; x_wconf 75' lang='lat' dir='ltr'><strong>universitatis</strong></span> <span class='ocrx_word' id='word_1_738' title='bbox 650 5074 764 5133; x_wconf 89' lang='lat' dir='ltr'><strong>est,</strong></span> <span class='ocrx_word' id='word_1_739' title='bbox 799 5066 943 5123; x_wconf 88' lang='lat' dir='ltr'><strong>sicut</strong></span> <span class='ocrx_word' id='word_1_740' title='bbox 968 5067 1186 5137; x_wconf 89' lang='lat' dir='ltr'><strong>quidam</strong></span> <span class='ocrx_word' id='word_1_741' title='bbox 1217 5068 1480 5124; x_wconf 88' lang='lat' dir='ltr'><strong>deﬁniunt</strong></span> <span class='ocrx_word' id='word_1_742' title='bbox 1521 5067 1719 5136; x_wconf 89' lang='lat' dir='ltr'><strong>locum,</strong></span> <span class='ocrx_word' id='word_1_743' title='bbox 1747 5069 1831 5125; x_wconf 87' lang='lat' dir='ltr'><strong>di-</strong></span> <span class='ocrx_word' id='word_1_744' title='bbox 1933 5067 2176 5124; x_wconf 87' lang='lat' dir='ltr'><strong>inﬁnitae</strong></span> <span class='ocrx_word' id='word_1_745' title='bbox 2223 5066 2514 5137; x_wconf 91' lang='lat' dir='ltr'><strong>participes</strong></span> <span class='ocrx_word' id='word_1_746' title='bbox 2563 5080 2736 5137; x_wconf 91' lang='lat' dir='ltr'><strong>neque</strong></span> <span class='ocrx_word' id='word_1_747' title='bbox 2783 5065 2902 5124; x_wconf 88' lang='lat' dir='ltr'><strong>loco</strong></span> <span class='ocrx_word' id='word_1_748' title='bbox 2950 5065 3506 5132; x_wconf 86' lang='lat' dir='ltr'><strong>circumscribentur,</strong></span> 
     </span>
    </p>
   </div>
   <div class='ocr_carea' id='block_1_92' title="bbox 246 5158 1828 5230">
    <p class='ocr_par' dir='ltr' id='par_1_92' title="bbox 246 5158 1828 5230">
     <span class='ocr_line' id='line_1_92' title="bbox 246 5158 1828 5230; baseline 0.001 -14"><span class='ocrx_word' id='word_1_749' title='bbox 246 5166 436 5216; x_wconf 79' lang='lat' dir='ltr'><strong>centes</strong></span> <span class='ocrx_word' id='word_1_750' title='bbox 466 5174 481 5213; x_wconf 92' lang='lat'><strong>:</strong></span> <span class='ocrx_word' id='word_1_751' title='bbox 512 5158 662 5215; x_wconf 90' lang='lat' dir='ltr'><strong>locus</strong></span> <span class='ocrx_word' id='word_1_752' title='bbox 684 5167 769 5215; x_wconf 87' lang='lat' dir='ltr'><strong>est</strong></span> <span class='ocrx_word' id='word_1_753' title='bbox 805 5159 922 5230; x_wconf 88' lang='lat' dir='ltr'><strong>ipse</strong></span> <span class='ocrx_word' id='word_1_754' title='bbox 955 5165 1114 5214; x_wconf 80' lang='lat' dir='ltr'><strong>extre</strong></span> <span class='ocrx_word' id='word_1_755' title='bbox 1142 5158 1551 5216; x_wconf 82' lang='lat' dir='ltr'><strong>universitatem</strong></span> <span class='ocrx_word' id='word_1_756' title='bbox 1574 5160 1828 5227; x_wconf 83' lang='lat' dir='ltr'><strong>ambitus,</strong></span> 
     </span>
    </p>
   </div>
   <div class='ocr_carea' id='block_1_93' title="bbox 245 5247 1834 5320">
    <p class='ocr_par' dir='ltr' id='par_1_93' title="bbox 245 5247 1834 5320">
     <span class='ocr_line' id='line_1_93' title="bbox 245 5247 1834 5320; baseline 0.003 -16"><span class='ocrx_word' id='word_1_757' title='bbox 245 5249 336 5307; x_wconf 89' lang='lat' dir='ltr'><strong>vel</strong></span> <span class='ocrx_word' id='word_1_758' title='bbox 366 5247 487 5320; x_wconf 86' lang='lat' dir='ltr'><strong>ipsa</strong></span> <span class='ocrx_word' id='word_1_759' title='bbox 520 5257 680 5305; x_wconf 81' lang='lat' dir='ltr'><strong>extra</strong></span> <span class='ocrx_word' id='word_1_760' title='bbox 719 5249 1132 5306; x_wconf 83' lang='lat' dir='ltr'><strong>universitatem</strong></span> <span class='ocrx_word' id='word_1_761' title='bbox 1175 5249 1393 5319; x_wconf 78' lang='lat' dir='ltr'><strong>positio,</strong></span> <span class='ocrx_word' id='word_1_762' title='bbox 1418 5251 1497 5308; x_wconf 83' lang='lat' dir='ltr'><strong>vel</strong></span> <span class='ocrx_word' id='word_1_763' title='bbox 1535 5251 1658 5308; x_wconf 87' lang='lat' dir='ltr'><strong>ﬁnis</strong></span> <span class='ocrx_word' id='word_1_764' title='bbox 1684 5265 1834 5308; x_wconf 85' lang='lat' dir='ltr'><strong>com-</strong></span> 
     </span>
    </p>
   </div>
   <div class='ocr_carea' id='block_1_94' title="bbox 242 5336 3514 5412">
    <p class='ocr_par' dir='ltr' id='par_1_94' title="bbox 242 5336 3514 5412">
     <span class='ocr_line' id='line_1_94' title="bbox 242 5336 3514 5412; baseline -0.001 -16"><span class='ocrx_word' id='word_1_765' title='bbox 242 5340 613 5412; x_wconf 85' lang='lat' dir='ltr'><strong>prehendens,</strong></span> <span class='ocrx_word' id='word_1_766' title='bbox 643 5339 701 5396; x_wconf 91' lang='lat' dir='ltr'><strong>in</strong></span> <span class='ocrx_word' id='word_1_767' title='bbox 725 5355 835 5412; x_wconf 90' lang='lat' dir='ltr'><strong>quo</strong></span> <span class='ocrx_word' id='word_1_768' title='bbox 859 5341 1336 5411; x_wconf 90' lang='lat' dir='ltr'><strong>comprehenditur</strong></span> <span class='ocrx_word' id='word_1_769' title='bbox 1357 5343 1830 5412; x_wconf 88' lang='lat' dir='ltr'><strong>comprehensum.</strong></span> <span class='ocrx_word' id='word_1_770' title='bbox 1938 5350 2041 5408; x_wconf 88' lang='lat' dir='ltr'><strong>est,</strong></span> <span class='ocrx_word' id='word_1_771' title='bbox 2064 5349 2218 5411; x_wconf 87' lang='lat' dir='ltr'><strong>patre</strong></span> <span class='ocrx_word' id='word_1_772' title='bbox 2241 5353 2303 5395; x_wconf 91' lang='lat' dir='ltr'><strong>ac</strong></span> <span class='ocrx_word' id='word_1_773' title='bbox 2321 5346 2495 5396; x_wconf 90' lang='lat' dir='ltr'><strong>matre</strong></span> <span class='ocrx_word' id='word_1_774' title='bbox 2516 5339 2781 5404; x_wconf 88' lang='lat' dir='ltr'><strong>caruisse,</strong></span> <span class='ocrx_word' id='word_1_775' title='bbox 2803 5338 3116 5409; x_wconf 89' lang='lat' dir='ltr'><strong>nullumque</strong></span> <span class='ocrx_word' id='word_1_776' title='bbox 3134 5336 3343 5393; x_wconf 89' lang='lat' dir='ltr'><strong>dierum</strong></span> <span class='ocrx_word' id='word_1_777' title='bbox 3363 5337 3514 5408; x_wconf 82' lang='lat' dir='ltr'><strong>prin-</strong></span> 
     </span>
    </p>
   </div>
   <div class='ocr_carea' id='block_1_95' title="bbox 244 5426 3516 5503">
    <p class='ocr_par' dir='ltr' id='par_1_95' title="bbox 244 5426 3516 5503">
     <span class='ocr_line' id='line_1_95' title="bbox 244 5426 3516 5503; baseline -0.001 -18"><span class='ocrx_word' id='word_1_778' title='bbox 244 5429 367 5486; x_wconf 87' lang='lat' dir='ltr'><strong>Sub</strong></span> <span class='ocrx_word' id='word_1_779' title='bbox 412 5439 654 5502; x_wconf 85' lang='lat' dir='ltr'><strong>tempore</strong></span> <span class='ocrx_word' id='word_1_780' title='bbox 702 5429 868 5488; x_wconf 86' lang='lat' dir='ltr'><strong>etiam</strong></span> <span class='ocrx_word' id='word_1_781' title='bbox 916 5432 958 5464; x_wconf 81' lang='lat'>“</span> <span class='ocrx_word' id='word_1_782' title='bbox 1009 5431 1262 5488; x_wconf 83' lang='lat' dir='ltr'><strong>universa</strong></span> <span class='ocrx_word' id='word_1_783' title='bbox 1297 5433 1720 5503; x_wconf 90' lang='lat' dir='ltr'><strong>comprobantur</strong></span> <span class='ocrx_word' id='word_1_784' title='bbox 1768 5433 1835 5502; x_wconf 78' lang='lat'><strong>&quot;,</strong></span> <span class='ocrx_word' id='word_1_785' title='bbox 1940 5431 2138 5501; x_wconf 92' lang='lat' dir='ltr'><strong>cipium</strong></span> <span class='ocrx_word' id='word_1_786' title='bbox 2167 5443 2267 5501; x_wconf 89' lang='lat' dir='ltr'><strong>per</strong></span> <span class='ocrx_word' id='word_1_787' title='bbox 2287 5427 2687 5501; x_wconf 84' lang='lat' dir='ltr'><strong>generationem</strong></span> <span class='ocrx_word' id='word_1_788' title='bbox 2723 5427 2777 5482; x_wconf 91' lang='lat' dir='ltr'><strong>in</strong></span> <span class='ocrx_word' id='word_1_789' title='bbox 2806 5426 3120 5494; x_wconf 89' lang='lat' dir='ltr'><strong>essentiam,</strong></span> <span class='ocrx_word' id='word_1_790' title='bbox 3148 5441 3323 5497; x_wconf 85' lang='lat' dir='ltr'><strong>neque</strong></span> <span class='ocrx_word' id='word_1_791' title='bbox 3351 5427 3516 5483; x_wconf 84' lang='lat' dir='ltr'><strong>ﬁnem</strong></span> 
     </span>
    </p>
   </div>
   <div class='ocr_carea' id='block_1_96' title="bbox 1535 5537 2229 5597">
    <p class='ocr_par' dir='ltr' id='par_1_96' title="bbox 1535 5537 2229 5597">
     <span class='ocr_line' id='line_1_96' title="bbox 1535 5537 2229 5597; baseline -0.003 0"><span class='ocrx_word' id='word_1_792' title='bbox 1535 5539 1791 5597; x_wconf 77' lang='lat' dir='ltr'><strong>VARIAE</strong></span> <span class='ocrx_word' id='word_1_793' title='bbox 1826 5537 2229 5596; x_wconf 81' lang='lat' dir='ltr'><strong>LECTIONES.</strong></span> 
     </span>
    </p>
   </div>
   <div class='ocr_carea' id='block_1_97' title="bbox 314 5627 3512 5705">
    <p class='ocr_par' dir='ltr' id='par_1_97' title="bbox 314 5627 3512 5705">
     <span class='ocr_line' id='line_1_97' title="bbox 314 5627 3512 5705; baseline -0.002 -15"><span class='ocrx_word' id='word_1_794' title='bbox 314 5638 336 5669; x_wconf 83' lang='grc'><strong>⁸</strong></span> <span class='ocrx_word' id='word_1_795' title='bbox 367 5643 416 5690; x_wconf 83' lang='lat' dir='ltr'><strong>et</strong></span> <span class='ocrx_word' id='word_1_796' title='bbox 441 5649 552 5691; x_wconf 87' lang='lat' dir='ltr'><strong>om.</strong></span> <span class='ocrx_word' id='word_1_797' title='bbox 591 5634 672 5705; x_wconf 44' lang='grc' dir='ltr'>Λ,</span> <span class='ocrx_word' id='word_1_798' title='bbox 751 5634 774 5668; x_wconf 82' lang='grc'><strong><em>⁸</em></strong></span> <span class='ocrx_word' id='word_1_799' title='bbox 807 5634 992 5705; x_wconf 82' lang='lat' dir='ltr'><strong>capitis</strong></span> <span class='ocrx_word' id='word_1_800' title='bbox 1019 5647 1131 5691; x_wconf 92' lang='lat' dir='ltr'><strong>om.</strong></span> <span class='ocrx_word' id='word_1_801' title='bbox 1169 5633 1236 5690; x_wconf 78' lang='grc' dir='ltr'><strong>Α.</strong></span> <span class='ocrx_word' id='word_1_802' title='bbox 1291 5633 1335 5705; x_wconf 18' lang='grc' dir='ltr'><strong>μ’</strong></span> <span class='ocrx_word' id='word_1_803' title='bbox 1377 5635 1423 5688; x_wconf 82' lang='grc' dir='ltr'>Α</span> <span class='ocrx_word' id='word_1_804' title='bbox 1475 5631 1604 5705; x_wconf 80' lang='lat' dir='ltr'><strong>Qui.</strong></span> <span class='ocrx_word' id='word_1_805' title='bbox 1680 5633 1704 5666; x_wconf 73' lang='grc' dir='ltr'>δ</span> <span class='ocrx_word' id='word_1_806' title='bbox 1750 5633 1797 5688; x_wconf 82' lang='grc' dir='ltr'><strong>Δ</strong></span> <span class='ocrx_word' id='word_1_807' title='bbox 1836 5633 2132 5705; x_wconf 71' lang='lat' dir='ltr'><strong>nutantium</strong></span> <span class='ocrx_word' id='word_1_808' title='bbox 2187 5632 2416 5705; x_wconf 76' lang='lat' dir='ltr'><strong>locum._</strong></span> <span class='ocrx_word' id='word_1_809' title='bbox 2480 5631 2506 5665; x_wconf 89' lang='grc'><strong><em>⁸</em></strong></span> <span class='ocrx_word' id='word_1_810' title='bbox 2551 5630 2644 5687; x_wconf 86' lang='lat' dir='ltr'><strong>Sic</strong></span> <span class='ocrx_word' id='word_1_811' title='bbox 2682 5628 2852 5705; x_wconf 66' lang='lat' dir='ltr'><strong>CDE;</strong></span> <span class='ocrx_word' id='word_1_812' title='bbox 2912 5629 2958 5686; x_wconf 78' lang='grc' dir='ltr'>Α</span> <span class='ocrx_word' id='word_1_813' title='bbox 2999 5637 3169 5705; x_wconf 57' lang='lat' dir='ltr'><strong>vocat.</strong></span> <span class='ocrx_word' id='word_1_814' title='bbox 3215 5627 3265 5705; x_wconf 38' lang='lat' dir='ltr'><strong>u&#39;</strong></span> <span class='ocrx_word' id='word_1_815' title='bbox 3298 5628 3343 5705; x_wconf 79' lang='grc' dir='ltr'><strong>ᾼ</strong></span> <span class='ocrx_word' id='word_1_816' title='bbox 3368 5644 3512 5698; x_wconf 81' lang='lat' dir='ltr'><strong>ergo.</strong></span> 
     </span>
    </p>
   </div>
   <div class='ocr_carea' id='block_1_98' title="bbox 248 5698 3513 5777">
    <p class='ocr_par' dir='ltr' id='par_1_98' title="bbox 248 5698 3513 5777">
     <span class='ocr_line' id='line_1_98' title="bbox 248 5698 3513 5777; baseline -0.002 -16"><span class='ocrx_word' id='word_1_817' title='bbox 248 5708 270 5740; x_wconf 88' lang='lat'><strong>&#39;</strong></span> <span class='ocrx_word' id='word_1_818' title='bbox 300 5709 352 5763; x_wconf 78' lang='grc' dir='ltr'><strong>Δ</strong></span> <span class='ocrx_word' id='word_1_819' title='bbox 382 5707 525 5777; x_wconf 82' lang='lat' dir='ltr'><strong>quia.</strong></span> <span class='ocrx_word' id='word_1_820' title='bbox 604 5706 625 5739; x_wconf 87' lang='grc'><strong><em>⁸</em></strong></span> <span class='ocrx_word' id='word_1_821' title='bbox 650 5704 745 5777; x_wconf 80' lang='lat' dir='ltr'><strong>Sic</strong></span> <span class='ocrx_word' id='word_1_822' title='bbox 767 5698 888 5772; x_wconf 74' lang='lat' dir='ltr'><strong>CE;</strong></span> <span class='ocrx_word' id='word_1_823' title='bbox 918 5702 1541 5777; x_wconf 9' lang='lat' dir='ltr'><strong>Agimpossibile_est,g_D</strong></span> <span class='ocrx_word' id='word_1_824' title='bbox 1573 5720 1678 5777; x_wconf 67' lang='lat' dir='ltr'><strong>non</strong></span> <span class='ocrx_word' id='word_1_825' title='bbox 1720 5702 1962 5777; x_wconf 79' lang='lat' dir='ltr'><strong>possi_bile</strong></span> <span class='ocrx_word' id='word_1_826' title='bbox 1996 5705 2108 5777; x_wconf 40' lang='lat' dir='ltr'><strong>test</strong></span> <span class='ocrx_word' id='word_1_827' title='bbox 2129 5703 2275 5777; x_wconf 65' lang='grc' dir='ltr'><strong>οηι.)Δ</strong></span> <span class='ocrx_word' id='word_1_828' title='bbox 2337 5702 2436 5777; x_wconf 59' lang='grc' dir='ltr'><strong>[Α</strong></span> <span class='ocrx_word' id='word_1_829' title='bbox 2466 5711 2645 5777; x_wconf 77' lang='lat' dir='ltr'><strong>semet.</strong></span> <span class='ocrx_word' id='word_1_830' title='bbox 2658 5772 2673 5777; x_wconf 86' lang='lat'><strong>_</strong></span> <span class='ocrx_word' id='word_1_831' title='bbox 2716 5701 3026 5777; x_wconf 41' lang='lat' dir='ltr'><strong>gemeam.</strong></span> <span class='ocrx_word' id='word_1_832' title='bbox 3215 5698 3255 5730; x_wconf 80' lang='lat'><strong>&quot;</strong></span> <span class='ocrx_word' id='word_1_833' title='bbox 3383 5715 3513 5755; x_wconf 80' lang='lat' dir='ltr'><strong>esse.</strong></span> 
     </span>
    </p>
   </div>
   <div class='ocr_carea' id='block_1_99' title="bbox 252 5770 3515 5853">
    <p class='ocr_par' dir='ltr' id='par_1_99' title="bbox 252 5770 3515 5853">
     <span class='ocr_line' id='line_1_99' title="bbox 252 5770 3515 5853; baseline -0.003 -22"><span class='ocrx_word' id='word_1_834' title='bbox 252 5778 300 5853; x_wconf 68' lang='grc' dir='ltr'>ιξ</span> <span class='ocrx_word' id='word_1_835' title='bbox 336 5770 404 5853; x_wconf 66' lang='grc' dir='ltr'><strong>ᾼ’</strong></span> <span class='ocrx_word' id='word_1_836' title='bbox 429 5770 992 5853; x_wconf 30' lang='grc' dir='ltr'><strong>εοωρτορῆαιξέιιινέκη</strong></span> <span class='ocrx_word' id='word_1_837' title='bbox 1032 5791 1141 5853; x_wconf 73' lang='lat' dir='ltr'><strong>esse</strong></span> <span class='ocrx_word' id='word_1_838' title='bbox 1184 5791 1293 5853; x_wconf 54' lang='lat' dir='ltr'><strong>om:</strong></span> <span class='ocrx_word' id='word_1_839' title='bbox 1328 5774 1394 5830; x_wconf 79' lang='grc' dir='ltr'><strong>Ι).</strong></span> <span class='ocrx_word' id='word_1_840' title='bbox 1476 5773 1517 5806; x_wconf 65' lang='grc'><strong><em>³⁵</em></strong></span> <span class='ocrx_word' id='word_1_841' title='bbox 1533 5774 1648 5853; x_wconf 69' lang='lat' dir='ltr'><strong>_sed</strong></span> <span class='ocrx_word' id='word_1_842' title='bbox 1688 5770 1796 5830; x_wconf 82' lang='lat' dir='ltr'><strong>om.</strong></span> <span class='ocrx_word' id='word_1_843' title='bbox 1847 5773 1920 5853; x_wconf 81' lang='lat' dir='ltr'><strong>D._</strong></span> <span class='ocrx_word' id='word_1_844' title='bbox 1993 5770 2215 5853; x_wconf 36' lang='lat' dir='ltr'><strong>&quot;‘p-et</strong></span> <span class='ocrx_word' id='word_1_845' title='bbox 2351 5774 2532 5853; x_wconf 42' lang='lat' dir='ltr'><strong>ﬁne-ut.</strong></span> <span class='ocrx_word' id='word_1_846' title='bbox 2559 5841 2574 5853; x_wconf 40' lang='grc' dir='ltr'><strong>Δ</strong></span> <span class='ocrx_word' id='word_1_847' title='bbox 2633 5772 2676 5803; x_wconf 75' lang='grc'>⁸⁸</span> <span class='ocrx_word' id='word_1_848' title='bbox 2713 5771 2805 5853; x_wconf 72' lang='lat' dir='ltr'><strong>Sic</strong></span> <span class='ocrx_word' id='word_1_849' title='bbox 2857 5770 3515 5853; x_wconf 42' lang='lat' dir='ltr'><strong>ACE;._Dnostend‘uluur.</strong></span> 
     </span>
    </p>
   </div>
   <div class='ocr_carea' id='block_1_100' title="bbox 2447 5839 3520 5914">
    <p class='ocr_par' dir='ltr' id='par_1_100' title="bbox 2447 5839 3520 5914">
     <span class='ocr_line' id='line_1_100' title="bbox 2447 5839 3520 5914; baseline -0.002 -14"><span class='ocrx_word' id='word_1_850' title='bbox 2447 5843 2494 5878; x_wconf 84' lang='grc'><strong>¹¹⁹</strong></span> <span class='ocrx_word' id='word_1_851' title='bbox 2545 5841 2591 5899; x_wconf 82' lang='grc' dir='ltr'>Α</span> <span class='ocrx_word' id='word_1_852' title='bbox 2626 5843 2950 5914; x_wconf 74' lang='lat' dir='ltr'><strong>permissam.</strong></span> <span class='ocrx_word' id='word_1_853' title='bbox 3027 5842 3069 5873; x_wconf 79' lang='lat'>“</span> <span class='ocrx_word' id='word_1_854' title='bbox 3111 5840 3202 5897; x_wconf 88' lang='lat' dir='ltr'><strong>Sic</strong></span> <span class='ocrx_word' id='word_1_855' title='bbox 3256 5839 3422 5907; x_wconf 84' lang='lat' dir='ltr'><strong>ADE;</strong></span> <span class='ocrx_word' id='word_1_856' title='bbox 3469 5848 3520 5898; x_wconf 67' lang='grc' dir='ltr'><em>α</em></span> 
     </span>
    </p>
   </div>
   <div class='ocr_carea' id='block_1_101' title="bbox 1936 5164 2401 5229">
    <p class='ocr_par' dir='ltr' id='par_1_101' title="bbox 1936 5164 2401 5229">
     <span class='ocr_line' id='line_1_101' title="bbox 1936 5164 2401 5229; baseline -0.013 -14"><span class='ocrx_word' id='word_1_857' title='bbox 1936 5172 2112 5229; x_wconf 84' lang='lat' dir='ltr'><strong>neque</strong></span> <span class='ocrx_word' id='word_1_858' title='bbox 2138 5164 2401 5227; x_wconf 89' lang='lat' dir='ltr'><strong>tempore.</strong></span> 
     </span>
    </p>
   </div>
   <div class='ocr_carea' id='block_1_102' title="bbox 2006 5243 3514 5315">
    <p class='ocr_par' dir='ltr' id='par_1_102' title="bbox 2006 5243 3514 5315">
     <span class='ocr_line' id='line_1_102' title="bbox 2006 5243 3514 5315; baseline -0.001 -12"><span class='ocrx_word' id='word_1_859' title='bbox 2006 5247 2097 5304; x_wconf 72' lang='grc' dir='ltr'><strong>ιθ.</strong></span> <span class='ocrx_word' id='word_1_860' title='bbox 2145 5245 2300 5314; x_wconf 82' lang='lat' dir='ltr'><strong>Quod</strong></span> <span class='ocrx_word' id='word_1_861' title='bbox 2344 5245 2490 5302; x_wconf 88' lang='lat' dir='ltr'><strong>enim</strong></span> <span class='ocrx_word' id='word_1_862' title='bbox 2537 5245 2605 5302; x_wconf 90' lang='lat' dir='ltr'><strong>de</strong></span> <span class='ocrx_word' id='word_1_863' title='bbox 2652 5244 2770 5302; x_wconf 91' lang='lat' dir='ltr'><strong>solo</strong></span> <span class='ocrx_word' id='word_1_864' title='bbox 2817 5243 3209 5301; x_wconf 82' lang='lat' dir='ltr'><strong>Melchisedech</strong></span> <span class='ocrx_word' id='word_1_865' title='bbox 3250 5243 3514 5315; x_wconf 80' lang='lat' dir='ltr'><strong>scriptum</strong></span> 
     </span>
    </p>
   </div>
   <div class='ocr_carea' id='block_1_103' title="bbox 256 5843 2346 5916">
    <p class='ocr_par' dir='ltr' id='par_1_103' title="bbox 256 5843 2346 5916">
     <span class='ocr_line' id='line_1_103' title="bbox 256 5843 2346 5916; baseline -0.002 -14"><span class='ocrx_word' id='word_1_866' title='bbox 256 5848 300 5880; x_wconf 75' lang='grc' dir='ltr'><strong>ι’</strong></span> <span class='ocrx_word' id='word_1_867' title='bbox 346 5847 392 5902; x_wconf 72' lang='grc' dir='ltr'>Α</span> <span class='ocrx_word' id='word_1_868' title='bbox 419 5843 562 5916; x_wconf 77' lang='lat' dir='ltr'><strong>ergo.</strong></span> <span class='ocrx_word' id='word_1_869' title='bbox 638 5846 682 5878; x_wconf 79' lang='grc'><strong>³⁸</strong></span> <span class='ocrx_word' id='word_1_870' title='bbox 721 5847 815 5902; x_wconf 87' lang='lat' dir='ltr'><strong>Sic</strong></span> <span class='ocrx_word' id='word_1_871' title='bbox 860 5845 979 5911; x_wconf 85' lang='lat' dir='ltr'><strong>CE;</strong></span> <span class='ocrx_word' id='word_1_872' title='bbox 1030 5847 1076 5899; x_wconf 79' lang='grc' dir='ltr'>Α</span> <span class='ocrx_word' id='word_1_873' title='bbox 1115 5846 1308 5915; x_wconf 79' lang='lat' dir='ltr'><strong>accepit</strong></span> <span class='ocrx_word' id='word_1_874' title='bbox 1357 5861 1495 5912; x_wconf 76' lang='lat' dir='ltr'><strong>esse,</strong></span> <span class='ocrx_word' id='word_1_875' title='bbox 1533 5845 1577 5902; x_wconf 89' lang='lat' dir='ltr'><strong>D</strong></span> <span class='ocrx_word' id='word_1_876' title='bbox 1607 5861 1716 5901; x_wconf 80' lang='lat' dir='ltr'><strong>esse</strong></span> <span class='ocrx_word' id='word_1_877' title='bbox 1745 5843 1964 5915; x_wconf 82' lang='lat' dir='ltr'><strong>accepit.</strong></span> <span class='ocrx_word' id='word_1_878' title='bbox 2042 5843 2086 5877; x_wconf 69' lang='grc' dir='ltr'><strong><em>η</em></strong></span> <span class='ocrx_word' id='word_1_879' title='bbox 2119 5843 2163 5900; x_wconf 79' lang='grc' dir='ltr'><strong>Α</strong></span> <span class='ocrx_word' id='word_1_880' title='bbox 2193 5844 2346 5898; x_wconf 81' lang='lat' dir='ltr'><strong>adeo.</strong></span> 
     </span>
    </p>
   </div>
   <div class='ocr_carea' id='block_1_104' title="bbox 255 5916 1096 5987">
    <p class='ocr_par' dir='ltr' id='par_1_104' title="bbox 255 5916 1096 5987">
     <span class='ocr_line' id='line_1_104' title="bbox 255 5916 1096 5987; baseline -0.005 -13"><span class='ocrx_word' id='word_1_881' title='bbox 255 5933 488 5987; x_wconf 67' lang='lat' dir='ltr'><strong>tempore</strong></span> <span class='ocrx_word' id='word_1_882' title='bbox 519 5931 629 5973; x_wconf 89' lang='lat' dir='ltr'><strong>om.</strong></span> <span class='ocrx_word' id='word_1_883' title='bbox 658 5917 723 5970; x_wconf 83' lang='lat' dir='ltr'><strong>A.</strong></span> <span class='ocrx_word' id='word_1_884' title='bbox 800 5917 844 5947; x_wconf 84' lang='lat'>“</span> <span class='ocrx_word' id='word_1_885' title='bbox 882 5916 927 5970; x_wconf 79' lang='grc' dir='ltr'><strong>Α</strong></span> <span class='ocrx_word' id='word_1_886' title='bbox 952 5931 1096 5985; x_wconf 85' lang='lat' dir='ltr'><strong>ergo.</strong></span> 
     </span>
    </p>
   </div>
   <div class='ocr_carea' id='block_1_105' title="bbox 544 6003 3158 6069">
    <p class='ocr_par' dir='ltr' id='par_1_105' title="bbox 544 6003 3158 6069">
     <span class='ocr_line' id='line_1_105' title="bbox 544 6003 3158 6069; baseline -0.003 -1"><span class='ocrx_word' id='word_1_887' title='bbox 544 6009 816 6069; x_wconf 77' lang='grc' dir='ltr'><strong>Ρηιιυι.</strong></span> <span class='ocrx_word' id='word_1_888' title='bbox 863 6005 1118 6069; x_wconf 76' lang='lat' dir='ltr'><strong>CXXII.</strong></span> <span class='ocrx_word' id='word_1_889' title='bbox 1945 6049 1952 6055; x_wconf 78' lang='lat'><strong>.</strong></span> <span class='ocrx_word' id='word_1_890' title='bbox 2258 6029 2262 6032; x_wconf 48' lang='grc' dir='ltr'><strong>η</strong></span> <span class='ocrx_word' id='word_1_891' title='bbox 2458 6014 2462 6018; x_wconf 70' lang='grc'><strong><em>⁷</em></strong></span> <span class='ocrx_word' id='word_1_892' title='bbox 3087 6003 3158 6061; x_wconf 75' lang='grc'><strong>16</strong></span> 
     </span>
    </p>
   </div>
  </div>
