4028 6280
1506 406 1596 440 ηδτ,

514 462 621 518 485

1708 402 1714 409 ’
1753 404 1763 411 ’
1897 450 2180 510 JOANNIS
2215 449 2416 510 scen

3687 451 3793 513 434

512 574 767 645 temporis
809 573 1079 636 habuisse,
1134 571 1509 627 universaliter
1547 570 1612 625 de
1635 569 1909 634 omnibus,
1939 568 2031 638 qui
2067 569 2084 600 ³
2116 570 2167 631 Α
2192 565 2387 635 majus,
2415 563 2547 619 nihil
2569 564 2742 619 minus
2783 572 2939 627 tenet,
2959 578 3116 633 quam
3144 562 3200 617 id
3226 562 3292 628 η,
3321 564 3460 634 quod
3486 576 3790 633 susceptam

511 666 729 721 futurae
785 663 1135 718 beatitudinis
1179 661 1475 732 participes
1524 667 1723 725 erunt,
1786 657 2089 729 intelligen-

511 762 638 813 dum
685 757 939 810 arbitror.
1001 753 1201 809 Omnes
1256 753 1542 822 siquidem,
1590 752 1680 821 qui
1734 751 1799 804 ad
1845 757 2093 805 aeternas

510 864 639 904 suas
668 848 689 877 ‘
726 847 981 908 rationes,
1021 859 1160 914 quae
1208 857 1381 911 neque
1430 842 1639 896 initiutn
1697 839 1954 910 temporis
1996 853 2095 907 per

510 937 908 1010 generationem
958 937 1012 988 in
1068 933 1185 989 loco
1226 941 1553 1002 tetnporeve,
1606 937 1781 1000 neque
1808 929 1968 984 ﬁnem
1996 943 2096 997 per

512 1026 899 1085 resolutionem
951 1024 1192 1089 habent,
1244 1036 1421 1093 neque
1469 1020 1577 1075 ulla
1629 1017 1786 1073 locali
1827 1017 2094 1088 positione

511 1118 1049 1179 circumscribuntur,
1102 1113 1375 1168 reversuri
1403 1119 1546 1174 sunt,
1586 1119 1646 1165 ut
1691 1108 1879 1170 solac'
1907 1108 1959 1163 in
1990 1108 2093 1175 eis,

512 1218 566 1264 et
588 1208 663 1262 nil
690 1206 832 1260 aliud
859 1205 998 1281 sint,
1034 1202 1280 1273 profecto
1304 1202 1449 1256 omni
1475 1200 1498 1231 ⁸
1524 1198 1681 1254 locali
1706 1198 2095 1268 temporalique

511 1301 744 1356 termino
769 1298 1050 1353 carebunt.
1073 1294 1279 1350 Causae
1300 1295 1444 1349 enim
1467 1294 1708 1349 omnium
1732 1307 1937 1357 rerum,
1954 1304 2096 1361 quae

510 1392 658 1447 omni
712 1398 864 1444 caret
916 1385 1437 1456 circumscriptione,
1464 1386 1719 1454 quoniam
1752 1382 1960 1438 inﬁnita
1987 1388 2091 1447 est,

513 1476 709 1539 inﬁniti
735 1484 789 1538 in
814 1479 1086 1535 inﬁnitum
1108 1478 1498 1533 adhaerebunt.
1520 1476 1678 1531 Solus
1700 1489 1932 1545 namque
1952 1474 2095 1528 Deus

511 1576 567 1630 in
622 1574 752 1644 ipsis
799 1570 1097 1641 apparebit,
1138 1567 1354 1639 quando
1394 1566 1655 1621 terminos
1700 1581 1827 1621 suae
1869 1573 2094 1620 naturae

512 1668 930 1733 transcendent;
963 1682 1068 1722 non
1102 1675 1159 1721 ut
1184 1666 1237 1721 in
1268 1666 1348 1721 eis
1379 1673 1570 1721 natura
1593 1672 1799 1734 pereat,
1824 1663 1919 1718 sed
1948 1669 2009 1717 ut
2037 1661 2094 1716 in

510 1757 593 1813 eis
616 1757 761 1813 solus
789 1764 1064 1828 appareat,
1090 1757 1181 1828 qui
1210 1757 1357 1819 solus
1381 1772 1509 1812 vere
1536 1765 1637 1811 est.
1669 1755 1735 1810 Et
1766 1756 1869 1811 boc
1894 1763 1979 1811 est
1999 1769 2097 1809 na-

511 1856 686 1903 turam
728 1852 1143 1904 transcendere:
1184 1856 1430 1902 naturam
1473 1861 1580 1902 non
1620 1859 1914 1917 apparere;
1957 1844 2096 1900 sicut

2195 666 2269 711 est
2296 656 2365 709 ad
2402 655 2792 726 explicandum.
2844 652 3011 708 Aliter
3059 654 3270 708 omnino
3300 655 3487 710 vitiosa
3513 666 3618 711 est.
3649 656 3788 713 “ac.

2154 745 2354 801 -Clare
2403 745 2685 816 perspicis.
2740 743 2856 799 Non
2907 744 3054 799 enim
3103 744 3247 800 aliud
3280 746 3346 812 ",
3376 756 3601 818 praeter
3651 752 3791 819 quod

2196 836 2405 902 dixisti,
2443 836 2721 908 praedicta
2770 835 2907 891 ratio
2932 834 3139 913 appetit
3186 836 3434 892 suadere.
3492 838 3649 894 Dtsc.
3689 838 3791 895 Sel

2196 929 2383 994 miror,
2417 943 2517 984 nec
2552 944 2686 1000 pure
2707 929 2998 1000 perspicio,
3033 928 3303 998 quomodo
3330 928 3583 986 deﬁnitio
3615 932 3794 999 cujus-

2196 1034 2409 1091 cunque
2433 1019 2698 1076 essentiae
2728 1034 2835 1075 non
2865 1020 3007 1074 intra
3036 1019 3231 1089 ipsam,
3258 1020 3355 1075 sed
3395 1030 3726 1088 cxtra,esse
3749 1022 3793 1056 “

2197 1107 2432 1174 dicatur,
2466 1109 2566 1164 hoc
2588 1116 2694 1175 est,
2719 1121 2896 1178 neque
2918 1115 3088 1162 totum
3112 1107 3303 1178 ipsius,
3334 1121 3509 1179 neque
3527 1125 3669 1181 pars
3691 1111 3793 1167 dici

2196 1200 2387 1257 valeat.
2428 1200 2567 1257 MAG.
2600 1199 2876 1255 Attentior
2900 1198 3064 1270 igitur
3094 1199 3135 1231 ¹⁹
3162 1207 3304 1265 esto,
3331 1208 3467 1255 utet
3500 1201 3615 1257 hoc
3638 1201 3794 1273 plane

2195 1308 2514 1364 cognoscas.
2564 1292 2713 1349 Dtsu.
2774 1291 3043 1359 Quantum
3100 1290 3192 1346 lux
3245 1292 3473 1346 interior
3521 1294 3788 1348 admittit.

2198 1386 2338 1442 ΜΑε.
2374 1384 2490 1449 Die,
2538 1397 2758 1454 quaeso,
2793 1397 2917 1438 cum
2953 1396 3134 1437 rerum
3180 1382 3423 1459 omnium
3453 1382 3562 1438 duo
3594 1396 3792 1453 genera

2195 1479 2333 1542 sint;
2365 1491 2528 1533 omne
2554 1477 2722 1542 enim,
2749 1476 2892 1546 quod
2930 1474 3127 1531 dicitur
3149 1489 3291 1542 esse,
3323 1482 3418 1530 aut
3437 1476 3662 1532 visibile
3688 1487 3790 1542 est,

2195 1579 2250 1626 et
2267 1571 2313 1602 ’°
2344 1568 2595 1625 sensibus
2607 1568 2884 1639 corporeis
2905 1566 3220 1638 percipitur,
3247 1575 3340 1627 aut
3363 1568 3573 1640 percipi
3593 1578 3790 1639 potest,

2196 1670 2291 1715 aut
2318 1657 2608 1723 invisibile,
2652 1667 2708 1712 et
2741 1656 3126 1726 intelligentiae
3164 1657 3354 1713 obtutu
3385 1658 3786 1725 consideratur,

2197 1758 2290 1805 aut
2314 1748 2647 1805 considerari
2671 1747 2926 1819 possibile
2952 1757 3058 1814 est,
3083 1755 3176 1802 aut
3195 1762 3293 1819 per
3320 1763 3403 1815 se,
3426 1758 3531 1805 aut
3555 1765 3661 1821 per
3694 1750 3792 1806 ali-

2198 1843 2346 1913 quod
2367 1841 2471 1897 sibi
2494 1841 2795 1898 adhaerens
2830 1858 2843 1895 :
2875 1841 2931 1897 in
2953 1855 3063 1911 quo
3090 1840 3489 1913 praedictorum
3529 1858 3790 1917 generant

510 1951 624 2003 aer,
664 1948 724 1993 ut
771 1952 933 2008 saepe
980 1938 1241 2003 diximus,
1290 1936 1409 1991 lucc
1457 1935 1647 2007 plenus
1695 1950 1803 1989 non
1848 1940 2094 2004 apparet,
2125 1924 2545 1988 Bdeﬁnitiones
2577 1946 2699 1987 esse
2719 1930 2934 2001 judicas
2962 1931 3057 1987 ⁸⁸2

512 2028 768 2098 quoniam
800 2028 911 2083 sola
943 2028 1033 2082 lux
1068 2034 1281 2097 regnat.
1312 2026 1463 2093 Quod
1492 2026 1654 2096 igitur
1680 2024 1702 2056 ⁵
1759 2025 1826 2079 de
1861 2021 2098 2094 generali

413 2115 423 2122 ’
510 2117 649 2183 loco,
695 2118 1042 2189 generalique
1095 2127 1338 2188 tempore
1361 2115 1684 2172 universalis
1709 2123 1993 2171 creaturae
2023 2113 2102 2167 in-

511 2208 790 2289 telligitur,
820 2207 1130 2265 necessario
1158 2207 1226 2261 de
1244 2207 1479 2275 partium
1509 2205 1626 2273 ejus
1671 2205 1805 2261 locis
1838 2205 2098 2276 tempori-

403 2328 409 2335 ~
434 2306 447 2309 “
512 2301 720 2370 basque
758 2297 1086 2370 specialibus
1112 2307 1167 2353 et
1194 2299 1430 2369 propriis
1453 2313 1483 2353 a
1513 2312 1729 2354 summo
1756 2313 1926 2368 usque
1949 2298 2101 2353 deor-

515 2405 635 2445 sum
690 2388 1021 2459 intelligetur
1040 2388 1084 2443 ⁸.
1112 2388 1396 2445 Praecedit
1422 2396 1605 2444 autem
1631 2388 1782 2444 locus
1828 2388 2097 2460 generalis

510 2489 830 2550 tempusque
856 2478 1108 2548 generale
1133 2480 1431 2535 secundum
1461 2478 1868 2551 intelligentiam
1888 2479 2094 2544 omnia,

514 2586 656 2642 quae
682 2573 735 2627 in
769 2571 850 2626 eis
881 2581 1025 2627 sunt.
1058 2571 1342 2628 Praecedit
1391 2572 1557 2643 igitur
1580 2573 1601 2605 ⁷
1631 2569 1947 2643 specialium
1973 2585 2098 2642 pro-

510 2665 867 2737 priorumque
915 2664 937 2697 ⁸
999 2664 1239 2720 locorum
1284 2672 1696 2735 temporumque
1747 2663 1983 2735 cognitio
2008 2678 2092 2728 ea,

504 2761 651 2828 quae
694 2757 747 2811 in
794 2757 874 2812 eis
903 2756 1212 2828 specialiter
1240 2758 1565 2828 proprieque
1595 2755 1987 2828 intelliguntur.
2016 2754 2096 2810 Ac

510 2864 608 2922 per
629 2849 733 2905 hoc
758 2847 1119 2915 concluditur,
1145 2847 1229 2903 nil
1265 2847 1410 2903 aliud
1438 2861 1560 2903 esse
1588 2846 1785 2914 locum,
1811 2847 1917 2902 nisi
1937 2854 2096 2901 natu-

510 2940 676 2997 ralem
711 2936 1116 3006 deﬁnitionein,
1169 2939 1496 3010 modumque
1556 2943 1603 3006 ',
1662 2938 2096 3010 positionemque

509 3031 932 3103 uniuscujusque
951 3031 1066 3087 sive
1083 3032 1350 3102 generalis
1370 3032 1486 3087 sive
1508 3031 1756 3102 specialis
1781 3039 2089 3097 creaturae;

463 3130 467 3173 ξ
509 3124 963 3196 quemadmodum
1008 3121 1083 3178 nil
1124 3122 1268 3177 aliud
1306 3130 1389 3178 est
1422 3122 1467 3155 ³⁸
1498 3130 1729 3194 tempus,
1761 3122 1864 3178 nisi
1911 3136 2092 3177 rerum

510 3229 609 3286 per
633 3215 1034 3286 generationem
1057 3215 1325 3270 motiones
1355 3215 1396 3246 “
1428 3229 1494 3269 ex
1527 3228 1633 3270 non
1663 3229 1784 3269 esse
1806 3215 1995 3271 inesse
2017 3214 2095 3269 in-

2270 2021 2362 2076 42.
2401 2021 2552 2078 Disc.
2585 2020 2893 2077 Ridiculum
2923 2022 3081 2078 istuc.
3111 2021 3242 2091 Quis
3268 2022 3414 2079 enim
3449 2021 3659 2090 locum,
3698 2039 3787 2080 seu

2200 2114 2386 2181 ﬁnem,
2416 2128 2509 2170 seu
2539 2114 2929 2183 deﬁnitionem,
2967 2130 3060 2171 seu
3088 2115 3522 2187 qualemcunque
3551 2117 3784 2175 cireum-

2200 2207 2512 2277 seriptionis
2551 2207 2810 2277 speciem,
2860 2221 2965 2278 qua
3012 2206 3433 2278 uniuscujusque
3481 2208 3784 2264 substantia

2200 2296 2452 2362 ambitur,
2487 2296 2627 2351 inter
2651 2311 2736 2362 ea,
2768 2311 2908 2367 quae
2950 2295 3201 2353 sensibus
3229 2297 3507 2368 corporeis
3538 2312 3786 2355 sucum-

2200 2390 2354 2455 bunt,
2367 2398 2513 2445 recte
2526 2389 2849 2459 sapientium
2864 2389 3125 2459 posuerit,
3147 2402 3270 2445 cum
3287 2389 3488 2453 videat,
3517 2387 3779 2444 terminos

2199 2478 2397 2545 lineae,
2441 2495 2535 2536 seu
2582 2479 2855 2551 trianguli,
2899 2494 2995 2536 seu
3024 2478 3251 2549 alicujus
3291 2478 3486 2550 planae
3513 2478 3783 2537 solidaeve

2200 2571 2403 2640 ﬁgurae
2445 2571 2791 2641 iucorporeos
2844 2571 2998 2628 esse?
3032 2570 3297 2626 Punctum
3322 2570 3369 2603 ³³
3398 2571 3698 2643 siquidem,
3721 2586 3784 2627 ex

2198 2678 2306 2734 quo
2345 2662 2484 2720 linea
2522 2664 2731 2734 incipit,
2770 2664 2898 2720 etin
2932 2678 3038 2734 quo
3067 2663 3405 2726 terminatur,
3436 2662 3777 2725 neclinea”.

2199 2770 2300 2810 nec
2326 2771 2456 2826 pars
2503 2755 2620 2825 ejus
2657 2764 2762 2819 est,
2798 2756 2891 2812 sed
2934 2755 3197 2813 terminus
3226 2753 3416 2810 lineae.
3451 2753 3535 2810 Ae
3564 2769 3665 2826 per
3688 2754 3781 2811 hoc

2198 2843 2347 2902 locus
2376 2844 2492 2913 ejus
2519 2860 2619 2901 nec
2645 2860 2806 2901 sensu
2836 2844 3150 2916 percipitur,
3181 2843 3275 2899 sed
3315 2842 3428 2899 sola
3453 2845 3673 2902 ratione
3698 2849 3780 2899 εο-

2197 2936 2417 3007 gitatur.
2454 2936 2693 2992 Punctus
2713 2936 2858 2992 enim
2890 2936 3161 2992 sensibilis
3182 2950 3309 3007 pars
3338 2935 3519 2991 lineae
3541 2945 3651 3003 est,
3680 2950 3779 2991 non

2196 3039 2376 3085 autem
2402 3026 2520 3097 ejus
2560 3028 2904 3100 principium,
2948 3043 3041 3085 seu
3090 3028 3234 3085 ﬁnis.
3283 3028 3551 3085 Similiter
3576 3038 3633 3085 et
3673 3028 3775 3099 ipsa

2197 3122 2340 3179 linea
2365 3122 2575 3178 ratione
2599 3121 2846 3178 consulta
2872 3122 3192 3193 incorporea
3238 3130 3342 3187 est,
3377 3128 3434 3177 et
3469 3130 3560 3178 est
3588 3121 3778 3194 princi-

2203 3215 2350 3286 pium
2404 3215 2730 3286 superﬁciei.
2771 3215 2902 3272 Item
2952 3214 3265 3286 superﬁcies
3311 3215 3637 3286 incorporea
3678 3224 3773 3281 est,

450 3292 461 3351 δ
511 3285 881 3372 clinatione",
905 3298 1378 3376 ipsiusquemolus
1400 3320 1583 3360 rerum
1605 3304 1942 3360 mutabilium
1969 3320 2092 3361 cer—
2121 3285 2167 3350 Ο
2198 3285 2255 3363 et
2301 3316 2387 3361 est
2432 3285 2555 3362 ﬁnis
2589 3306 2785 3373 lineae,
2842 3285 3164 3377 principium
3205 3322 3335 3363 vero
3376 3308 3423 3339 “
3468 3285 3771 3363 soliditatis.

446 3388 453 3447 ἱ
511 3406 600 3453 tae
643 3395 1024 3461 dimensiones,
1056 3397 1226 3453 donec
1270 3397 1451 3453 veniat
1496 3398 1705 3454 stabilis
1735 3398 1876 3466 ﬁnis,
1906 3398 1959 3454 in
1986 3413 2094 3470 quo

510 3487 926 3544 immutabiliter
948 3490 1131 3545 omnia
1146 3489 1385 3546 stabunt.
1424 3491 1566 3547 Dtsc.
1595 3490 1858 3548 Clarescit
1901 3492 2092 3563 paulu-

511 3575 646 3640 lum,
672 3584 731 3630 ut
758 3590 903 3643 reor,
932 3574 1092 3646 hujus
1116 3580 1544 3637 ratiocinationis
1579 3582 1828 3638 intentio.
1858 3582 1986 3639 Nam
2016 3584 2091 3639 nil

512 3660 659 3720 aliud
685 3666 907 3736 appetit,
948 3676 1207 3738 quantum
1247 3671 1378 3725 mihi
1404 3672 1564 3726 datur
1583 3672 1904 3744 intelligere,
1930 3688 2091 3743 quam

514 3766 573 3812 ut
616 3757 749 3813 nihil
804 3758 849 3792 ⁸³
881 3773 1003 3815 εεεε
1050 3760 1237 3833 locum,
1274 3763 1497 3818 suadeat
1547 3764 1613 3830 “,
1644 3764 1746 3820 nisi
1793 3765 2090 3820 naturalem

511 3848 1235 3920 uniuscujusque‘creaturae
1255 3851 1639 3917 deﬁnitionem,
1671 3853 1810 3909 intra
1833 3870 1994 3926 quam
2012 3864 2089 3911 to-

513 3946 568 3994 ta
590 3940 918 4007 continetur,
948 3949 1002 3995 et
1024 3948 1177 3997 extra
1199 3957 1361 4014 quam
1394 3942 1540 3999 nullo
1571 3944 1730 4001 modo
1759 3944 2089 4001 extenditur.

511 4030 589 4086 Ae
612 4045 710 4102 per
733 4033 836 4087 boc
858 4031 1018 4087 datur
1042 4033 1286 4105 intelligi,
1322 4035 1436 4090 sive
1478 4034 1655 4091 locum
1701 4037 1822 4106 quis
1868 4037 2089 4102 dixerit,

512 4120 625 4177 sive
674 4121 855 4189 ﬁnem,
906 4123 1022 4179 sive
1058 4125 1372 4192 terminum,
1402 4127 1516 4182 sive
1558 4125 1947 4193 deﬁnitionem,
1976 4126 2090 4184 sive

510 4210 1112 4283 circumscriptionem,
1160 4231 1326 4270 unum
1376 4216 1717 4288 idipsumque
1741 4216 2048 4288 signiﬁcare
2071 4256 2089 4285 ,

510 4305 769 4361 ambitum
797 4307 1050 4375 videlicet
1087 4307 1272 4365 ﬁnitae
1297 4320 1543 4365 naturae.

580 4392 669 4448 ιι.
714 4395 1076 4467 Quamvisque
1113 4397 1315 4455 multae
1343 4399 1714 4454 deﬁnitionum
1742 4400 1950 4468 species
1969 4401 2091 4470 quia

507 4484 735 4540 busdam
784 4499 905 4541 esse
955 4487 1259 4555 videantur,
1300 4488 1415 4545 sola
1457 4503 1520 4545 ac
1561 4503 1686 4545 vere
1722 4489 1838 4558 ipsa
1862 4491 2087 4547 dicenda

509 4584 595 4631 est
622 4575 886 4643 deﬁnitio,
914 4593 1053 4648 quae
1075 4594 1105 4634 a
1133 4578 1355 4636 Graecis
1380 4578 1647 4647 οὐσιῶδης,
1677 4596 1707 4636 a
1739 4582 1938 4638 nostris
1956 4598 2087 4639 vero

508 4666 809 4723 essentialis
837 4670 1017 4725 vocari
1048 4670 1343 4725 consuevit.
1377 4670 1529 4727 Aliae
1544 4672 1808 4742 siquidem
1841 4685 1932 4729 aut
1953 4690 2085 4731 con—

507 4758 915 4815 numerationes
973 4760 1387 4832 intelligibilium
1436 4763 1671 4833 partium
1726 4767 1946 4833 οὐσίας,
1992 4774 2087 4821 aut

507 4850 998 4919 argumentationes
1025 4853 1288 4921 quaedam
1319 4855 1657 4912 extrinsecus
1701 4870 1797 4926 per
1836 4856 2085 4912 acciden—

508 4941 603 5007 tia,
637 4949 724 4997 aut
761 4943 1149 5014 qualiscunque
1182 4945 1224 4978 ¹⁸
1267 4946 1655 5002 sententiarum
1692 4947 1901 5017 species
1936 4957 2081 5004 sunt.

509 5031 638 5090 Sola
665 5051 794 5092 vero
846 5040 1096 5102 οὐσιῶδης
1120 5039 1173 5095 id
1197 5038 1369 5096 solum
1401 5041 1591 5112 recipit
1611 5043 1678 5097 ad
1698 5042 2082 5108 deﬁniendum,

507 5129 650 5195 quod
688 5129 1074 5200 perfectionem
1125 5141 1367 5200 naturae,
1414 5149 1574 5204 quam
1611 5133 1817 5197 deﬁnit,
1852 5134 2090 5204 complet

506 5234 573 5277 ac
604 5223 835 5291 perlicit.
865 5222 1111 5293 Deﬁnitio
1161 5226 1325 5294 enim,
1368 5235 1427 5281 ut
1448 5227 1524 5281 ait
1570 5226 1922 5297 Augustinus,
1954 5225 2086 5280 nihil

2198 3396 2455 3454 Soliditas
2488 3410 2703 3469 quoque
2741 3398 3059 3469 incorporea
3103 3407 3202 3459 est,
3248 3407 3303 3453 ct
3327 3407 3414 3453 est
3457 3397 3586 3455 ﬁnis
3617 3400 3771 3454 totius

2194 3488 2560 3558 perfectionis.
2599 3490 2868 3562 Quicquid
2897 3490 3041 3546 enim
3070 3491 3122 3547 in
3152 3490 3257 3557 his,
3286 3492 3339 3547 id
3367 3500 3475 3557 est,
3512 3494 3630 3549 sive
3653 3509 3775 3565 pun-

2194 3590 2363 3647 ctum,
2394 3582 2507 3637 sive
2523 3582 2741 3649 lineam,
2772 3583 2888 3641 sive
2919 3582 3280 3654 superﬁciem,
3311 3584 3426 3640 sive
3450 3585 3772 3641 soliditatem

2193 3674 2458 3734 visibilem
2486 3691 2780 3748 corporeus
2800 3692 2989 3734 sensus
3018 3678 3255 3749 attigerit
3284 3679 3354 3745 ",
3376 3678 3628 3750 profecto
3649 3678 3773 3749 ﬁgu-

2195 3779 2288 3820 rae
2318 3766 2735 3836 incorporalium
2768 3781 2950 3827 rerum
2977 3778 3122 3835 sunt,
3155 3784 3263 3827 non
3292 3784 3481 3828 earum
3504 3770 3623 3842 ipsa
3652 3782 3770 3823 vera

2194 3856 2518 3925 substantia,
2547 3874 2690 3930 quae
2722 3860 3039 3933 incorporea
3076 3870 3178 3917 est.
3212 3861 3587 3933 Similiterque
3624 3871 3768 3917 natu-

2192 3949 2387 4005 ralium
2412 3965 2720 4023 corporum,
2755 3954 2870 4009 sive
2898 3952 3174 4011 sensibilia
3200 3955 3311 4010 sint
3335 3969 3433 4024 per
3466 3963 3769 4024 contempe-

2192 4044 2422 4099 rantiam
2449 4044 2859 4112 elementorum,
2890 4046 3086 4118 quibus
3112 4046 3431 4112 subsistunt,
3462 4048 3581 4105 sire
3607 4046 3764 4104 subti-

2190 4137 2341 4193 litate
2370 4137 2452 4193 sui
2476 4137 2730 4195 mortales
2757 4137 3301 4211 fugitenteontuitus,
3347 4140 3464 4196 solo
3500 4139 3765 4197 intellectu

2191 4235 2416 4282 naturae
2456 4226 2591 4283 ﬁnes
2626 4228 3043 4299 perspiciuntur.
3092 4228 3289 4285 Forma
3317 4229 3609 4301 siquidem,
3638 4241 3767 4302 quae

2190 4331 2404 4372 omnem
2448 4318 2730 4373 materiam
2765 4333 3053 4389 corporum
3076 4320 3123 4351 “
3157 4321 3417 4386 continet,
3458 4320 3766 4392 incorporea

2189 4417 2291 4465 est.
2319 4410 2436 4480 ipsa
2456 4409 2619 4466 etiam
2640 4411 2684 4442 ⁸⁷
2710 4412 2983 4478 materies,
3008 4413 3052 4468 si
3078 4412 3201 4482 quis
3222 4413 3460 4467 intentus
3482 4412 3761 4483 aspexa'it,

2189 4514 2257 4555 ex
2284 4501 2614 4571 incorporeis
2640 4501 2989 4572 qualitatibus
3008 4504 3308 4575 cepulatur.
3348 4503 3490 4561 MAG.
3516 4504 3697 4575 Itaque
3715 4504 3762 4558 in

2192 4604 2388 4660 genere
2416 4590 2767 4647 invisibilium
2792 4591 2838 4623 “
2868 4591 3224 4659 deﬁnitiones,
3255 4608 3392 4664 quas
3417 4594 3567 4650 locos
3595 4607 3761 4651 rerum

2190 4679 2717 4751 circumscriptarum
2732 4681 2987 4750 diximus,
3012 4683 3257 4739 concludi
3278 4684 3605 4741 arbitraris?
3628 4683 3759 4741 Duc.

2189 4768 2267 4824 Ita
2297 4770 2512 4839 quidem
2539 4770 2775 4827 arbitror
2797 4780 2853 4827 et
2879 4772 2954 4828 nil
2975 4773 3179 4829 certius
3204 4773 3378 4829 video.
3636 4822 3639 4829 ,

2259 4860 2350 4917 45.
2381 4861 2519 4918 MAG.
2566 4860 2734 4918 Recte
2762 4864 3037 4920 aestimas.
3076 4862 3182 4920 Sed
3227 4865 3354 4936 quia
3377 4866 3573 4928 iterum
3602 4879 3759 4937 genus

2192 4951 2540 5008 invisibilium
2570 4951 2624 5006 in
2666 4951 2863 5008 multas
2892 4953 3101 5029 species
3140 4954 3307 5010 dividi
3341 4956 3575 5025 patitur;
3604 4967 3760 5025 quae

2190 5042 2315 5097 dam
2345 5042 2488 5098 enim
2521 5042 2872 5098 invisibilium
2923 5051 3068 5110 sunt,
3112 5058 3252 5114 quae
3297 5044 3672 5116 intelliguntur
3708 5051 3757 5098 et

2192 5133 2517 5205 intelligunt,
2547 5133 2812 5204 quaedam
2840 5134 3217 5207 intelliguntur
3241 5144 3299 5191 et
3319 5152 3426 5193 non
3443 5137 3757 5208 intelligent.

2189 5228 2453 5297 quaedam
2502 5227 2546 5261 "
2570 5242 2747 5300 neque
2771 5228 3166 5301 intelliguntur,
3207 5244 3383 5301 neque
3423 5229 3751 5301 intelligunt:

1810 5378 2066 5436 VARIAE
2101 5379 2501 5438 LECTIONES.
2524 5426 2528 5431 .

582 5532 715 5611 [δῖε
735 5535 1054 5611 Al);g(‘.qua,
1076 5537 1117 5591 E
1143 5552 1287 5611 quin.
1371 5536 1392 5566 ’
1423 5551 1546 5611 suae
1572 5534 1774 5611 οιιιηΛΓ
1846 5533 1867 5566 ³
1889 5531 1980 5611 Sic
2289 5535 2311 5567 ⁸
2332 5536 2615 5611 δῖεᾼΑῡΕς
2643 5536 2865 5611 enim.
2940 5540 2963 5573 '
2988 5539 3033 5595 A
3054 5556 3197 5611 ergo.
3273 5540 3295 5573 ⁸
3319 5540 3408 5596 Sic
3430 5539 3599 5606 ADE;
3624 5540 3661 5595 (ἶ
3684 5540 3753 5593 in-

508 5602 777 5658 lelliailur.

855 5609 873 5638 '
893 5605 1104 5677 Alergo.
1156 5605 1662 5677 "‘CpropriorumL
1696 5605 1717 5634 ⁹
1740 5605 1787 5677 Α
1810 5606 2050 5677 nandum.
2076 5676 2081 5677 ί
2130 5607 2173 5677 ¹ί⁰
2194 5617 2269 5663 εει
2302 5623 2390 5663 om
2420 5609 2482 5664 Ι).
2565 5611 2606 5645 ³⁸
2639 5607 2730 5665 Sic
2756 5609 2875 5677 DE;
2904 5605 3155 5666 motionis
3189 5627 3298 5667 om.
3324 5613 3403 5676 A;
3426 5612 3468 5667 Ε
3498 5605 3705 5666 motion.‘
3714 5625 3747 5659 ε.

508 5675 553 5704 ”
582 5674 700 5753 “Sic
732 5675 872 5753 gilii
899 5694 913 5741 ;
941 5678 982 5730 A
1007 5674 1291 5753 inchoatio:
1336 5676 1412 5753 _"
1461 5676 1552 5731 Sic
1685 5690 1716 5753 ξι
1757 5674 1849 5729 AD
1874 5675 1976 5753 nil.
2125 5676 2411 5753 Charinda.
2492 5680 2533 5753 ξδ
2562 5679 2606 5753 ᾼ
2628 5674 3037 5753 qualescunque1
3053 5752 3073 5753 ί
3096 5682 3156 5753 1⁸
3186 5683 3241 5736 id
3264 5674 3444 5753 ωειλ.

503 5745 650 5819 quid.
731 5746 775 5779 ¹⁵
818 5764 927 5819 esse
966 5752 1169 5819 otn.A.
1200 5746 1294 5819 -υ
1319 5745 1535 5819 Δγενθο.
1611 5745 1718 5819 νϐ
1748 5757 1858 5819 aut.
1892 5748 1995 5819 u“_
2029 5747 2289 5819 SicACDE
2325 5766 2340 5815 ;
2386 5748 2432 5803 A
2474 5745 2704 5819 judicés.
2781 5752 2826 5783 “
2857 5745 2948 5807 Sic
3003 5751 3166 5818 CDE;
3222 5752 3269 5808 Α
3307 5751 3565 5808 Puncta...

3527 5681 3566 5716 "

504 5813 646 5891 lim-tt
693 5826 786 5891 es].
812 5817 909 5891 M“
945 5817 1260 5891 ξξεεΑίὶυΕ.
1335 5818 1383 5850 ³⁸
1408 5813 1498 5874 DE
1527 5818 1810 5891 attingam.
1889 5815 1946 5891 “A
1966 5817 2243 5891 SictLDE;
2273 5813 2661 5891 A'corpoream.
2738 5821 2783 5854 "
2813 5821 2903 5880 Sic
2942 5822 3108 5891 CDE;
3134 5813 3178 5879 Ᾱ
3209 5823 3363 5883 enim.
3446 5823 3491 5855 "
3522 5824 3563 5882 Β
3587 5820 3746 5879 risit}-

506 5884 652 5938 limn.
732 5889 775 5915 θ’
808 5886 897 5939 Sic
935 5887 1093 5951 CDE;
1140 5888 1183 5963 ᾼ
1206 5897 1351 5975 sunt,
1382 5904 1513 5961 quae
1535 5884 1824 5963 intelligant
1859 5896 1906 5943 et
1930 5887 2321 5960 intelliguntur,
2355 5884 2613 5959 quaedam
2638 5906 2792 5962 quae.
