3988 5680
139 432 242 489 485

1034 431 1095 488 »Ε
1132 428 1474 488 DIVISIONE
1514 429 1862 487 NATUIKAE.
1904 462 1973 471 -——
2011 430 2214 487 LIBER
2250 430 2529 490 PRIMUS.

3310 428 3430 494 486

140 549 191 604 in
214 562 320 618 qua
346 545 730 617 spcciehorum
752 542 1089 601 deﬁnitiones
1108 546 1576 601 connumerandas
1599 559 1719 601 esse
1748 548 1791 609 Α
1823 555 1878 602 et
1922 545 2065 600 aliud
2105 543 2222 614 ejus
2272 546 2533 602 deﬁnitio.
2586 545 2732 603 Drsc.
2766 546 2924 605 Aliud
2949 564 3069 605 esse
3101 551 3275 607 video.
3303 550 3411 609 Sed

140 638 359 695 censes?
395 636 543 691 DISC.
574 635 630 691 in
661 650 723 691 ea
750 634 1012 706 profecto,
1044 652 1182 707 quae
1212 636 1461 708 intelligit
1484 646 1540 691 et
1567 634 1728 691 intel-

142 720 340 801 ligitur.
374 728 530 783 Actio
557 727 825 797 siqunlcm
856 726 1190 782 deﬁnitionis
1248 728 1623 783 ratiocinantis
1650 728 1732 782 in-

143 820 535 893 tclligentisque
562 830 789 875 naturae
816 820 959 875 actio
995 831 1098 875 est.
1128 818 1268 875 MAG.
1321 817 1430 876 Nec
1456 818 1613 874 aliter
1644 821 1728 873 vi-

141 916 291 971 detur
317 929 441 969 esse
464 928 644 985 posse.
676 912 832 967 Nulla
883 913 1028 969 enim
1078 922 1297 981 natura,
1327 928 1467 984 quae
1492 912 1728 983 seipsam

142 1022 242 1063 non
285 1004 535 1077 intelligit
563 1020 704 1071 esse,
742 1014 836 1060 aut
860 1005 942 1061 sui
968 1004 1271 1076 aequalem,
1296 1013 1391 1059 aut
1417 1019 1476 1061 se
1510 1002 1731 1058 inferio—

142 1114 248 1155 rem
265 1105 446 1170 potest
467 1095 714 1153 deﬁnire.
745 1095 879 1152 Nam
902 1100 1045 1168 quod
1072 1112 1234 1168 supra
1256 1112 1315 1152 se
1337 1105 1440 1162 est,
1459 1096 1730 1168 quomodo

142 1200 311 1265 potest
358 1178 730 1263 cognoscere,
775 1191 901 1245 dum
949 1192 1066 1262 ejus
1108 1190 1354 1245 noritiam
1401 1206 1506 1246 non
1556 1191 1733 1251 valeat

145 1282 465 1356 superare“!
492 1282 641 1339 Dlsc.
674 1281 859 1339 Solius
885 1297 1029 1356 ergo
1060 1281 1442 1337 intellectualis
1483 1290 1728 1348 naturae,

144 1354 275 1446 quae
315 1374 370 1429 in
400 1374 621 1431 homine
668 1374 966 1446 angeloquc
996 1354 1368 1440 constituitur,
1404 1373 1735 1430 deﬁnitionis

145 1468 448 1540 peritiacst.
496 1465 604 1523 Sed
652 1475 834 1522 utrum
876 1466 1103 1539 angelus
1139 1474 1233 1520 aut
1277 1466 1442 1522 homo
1471 1466 1733 1536 seipsum,

146 1567 231 1612 aut
258 1558 421 1613 homo
451 1556 724 1631 angelum,
751 1566 843 1612 aut
869 1556 1094 1626 angelus
1129 1556 1401 1611 hominem
1434 1556 1607 1626 possit
1643 1557 1736 1611 de-

148 1650 313 1715 ﬁnire,
337 1665 448 1707 non
474 1664 642 1719 parve
673 1650 921 1722 quaestio
954 1658 1057 1705 est.
1092 1650 1167 1704 De
1195 1664 1323 1721 qua,
1355 1649 1484 1720 quid
1513 1649 1606 1704 tibi
1649 1649 1733 1704 vi-

148 1744 312 1808 detur,
347 1758 512 1799 nosse
542 1743 721 1814 cupio.
745 1741 886 1799 MAG.
918 1742 1146 1798 Videtur
1196 1742 1329 1797 mihi
1371 1756 1546 1812 neque
1596 1742 1738 1812 seip-

1838 638 2169 704 intellectus,
2194 638 2287 709 qui
2322 640 2558 709 seipsum
2594 619 2862 710 intelligit,
2899 641 3153 712 quoniam
3183 643 3423 714 seipsum

1833 729 2042 793 deﬁnit,
2068 731 2267 785 suimet
2297 729 2447 785 locus
2473 745 2594 785 esse
2623 730 2855 785 videtur.
2894 730 3033 787 ΜΑο.
3065 731 3175 788 Nec
3200 734 3302 789 hoc
3331 735 3425 789 aha

1833 822 1995 875 surde
2024 820 2146 890 quis
2178 820 2398 885 dixerit,
2435 821 2480 875 si
2512 821 2653 877 ullus
2681 821 2990 878 intellectus
3017 834 3139 893 post
3165 823 3206 855 “
3233 825 3420 890 Deum,

1834 915 1923 983 qui
1951 912 2253 968 intellectus
2277 915 2519 969 omnium
2561 915 2780 981 dicitur,
2810 916 3045 986 seipsum
3072 925 3250 985 potest
3277 916 3430 973 intel-

1834 1004 2025 1075 ligere.
2066 1004 2123 1059 Si
2153 1013 2334 1060 autem
2358 1005 2536 1060 omnis
2558 1004 2867 1061 intellectus
2889 1014 3107 1076 praeter
3130 1005 3297 1062 Deum
3324 1021 3428 1061 non

1835 1114 1865 1150 a
1896 1096 2095 1167 seipso,
2122 1097 2217 1152 sed
2269 1112 2298 1151 a
2342 1097 2608 1167 superiori
2636 1112 2694 1153 se
2726 1098 3214 1165 circumscribitur,
3255 1098 3435 1154 nullus

1836 1188 2140 1246 intellectus
2166 1190 2366 1245 suimet
2393 1191 2543 1246 locus
2564 1192 2690 1258 erit,
2713 1192 2807 1247 sed
2836 1192 2977 1247 intra
3007 1193 3432 1262 superioremso

1836 1281 2205 1337 collocabitur.
2234 1282 2303 1338 Et
2332 1283 2437 1338 hoc
2479 1283 2640 1353 paulo
2679 1284 2927 1356 superius
2963 1301 3145 1340 nmme
3166 1300 3435 1341 convene-

1839 1382 1922 1428 rat
1949 1373 2016 1441 ¹³,
2047 1391 2154 1429 non
2183 1375 2341 1430 aliter
2378 1376 2533 1430 esse?
2573 1376 2717 1432 Dtsc.
2752 1375 2826 1432 De
2856 1377 2961 1432 hoc
2988 1377 3115 1432 alibi
3142 1377 3303 1432 latius
3326 1378 3436 1433 dis-

1841 1464 2141 1535 putandum
2172 1464 2421 1519 aestimo.

1907 1553 2000 1609 44.
2058 1553 2214 1609 Nunc
2265 1563 2445 1610 autem
2493 1556 2538 1587 ¹¹⁵
2581 1555 2741 1611 velim
2766 1556 2929 1623 scire,
2976 1564 3161 1612 utrum
3189 1556 3332 1612 aliud
3355 1564 3440 1613 est

1839 1655 2031 1702 natura
2062 1647 2229 1702 animi
2266 1647 2593 1714 deﬁnientis,
2653 1647 2707 1703 id
2744 1660 2849 1715 est,
2894 1662 3076 1714 omne,
3105 1649 3248 1720 quod
3276 1650 3344 1703 ab
3374 1664 3439 1704 eo

1840 1737 2175 1810 intelligitur,
2198 1739 2524 1810 cognitionis
2540 1739 2659 1795 loco
2673 1739 3209 1810 comprehendentis.
3223 1750 3278 1796 et
3292 1738 3437 1793 aliud

148 1847 249 1898 sos,
288 1847 469 1903 neque
506 1832 651 1888 inter
699 1847 757 1890 se
787 1832 1021 1888 invicem
1049 1830 1277 1887 deﬁnire
1318 1845 1478 1903 posse
1519 1833 1560 1888 ’.
1598 1830 1735 1886 Nam
1805 1830 1991 1903 ,locus
2017 1829 2153 1899 ipse,
2175 1844 2269 1885 seu
2296 1829 2537 1885 deﬁnitio
2579 1831 2739 1886 locati
2762 1831 2846 1886 vel
2888 1829 3117 1886 deﬁniti.
3158 1828 3298 1885 MAG.
3327 1828 3440 1884 Nec

147 1924 189 1980 si
226 1924 384 1979 homo
412 1923 654 1995 seipsum
678 1923 763 1980 vel
785 1923 1035 1996 angelum
1064 1921 1273 1988 deﬁnit,
1329 1923 1503 1992 major
1553 1924 1734 1996 seipso
1763 1917 1809 1978 1
1838 1924 1943 1979 hoc
1978 1924 2330 1995 inquisitione
2358 1924 2637 1995 indignum
2692 1939 2814 1980 esse
2860 1923 3039 1979 video.
3096 1921 3246 1979 Multi
3290 1923 3438 1977 enim

150 2025 227 2071 est
271 2026 322 2071 et
348 2016 564 2088 angelo.
598 2014 770 2086 Majns
792 2016 938 2072 enim
968 2023 1053 2071 est
1083 2015 1104 2045 ³
1153 2013 1297 2086 quod
1329 2015 1536 2082 deﬁnit,
1569 2030 1733 2086 quam

152 2103 284 2176 quod
310 2105 587 2161 deﬁnitur.
629 2105 828 2161 Eadem
861 2105 927 2160 de
962 2105 1155 2177 angelo
1178 2115 1261 2161 est
1288 2105 1445 2160 ratio.
1491 2105 1602 2161 llos
1630 2107 1735 2161 ita-

150 2213 248 2269 que
271 2200 338 2253 ab
369 2200 491 2270 ipso
530 2199 668 2264 solo,
699 2198 791 2268 qui
823 2213 919 2254 eos
949 2198 1018 2255 ad
1048 2198 1337 2269 imaginem
1368 2213 1519 2254 suam
1551 2199 1738 2255 coudi-
1776 2208 1781 2209 ί

153 2291 242 2356 dit,
277 2290 494 2346 deﬁniri
545 2304 703 2361 posse
737 2291 1009 2345 arbitror.
1051 2288 1195 2345 DISC.
1229 2288 1453 2346 Videtur
1482 2290 1737 2347 mihihac

154 2383 351 2442 ratione
372 2382 647 2446 concludi,
679 2396 786 2437 non
811 2381 944 2436 alias
973 2391 1198 2436 naturas
1228 2382 1533 2437 rationabili
1556 2383 1738 2439 animo

155 2472 377 2538 deﬁniri,
407 2472 520 2528 nisi
552 2469 840 2528 inferiores
867 2487 925 2528 se
952 2472 996 2538 ⁵,
1050 2472 1163 2528 sive
1192 2471 1435 2528 visibiles
1456 2473 1586 2539 sint,
1622 2472 1739 2529 sive

156 2563 464 2619 invisibiles.
494 2561 633 2619 ﬁas.
660 2562 917 2631 Quisquis
957 2562 1059 2619 hoc
1080 2563 1299 2630 dixerit,
1331 2564 1561 2622 veritate
1584 2563 1605 2596 ⁸
1632 2578 1741 2619 non

156 2578 464 2619 mvistnnes.
494 2578 633 2619 sua.
660 2578 793 2631 uuis
833 2578 917 2618 tns
957 2578 1059 2619 noc
1080 2578 1299 2630 uixerit,
1331 2578 1561 2622 veritate
1584 2578 1605 2596 '
1632 2578 1741 2619 non

155 2664 312 2711 errat.
345 2655 585 2727 Ideoque
611 2656 701 2710 ubi
731 2578 1074 2712 deinitiones
1132 2664 1258 2712 sunt
1281 2656 1303 2689 '
1342 2672 1552 2725 eorum,
1601 2671 1742 2728 quae

158 2746 501 2815 deﬁniuntur,
534 2748 606 2803 ibi
635 2747 877 2819 profecto
898 2757 952 2805 et
981 2748 1085 2805 loci
1114 2764 1323 2818 eorum,
1346 2764 1486 2821 quae
1507 2750 1743 2806 circum-

158 2843 481 2898 scribuntur.
530 2841 830 2899 Praedictis
873 2843 1019 2899 enim
1081 2841 1381 2897 rationibus
1434 2840 1741 2899 confectum

158 2943 253 3000 est,
275 2934 455 2990 locum
484 2922 860 2992 deﬁnitionem
890 2950 1034 3001 esse,
1059 2942 1115 2991 et
1148 2933 1515 3001 deﬁnitionem
1542 2934 1740 2993 locum.

161 3027 296 3082 Dtsc.
345 3026 670 3085 Confectum
720 3027 950 3083 scilicet.
1006 3025 1148 3083 MAG.
1192 3025 1356 3097 Atqui
1404 3026 1746 3084 deﬁnitiones

160 3130 460 3188 corporum,
518 3131 809 3187 rerumque
859 3116 1069 3172 ratione
1121 3116 1449 3183 carentium,
1484 3132 1592 3173 non
1620 3117 1746 3173 alibi

160 3207 253 3262 nisi
288 3207 340 3263 in
372 3209 559 3264 anima
607 3206 913 3264 rationabili
954 3215 1100 3262 sunt.
1150 3208 1207 3262 ln
1255 3223 1316 3263 ea
1345 3207 1528 3279 itaque
1560 3216 1615 3264 et
1644 3208 1747 3263 loci

158 3299 394 3354 omnium
423 3299 471 3367 ⁷,
512 3315 651 3371 quae
709 3299 955 3356 localiter
991 3301 1546 3371 cornprehenduntnr.
1596 3299 1667 3355 At
1703 3300 1749 3357 si

159 3389 434 3445 rationalis
458 3390 641 3444 anima
673 3391 990 3461 incorporea
1025 3399 1131 3457 est,
1154 3391 1296 3447 unde
1326 3390 1507 3447 nullus
1534 3392 1750 3463 sapiens

160 3484 382 3554 dubitat,
432 3485 772 3552 necessario,
802 3485 1058 3556 quicquid
1105 3486 1158 3541 in
1189 3501 1254 3542 ea
1288 3485 1626 3559 intelligitur,
1664 3486 1750 3540 in-

160 3592 479 3651 corporeum
510 3593 633 3634 esse
663 3576 1009 3635 manifestum
1048 3586 1152 3645 est.
1192 3579 1260 3634 Et
1293 3578 1445 3635 locus
1474 3579 1528 3634 in
1568 3577 1750 3635 animo

161 3668 501 3741 intelligitur,
531 3669 676 3725 sicut
702 3670 855 3740 prius
877 3670 1061 3731 datum
1103 3679 1187 3726 est
1215 3670 1258 3725 ⁸.
1284 3669 1645 3741 lncorporalis
1668 3679 1752 3726 est

163 3761 321 3832 igitur
348 3761 395 3815 ’.
449 3761 598 3816 Dtsc.
635 3751 705 3816 Et
740 3762 843 3816 hoc
876 3759 1002 3830 jure
1044 3760 1371 3817 conclusum
1410 3761 1586 3816 video.
1626 3758 1752 3816 Sive

162 3853 297 3907 enim
331 3851 581 3923 angelica
608 3860 800 3907 natura
832 3866 1015 3907 rerum
1048 3850 1361 3928 inferiorum
1390 3866 1449 3907 se
1481 3850 1755 3907 deﬁnitio-

162 3959 254 4000 nes
279 3946 587 4011 contineat,
613 3952 673 3999 ut
707 3944 1009 4016 Augustino
1045 3942 1258 4000 videtur
1284 3942 1516 4014 placere,
1549 3956 1672 3996 nam
1692 3950 1751 3997 et

161 4035 327 4106 angeli
357 4035 623 4092 inferiora
670 4051 730 4092 se
756 4036 1053 4092 creduntur
1079 4033 1482 4100 administrare,
1524 4032 1638 4088 sive
1682 4033 1750 4087 ad

159 4130 516 4201 superiorase
535 4128 1027 4199 semperintendat,
1054 4128 1107 4185 id
1129 4135 1233 4194 est,
1261 4126 1329 4181 ad
1350 4139 1544 4181 causas
1566 4139 1749 4181 rerum

160 4228 430 4288 aeternas,
461 4219 591 4277 huic
627 4220 823 4275 rationi
864 4235 971 4275 non
998 4218 1197 4275 obstat.
1229 4216 1346 4273 Non
1375 4218 1519 4275 enim
1547 4231 1577 4271 a
1602 4216 1747 4271 veri-

160 4318 262 4366 tate
285 4311 477 4379 distat,
511 4319 573 4367 ut
595 4311 769 4379 video,
793 4311 838 4371 si
859 4311 983 4383 quis
1022 4310 1409 4376 aeStimaverit,
1452 4310 1749 4365 humanum

158 4401 420 4469 animum,
454 4403 690 4459 terrenis
723 4403 901 4460 adhuc
926 4402 1229 4475 phpntasiis
1253 4401 1590 4473 depressum,
1623 4411 1751 4456 cau-

156 4507 243 4549 sas
270 4502 496 4551 creatas
525 4493 843 4551 inferiorum
872 4510 932 4551 se
964 4504 1280 4549 naturarum
1310 4507 1469 4565 posse
1496 4506 1748 4562 compre-

158 4586 411 4657 hendere,
468 4589 519 4646 si
564 4605 697 4662 pure
737 4590 957 4657 vixerit,
997 4588 1299 4661 angelicum
1335 4603 1465 4644 vero
1506 4586 1749 4643 omnium

157 4696 333 4743 rerum
363 4690 627 4740 aeternas
650 4692 905 4756 appetere
933 4683 1192 4751 rationes,
1220 4690 1274 4738 ct
1311 4682 1379 4737 ad
1408 4682 1513 4737 hoc
1540 4697 1753 4753 semper

156 4775 382 4833 caritate
422 4784 610 4832 motus
637 4775 933 4832 humanam
975 4783 1225 4832 naturam
1258 4776 1554 4831 attrahere.
1608 4774 1745 4831 MAG.

158 4868 321 4927 Recte
354 4870 534 4927 vides.
565 4870 800 4927 Videsne
837 4870 1034 4942 itaque,
1087 4880 1191 4926 non
1222 4869 1367 4926 aliud
1400 4883 1520 4926 esse
1548 4868 1761 4937 locum,

156 4964 256 5020 nisi
310 4965 591 5020 actionem
635 4962 982 5033 intelligentis
1035 4971 1197 5033 atque
1232 4961 1754 5031 .comprehendentis

158 5055 353 5112 virtute
374 5054 773 5125 intelligentiae
797 5068 881 5117 ea,
899 5067 1039 5123 quae
1063 5052 1523 5127 comprehendere
1548 5061 1748 5124 potest,

155 5146 266 5200 sive
314 5145 599 5202 sensibilia
657 5145 809 5209 sint,
863 5144 976 5199 sive
1008 5143 1282 5203 intellectu
1328 5145 1754 5215 comprehensa?

153 5233 314 5309 Atqui
339 5237 386 5269 ¹⁶
406 5237 457 5293 si
485 5235 558 5293 ita
589 5246 697 5303 est,
721 5234 866 5290 aliud
892 5235 1057 5307 igitur
1093 5237 1135 5269 “
1165 5245 1250 5295 est
1295 5234 1437 5291 ouod
1466 5236 1749 5302 deﬁnitur,

1837 2018 1904 2073 de
1932 2017 2036 2072 hoc
2066 2016 2332 2072 dubitant.
2387 2015 2497 2071 Sed
2544 2017 2801 2086 quoniam
2843 2017 3107 2080 videmus,
3150 2014 3296 2070 aliud
3317 2029 3441 2070 esse

1838 2108 2161 2164 constitutas
2187 2108 2239 2162 in
2273 2107 2452 2171 anima
2481 2105 2733 2163 liberales
2757 2117 2928 2174 artes,
2953 2106 3099 2161 aliud
3120 2106 3295 2177 ipsam
3330 2105 3442 2160 ani-

1839 2219 2005 2268 mam,
2027 2218 2167 2274 quae
2187 2204 2344 2274 quasi
2367 2202 2412 2235 ¹⁸
2426 2203 2697 2273 quoddam
2724 2201 2772 2234 ¹⁸
2792 2202 3096 2273 subjectum
3121 2212 3204 2258 est
3221 2202 3441 2266 artium,

1844 2304 1990 2352 artes
2030 2311 2161 2352 vero
2210 2295 2376 2351 veluti
2409 2295 2792 2368 inscparabilia
2821 2295 3199 2368 naturaliaque
3225 2295 3442 2350 animae

1842 2388 2140 2443 accidentia
2165 2386 2416 2442 videntur
2436 2401 2576 2451 esse,
2595 2387 2723 2458 quid
2740 2402 2837 2442 nos
2858 2386 3127 2459 prohibet,
3149 2384 3441 2442 deﬁniendi

1840 2479 2181 2552 disciplinam
2228 2480 2371 2535 inter
2420 2489 2566 2535 artes
2609 2493 2831 2552 ponere,
2863 2479 3223 2551 adjungentes
3267 2478 3437 2533 diale-

1843 2572 2033 2635 cticae,
2092 2569 2247 2640 cujus
2296 2571 2603 2642 proprietas
2636 2578 2738 2635 est,
2788 2585 2971 2626 rerum
2996 2570 3258 2635 omnium,
3302 2582 3443 2639 quae

1846 2662 2067 2734 intelligi
2095 2670 2344 2734 possunt,
2382 2671 2606 2718 naturas
2647 2661 2907 2729 dividere,
2938 2659 3286 2733 conjungere,
3335 2660 3449 2714 disc

1846 2772 2092 2823 cernere,
2133 2756 2490 2828 prepriosque
2544 2757 2693 2812 locos
2746 2755 3040 2827 unicuique
3073 2752 3446 2809 distribuere?

1845 2848 2021 2919 Atque
2060 2848 2180 2903 ideo
2223 2863 2252 2902 a
2283 2848 2621 2919 sapientibus
2664 2862 2791 2901 vera
2840 2861 3021 2901 rerum
3053 2843 3441 2916 contemplatio

1847 2941 1985 2999 solet
2019 2940 2297 3013 appellari.
2339 2938 2476 2996 Nam
2520 2956 2644 2997 cum
2674 2940 2727 2995 in
2772 2938 2921 2995 omni
2951 2934 3255 2992 rationabili
3287 2934 3451 2991 intel-

1850 3033 2185 3104 lectualiquc
2212 3041 2406 3088 natura
2440 3032 2543 3096 tria
2574 3028 2956 3102 inseparabilis
2998 3039 3320 3099 semperque
3366 3026 3451 3080 in-

1851 3123 2386 3195 corruptibiliterque
2461 3123 2504 3155 "
2564 3120 2836 3197 manentia
2907 3119 3322 3176 considerentur
3357 3116 3446 3184 ³⁸,

1854 3218 2034 3273 οὐσίαν
2057 3216 2201 3281 dico,
2230 3222 2286 3271 et
2329 3213 2564 3289 δύναμιν,
2589 3213 2968 3290 ἕν’ἕργειανίιιιθ,
2990 3211 3095 3267 hoc
3118 3217 3222 3275 est,
3249 3223 3447 3265 essen-

1855 3308 2009 3374 tiam,
2024 3307 2301 3373 virtutem,
2323 3306 2734 3377 operationem;
2765 3305 2902 3362 haec
2921 3305 3065 3361 enim
3089 3309 3229 3359 teste
3255 3310 3450 3358 sancto

1854 3397 2111 3469 Dionysio
2155 3395 2199 3430 "
2252 3395 2688 3467 inseparabiliter
2734 3394 2954 3451 sibimet
2998 3394 3329 3460 adhaerent,
3381 3407 3448 3448 ac

1854 3484 2018 3541 veluti
2039 3494 2188 3552 sunt,
2227 3493 2284 3541 et
2314 3500 2413 3541 nec
2450 3485 2634 3555 augeri
2663 3499 2768 3541 nec
2819 3483 2991 3540 minui
3034 3491 3285 3555 possunt,
3321 3496 3452 3553 quo-

1853 3578 2000 3633 niam
2050 3577 2380 3633 immortalia
2433 3586 2559 3633 sunt
2597 3585 2762 3647 atque
2791 3575 3153 3633 immutabilia
3182 3593 3196 3630 :
3223 3590 3352 3631 num
3403 3572 3452 3608 “

1855 3669 1950 3725 tibi
1974 3668 2269 3725 verisimile
2291 3669 2524 3735 videtur,
2542 3675 2836 3739 certaeque
2862 3667 3060 3723 rationi
3095 3665 3448 3732 conveniens,

1853 3777 2045 3819 omnes
2072 3761 2325 3818 liberales
2347 3761 2659 3833 disciplinas
2684 3761 2740 3817 in
2762 3774 2826 3817 ea
2842 3766 3020 3831 parte.
3042 3773 3184 3830 quae
3205 3758 3449 3835 binm,

1855 3854 1909 3910 id
1937 3862 2043 3920 est,
2066 3854 2313 3923 operatio
2332 3852 2546 3908 animae
2572 3852 2789 3916 dicitur,
2814 3850 3130 3907 aestimari?
3167 3847 3449 3919 Siquidem

1854 3963 1885 4003 a
1918 3944 2261 4018 philosophis
2290 3944 2561 4000 veraciter
2588 3942 2895 4013 quaesitum
2927 3947 3315 4011 repertumque
3343 3942 3447 4003 est,

1855 4046 1999 4094 artes
2029 4051 2149 4093 esse
2166 4044 2451 4104 aeternas,
2475 4044 2534 4091 et
2561 4048 2776 4106 semper
2804 4030 3218 4089 immutabiliter
3236 4027 3452 4084 animae

1855 4131 2173 4196 adhaerere,
2206 4130 2281 4185 ita
2309 4138 2368 4184 ut
2392 4143 2505 4184 non
2551 4127 2708 4200 quasi
2736 4124 3039 4182 accidentia
3073 4121 3340 4194 quaedam
3377 4121 3454 4191 ip-

1854 4224 1966 4280 sius
1993 4237 2113 4279 esse
2146 4222 2454 4289 videantur,
2486 4221 2579 4277 sed
2609 4219 2885 4275 naturales
2912 4219 3148 4273 virtutes
3181 4213 3451 4270 actiones-

1851 4327 1978 4383 que,
2010 4312 2158 4367 nullo
2181 4308 2341 4367 modo
2369 4311 2437 4379 ab
2476 4325 2541 4367 ea
2570 4309 2906 4375 recedentes,
2940 4322 3041 4364 nec
3072 4305 3332 4378 recedere
3352 4318 3445 4361 va-

1852 4402 2046 4469 lentes,
2083 4418 2184 4460 nec
2209 4402 2426 4458 aliunde
2469 4402 2771 4467 venientes,
2797 4400 2891 4455 sed
2930 4390 3252 4454 naturaliter
3282 4396 3336 4452 ei
3361 4395 3451 4451 in-

1853 4499 2008 4564 sitas,
2032 4499 2108 4553 ita
2142 4504 2203 4551 ut
2230 4496 2541 4567 ambiguum
2563 4496 2659 4561 sit,
2680 4502 2867 4549 utrum
2891 4492 3044 4561 ipsae
3070 4488 3454 4546 aeternitatem

1854 4591 1903 4647 ei
1928 4598 2206 4661 praestent
2230 4590 2301 4655 ἰ,
2323 4588 2580 4659 quoniam
2611 4593 2864 4640 aeternae
2906 4582 3015 4637 sint
3032 4582 3100 4650 ³³,
3122 4582 3283 4652 eique
3308 4594 3454 4635 sem-

1854 4699 1953 4755 per
1978 4685 2310 4740 adhaereant
2338 4681 2406 4746 ’³,
2422 4688 2485 4735 ut
2513 4688 2733 4736 aeterna
2755 4677 2849 4743 sit,
2874 4693 2940 4732 an
2967 4678 3177 4732 ratione
3204 4671 3458 4743 subjecti,

1856 4778 2000 4847 quod
2049 4785 2135 4835 est
2171 4778 2373 4839 anima,
2405 4775 2616 4829 artibus
2657 4768 2973 4827 aeternitas
3005 4765 3458 4825 administratur;

1856 4869 2003 4925 οὐσία
2035 4869 2181 4925 enim
2232 4868 2448 4923 animae
2473 4874 2534 4920 et
2552 4865 2726 4920 virtus
2750 4870 2807 4916 et
2832 4861 2978 4916 actio
3005 4868 3277 4917 aeternae
3300 4861 3458 4914 sunt;

1857 4976 1925 5016 an
1955 4961 2035 5017 ita
2072 4956 2175 5017 sibi
2201 4960 2432 5015 invicem
2468 4945 2870 5014 coadhaereant
2895 4948 2970 5017 ⁸³⁸,
2996 4953 3124 5020 dum
3153 4957 3347 5013 omnes
3365 4954 3462 5040 ae-

1856 5061 2055 5112 ternae
2100 5054 2229 5118 sint,
2255 5060 2315 5107 ut
2344 5065 2377 5104 a
2407 5062 2468 5103 se
2493 5050 2731 5107 invicem
2777 5043 3055 5111 segregari
3096 5051 3203 5094 non
3233 5035 3463 5127 possint.

1928 5144 2030 5202 45.
2071 5148 2216 5204 Dtsc.
2246 5143 2384 5200 Huic
2408 5142 2640 5204 rationi,
2671 5133 2921 5206 quoniam
2963 5146 3095 5186 vera
3132 5131 3239 5186 est,
3280 5131 3469 5174 nescro

1858 5238 1986 5308 (illis
2015 5240 2214 5297 audeat
2235 5232 2524 5293 reluctari.
2562 5233 2697 5291 Nam
2736 5224 3093 5296 quodcunque
3120 5219 3315 5273 hortnn
3352 5209 3475 5279 quis

1437 5392 1696 5453 VARIAE
1738 5391 2159 5453 LECTIONES.

215 5534 234 5567 ⁸
255 5534 349 5587 Sic
379 5528 598 5603 BCDE;
629 5530 676 5584 Α
701 5542 922 5603 sumere.
994 5529 1020 5603 ξ
1050 5531 1108 5603 AD
1133 5537 1323 5603 potest.
1377 5530 1425 5603 ,³
1447 5530 1541 5603 AD
1606 5544 1682 5591 est
1706 5534 1868 5588 enim.

1944 5528 1969 5559 ⁸
2015 5534 2112 5590 Sic
2139 5530 2310 5597 ADE;
2359 5526 2407 5597 Ο
2448 5527 2574 5585 nisi
2602 5516 2823 5592 inferior
2847 5529 3009 5597 esset;

144 5575 694 5680 ειορῖ-ἐλξιίξεῖ-ῖέηῑι
721 5599 920 5680 ρεηηιι.
994 5575 1564 5680 sissesisse
1599 5575 2358 5680 :zti'aajaumr'“a‘;.73.;..
2392 5596 2455 5649 n.
2502 5675 2514 5680 _
2549 5575 2931 5680 ςΑιξνέεο-τῃςο
2952 5583 3053 5680 εἷῖ
3077 5575 3482 5680 ςίιξξυρηῇξηυξ,

3173 5648 3245 5680 ηυξ
3275 5660 3363 5680 nm
3426 5646 3446 5675 λ
