4028 6280
518 459 623 521 ‘87

1894 453 2175 511 JOANNlS
2212 450 2412 511 SCO'II

3678 448 3789 509 488

522 576 839 644 ﬁrmaverit,
861 575 1184 648 rationijnon
1202 573 1704 630 resistit.Ultimum
1731 581 1931 640 tamen,
1951 571 2094 643 quod
2124 576 2171 636 Α
2198 570 2370 643 possit
2403 569 2604 645 dicere,
2637 584 2696 626 se
2717 569 2756 602 υ
2789 577 2995 625 certum
3025 570 3200 626 locum
3222 567 3461 626 ﬁuminis
3486 571 3786 641 possidere,

520 677 633 725 ate
675 669 910 740 positum
960 676 1067 730 est,
1115 667 1463 722 verisimilius
1509 682 1628 722 esse
1675 666 1873 724 ceteris
1898 665 2094 720 elucet.

521 760 630 818 Sed
649 769 709 816 ut
728 760 798 816 ad
832 759 1025 816 eadem
1050 759 1067 791 ¹
1091 760 1397 825 redeamus,
1439 773 1546 814 non
1584 758 1715 813 mihi
1729 757 1886 828 plane
1911 763 2096 828 patet,

517 853 791 925 quomodo
834 850 989 910 οὓσία
1014 851 1128 908 sive
1150 851 1205 906 in
1231 851 1538 923 generibus,
1563 850 1677 906 sive
1703 850 1757 904 in
1790 850 2097 919 speciebus,

520 947 634 1003 sive
654 946 707 1001 in
728 946 925 1002 atomis
951 944 1159 1001 deﬁniri
1181 943 1374 1015 possit,
1389 959 1510 1000 cum
1535 944 1589 999 in
1612 944 1905 1016 praedictis
1927 943 2095 999 ratio-

517 1037 680 1092 nibus
711 1037 871 1108 hujus
909 1035 1073 1092 libelli
1111 1035 1421 1093 conclusum
1451 1035 1543 1102 sit,
1567 1051 1686 1091 eam
1707 1035 1838 1091 nulli
1868 1036 1889 1067 '
1917 1036 2098 1092 sensui

518 1143 802 1198 corporeo,
836 1127 964 1183 nulli
996 1127 1016 1160 ³
1046 1126 1337 1183 intellectui
1367 1127 1905 1197 comprehensibilem
1953 1141 2096 1182 esse.

517 1221 658 1278 Msc.
686 1224 881 1279 οὺσίαν
902 1235 1001 1293 per
1024 1220 1259 1291 seipsam
1285 1218 1527 1286 deﬁnire,
1556 1228 1610 1275 et
1630 1220 1831 1287 dicere,
1853 1220 1981 1291 quid
2006 1219 2099 1286 sit,

518 1326 679 1366 nemo
707 1319 903 1383 potest.
935 1311 1016 1365 Ex
1044 1310 1129 1367 his
1170 1319 1381 1377 autem,
1415 1326 1553 1381 quae
1594 1310 2028 1382 inseparabiliter
2050 1311 2100 1365 ei

524 1404 835 1471 adhaerent,
861 1412 915 1460 et
942 1403 1060 1459 sine
1092 1402 1288 1474 quibus
1334 1417 1454 1459 esse
1479 1418 1589 1459 non
1635 1410 1850 1474 potest,
1878 1417 1945 1458 ex
1985 1401 2102 1457 loco

517 1497 640 1552 dico
662 1505 719 1553 et
739 1494 1253 1567 tempore—omnis
1278 1496 1420 1550 enim
1443 1497 1596 1553 οὐσία
1614 1493 1682 1551 de
1701 1494 1869 1550 nihilo
1894 1502 2099 1561 creata,

517 1586 707 1645 localis
741 1586 1159 1659 temporalisque
1199 1595 1311 1654 est;
1348 1585 1536 1643 localis
1565 1586 1806 1658 quidem,
1834 1586 1960 1658 quia
2006 1587 2104 1641 ali-

516 1691 625 1748 quo
646 1678 807 1735 modo
835 1686 941 1744 est,
968 1677 1225 1749 quoniam
1254 1676 1465 1734 inﬁnita
1494 1692 1603 1733 non
1644 1687 1760 1745 est;
1794 1677 2104 1749 temporalis

519 1783 674 1836 vero,
699 1768 956 1841 quoniam
982 1769 1203 1826 inchoat
1223 1781 1364 1836 esse,
1388 1767 1533 1840 quod
1554 1783 1662 1825 non
1688 1768 2105 1825 erat—solum-

514 1860 675 1933 modo
700 1859 916 1918 deﬁniri
944 1868 1142 1932 potest.
1189 1862 1352 1920 oecis
1380 1860 1565 1932 itaque
1604 1860 1754 1919 nullo
1781 1861 1942 1916 modo
1972 1858 2103 1917 deﬁ-

2203 678 2327 718 cum
2353 658 2565 717 constet
2595 662 2672 729 ",
2717 662 2836 717 sine
2866 661 2972 715 ulla
3000 660 3401 717 intermissione
3445 661 3577 717 illud
3616 672 3788 720 trans-

2203 753 2287 810 ire
2314 771 2327 808 :
2357 754 2431 808 ita
2462 768 2620 809 nemo
2645 754 2806 810 debet
2843 753 3026 810 dicere
3058 755 3237 810 locum
3265 755 3510 825 corporis
3538 757 3621 811 sui
3646 758 3787 814 hunc

2203 860 2383 901 aerem
2407 887 2423 912 ,
2455 846 2571 901 sine
2598 845 2707 902 ulla
2751 845 3155 901 intermissione
3201 846 3455 901 mobilem
3475 889 3491 914 ,
3541 848 3793 918 nulloque

2147 921 2167 949 ’
2202 939 2464 1009 temporis
2513 946 2788 994 momento
2833 946 3089 995 stantem.
3145 937 3203 993 Si
3253 950 3433 994 autem
3491 940 3615 1009 quis
3668 940 3793 995 huic

2203 1030 2401 1086 rationi
2455 1028 2714 1101 objecerit
2774 1037 3012 1095 terram,
3073 1030 3328 1102 quoniam
3387 1044 3603 1100 semper
3647 1038 3790 1096 stat,

2204 1137 2489 1193 corporum
2509 1120 2633 1190 jure
2659 1120 2917 1191 appellari
2942 1120 3145 1197 locum,
3170 1120 3351 1176 videat
3377 1120 3653 1185 similiter,
3686 1129 3796 1175 ter-

2150 1204 2161 1219 ’
2204 1228 2319 1267 ram
2352 1213 2633 1267 materiem
2666 1227 2953 1282 corporum
2993 1226 3137 1278 esse,
3166 1227 3273 1266 non
3294 1212 3496 1268 locum.
3526 1212 3660 1281 Quis
3697 1226 3797 1267 au-

2206 1313 2314 1360 tem
2351 1303 2636 1359 materiam
2675 1319 2963 1375 corporum
3007 1303 3304 1360 eorundem
3336 1317 3458 1359 esse
3482 1303 3662 1359 locum
3712 1319 3797 1358 ra-

2207 1395 2352 1450 tione
2380 1403 2542 1451 utens
2572 1393 2770 1449 audeat
2796 1395 2996 1461 dicere,
3026 1396 3348 1467 praesertim
3388 1411 3515 1451 cum
3541 1396 3795 1462 materia,

2205 1501 2303 1557 per
2333 1486 2564 1558 seipsam
2601 1487 2817 1543 ratione
2850 1487 3215 1554 considerata,
3253 1503 3356 1543 nec
3388 1487 3443 1542 in
3483 1494 3668 1555 motu,
3694 1501 3800 1546 nec

2206 1578 2262 1634 in
2288 1586 2431 1634 statu
2472 1578 2583 1635 sit!
2615 1579 2673 1635 In
2703 1588 2853 1636 motu
2882 1580 3150 1651 siquidem
3191 1596 3299 1637 non
3332 1589 3449 1648 est,
3483 1582 3630 1651 quod
3654 1597 3798 1637 nou-

2207 1670 2335 1726 dum
2356 1670 2577 1726 inchoat
2590 1679 2738 1726 certa
2765 1671 2941 1727 forma
2965 1671 3256 1727 contineri.
3277 1670 3414 1727 Nam
3439 1686 3539 1742 per
3562 1669 3799 1728 formam

2206 1768 2453 1815 movetur
2486 1760 2746 1828 materia;
2776 1760 2894 1816 sine
2934 1760 3108 1816 forma
3152 1760 3197 1793 ¹³
3238 1761 3531 1818 immobilis
3566 1773 3692 1830 est,
3739 1770 3801 1819 ut

2207 1849 2401 1909 Graeci
2427 1852 2633 1909 volunt.
2661 1852 2777 1920 Quo
2799 1853 2941 1908 enim
2966 1853 3287 1918 movebitur,
3313 1854 3456 1925 quod
3482 1854 3633 1910 nullo
3654 1854 3797 1921 loco,

513 1951 662 2007 nitur
686 1952 818 2023 quid
837 1960 938 2016 est,
971 1951 1068 2007 sed
1091 1950 1366 2018 deﬁnitur,
1393 1952 1520 2023 quia
1551 1960 1652 2008 est.
1697 1951 1775 2006 Ex
1807 1951 1925 2008 loco
1950 1965 2108 2006 nam-
2137 1961 2184 2022 Β
2214 1943 2360 2000 nullo
2388 1951 2634 2016 tempore
2662 1954 2814 2000 certo
2848 1943 3024 2000 adhuc
3067 1946 3378 2001 coartatur?
3408 1944 3519 2002 Nec
3549 1946 3602 2000 in
3653 1953 3798 2001 statu

512 2059 642 2119 que,
664 2053 727 2101 ut
749 2044 986 2101 diximus
1006 2084 1021 2112 ,
1052 2053 1107 2101 et
1150 2054 1411 2115 tempore,
1441 2044 1917 2114 accidentibusque
1958 2043 2101 2110 aliis,

514 2153 657 2212 quae
696 2140 813 2196 sive
840 2139 895 2195 in
925 2138 1062 2209 ipsa,
1089 2152 1184 2195 seu
1214 2146 1370 2193 extra
1407 2136 1779 2209 intelliguntur
1804 2151 1957 2204 esse,
1983 2146 2102 2193 tan-

516 2229 799 2286 tummodo
826 2228 1005 2295 datur,
1034 2242 1141 2282 non
1168 2226 1296 2298 quid
1331 2227 1421 2293 sit,
1453 2226 1550 2282 sed
1588 2227 1714 2297 quia
1758 2235 1859 2283 est.
1890 2226 1957 2281 Et
2000 2227 2104 2283 hoc

514 2318 842 2393 generaliter
882 2316 949 2374 de
995 2315 1143 2373 omni
1170 2318 1322 2375 οὐσία
1370 2316 1485 2373 sive
1530 2316 1959 2389 generalissima,
1990 2317 2104 2373 sive

515 2412 929 2486 specialissima,
956 2411 1071 2467 sive
1097 2410 1294 2479 media,
1320 2424 1428 2466 non
1467 2400 1773 2480 incongrue
1796 2408 1918 2480 quis
1954 2408 2104 2464 dixe-

518 2506 611 2562 rit.
665 2505 801 2560 Nam
835 2512 891 2560 et
938 2518 1103 2560 causa
1137 2502 1379 2559 omnium
1405 2502 1460 2571 ⁸,
1503 2515 1643 2575 quae
1686 2501 1829 2557 Deus
1868 2509 1983 2567 est,
2033 2516 2122 2581 ex.

518 2601 621 2668 his,
654 2614 796 2670 quae
821 2599 889 2654 ab
913 2613 977 2653 ea
999 2597 1021 2630 ⁸
1043 2596 1258 2652 condita
1275 2604 1423 2664 sunt,
1452 2594 1788 2651 solummodo
1814 2594 2101 2662 cognosci-

520 2701 609 2749 tur
635 2706 786 2759 esse;
815 2689 962 2747 nullo
990 2703 1119 2747 vero
1145 2698 1518 2745 creaturarum
1561 2697 1882 2758 argumento
1918 2702 2106 2758 possu-

519 2799 642 2843 mus
671 2782 994 2855 intelligere,
1016 2780 1147 2852 quid
1173 2778 1246 2835 sit
1272 2798 1286 2835 :
1318 2787 1481 2850 atque
1510 2778 1631 2834 ideo
1659 2778 1771 2834 sola
1814 2778 1949 2833 haec
1972 2777 2104 2833 deﬁ-

515 2874 655 2931 nitio
681 2874 749 2929 de
778 2874 889 2928 Deo
922 2870 1284 2943 praedicatur,
1334 2870 1463 2942 quia
1508 2877 1614 2937 est,
1657 2869 1750 2940 qui
1790 2868 1911 2939 plus
1939 2883 2102 2940 quam

516 2978 641 3022 esse
658 2972 761 3021 est.
790 2964 937 3020 Dtsc.
963 2961 1103 3019 Huic
1121 2974 1335 3034 quoque
1354 2960 1550 3017 rationi
1582 2975 1743 3016 nemo
1772 2974 1905 3016 sane
1947 2959 2105 3016 intel-

518 3059 821 3141 ligeqtium,
850 3066 913 3114 ut
940 3054 1155 3127 opinor,
1182 3054 1439 3112 obstabit.

586 3172 681 3230 46.
719 3169 861 3229 Mss.
899 3168 1054 3226 Nunc
1084 3167 1249 3241 igitur
1277 3165 1390 3225 sole
1426 3163 1657 3221 lucidius
1696 3162 1980 3235 perspicis,
2010 3176 2106 3219 eos

2205 2044 2311 2100 est,
2342 2037 2467 2107 quia
2503 2035 2737 2091 nondum
2783 2034 2949 2092 ﬁnem
2986 2051 3117 2094 suae
3157 2037 3201 2069 “
3243 2036 3595 2108 perfectionis
3624 2041 3800 2108 possi-

2203 2128 2315 2183 det.
2347 2125 2534 2183 Status
2575 2127 2843 2198 siquidem
2889 2128 3014 2184 ﬁnis
3059 2130 3318 2187 motionis
3362 2140 3466 2187 est.
3516 2130 3799 2199 Quomodo

2203 2230 2385 2275 autem
2416 2228 2598 2290 potest
2645 2221 2699 2275 in
2740 2228 2883 2276 statu
2926 2222 3068 2291 ﬁeri,
3116 2223 3260 2292 quod
3307 2237 3418 2279 non
3465 2224 3647 2293 coepit
3681 2222 3799 2293 jam

2203 2312 2443 2368 moveri?
2459 2311 2738 2379 Quomodo
2759 2312 2980 2380 igitur"
2996 2313 3222 2369 materia
3244 2314 3491 2385 corporis
3502 2315 3659 2372 locus
3671 2332 3798 2372 cor-

2201 2405 2373 2477 poris,
2408 2407 2550 2477 quod
2584 2420 2653 2462 ex
2696 2420 2761 2461 ea
2810 2408 3118 2477 cmﬁcitur,
3151 2417 3331 2480 potest
3379 2424 3521 2477 esse,
3571 2426 3697 2467 cum
3743 2420 3799 2468 et

2204 2496 2319 2569 ipsa
2354 2497 2410 2553 in
2441 2497 2617 2567 seipsa
2645 2497 2794 2553 nullo
2818 2508 2973 2556 certo
3001 2498 3138 2568 loco,
3164 2515 3259 2557 seu
3285 2501 3462 2567 modo,
3497 2517 3595 2558 seu
3621 2500 3797 2559 forma

2204 2591 2702 2658 circumscribatur,
2732 2590 2877 2647 nulla
2919 2602 3067 2647 certa
3113 2593 3325 2649 ratione
3360 2592 3657 2660 deﬁnitur,
3694 2596 3797 2650 nisi

2204 2697 2302 2753 per
2350 2682 2691 2754 negationem
2742 2682 2825 2738 "1'
2876 2681 3114 2754 Negatur
3177 2683 3356 2751 enim,
3420 2683 3628 2755 aliquid
3678 2698 3798 2741 esse

2198 2788 2393 2830 eorum
2427 2774 2491 2840 ³⁷,
2521 2786 2661 2844 quae
2689 2781 2836 2841 sunt,
2867 2788 2988 2829 cum
3018 2788 3085 2829 ex
3105 2789 3177 2858 'ea
3206 2774 3410 2841 omnia,
3442 2790 3583 2848 quae
3612 2784 3797 2831 creata

2204 2873 2354 2932 sunt,
2385 2866 2601 2921 condita
2626 2880 2746 2921 esse
2774 2866 3060 2921 credantur
3082 2866 3147 2919 ¹⁸.
3178 2865 3312 2922 Item
3343 2868 3388 2922 si
3422 2875 3611 2938 partes
3639 2868 3798 2939 hujus

2205 2955 2435 3012 visibilis
2480 2955 2668 3012 mundi
2715 2963 3028 3015 nostrorum
3077 2967 3366 3027 corporum
3414 2971 3512 3013 seu
3560 2957 3796 3013 aliorum

2204 3048 2323 3105 loca
2348 3057 2494 3118 sunt,
2527 3049 2644 3106 loca
2665 3059 2850 3106 nostra
2877 3064 3091 3120 semper
3111 3064 3233 3106 esse
3258 3065 3365 3105 non
3385 3057 3636 3122 possunt.
3661 3052 3799 3106 Dum

2207 3140 2354 3198 enim
2380 3156 2576 3213 corpus
2605 3139 2885 3211 cujusdam
2911 3141 3160 3198 animalis
3189 3143 3424 3199 solutum
3452 3143 3643 3209 fuerit,
3676 3158 3799 3214 par-

516 3281 640 3327 um
662 3233 1146 3331 deridendos’img
1190 3259 1356 3316 etiam
1381 3258 1404 3290 s
1444 3233 1726 3322 ἀοιεηάοέ,
1770 3233 1842 3312 δέ
1861 3271 1962 3326 ρει.
1996 3255 2102 3312 hoc
2140 3325 2172 3331 Δ
2208 3242 2398 3305 tesque
2428 3233 2570 3291 illius
2604 3234 2672 3289 ad
2698 3234 3011 3331 sedes‘suas
3041 3234 3799 3331 naturales,iex-quibus-aso

519 3361 592 3419 ad
616 3373 805 3416 veram
836 3370 1021 3414 rerum
1048 3352 1431 3412 discretionem
1460 3349 1814 3417 revocandos,
1841 3348 1888 3405 si
1909 3347 2097 3417 velint,

2205 3336 2478 3399 sumptum
2505 3333 2612 3393 est,
2643 3325 2937 3397 separatim
2977 3334 3323 3382 revertuntur
3357 3327 3422 3396 “,
3461 3327 3617 3384 locus
3658 3328 3800 3402 ejus,

520 3459 618 3509 aut
648 3449 870 3522 penitus
913 3444 1322 3517 relinquendos,
1368 3442 1415 3504 si
1458 3456 1616 3498 suam
1657 3438 2105 3496 consuetudinem

520 3545 741 3604 veritati
767 3540 1202 3601 inimicissimam
1225 3539 1380 3610 sequi
1421 3536 1638 3604 malint,
1666 3534 1760 3607 qui
1793 3543 1976 3605 partes
2004 3534 2105 3589 hu-

515 3639 607 3713 jus
653 3636 843 3695 mundi
897 3633 1128 3692 visibilis
1166 3638 1473 3690 ceteron
1519 3643 1808 3701 corpon
1858 3628 2004 3683 intra
2047 3640 2108 3683 se

522 3729 942 3788 constitutorum
963 3723 1232 3783 naturalia
1248 3723 1366 3782 loca
1386 3737 1508 3781 esse
1530 3721 1838 3792 opinantur.
1866 3718 2003 3775 Nam
2023 3727 2104 3787 ut,

523 3824 679 3881 verbi
696 3822 902 3895 gratia,
928 3821 997 3878 de
1020 3833 1144 3879 meo
1162 3831 1391 3890 corpore
1411 3817 1624 3883 dicam;
1648 3814 1884 3872 animam
1910 3815 2110 3886 quippe

523 3913 897 3988 corporalibus
931 3909 1093 3983 huius
1140 3908 1327 3967 mundi
1369 3906 1562 3980 spatiis
1606 3915 1800 3977 putare
1841 3903 2107 3962 contineri

526 4005 1054 4081 impudentissimam
1075 4011 1188 4071 est;
1219 4001 1269 4059 si
1296 4016 1392 4058 aer
1422 4000 1525 4060 iste
1563 3998 1715 4056 locus
1746 3997 1865 4068 ejus
1887 4006 1995 4066 est,
2023 4010 2110 4053 se-

525 4103 736 4176 quitur,
758 4108 823 4158 ut
843 4106 1040 4172 quarta
1063 4112 1194 4170 pars
1210 4096 1301 4155 sui
1325 4096 1478 4155 locus
1504 4108 1635 4151 suus
1662 4093 1754 4149 sit.
1785 4090 1923 4147 Nam
1948 4105 2111 4147 omne

523 4213 727 4273 corpus
744 4195 961 4253 visibile
987 4200 1245 4267 quattuor
1287 4188 1532 4264 partibus
1560 4195 1815 4244 constare
1852 4185 2112 4241 omnibus

523 4299 716 4349 uotum
756 4297 871 4358 est,
913 4303 983 4346 ex
1020 4286 1144 4358 igne
1180 4285 1457 4352 videlicet,
1487 4298 1636 4351 aere,
1679 4290 1846 4348 terra,
1896 4295 2036 4351 aqua
2062 4281 2110 4335 ".

528 4382 617 4440 Nil
640 4389 824 4439 autem
850 4376 1312 4443 irrationabilitati
1337 4374 1716 4448 propinquius,
1737 4387 1901 4444 quam
1936 4381 1997 4428 ut
2034 4379 2115 4427 to-

527 4483 647 4531 tum
665 4482 865 4546 corpus
886 4470 970 4527 sui
991 4477 1149 4542 parte
1170 4468 1345 4525 locari
1366 4474 1601 4538 putetur.
1624 4467 1818 4522 Totum
1846 4465 2112 4536 siquidem

529 4577 725 4623 omnes
748 4577 880 4621 suas
902 4569 1088 4635 partes
1109 4558 1589 4631 comprehendere,
1633 4572 1742 4615 non
1777 4565 1957 4613 autem
1986 4570 2114 4627 pars

529 4650 706 4713 totum
733 4662 884 4713 recte
899 4652 1222 4711 aestimatur
1242 4649 1472 4707 ambire.
1492 4648 1626 4707 Item
1647 4648 1694 4705 si
1715 4661 1911 4720 corpus
1932 4661 2113 4704 meum
2138 4666 2147 4687 ι

2207 3430 2302 3473 aer
2330 3415 2479 3473 verbi
2528 3416 2721 3487 gratia,
2752 3426 2849 3471 seu
2876 3430 3036 3487 aqua,
3069 3431 3163 3472 seu
3202 3425 3367 3485 terra,
3397 3431 3495 3475 seu
3518 3418 3663 3488 ignis
3691 3435 3799 3475 non

2206 3511 2344 3578 erit;
2375 3510 2468 3569 sed
2498 3509 2739 3584 singulae
2756 3524 2940 3583 partes
2962 3512 3121 3567 unius
3144 3512 3387 3583 corporis
3407 3512 3639 3584 singulis
3672 3528 3800 3569 eon-

2207 3603 2546 3660 naturalibus
2559 3603 2662 3658 sibi
2687 3604 2970 3660 elementis
2990 3604 3067 3660 ita
3088 3604 3530 3670 commiscentur,
3548 3613 3610 3659 ut
3634 3619 3799 3660 unum

2207 3714 2327 3756 cum
2358 3700 2439 3755 eis
2471 3699 2606 3766 sint,
2634 3714 2742 3756 non
2770 3710 2831 3755 ut
2860 3700 2914 3755 in
2942 3700 3023 3756 eis
3051 3699 3160 3755 sint
3184 3699 3352 3755 veluti
3380 3698 3583 3769 aliquid
3620 3698 3678 3754 in
3703 3698 3801 3753 ali-

2208 3808 2336 3865 quo.
2366 3791 2520 3860 Quod
2544 3792 2690 3848 enim
2720 3792 2977 3847 reddetur
3002 3791 3136 3867 aeri,
3159 3806 3253 3846 aer
3281 3790 3406 3856 erit,
3436 3799 3491 3846 et
3509 3803 3621 3846 non
3644 3790 3800 3861 quasi

2202 3887 2265 3959 in
2301 3886 2535 3957 quodam
2561 3884 2681 3942 loco
2708 3884 2852 3940 aeris
2891 3890 3160 3940 statuetur
3182 3883 3260 3952 ’°;
3293 3897 3423 3950 non,
3464 3889 3528 3937 ut
3552 3880 3800 3938 confusio

2209 3981 2479 4053 quaedam
2504 3993 2795 4051 corporum
2836 3977 2942 4044 sit,
2983 3977 3078 4033 sed
3117 3976 3350 4032 mirabili
3380 3983 3611 4031 naturae
3642 3975 3801 4031 modo

2210 4074 2584 4146 unusquisque
2610 4080 2817 4144 partem
2849 4085 3005 4127 suam
3047 4069 3321 4140 propriam
3361 4068 3419 4123 in
3449 4066 3682 4139 singulis
3707 4067 3800 4122 lia-

2211 4166 2361 4223 bebit
2383 4166 2690 4232 elementis,
2718 4148 2888 4219 totum
2921 4177 3019 4233 per
3042 4169 3235 4228 totum,
3260 4176 3367 4218 non
3393 4159 3448 4216 in
3482 4168 3643 4232 parte
3679 4174 3793 4231 par.

2213 4271 2352 4329 tem;
2386 4262 2458 4317 ita
2497 4269 2557 4316 ut
2584 4258 3000 4315 resurrectionis
3039 4266 3280 4327 tempore
3321 4255 3503 4311 nullus
3544 4255 3795 4326 accipiat,

2213 4355 2318 4411 nisi
2343 4354 2489 4425 quod
2516 4366 2673 4409 suum
2700 4359 2806 4417 est,
2837 4350 2977 4406 sicut
3005 4349 3297 4404 multorum
3324 4345 3680 4401 luminarium
3710 4343 3799 4400 lux

2212 4447 2373 4505 simul
2398 4454 2485 4503 est
2521 4444 2844 4517 conjuncta,
2873 4449 2935 4498 ut
2976 4439 3123 4497 nulla
3155 4439 3211 4495 in
3252 4453 3318 4495 ea
3361 4437 3437 4498 sit
3461 4436 3793 4501 commixtio,

2214 4539 2358 4596 nulla
2387 4536 2712 4612 segregatio.
2744 4535 2882 4591 Dum
2924 4534 3069 4590 enim
3107 4548 3215 4588 una
3254 4530 3553 4599 eademque
3597 4527 3694 4584 lux
3721 4527 3801 4582 vi-

2216 4632 2409 4688 deatur
2449 4644 2603 4698 esse,
2649 4625 3070 4698 unumquodque
3116 4633 3294 4680 tamen
3337 4621 3604 4677 luminare
3647 4632 3799 4676 suam

906 4745 1076 4804 veluti
1110 4744 1167 4802 in
1195 4758 1298 4801 suo
1325 4742 1445 4799 loco
1471 4755 1593 4799 esse
1617 4711 1829 4808 dicam,
1843 4739 2107 4810 sequitur,

2214 4723 2492 4796 propriam
2517 4720 2756 4794 possidet
2775 4718 2973 4784 lucem,
3004 4715 3231 4772 alterius
3250 4713 3358 4770 luci
3387 4726 3496 4769 non
3535 4711 3801 4767 commir

529 4835 738 4897 nullum
754 4843 968 4896 eertum
996 4835 1173 4894 locum
1201 4834 1275 4893 lbi
1293 4847 1455 4907 posse
1479 4832 1704 4891 habere.
1725 4830 1831 4889 iste
1874 4830 2074 4887 etenim
2092 4828 2114 4862 ⁸

533 4945 633 4990 aer
652 4945 869 5004 semper
907 4930 1058 4990 circa
1084 4937 1287 4987 terram
1311 4927 1546 4984 volvitur
1566 4964 1583 4992 ,
1631 4939 1693 4982 ac
1743 4940 1842 4996 per
1878 4924 1981 4980 hoc
2007 4938 2115 4980 uno

530 5024 832 5096 eodemque
865 5021 1128 5096 temporis
1163 5018 1340 5092 spatio
1366 5017 1788 5075 innumerabiles
1827 5016 1977 5073 locos
2018 5016 2116 5071 ha-

531 5116 666 5175 bere
692 5103 975 5188 eorpus‘in
1003 5114 1026 5148 '
1063 5127 1131 5171 eo
1171 5110 1524 5170 constitutum
1555 5123 1778 5168 necesse
1812 5114 1916 5164 est.
1962 5106 2118 5173 Quod

458 5202 475 5227 δ
533 5206 681 5264 nulla
709 5207 925 5265 ratione
944 5203 1279 5263 conceditur.
1317 5201 1620 5259 Praedictis
1659 5198 1923 5269 siquidem
1949 5196 2116 5253 ratio-

534 5298 698 5357 nibus
720 5312 943 5357 suasum
958 5304 1063 5363 est,
1085 5295 1264 5352 locum
1289 5294 1345 5351 in
1365 5300 1509 5353 statu
1529 5305 1671 5357 esse,
1692 5288 1948 5358 nulloque
1967 5295 2119 5345 motu

535 5389 758 5448 variari.
791 5390 944 5447 Sicut
975 5401 1125 5459 ergo,
1154 5384 1247 5457 qui
1273 5384 1328 5439 in
1353 5382 1580 5439 ﬁumine
1603 5387 1734 5446 stat,
1757 5377 2000 5442 sedetve,
2023 5392 2120 5434 seu

539 5487 712 5548 natat,
739 5479 888 5536 illam
913 5485 1123 5550 partem
1143 5473 1380 5539 ﬂuminis
1400 5486 1509 5529 non
1527 5477 1707 5543 potest
1723 5468 1960 5525 retinere
1974 5466 2040 5537 ιο,
2061 5476 2121 5524 ut

2216 4825 2350 4883 tam,
2395 4814 2491 4871 sed
2527 4811 2845 4868 mirabiliter
2869 4817 3014 4865 totae
3058 4808 3113 4863 in
3159 4807 3286 4863 totis
3326 4803 3493 4872 ﬁunt,
3533 4812 3591 4860 et
3636 4818 3800 4859 unum

2214 4905 2394 4963 lumen
2422 4902 2735 4960 conﬁciunt.
2789 4898 2948 4955 Aliud
2996 4899 3162 4971 igitur
3205 4896 3250 4929 ¹¹
3288 4903 3376 4952 est
3410 4908 3531 4963 aer,
3557 4902 3618 4950 et
3660 4892 3833 4948 aliud

2215 4997 2365 5053 locus
2390 4996 2526 5069 ejus.
2556 4993 2759 5051 Eodem
2800 4991 2961 5049 modo
3002 4991 3068 5045 de
3106 4988 3304 5045 ceteris
3338 4986 3649 5073 elementis,
3677 5000 3828 5083 par-I

2219 5089 2466 5160 tibusque
2490 5086 2790 5144 solutorum
2832 5097 3120 5155 corporum
3162 5080 3267 5138 sibi
3311 5078 3559 5146 redditis,
3603 5076 3802 5134 intelli-

2216 5186 2448 5258 gendum
2471 5197 2591 5240 esse
2618 5194 2834 5249 censeo.
2875 5178 2944 5234 Et
2982 5177 3028 5232 si
3058 5176 3132 5232 ita
3174 5182 3278 5242 est,
3320 5171 3631 5230 necessario
3651 5170 3801 5226 dabi-

2220 5288 2331 5347 tur,
2362 5284 2457 5334 aut
2482 5277 2617 5333 istas
2641 5282 2825 5345 partes
2846 5272 3034 5330 mundi
3056 5268 3336 5344 generales
3365 5267 3483 5324 loca
3509 5280 3801 5336 corporum
3824 5305 3828 5308 ‹

2223 5371 2294 5429 ab
2319 5371 2399 5429 eis
2425 5368 2767 5441 perfusorum
2813 5364 3340 5437 compositorumque
3381 5375 3490 5417 non
3530 5373 3672 5424 esse,
3710 5366 3803 5412 aut

2221 5477 2451 5537 corpora
2475 5463 2589 5534 ipsa
2614 5469 2823 5519 certum
2857 5459 3033 5516 locum
3065 5472 3171 5515 non
3200 5455 3424 5523 habere,
3458 5462 3552 5509 aut
3588 5452 3804 5524 penitus

1811 5599 2066 5657 VARIAE
2099 5596 2499 5658 LECTIONES.

544 5730 564 5762 ‘
592 5725 684 5783 Sic
706 5723 874 5790 CDE;
897 5720 943 5777 Α
966 5718 1208 5790 eandem.
1281 5715 1303 5748 '
1324 5713 1501 5781 Corr.,
1531 5710 1929 5790 ACDELnullo.
1958 5782 1970 5790 _
1994 5713 2027 5790 ξ
2060 5710 2242 5790 Co_rr.,
2270 5710 2451 5790 A‘QDE
2480 5709 2661 5790 nullo:
2721 5708 2745 5740 δ
2761 5706 2996 5790 omnium
3018 5718 3129 5787 om.
3153 5703 3217 5759 D.
3602 5695 3801 5790 ςέίςε

548 5798 571 5831 ⁸
603 5798 650 5852 Α
689 5806 758 5853 et.
832 5788 1093 5855 'VSicCE;
1120 5788 1213 5845 AD

545 5852 803 5924 retinere.
857 5852 1306 5918 "seom.CDE."
1331 5857 1375 5890 “
1407 5857 1450 5912 D
1473 5863 1713 5925 constatr
1750 5854 1793 5886 "
1821 5855 1992 5925 forma
2019 5868 2128 5908 om.
2157 5852 2328 5925 D._“'
2356 5852 2397 5907 D
2427 5853 2529 5907 sui.

1248 5769 1599 5858 aqumrte'rra.
1640 5784 1663 5819 ⁸
1695 5769 1915 5858 Si_e_C_E,
1944 5782 2036 5839 AD
2060 5769 2240 5858 εηὶγῃί
2286 5782 2317 5858 ,ἡ
2338 5783 2391 5858 ἔῃ
2405 5779 2704 5858 οηιςϐῐῌξέ.⁸
2761 5779 2803 5810 ³⁸
2825 5779 2884 5834 C.
2915 5769 3589 5858 lit-imli‘n‘is‘possidereunon
3628 5773 3806 5858 potest

2610 5834 2659 5882 ’ἶ
2677 5849 2883 5914 Aergo.
2965 5848 3009 5878 ¹⁶
3032 5834 3643 5914 CDE'gcnerationemI
3694 5838 3734 5868 "
3763 5834 3804 5889 Ι)

916 5910 1431 5983 "'JK'cFe'd'er.’
1472 5910 1518 5957 "
1535 5926 1627 5981 Sic
1650 5924 1774 5990 AD;
1795 5910 1836 5980 (Ξ
1865 5931 2205 5986 revertantur,
2234 5922 2281 5980 Ε
2307 5930 2640 5977 mrtentur.
2720 5920 2766 5951 '°
2792 5910 2882 5974 Sic
2906 5917 3023 5982 AE;
3054 5916 3142 5973 CD
3170 5910 3439 5971 statuitur.
3517 5910 3559 5940 “
3585 5911 3630 5963 Δ
3658 5923 3801 5979 ergo.
