4028 6280
256 358 375 419 ιθθ

1156 364 1245 422 DE
1283 364 1625 426 DIVISIONE
1658 365 2009 424 NATURAE.
2046 362 2121 411 ἓ·-
2152 367 2357 425 LIBER
2394 368 2674 447 PRIMUS.

3440 366 3552 428 m
3633 350 3637 354 _

259 474 414 531 omni
442 474 565 531 loco
581 486 803 531 vacare.
844 473 1000 561 Quod
1025 472 1219 533 natura
1263 494 1468 548 rerum,
1507 495 1745 552 veraque
1768 480 1852 552 ip-
1878 482 1934 545 Α
1959 481 2106 539 ditur
2124 498 2265 549 esse,
2295 481 2640 539 essentialem
2661 480 3019 539 differentiam
3041 481 3232 554 recipit
3249 484 3276 549 ;‘
3293 489 3377 537 est
3402 482 3552 540 enim

262 568 384 624 sius
425 567 812 638 contemplatio
849 582 958 624 non
1007 570 1140 625 sinit
1186 572 1503 628 concedere.
1550 571 1668 629 Non
1711 574 1855 629 enim

260 647 664 810 "ur

261 751 304 808 ti
623 768 668 808 Ol

686 669 837 718 certo
862 675 962 716 suo
1001 661 1123 717 loco
1149 671 1311 733 atque
1352 662 1710 731 immutabili,
1737 680 1860 722 cer-

260 676 298 714 ιι

261 676 298 714 ιι
686 669 837 718 certo
862 675 962 716 suo
1001 661 1123 717 loco
1149 671 1311 733 atque
1352 662 1710 731 immutabili,
1737 680 1857 722 cer-

261 751 304 808 ti
623 767 779 808 orum
823 753 1014 823 spatiis
1056 753 1398 826 ﬁnibusque,
1432 756 1547 812 sive
1597 771 1857 827 corporea

261 843 359 909 sit,
618 859 868 915 orporea,
891 854 1072 916 potest
1090 860 1299 904 carere.
1327 849 1586 922 Ideoque,
1616 860 1675 907 ut
1696 867 1857 923 saepe

261 932 459 987 diximt
511 972 525 988 .
554 932 662 987 duo
688 935 846 988 haec.
873 934 1024 988 locus
1058 935 1304 988 nmfecto
1334 947 1390 988 et
1428 947 1660 988 lemmts-
1688 957 1716 988 ς.
1740 941 1857 988 nhi-

261 843 868 923 sit-orporea,
891 854 1072 916 potest
1090 860 1299 904 carere.
1327 849 1586 922 Ideoque,
1616 860 1675 907 ut
1696 867 1861 923 saepe

261 932 662 998 diximil'ﬁfduo
688 935 846 1001 haec,
873 934 1024 992 locus
1052 935 1304 1013 profecto
1334 947 1390 996 et
1428 947 1662 1011 tempus,
1688 957 1719 997 a
1740 941 1861 1015 phi-

264 1022 514 1094 losophis
543 1020 611 1080 ὗν
637 1022 759 1082 ἄνευ
804 1026 1164 1098 appellantur,
1198 1030 1303 1087 boc
1331 1040 1435 1101 est,
1482 1033 1680 1105 quibus
1720 1035 1857 1113 sine.

261 1113 406 1170 Nam
435 1115 553 1172 sine
573 1116 661 1173 bis
683 1116 829 1174 nulla
850 1127 1102 1177 creatura
1128 1123 1479 1194 generatione
1506 1125 1524 1157 ⁸
1574 1125 1839 1184 incboans

264 1218 326 1263 et
354 1207 539 1279 aliquo
570 1211 731 1266 modo
770 1212 1076 1269 subsistens
1112 1224 1294 1285 potest
1320 1218 1640 1275 consistere.
1686 1218 1864 1291 thue

264 1300 522 1370 proximo
547 1313 733 1358 rerum
756 1312 979 1359 utamur
1002 1316 1339 1378 argumento,
1370 1310 1417 1365 si
1443 1308 1596 1376 locus
1618 1312 1864 1384 corporis

174 1427 191 1435 ι
264 1402 355 1448 est
383 1408 545 1449 onme
562 1435 579 1461 ,
601 1397 964 1468 quodcunque
987 1397 1039 1455 ei
1066 1399 1521 1459 circumfunditur
1540 1445 1557 1470 ,
1587 1403 1735 1461 color
1761 1407 1869 1462 erit

266 1483 426 1541 locus
445 1488 711 1558 corporis.
742 1487 957 1546 Nullum
999 1492 1202 1550 etenim
1246 1486 1459 1552 visibile
1500 1512 1699 1570 corpus
1739 1509 1823 1556 est
1848 1541 1867 1569 ,

266 1576 418 1646 quod
446 1575 568 1633 luce
594 1578 795 1636 coloris
823 1596 932 1637 non
956 1582 1444 1642 circumfundatur.
1484 1587 1541 1644 Si
1572 1599 1752 1646 autem
1776 1606 1867 1646 co-

269 1664 359 1724 lor
399 1668 624 1726 colorati
665 1674 912 1745 corporis
929 1674 1083 1732 locus
1126 1685 1230 1743 est,
1278 1681 1584 1739 necessario
1626 1682 1866 1751 dabitur,

269 1759 511 1830 qualitas
534 1761 686 1819 locus
715 1767 962 1837 corporis
985 1782 1126 1825 esse.
1156 1769 1262 1827 Sed
1287 1771 1412 1843 quis
1452 1782 1560 1829 tam
1589 1774 1709 1832 dira
1736 1777 1865 1833 stul-

1962 574 2018 634 in
2062 593 2127 634 ea
2170 577 2434 650 ingenita,
2464 577 2668 649 genita,
2699 577 2998 648 procedens
3026 575 3415 633 substantia—
3434 574 3551 647 ipsa

1962 676 2144 723 tamen
2185 667 2522 738 compositio,
2571 682 2712 739 quae
2753 666 2869 723 sola
2916 666 3126 723 ratione
3179 666 3547 739 cognoscitur,

1963 761 2219 832 nulloque
2242 770 2363 818 actu
2388 771 2443 817 et
2473 761 2788 833 operatione
2813 759 2931 816 fieri
2957 759 3363 831 comprobatur,
3385 758 3556 815 ratio-

1964 854 2218 910 nabiliter
2244 854 2565 925 simplicitas
2597 868 2718 909 esse
2743 853 2767 887 ⁸
2789 850 3081 922 iudicanda
3132 861 3235 908 est.
3262 851 3334 909 Ut
3374 861 3555 908 autem

1965 941 2174 999 firmius
2202 958 2521 1016 cognoscas,
2551 945 2747 1011 οὐσίαν,
2796 944 2852 999 id
2877 949 2963 999 est
2982 942 3276 999 essentiam
3304 940 3349 1007 ',
3376 942 3557 999 incor-

1963 1034 2275 1106 ruptibilem
2316 1050 2471 1102 esse,
2510 1034 2628 1107 lege
2659 1035 2858 1092 librum
2886 1033 3062 1091 sancti
3102 1031 3347 1105 Dionysii
3389 1033 3562 1088 Areo-
3606 1050 3617 1057 ’

1964 1128 2181 1199 pagitae
2207 1129 2273 1183 de
2304 1128 2501 1185 divinis
2532 1127 2851 1184 Nominibus
2891 1142 2957 1184 eo
2981 1125 3106 1194 loci,
3138 1140 3246 1197 quo
3269 1126 3337 1183 de
3365 1134 3560 1182 natura

1966 1219 2292 1278 daemonum
2324 1222 2497 1291 deque
2525 1234 2714 1277 eorum
2739 1218 2948 1275 malitia
2971 1217 3015 1251 ⁸⁸
3046 1219 3287 1290 disputat
3316 1217 3382 1283 η,
3417 1216 3562 1290 quod

1965 1315 2171 1372 nullam
2196 1316 2512 1383 essentiam,
2543 1331 2719 1388 neque
2751 1331 2961 1384 eorum,
2984 1330 3162 1387 neque
3191 1315 3421 1372 aliorum
3443 1330 3565 1373 cor-

1966 1425 2220 1482 rumpere
2244 1410 2437 1480 possit,
2468 1417 2524 1465 et
2554 1409 2811 1482 reperies,
2859 1425 2984 1465 eum
3008 1409 3289 1480 disputare
3316 1408 3558 1466 subtilis.

1968 1503 2126 1571 sime,
2154 1503 2363 1559 nullum
2391 1518 2605 1571 eorum,
2631 1518 2771 1574 quae
2800 1512 2963 1571 sunt,
2993 1504 3048 1559 in
3079 1511 3346 1575 quantum
3372 1517 3564 1560 essen-

1969 1594 2047 1652 tia
2078 1603 2134 1652 et
2161 1603 2356 1652 natura
2377 1604 2485 1664 est,
2512 1595 2625 1651 ullo
2649 1599 2812 1653 modo
2824 1596 3114 1667 ‘eorrumpi
3141 1611 3319 1668 posse.

2041 1689 2131 1747 48.
2170 1689 2317 1753 Haec
2347 1691 2494 1746 enim
2529 1691 2632 1747 tria
2655 1691 2709 1748 in
2737 1690 2887 1749 omni
2914 1699 3188 1758 creatura,
3228 1690 3346 1747 sive
3368 1703 3565 1760 corpo-

1971 1796 2066 1839 rea
2095 1783 2210 1839 sive
2247 1783 2584 1854 incorporea,
2624 1791 2687 1839 ut
2726 1782 2844 1855 ipse
2870 1782 3192 1839 certissimis
3220 1788 3568 1854 argumenta.

271 1850 397 1907 titia
444 1853 803 1925 opprimitur,
860 1865 921 1914 ut
969 1861 1287 1932 qualitatem
1337 1865 1582 1937 corporis
1620 1868 1644 1898 ¹
1688 1866 1867 1925 locum
1896 1877 1945 1938 Β
1973 1873 2213 1929 tionibus
2233 1850 2446 1941 edocet,
2469 1850 2900 1943 incorruptibilia
2925 1881 3131 1941 suntet
3160 1850 3564 1942 inseparabilia,

271 1945 522 2015 corporis
546 1960 670 2003 esse
701 1946 975 2006 fateatur?
998 1952 1070 2008 At
1097 1954 1143 2009 si
1183 1955 1335 2011 color
1363 1958 1610 2029 corporis
1634 1960 1868 2031 qualitas

271 2045 362 2093 est
387 2036 733 2107 incorporea,
759 2049 816 2098 et
836 2051 991 2099 extra
1028 2060 1228 2117 corpus
1258 2049 1495 2121 undique
1521 2054 1737 2124 corpori
1765 2055 1873 2110 cir-

272 2128 668 2219 cumfunditur,
701 2149 811 2191 non
843 2146 1025 2194 tamen
1051 2138 1204 2196 locus
1231 2140 1348 2212 ejus
1377 2158 1498 2201 esse
1524 2144 1618 2201 ulli
1661 2149 1872 2219 sapien-

275 2229 395 2276 tum
414 2218 442 2255 ⁸
463 2223 698 2280 videtur.
722 2225 842 2296 Qua
865 2230 1075 2288 ratione
1110 2246 1206 2289 aer
1226 2235 1355 2304 iste,
1378 2252 1474 2294 seu
1492 2237 1707 2311 aliquod
1728 2218 1874 2298 aliud

491 2314 839 2386 elementum,
869 2323 1118 2390 quamvis
1139 2326 1460 2397 corporibus
1484 2329 1622 2386 intra
1649 2346 1707 2388 se
1729 2333 1875 2405 posi-

273 2402 351 2458 tis
390 2403 723 2466 circumfusa
775 2410 909 2478 sint,
944 2426 1136 2472 eorum
1181 2424 1362 2475 tamen
1407 2419 1516 2478 ullo
1556 2402 1875 2482 modovesse

272 2508 443 2567 posse
466 2495 605 2566 loca,
637 2514 745 2557 non
774 2504 1115 2570 conceditur.

351 2588 443 2644 ιτ.
485 2589 634 2649 DISC.
657 2592 804 2653 Satis
831 2595 900 2653 de
941 2597 1028 2656 bis
1066 2599 1420 2673 disputatum.
1464 2605 1573 2664 Sed
1614 2609 1878 2668 adversus

274 2694 399 2747 eos,
445 2683 541 2755 qui
586 2699 693 2742 non
726 2687 876 2744 aliud
921 2704 1045 2749 esse
1086 2706 1303 2767 corpus,
1350 2706 1406 2753 et
1449 2698 1594 2755 aliud
1635 2704 1881 2774 corporis

274 2776 580 2832 essentiam
618 2786 835 2849 putant,
869 2781 923 2837 in
949 2790 1159 2841 tantum
1201 2788 1433 2857 seducti,
1463 2800 1523 2847 ut
1557 2791 1729 2864 ipsam
1754 2795 1881 2851 sub-

276 2867 542 2924 stantiam
567 2884 885 2944 corpoream
908 2887 1052 2945 esse,
1080 2877 1462 2953 visibilemque
1483 2894 1648 2955 atque
1677 2896 1880 2945 tracta-

279 2959 451 3016 bilem
481 2977 588 3019 non
617 2965 886 3034 dubitent,
926 2971 1193 3040 quaedam
1224 2972 1466 3031 breviter
1505 2977 1731 3034 dicenda
1761 2993 1883 3036 esse

280 3052 544 3111 arbitror.
569 3053 705 3111 Nam
732 3057 890 3115 multi
916 3075 981 3118 ac
1010 3076 1185 3132 paene
1206 3078 1397 3123 omnes
1421 3067 1515 3123 tali
1538 3083 1726 3126 errore
1758 3067 1883 3127 fati-

280 3155 508 3217 gantur,
530 3151 805 3209 naturales
832 3168 1016 3212 rerum
1037 3154 1373 3216 dilferentias
1388 3160 1720 3232 ignorantes.
1734 3163 1877 3221 MAG.

1975 1965 2144 2027 οὐσία,
2168 1972 2408 2035 utsaepe
2433 1964 2690 2033 diximus,
2711 1962 2947 2038 δύναμις,
2967 1966 3213 2042 binm,
3240 1963 3344 2020 hoc
3361 1972 3464 2030 est,
3486 1976 3573 2018 es-

1974 2058 2172 2124 sentia,
2194 2056 2393 2124 virtus,
2415 2058 2659 2129 operatio
2680 2056 2965 2114 naturalis.
2992 2057 3143 2114 Dtse.
3171 2055 3376 2113 Horum
3404 2054 3570 2110 trium

1974 2150 2282 2222 exemplum
2310 2166 2496 2222 posco.
2529 2149 2674 2207 MAG.
2701 2150 2861 2207 Nulla
2887 2160 3106 2219 natura,
3141 2151 3258 2208 sive
3287 2149 3573 2207 rationalis
3599 2163 3609 2171 '

1974 2242 2091 2300 sive
2113 2241 2516 2309 intellectualis,
2547 2251 2653 2312 est,
2679 2257 2821 2314 quae
2856 2242 3072 2315 ignoret
3099 2256 3160 2299 se
3186 2256 3343 2308 esse,
3372 2256 3577 2312 quam.

1974 2332 2060 2389 vis
2102 2332 2339 2400 nesciat,
2387 2333 2518 2405 quid
2539 2334 2631 2390 sit.
2676 2332 2824 2391 DISC.
2851 2332 2968 2390 Hoc
3002 2349 3111 2392 non
3143 2333 3377 2405 ambigo.
3423 2331 3570 2391 Mss.
3638 2330 3645 2339 ’

1978 2425 2119 2483 Dum
2144 2441 2274 2498 ergo
2298 2427 2442 2495 dico,
2474 2426 2717 2499 intelligo
2741 2443 2831 2485 me
2860 2443 3005 2499 esse,
3036 2443 3219 2485 nonne
3247 2428 3301 2484 in
3336 2428 3442 2486 hoc
3463 2441 3576 2483 uno

1977 2518 2145 2575 verbo
2167 2519 2232 2586 “,
2261 2520 2404 2591 quod
2435 2530 2517 2577 est
2552 2519 2795 2592 intelligo
2817 2560 2836 2589 ,
2864 2521 2970 2576 tria
3011 2519 3259 2592 significo
3281 2536 3316 2575 a
3344 2533 3404 2575 se
3430 2517 3576 2576 iuse-

1978 2608 2281 2680 parabilia?
2308 2609 2443 2666 Nam
2470 2619 2525 2667 et
2568 2626 2655 2667 me
2683 2625 2826 2678 esse,
2861 2618 2918 2668 et
2957 2626 3118 2682 posse
3147 2610 3443 2684 intelligere
3486 2622 3579 2668 me

1979 2716 2121 2770 esse,
2162 2710 2217 2758 et
2258 2701 2558 2774 intelligere
2585 2717 2671 2758 me
2710 2715 2833 2759 esse
2875 2702 3210 2759 demonstro.
3238 2700 3382 2758 Num
3419 2699 3576 2756 vides

1980 2806 2089 2847 uno
2114 2793 2282 2848 verbo
2299 2791 2345 2826 ⁸³
2363 2801 2419 2847 et
2441 2808 2615 2848 meam
2645 2794 2827 2850 οὐσίαν
2847 2833 2864 2862 ,
2887 2807 3172 2864 meamque
3199 2793 3479 2858 virtutem,
3516 2798 3578 2846 et

1982 2883 2257 2939 actionem
2284 2884 2615 2957 significari?
2642 2883 2760 2941 Non
2801 2885 2948 2942 enim
2974 2884 3350 2957 intelligerem,
3376 2882 3426 2939 si
3464 2893 3578 2936 non

1983 2990 2194 3042 essem;
2242 2991 2417 3046 neque
2452 2974 2833 3049 intelligerem,
2863 2975 2911 3032 si
2950 2975 3151 3032 virtute
3186 2970 3578 3045 intelligentiae

1984 3080 2261 3136 carerem;
2298 3081 2401 3124 nec
2429 3067 2520 3123 illa
2544 3069 2591 3101 ³⁵
2618 3067 2789 3125 virtus
2818 3067 2873 3124 in
2902 3081 2991 3125 me
3020 3066 3164 3134 silet,
3191 3066 3286 3124 sed
3310 3064 3367 3121 in
3389 3077 3579 3136 opera-

1987 3160 2191 3216 tionem
2223 3158 2555 3232 intelligendi
2584 3158 2908 3231 prorumpit.
2942 3159 3089 3216 Dtsc.
3121 3157 3326 3215 Verum
3351 3164 3408 3212 et
3430 3155 3576 3211 veri-

279 3236 569 3296 Adversus
618 3242 905 3302 stultitiam
960 3261 1205 3320 pugnare
1259 3247 1335 3307 nil
1395 3259 1480 3308 est
1535 3251 1879 3311 laboriosius.
1909 3240 1955 3304 C
1985 3250 2181 3306 simile.
2210 3249 2353 3306 MAG.
2383 3249 2523 3305 Num
2551 3249 2718 3321 igitur
2745 3263 2968 3307 necesse
2987 3258 3089 3318 est,
3113 3262 3231 3315 eos.
3250 3246 3345 3320 qui
3365 3246 3576 3314 ἀίευηιν

284 3325 449 3384 Nulla
487 3331 634 3388 enim
678 3336 1003 3394 auctoritate
1044 3339 1187 3396 vinci
1226 3339 1446 3408 fatetur,
1477 3343 1621 3400 nulla
1672 3346 1884 3404 ratione

283 3420 565 3478 suadetur.
608 3424 716 3482 Sed
758 3428 1016 3499 quoniam
1061 3448 1169 3489 non
1193 3444 1279 3490 est
1320 3437 1561 3509 aequalis
1603 3437 1883 3496 hominum

287 3513 540 3583 stultitia,
566 3530 668 3574 nec
710 3521 901 3578 eadem
941 3524 1147 3581 erroris
1182 3525 1413 3599 caligine
1453 3537 1665 3585 mentes
1695 3545 1886 3589 eorum

288 3611 675 3681 obscurantur,
703 3615 894 3687 paucis
916 3621 1477 3688 argumentationibus
1502 3625 1763 3681 adversus
1790 3638 1885 3684 eos

288 3705 556 3761 utendum
598 3707 774 3766 video.
817 3710 965 3768 Dtsc.
1010 3712 1279 3770 Utendum
1320 3731 1470 3773 sane.
1517 3715 1577 3773 Si
1615 3718 1759 3774 enim
1806 3719 1887 3775 eis

288 3797 553 3868 proderit,
585 3798 794 3858 lucrum
835 3804 971 3872 erit;
1019 3805 1102 3862 sin
1146 3804 1170 3838 ⁵
1213 3822 1374 3893 vero,
1425 3810 1786 3881 nosmetipsos
1820 3809 1889 3866 de

290 3890 493 3948 talibus
520 3902 835 3952 naturarum
867 3890 1283 3958 discretionibus
1302 3903 1682 3973 disputationis
1709 3904 1888 3961 studio

291 3985 557 4044 certiores
609 3988 924 4049 eiiiciemus.
978 3992 1120 4051 Msa.
1178 3993 1291 4053 Has
1343 3997 1526 4070 itaque
1576 4012 1777 4070 paucas
1822 4000 1889 4055 de

292 4076 542 4148 pluribus
569 4080 881 4142 dialecticas
923 4086 1272 4145 collectiones
1308 4088 1553 4147 intentus
1580 4091 1885 4148 considera.

293 4167 472 4227 Omne
496 4187 715 4245 corpus,
745 4177 889 4248 quod
935 4178 1164 4235 materia
1194 4179 1476 4252 formaque
1523 4183 1888 4254 componitur,

294 4263 557 4334 quoniam
602 4265 737 4324 solvi
779 4276 975 4339 potest,
1006 4271 1359 4343 corruptibile
1402 4281 1506 4329 est.
1546 4272 1771 4329 Mortale
1794 4290 1892 4329 au-

296 4360 410 4412 tem
452 4370 651 4428 corpus
686 4359 917 4417 materia
958 4360 1240 4434 formaque
1276 4364 1640 4435 componitur.
1685 4364 1889 4420 Corru-

296 4447 491 4520 ptibile
522 4457 608 4506 est
650 4450 817 4524 igitur
838 4452 881 4509 ³.
932 4452 1095 4520 Item,
1129 4457 1307 4515 omnis
1332 4459 1488 4515 οὐσία
1517 4456 1742 4529 simplex
1785 4467 1890 4524 est,

297 4539 615 4612 nullamque
649 4557 715 4599 ex
743 4544 972 4601 materia
1015 4544 1295 4619 formaque
1325 4547 1767 4619 compositionem
1808 4563 1893 4604 re-

1986 3358 2185 3414 corpus
2212 3341 2494 3398 materiale
2534 3342 2713 3399 οὐσίαν
2756 3356 2898 3409 esse,
2935 3349 3029 3398 aut
3065 3326 3264 3413 corpus
3302 3353 3463 3403 suum
3507 3352 3579 3396 ex

1984 3434 2160 3491 forma
2187 3434 2522 3506 materieque
2565 3434 2927 3508 compositum
2971 3449 3076 3491 non
3117 3446 3241 3489 esse
3271 3429 3456 3499 fateri,
3481 3434 3580 3486 sed
3620 3468 3627 3471 ν

1982 3530 2163 3585 οὒσίαν
2194 3526 2657 3598 incorruptibilem
2698 3540 2848 3596 esse,
2887 3536 2981 3583 aut
3022 3540 3223 3598 corpus
3265 3537 3567 3582 suumeor-

1986 3617 2242 3695 ruptibile
2270 3626 2325 3674 et
2353 3616 2635 3673 materiaic
2663 3617 2708 3649 "
2736 3632 2878 3683 esse,
2903 3632 2969 3674 ac
2995 3632 3094 3688 per
3118 3617 3224 3673 hoc
3255 3617 3437 3674 οὐσίαν
3469 3628 3574 3671 nos

1986 3724 2128 3775 esse,
2154 3711 2385 3766 veritate
2412 3708 2456 3740 ¹⁶
2484 3717 2702 3765 coactos
2726 3708 2769 3741 ¹⁷
2799 3708 3131 3765 concedere?
3164 3708 3312 3765 DISC.
3346 3705 3584 3763 Necesse

1987 3787 2139 3856 sane.
2170 3799 2279 3857 Sed
2322 3798 2457 3856 mibi
2497 3799 2700 3855 videris
2744 3799 2927 3855 dicere
2955 3799 3020 3868 ‘3,
3060 3813 3167 3855 non
3195 3812 3357 3855 omne
3386 3811 3586 3868 corpus

1987 3893 2162 3948 οὐσίαν
2231 3904 2355 3947 esse
2437 3888 2815 3948 universaliter
2849 3888 2893 3922 “
2920 3928 2937 3958 ,
3000 3889 3099 3945 sed
3157 3904 3319 3945 omne
3383 3900 3585 3959 corpus

1989 3982 2218 4039 materia
2267 3982 2550 4053 formaque
2587 3990 2929 4053 compactum
2981 3980 3317 4037 solummodo
3359 3992 3580 4050 negare.

1989 4072 2131 4129 MAG.
2159 4072 2403 4129 Intentus
2436 4072 2617 4142 itaque
2652 4072 2785 4128 haec
2820 4071 3052 4127 intuere.
3083 4069 3197 4127 Nec
3226 4070 3271 4102 '°
3300 4083 3388 4125 me
3421 4069 3585 4126 aesti-

1991 4182 2129 4235 mes,
2156 4182 2263 4223 non
2296 4166 2364 4221 de
2391 4165 2572 4236 specie
2593 4165 2825 4237 quadam
2851 4179 3159 4236 corporum,
3187 4161 3283 4219 sed
3305 4161 3587 4218 universa-

1992 4262 2116 4319 Iitcr
2150 4262 2217 4320 de
2239 4263 2387 4319 omni
2412 4277 2639 4334 corpore
2666 4260 2888 4329 dixisse,
2915 4260 3160 4333 quamvis
3189 4258 3497 4331 specialiter
3517 4259 3586 4314 de

1991 4371 2220 4428 corpore
2258 4358 2558 4428 composito
2602 4372 2667 4411 ex
2719 4355 2889 4411 forma
2935 4354 3272 4424 materiaque
3315 4351 3585 4417 dixerim,

1994 4465 2092 4519 pro
2126 4447 2432 4518 praesentis
2473 4447 2805 4519 quaestionis
2841 4445 3070 4501 utilitate
3093 4486 3110 4512 ,
3156 4444 3416 4500 adversus
3457 4457 3584 4508 eos.

1995 4541 2089 4611 qui
2131 4540 2377 4596 mortalia
2423 4555 2521 4596 sua
2562 4555 2790 4610 corpora
2831 4537 3248 4607 transitoriaqne
3284 4551 3392 4591 non
3441 4534 3590 4590 aliud

296 4631 457 4703 cipit,
481 4636 738 4704 quoniam
768 4653 937 4694 unum
966 4615 1326 4712 inseparabile
1364 4615 1467 4698 est.
1497 4640 1653 4697 Nulla
1680 4640 1843 4710 igitur
1869 4641 1890 4672 ⁶
1920 4615 1969 4675 Ῑ)
1996 4647 2138 4700 esse,
2178 4632 2283 4688 nisi
2308 4647 2462 4688 suam
2492 4634 2699 4697 οὐσίαν,
2742 4646 3005 4703 suamque
3048 4631 3227 4687 οὐσίαν
3269 4627 3402 4684 nihil
3440 4626 3589 4682 aliud

297 4725 451 4784 οὒσὲα
477 4739 674 4798 corpus
697 4730 927 4787 mortale
964 4731 1358 4790 rationabiliter
1384 4733 1702 4789 conceditur
1743 4746 1880 4789 esse.

301 4818 421 4877 Hoc
436 4830 615 4878 autem
629 4823 832 4881 dictum
856 4835 961 4894 est,
977 4827 1105 4899 quia
1134 4828 1312 4885 omnis
1333 4830 1485 4887 οὐσία
1503 4829 1524 4861 "
1546 4870 1562 4895 ,
1584 4842 1892 4899 quanquam

299 4908 637 4984 intelligatur
660 4927 728 4970 ex
758 4918 995 4975 essentia
1025 4928 1078 4976 et
1100 4919 1378 4975 essentiali
1405 4917 1706 4974 differentia
1740 4933 1892 4975 com—

298 5005 483 5078 posita
505 5008 803 5068 esse—bac
827 5013 972 5067 enim
992 5014 1382 5085 compositione
1400 5011 1546 5074 nulla
1576 5012 1892 5080 incorporea

296 5098 541 5155 essentia
566 5110 747 5172 potest
772 5119 979 5171 carere,
1009 5104 1272 5175 siquidem
1288 5114 1342 5160 et
1373 5105 1486 5177 ipsa
1512 5105 1692 5161 divina
1715 5106 1892 5170 οὐσία,

297 5202 451 5262 quae
475 5206 583 5250 non
613 5195 788 5253 solum
817 5195 1066 5267 simplex,
1094 5197 1187 5255 sed
1218 5197 1497 5270 plusquam
1521 5196 1746 5269 simplex
1772 5210 1891 5252 cre-

1996 4738 2140 4796 esse,
2191 4723 2296 4780 nisi
2331 4737 2528 4794 corpus
2569 4722 2848 4778 materiale
2888 4736 3046 4778 suum
3083 4720 3418 4791 diversisque
3464 4731 3589 4787 spec

2000 4817 2187 4874 cicbus
2207 4816 2250 4849 “
2281 4817 2660 4887 compositum,
2691 4814 2861 4871 forma
2894 4812 3142 4869 videlicet
3171 4821 3335 4869 atcue
3363 4808 3591 4866 materia

2000 4909 2276 4979 variisque
2306 4906 2695 4974 accidentibus,
2727 4906 2914 4962 dicunt
2940 4906 3008 4961 “.

2074 5000 2161 5060 49.
2189 5001 2258 5059 Ut
2281 5011 2463 5058 autem
2484 5000 2642 5073 plane
2670 5015 2990 5072 cognoscas,
3012 4994 3392 5053 IIIIIVCI'S'JIIICI'
3408 4989 3592 5051 οὓσίαν

2004 5096 2207 5153 nullum
2254 5111 2453 5165 corpus
2497 5108 2654 5160 esse,
2695 5092 2835 5149 hanc
2877 5086 3363 5164 argumentationis
3404 5081 3592 5153 accipe

2004 5190 2263 5263 speciem.
2287 5187 2435 5246 Disc.
2462 5185 2773 5257 Accipiam;
2795 5183 2888 5242 sed
2915 5182 3066 5256 prius
3085 5178 3357 5254 quandam
3378 5173 3590 5234 fortun-

1652 5395 1912 5456 VARIAE
1945 5391 2347 5453 LECTIONES.

383 5562 403 5596 ⁸
442 5554 536 5617 Sic
594 5556 716 5625 CD;
768 5558 815 5631 Α
843 5559 1249 5631 generationem,
1289 5558 1333 5631 Ε
1377 5559 1756 5631 generationes.
1843 5557 1863 5631 ξ
1905 5554 1996 5631 Sic
2051 5552 2239 5631 00E}.
2263 5549 2495 5631 corporis
2531 5563 2653 5631 om.
2778 5618 2800 5631 _
2822 5544 2844 5578 ³
2871 5543 2964 5602 Sic
2984 5543 3158 5631 ACE;A
3178 5543 3227 5631 ρ
3250 5535 3587 5631 sapientium:

305 5631 336 5667 ⁸
387 5633 432 5689 Α
488 5633 533 5686 si
589 5647 712 5687 non.

357 5793 444 5830 ηο.

312 5793 444 5831 uno.
526 5793 568 5804 ⁸’
606 5793 650 5827 Λ
687 5793 821 5829 uua.
901 5793 946 5805 ³“’
983 5793 1029 5827 ει
1060 5793 1333 5828 materiam
1356 5793 1442 5828 0111
1478 5793 1537 5826 υ.
1616 5793 1660 5802 ⁸⁷
1688 5793 1730 5825 υ
1777 5793 1839 5825 va

314 5847 366 5906 Α
395 5844 757 5907 νηὶυεηιιιὶιεν
783 5860 911 5902 esse.
989 5842 1036 5877 '°
1059 5843 1101 5900 Ο
1126 5859 1206 5900 ne.
1273 5844 1315 5875 "
1357 5841 1619 5914 speciebus
1651 5857 1759 5900 om.
1798 5846 1839 5898 (ἶ

1291 5609 2036 5702 ΞὶεΰᾸῦῧίξςνίίιξῖιίειςοιιείίξε,
2064 5609 2125 5681 ut
2153 5609 2707 5702 vi'detttr:;‘l:._misia_zg'!
2778 5618 2801 5651 ⁸
2838 5630 3105 5702 esseuogt.
3128 5609 3591 5702 Αηῐξεηβιίίξμξξξ

304 5703 591 5761 essentiam
621 5718 730 5759 om.
759 5701 827 5758 A.
904 5700 948 5733 ¹⁰
986 5700 1028 5758 C
1054 5699 1265 5757 militia.
1342 5702 1384 5735 “
1424 5702 1517 5755 Sic
1568 5700 1737 5763 ACE;
1772 5699 1813 5752 D
1864 5699 2150 5766 disputant.
2263 5699 2305 5727 ¹³
2346 5699 2479 5750 CDE
2529 5699 2681 5747 verba
2710 5705 2836 5744 uno.
2938 5699 2983 5722 ι·
3022 5699 3114 5742 Sic
3154 5699 3317 5749 um;
3345 5699 3400 5766 fl
3439 5699 3587 5739 serua

312 5793 424 5811 ...ω
524 5772 568 5804 ιι
614 5774 644 5811 Α
687 5772 798 5811 ..ηη
900 5771 946 5805 η
983 5785 1028 5811 ,ι
1060 5773 1333 5811 ...ηιρτίηιρ
1356 5788 1441 5811 nm
1476 5772 1517 5811 ιδ
1616 5771 1661 5802 ιε
1691 5771 1730 5811 n
1777 5772 2039 5811 ..ωοῑιηιρηι
2144 5770 2186 5804 ιτ
2214 5768 2347 5811 CDF.
2386 5767 2573 5811 coacti.
2654 5760 2696 5793 ιθ
2729 5761 2903 5811 dicere
2935 5773 3045 5811 om.
3089 5754 3152 5811 α.
3229 5754 3276 5793 υ
3301 5753 3396 5811 Sto
3420 5742 3587 5811 θυῖε

900 5771 946 5805 ’⁸
983 5753 1029 5827 ἆ
1356 5753 1537 5828 ouili.
1574 5753 1661 5802 Πίδ
1777 5753 2064 5825 vernalem.
2144 5770 2186 5804 "’
2214 5768 2347 5823 CDE
2386 5767 2574 5839 coacti.
2654 5760 2696 5793 ³⁸
2729 5761 2903 5815 dicere
2935 5773 3045 5816 om.
3089 5754 3152 5815 C.
3229 5754 3276 5793 ⁸⁵
3301 5753 3396 5811 Sic
3420 5753 3589 5821 CDE;

524 5844 757 5900 ersalitcr
783 5860 911 5900 esse.
989 5842 1036 5877 ¹⁰
1059 5843 1101 5900 C
1126 5859 1206 5900 ne.
1273 5844 1315 5875 "
1357 5841 1619 5900 speciebus
1651 5857 1759 5900 om.
1798 5846 1839 5898 (ἶ
1937 5846 1979 5882 ’³
2020 5846 2198 5900 dicunt
2231 5855 2337 5896 om.
2367 5836 2520 5893 CDE.
3294 5862 3301 5863 ν

2263 5696 2305 5727 ⁸³
2346 5680 2479 5750 (ῘῡΕ
2529 5680 2681 5747 verbo
2710 5705 2836 5744 uno.
2938 5687 2983 5722 ¹³
3022 5686 3114 5742 Sic
3154 5681 3317 5749 CDE;
3353 5680 3400 5737 Α
3439 5680 3592 5750 scer

2755 5924 2785 5958 δ’
