4028 6280
296 339 412 401 ω

1220 343 1308 401 DE
1349 342 1688 404 DIVISIONE
1724 343 2076 406 NATURAE.
2115 373 2186 388 —
2219 342 2419 401 LIBER
2455 342 2731 401 PRIMUS.

3480 320 3583 399 ut

299 449 445 511 luitu
478 449 916 521 considerantur,
942 462 999 509 et
1024 453 1190 512 veluti
1217 457 1484 527 quaedam
1522 474 1720 517 causae
1760 474 1887 518 suo-
1915 468 1963 526 Λ
1991 473 2208 532 corpus,
2238 458 2382 515 aliud
2422 460 2616 525 οὐσίαν,
2657 457 2911 529 quoniam
2942 470 3142 527 corpus
3170 457 3461 527 aliquando
3485 472 3580 515 ca-

300 554 424 596 rum
444 539 732 597 ell'ectuum
758 548 907 607 sunt,
934 550 993 598 ut
1016 551 1102 601 est
1129 543 1244 616 ipsa
1267 547 1542 617 quantitas
1569 559 1625 606 et
1653 549 1888 620 qualitas

295 648 464 697 causa
488 635 676 707 quanti
703 643 757 690 et
785 634 985 706 qualis,
1018 644 1309 709 ceteraque
1342 640 1700 701 accidentium
1724 655 1889 714 gene-

297 738 381 789 ra,
417 724 489 795 de
512 724 708 794 quibus
742 725 894 791 satis,
927 734 988 781 ut
1023 727 1278 794 arbitror,
1323 730 1594 799 diximus,
1629 731 1889 803 quoniam

297 812 597 881 invisibiles
624 824 767 882 sunt,
791 831 920 874 suos
946 817 1188 876 visibiles
1213 818 1438 879 eﬂ‘ectus
1465 822 1710 893 gignunt.
1756 821 1890 879 Cor-

293 919 399 974 pus
436 903 600 973 igitur
648 920 754 962 non
790 914 874 963 est
918 909 1099 983 οὐσίας
1138 910 1431 980 quantitas,
1469 913 1565 968 sed
1590 921 1885 983 quantum;

291 993 441 1050 sicut
466 994 617 1052 color
642 996 903 1065 visibilis,-
930 998 1022 1069 qui
1057 1000 1201 1057 circa
1240 1015 1437 1072 corpus
1482 995 1733 1070 seniitur,
1779 989 1888 1061 non

291 1091 381 1159 est
406 1085 585 1149 οὖσὶας
611 1088 866 1157 qualitas,
891 1090 985 1146 sed
1007 1088 1168 1163 quale
1189 1091 1246 1148 in
1267 1101 1470 1163 quanto
1497 1094 1850 1152 constitutum
1868 1136 1884 1164 ,

290 1182 585 1247 ceteraque
612 1176 663 1233 id
684 1192 875 1249 genus.
911 1178 1122 1237 Placuit
1140 1181 1307 1238 etiam
1337 1184 1354 1215 ⁸
1410 1185 1733 1241 sententiam
1762 1200 1892 1243 san-

290 1268 367 1323 cti
392 1268 566 1338 patris
585 1269 871 1341 Augustini
896 1286 963 1328 ex
986 1272 1144 1340 libro,
1181 1290 1341 1346 quem
1366 1276 1430 1331 de
1452 1277 1741 1349 categoriis
1765 1278 1893 1335 Ari-

288 1356 504 1414 stotelis
532 1357 767 1429 scripsit,
798 1362 999 1418 nostris
1023 1362 1523 1436 disceptatinnculis
1555 1367 1817 1425 inserere.

360 1448 455 1504 5L
495 1449 769 1522 Descripta
793 1452 978 1523 igitur,
1009 1454 1202 1526 inquit,
1240 1458 1410 1526 οὐσία,
1450 1460 1708 1530 quoniam
1750 1460 1886 1531 deli-

288 1547 396 1601 niri
441 1563 546 1602 non
586 1547 759 1619 potuit
794 1559 1005 1621 propter
1044 1569 1135 1608 eas
1180 1569 1369 1610 causas
1399 1594 1416 1622 ,
1470 1572 1602 1627 quas
1646 1556 1888 1626 superius

288 1638 601 1704 memoravi,
627 1639 980 1696 accidentium
1009 1642 1372 1712 deﬁnitionem
1405 1648 1731 1703 necessarius
1754 1647 1886 1702 ordo

286 1727 552 1797 poscebat.
612 1728 849 1796 Quorum
891 1732 1121 1802 primum
1161 1745 1237 1791 est
1282 1747 1557 1808 quantum.
1616 1736 1730 1794 Nec
1770 1739 1887 1796 sine

285 1831 474 1873 causa.
534 1815 678 1873 Nam
706 1837 827 1875 cum
849 1821 1054 1895 aliquid
1091 1788 1401 1895 viderimus,
1440 1828 1496 1882 id
1543 1844 1747 1886 necesse
1783 1839 1883 1896 est,
1912 1835 1964 1895 B

283 1917 545 1978 quantum
586 1909 678 1975 sit,
715 1913 1015 1969 aestimare.
1065 1914 1342 1989 Quantum
1371 1935 1488 1974 vero
1526 1920 1618 1987 sit,
1665 1921 1887 1978 inveniri

286 2013 394 2053 non
422 2008 612 2071 potest,
655 2001 758 2057 nisi
800 2002 963 2073 fuerit
1005 2006 1245 2062 adhibita
1290 2024 1537 2066 mensura
1585 2009 1877 2067 collectum.

287 2089 349 2146 Si
378 2107 502 2162 ergo
535 2095 728 2149 omissa
758 2092 1037 2152 latitudine
1060 2097 1230 2155 solam
1250 2100 1368 2172 quis
1394 2099 1774 2173 longitudinem
1793 2120 1883 2159 vo-

287 2180 445 2238 luerit
482 2186 684 2240 emetiri
720 2188 763 2254 ’,
816 2187 1087 2260 longitudo
1128 2192 1243 2248 sine
1284 2191 1563 2249 latitudine
1608 2212 1884 2252 mensurae

283 2276 523 2348 subjecta
544 2284 757 2355 ’γραμμή
777 2277 1006 2348 dicitur;
1025 2298 1131 2338 non
1146 2284 1284 2354 quod
1302 2285 1372 2340 sit
1393 2285 1664 2358 longitudo
1678 2288 1880 2360 aliqua,

283 2385 423 2441 quae
450 2381 626 2427 careat
653 2372 956 2442 latitudine,
987 2378 1077 2430 sed
1114 2377 1253 2449 quod
1294 2378 1462 2433 solum
1503 2381 1620 2451 quis
1666 2382 1882 2436 metiens

283 2461 670 2534 longitudinem
715 2470 925 2541 γραμμή
953 2465 975 2498 ³
1003 2468 1176 2523 metiri
1228 2469 1442 2525 dicitur.
1504 2470 1730 2527 Emensa
1759 2488 1881 2527 vero

286 2570 411 2611 cum
470 2556 801 2628 longitudine
853 2560 1080 2617 latitudo
1140 2563 1334 2619 dicitur
1385 2566 1646 2639 ἐπιφάνεια
1692 2566 1731 2621 ⁸.
1781 2565 1881 2623 Sin

283 2658 464 2705 autem
510 2660 557 2706 et
603 2652 828 2722 altitudo
871 2653 1032 2725 fuerit
1077 2673 1351 2714 mensurae
1397 2661 1597 2717 sociata
1622 2699 1640 2728 ,
1690 2678 1880 2733 corpus

282 2754 479 2801 cuncta
521 2746 817 2816 perﬁciunt.
862 2748 1015 2817 Quod
1055 2760 1229 2807 tamen
1273 2768 1377 2808 non
1408 2753 1485 2810 ita
1520 2755 1806 2825 accipimus
1837 2754 1879 2821 ⁸,

283 2839 728 2909 quemadmodum
745 2841 972 2898 solemus
989 2844 1224 2916 accipere
1245 2845 1507 2913 naturale,
1531 2864 1595 2902 ne
1615 2847 1684 2903 ad
1706 2848 1880 2905 οὐσίαν

286 2930 471 2986 reuerti
498 2931 787 2990 videamur.
822 2932 939 2991 Hoc
964 2935 1085 2993 ideo
1113 2937 1319 2993 dictum
1343 2946 1448 3008 est,
1479 2947 1538 2994 ut
1569 2940 1668 2995 has
1695 2938 1883 3009 singu-

286 3025 368 3111 las
398 3026 611 3099 regulas
645 3029 701 3086 in
737 3032 1082 3102 geometricis
1122 3034 1441 3104 corporibus
1484 3035 1719 3090 sciamus
1756 3049 1878 3091 esse

285 3112 633 3187 constitutas,
666 3120 721 3176 in
761 3122 958 3192 quibus
985 3123 1122 3180 haec
1163 3123 1265 3180 tria
1307 3124 1599 3195 separatim
1644 3125 1876 3181 discreta

285 3222 676 3284 esse’possunt.
723 3212 782 3273 In
807 3216 1144 3274 naturalibus
1175 3226 1357 3274 autem
1404 3217 1836 3290 inseparabiliter
1857 3219 1878 3252 ⁸
1908 3206 1951 3268 C

286 3306 617 3375 cohaerent,
662 3310 718 3364 in
761 3310 958 3381 quibus
1004 3311 1120 3369 solo
1166 3312 1440 3369 intellectu
1482 3314 1759 3384 quantitas
1810 3314 1880 3370 ab

287 3399 439 3459 οὐσία
482 3410 778 3471 separatur.
834 3402 970 3459 Nam
1011 3419 1135 3460 cum
1172 3404 1388 3477 videtur
1422 3405 1545 3476 quis
1573 3406 1639 3461 de
1666 3406 1883 3476 quanti-

292 3497 401 3548 tate
423 3492 720 3563 disputare,
751 3503 1006 3567 tanquam
1037 3496 1103 3554 de
1137 3499 1288 3555 οὗσέα
1315 3499 1444 3569 quid
1472 3499 1698 3564 diceret,
1723 3507 1880 3570 puta-

290 3590 379 3637 tur
400 3584 755 3642 confundere.
802 3584 1035 3644 Videsne
1077 3589 1206 3658 quid
1251 3604 1497 3645 summae
1541 3591 1879 3647 auctoritatis

287 3672 549 3744 magister
594 3675 813 3732 edicat?
858 3676 993 3733 Cum
1032 3678 1263 3746 videtur,
1312 3680 1508 3751 inquit,
1562 3681 1685 3751 quis
1732 3681 1753 3715 ⁷
1813 3683 1881 3737 de

289 3767 609 3837 quantitate,
641 3768 744 3826 hoc
766 3778 873 3835 est,
906 3770 973 3826 de
1007 3770 1217 3843 spatiis,
1242 3772 1438 3843 quibus
1470 3789 1668 3845 corpus
1688 3775 1878 3830 'conﬁ-

288 3860 450 3927 citur,
481 3860 778 3931 disputare,
810 3863 878 3919 ab
903 3864 1009 3930 his,
1044 3864 1137 3935 qui
1162 3864 1296 3921 nihil
1334 3866 1476 3923 aliud
1510 3882 1631 3924 esse
1661 3870 1835 3925 οὐσίαν
1857 3869 1880 3900 ⁸

288 3950 581 4007 aestimant
628 3952 733 4009 nisi
792 3968 991 4025 corpus
1040 3959 1183 4027 quod
1225 3958 1431 4027 vident,
1465 3962 1533 4018 de
1571 3960 1687 4031 ipsa
1732 3964 1881 4019 οὐσία

286 4048 512 4112 putatur
539 4041 671 4113 quid
697 4041 720 4075 ’
743 4042 945 4102 dicere.
987 4044 1047 4103 Si
1090 4047 1256 4119 igitur
1275 4051 1601 4121 geometrica
1628 4065 1876 4123 corpora,

285 4145 429 4203 quae
457 4132 573 4190 sola
612 4131 657 4167 '°
699 4135 863 4192 animi
888 4138 1130 4195 contuitu
1168 4141 1594 4213 contemplamur
1630 4143 1695 4210 ιι,
1727 4142 1882 4202 solis-

286 4242 397 4301 que
424 4231 719 4288 memoriae
750 4232 1224 4305 imaginationibus
1265 4236 1465 4308 ﬁngere
1504 4252 1879 4308 procuramus,

285 4320 346 4377 in
379 4323 562 4393 aliqua
600 4324 758 4383 oricia
788 4327 1109 4394 subsistunt,
1156 4327 1398 4400 profecto
1443 4331 1708 4386 naturalia
1736 4340 1881 4397 sunt,

285 4414 544 4487 nullaque
566 4415 710 4473 inter
734 4420 1059 4491 geometrica
1088 4431 1145 4478 et
1174 4422 1440 4479 naturalia
1466 4437 1694 4495 corpora
1722 4422 1879 4480 diffe-

286 4508 462 4564 rentia
487 4517 589 4566 est.
639 4510 795 4568 Nunc
836 4520 985 4581 vero,
1016 4515 1271 4586 quoniam
1292 4517 1620 4588 geometrica
1645 4531 1876 4588 corpora

283 4596 406 4655 solo
452 4599 635 4657 animo
681 4572 1088 4662 consideramus
1111 4646 1127 4673 ,
1175 4606 1231 4662 in
1274 4572 1526 4677 nuullaque
1570 4610 1717 4664 οὐσία
1745 4572 1877 4665 sub-
1906 4572 1956 4634 υ

284 4690 508 4759 sistunt,
542 4701 705 4764 atque
729 4694 851 4752 ideo
880 4696 1221 4766 phantastica
1251 4695 1377 4769 jure
1408 4708 1690 4765 vocantur,
1724 4708 1880 4755 natu-

286 4780 423 4836 ralia
451 4796 580 4838 vero
600 4798 827 4854 corpora
845 4795 1129 4859 propterea
1150 4788 1417 4845 naturalia
1448 4798 1594 4856 sunt,
1623 4789 1875 4859 quoniam

287 4871 347 4925 in
376 4872 714 4933 naturalibus
738 4876 852 4934 suis
879 4878 1058 4945 ousiis,
1090 4879 1143 4935 id
1163 4888 1248 4935 est
1266 4880 1535 4947 essentiis,
1555 4881 1873 4947 subsistunt,

284 4968 346 5015 et
373 4962 491 5020 sine
520 4964 716 5035 quibus
739 4981 861 5024 esse
889 4984 994 5025 non
1024 4978 1282 5040 possunt,
1311 4970 1536 5041 ideoque
1563 4985 1689 5026 vera
1716 4977 1873 5036 sunt;

282 5049 531 5127 alioquin
562 5071 669 5112 non
709 5057 763 5113 in
800 5060 963 5116 rebus
992 5059 1349 5126 naturalibus,
1382 5060 1477 5117 sed
1512 5060 1625 5117 sola
1666 5060 1875 5117 ratione

282 5141 659 5213 cogitarentur
700 5164 714 5203 :
754 5148 997 5220 profecto
1049 5150 1209 5207 datur
1247 5150 1506 5222 intelligi,
1557 5150 1700 5207 aliud
1755 5165 1877 5208 esse

1992 560 2077 608 ret
2116 554 2284 618 οὐσία,
2327 551 2617 623 aliquando
2653 550 2910 606 adhaeret
2937 551 3136 617 ousiae,
3167 561 3227 605 ut
3251 562 3439 606 verum
3486 550 3578 617 sit,

1990 643 2111 700 sine
2131 653 2462 714 qua'verum
2492 640 2609 698 ﬁeri
2639 656 2747 698 non
2781 646 2981 711 potest,
3010 641 3107 696 sed
3134 641 3364 711 quadam
3391 640 3582 710 imagi-

1992 735 2212 792 natione
2241 735 2567 807 ﬁguratum;
2600 734 2754 791 οὐσία
2778 747 2909 789 vero
2948 731 3095 788 nullo
3133 732 3292 788 modo
3337 733 3583 802 corporis

1992 826 2220 900 indiget,
2269 835 2330 883 ut
2375 826 2485 893 sit,
2535 824 2793 897 quoniam
2841 837 2939 896 per
2983 838 3043 881 se
3090 824 3260 894 ipsam
3308 824 3575 880 subsistit.

1993 921 2140 978 Satis
2162 920 2231 977 de
2250 921 2336 978 his
2362 919 2565 978 dictum
2582 934 2705 977 esse
2725 933 2868 976 reor.
2899 917 2963 973 Ι).
2989 915 3135 973 Satis
3155 915 3312 986 plane
3338 933 3351 969 :
3379 916 3472 971 sed
3497 929 3582 969 re-

1992 1026 2122 1084 stat,
2137 1017 2296 1074 sicuti
2309 1016 2490 1083 video,
2512 1023 2575 1071 ut
2594 1015 2661 1072 de
2681 1015 2796 1086 ipsa
2817 1014 3043 1070 materia
3066 1011 3370 1082 formaque,
3387 1010 3582 1081 quibus

1991 1108 2293 1165 materialia
2307 1107 2556 1180 componi
2580 1107 2801 1173 asseris,
2814 1119 2987 1177 pauca
3003 1104 3288 1161 edisseras.
3308 1100 3422 1158 Non
3438 1102 3582 1157 enim

1991 1202 2443 1274 praetereundum
2466 1209 2570 1267 est,
2598 1208 2660 1256 ut
2685 1199 2956 1265 arbitror;
2988 1195 3255 1267 siquidem
3305 1209 3409 1249 non
3450 1192 3583 1247 mihi

1990 1294 2126 1350 satis
2149 1293 2343 1358 elucet,
2368 1300 2551 1349 utrum
2578 1291 2766 1348 eadem
2786 1288 2960 1345 forma
2980 1296 3065 1344 est
3088 1295 3307 1357 etquae
3332 1283 3517 1356 generi
3540 1283 3583 1317 "

1958 1404 1963 1407 ‘
1991 1385 2259 1451 subditur,
2285 1392 2341 1440 et
2367 1399 2507 1454 quae
2534 1380 2817 1446 materiae,
2844 1388 2905 1434 ut
2928 1394 3124 1450 corpus
3149 1378 3244 1443 sit,
3272 1374 3578 1446 copulatur.

2063 1477 2153 1533 52.
2203 1476 2274 1533 Μ.
2310 1476 2630 1549 Formarum
2670 1474 2810 1530 aliae
2840 1473 2894 1527 in
2923 1474 3091 1537 οὐσία,
3127 1470 3266 1527 aliae
3312 1470 3366 1524 in
3409 1467 3584 1539 quali-

1992 1576 2101 1625 tate
2126 1567 2529 1639 intelliguntur;
2568 1567 2662 1623 sed
2686 1580 2827 1636 quae
2865 1565 2921 1619 in
2952 1564 3105 1621 οὐσία
3137 1568 3286 1627 sunt,
3330 1561 3581 1617 substan—

1993 1659 2150 1716 tiaies
2201 1660 2409 1729 species
2461 1658 2677 1731 generis
2722 1664 2867 1714 sunt.
2927 1654 3062 1710 Nam
3123 1654 3190 1708 de
3235 1653 3365 1724 ipsis
3409 1660 3580 1725 gentis

1993 1752 2358 1823 praedicatur,
2382 1752 2510 1822 quia
2532 1750 2589 1807 in
2624 1750 2756 1821 ipsis
2777 1748 3046 1806 subsistit.
3098 1745 3280 1815 Genus
3322 1759 3576 1817 namque,

1990 1852 2052 1900 ut
2070 1859 2233 1916 saepe
2246 1843 2497 1909 diximus,
2531 1850 2702 1899 totum
2729 1842 2786 1897 in
2816 1838 3042 1911 singulis
3064 1837 3177 1894 suis
3195 1837 3239 1870 ⁸³
3257 1835 3446 1893 formis
3468 1844 3575 1901 est,

1987 1936 2440 2008 quemadmodum
2470 1943 2529 1991 et
2556 1933 2798 2007 singulae
2832 1931 3038 1988 formae
3068 1945 3233 1986 unum
3278 1929 3330 1984 in
3358 1943 3456 1983 suo
3485 1942 3574 1999 ges

1986 2040 2118 2083 nere
2136 2033 2280 2082 sunt.
2330 2024 2398 2080 Et
2416 2026 2552 2081 haec
2568 2023 2774 2089 omnia,
2796 2023 2850 2078 id
2871 2030 2969 2086 est,
3001 2034 3198 2093 genera
3218 2024 3274 2074 et
3294 2017 3501 2074 formae
3528 2015 3578 2050 ιδ

1984 2139 2054 2180 ex
2098 2138 2207 2179 uno
2254 2121 2405 2177 fonte
2445 2120 2625 2174 ousiae
2683 2124 2925 2183 manant,
2967 2116 3132 2186 inque
3167 2129 3290 2170 eam
3343 2112 3576 2168 naturali

1984 2210 2191 2268 ambitu
2217 2208 2467 2266 redeunt.
2520 2207 2752 2264 Formae
2776 2221 2929 2272 vero,
2956 2219 3096 2276 quae
3133 2203 3378 2275 qualitati
3400 2203 3580 2257 attri-

1984 2307 2246 2371 buuntur,
2274 2305 2326 2359 in
2362 2300 2702 2359 naturalibus
2742 2299 3061 2372 corporibus
3095 2296 3313 2368 proprie
3349 2294 3572 2360 formae,

1984 2398 2039 2455 in
2071 2396 2414 2471 geometricis
2441 2402 2621 2450 autem
2649 2392 2855 2465 ﬁgurae
2886 2397 3166 2453 vocantur.
3217 2387 3388 2444 Omne
3431 2387 3574 2442 enim

1983 2490 2369 2564 geometricum
2400 2500 2598 2559 corpus
2623 2485 2811 2557 spatiis
2837 2480 3175 2541 solummodo
3195 2487 3359 2550 atque
3378 2478 3573 2549 ﬁgura,

1983 2584 2142 2642 nulla“
2178 2596 2311 2639 vero
2357 2578 2668 2636 substantia
2706 2576 3034 2633 continetur.
3094 2572 3265 2629 Omne
3311 2570 3574 2641 siquidem

1983 2674 2383 2748 phantasticum
2410 2686 2606 2743 corpus
2647 2670 2692 2703 ³⁵
2730 2667 3122 2726 nniversalibus
3166 2664 3340 2721 tribus
3387 2662 3576 2732 spatiis

1982 2743 2282 2839 perﬁcitur,
2320 2764 2654 2837 longitudine
2676 2760 2947 2827 videlicet,
2983 2756 3284 2821 latitudine,
3334 2743 3597 2810 altitudi-~

1982 2875 2179 2932 neqne.
2211 2859 2329 2914 Non
2359 2868 2541 2915 autem
2578 2855 2956 2912 universaliter
2979 2853 3161 2908 omnia
3187 2866 3416 2922 corpora
3446 2863 3574 2920 geo-

1984 2951 2208 3008 metrica
2240 2966 2346 3007 una
2384 2950 2558 3023 ﬁgura
2586 2945 3125 3005 circumseribuntur.
3184 2942 3384 2999 Eorum
3421 2954 3573 2995 nam-

1983 3058 2089 3115 que
2113 3044 2218 3100 alia
2244 3060 2313 3100 ex
2346 3040 2611 3111 triangula
2641 3046 2872 3110 surgunt
2902 3038 3093 3110 ﬁgura,
3142 3034 3246 3090 alia
3295 3050 3360 3090 ex
3406 3042 3573 3088 tetra-

1982 3152 2141 3208 gona,
2198 3136 2300 3192 alia
2344 3151 2411 3191 ex
2466 3143 2790 3208 pentagona,
2848 3130 3151 3200 ceterisque
3198 3128 3253 3183 in
3306 3126 3572 3183 inﬁnitum

1981 3225 2292 3298 polygonis,
2319 3224 2424 3279 alia
2463 3238 2529 3279 ex
2558 3221 2810 3279 circulari
2835 3228 3091 3277 crescunt
3119 3216 3424 3287 superﬁcie.
3477 3214 3575 3268 Διε-

1983 3334 2090 3391 que
2122 3319 2266 3385 ideo,
2293 3318 2348 3374 in
2375 3322 2636 3387 quantum
2665 3329 2924 3371 numerus
2950 3313 3213 3368 linearum
3238 3324 3305 3366 ex
3338 3307 3572 3363 ternario

1982 3411 2243 3468 inchoans
2269 3408 2641 3482 progreditur,
2670 3407 2725 3461 in
2757 3414 2964 3461 tantum
2990 3413 3046 3460 et
3067 3404 3359 3474 ﬁgurarum
3400 3406 3456 3453 ct
3484 3412 3575 3451 sua

1981 3501 2323 3572 perﬁcierum
2346 3497 2624 3568 multiplex
2651 3496 2787 3553 ordo
2813 3494 3072 3549 variatur.
3103 3490 3372 3545 Numerus
3393 3488 3573 3556 itaque

1980 3578 2284 3663 spatiorum
2321 3588 2689 3645 et'linearum
2746 3586 2801 3641 in
2861 3580 3207 3655 geometricis
3256 3577 3575 3648 corporibus

1981 3683 2269 3755 quantitati
2310 3683 2618 3752 deputatur.
2670 3679 2925 3735 Laterum
2972 3691 3102 3731 vero
3128 3672 3574 3745 angulorumque

1981 3776 2116 3831 ordo
2157 3784 2317 3846 atque
2369 3774 2586 3844 positio,
2639 3770 3156 3843 superﬁcierumque
3206 3763 3573 3830 habitudines,

1982 3868 2258 3938 qualitatis
2282 3866 2562 3936 proprium
2588 3876 2689 3928 est,
2724 3872 2781 3919 et
2802 3862 3001 3919 dicitur
3026 3861 3195 3917 forma
3220 3856 3572 3929 geometrica,

1981 3974 2077 4015 seu
2103 3956 2319 4029 preprie
2345 3956 2518 4025 ﬁgura
2548 3955 2612 4009 ¹⁶.
2654 3955 2792 4010 Dum
2818 3968 2948 4008 vero
2984 3951 3037 4006 in
3074 3949 3409 4004 naturalibus
3453 3960 3572 4029 cor-

1982 4028 2203 4114 poribus
2232 4054 2490 4097 nnmerus
2523 4037 2911 4102 membrorum,
2939 4043 3101 4103 atque
3133 4030 3429 4093 distinctio,
3457 4028 3572 4084 sive

1982 4132 2322 4190 naturalibus
2351 4129 2766 4187 discretionibus
2792 4139 3166 4198 segregemur,
3205 4122 3319 4177 sive
3350 4127 3568 4175 natura

1985 4227 2110 4281 liter
2130 4224 2235 4281 sibi
2263 4223 2495 4279 invicem
2536 4219 2821 4291 conjuncta
2853 4218 2991 4283 sint,
3016 4213 3362 4287 perspicitur,
3400 4226 3572 4280 quan-

1987 4318 2157 4376 titatis
2178 4317 2455 4389 proprium
2486 4329 2606 4372 esse
2629 4327 2795 4369 nemo
2818 4310 3049 4381 denegat
3066 4308 3106 4339 ίτ
3127 4348 3140 4372 ,
3173 4305 3418 4362 ordinem
3440 4317 3570 4357 vero

1986 4421 2149 4483 atque
2174 4410 2497 4483 positionem
2525 4405 2850 4464 naturalium
2878 4403 3111 4474 partium
3141 4415 3237 4457 seu
3290 4398 3566 4453 membro-

1988 4522 2111 4562 rum
2136 4506 2203 4561 ad
2231 4503 2546 4576 qualitatem
2573 4499 2815 4567 referrri,
2847 4497 3187 4567 formamque
3220 4492 3441 4566 proprie
3465 4504 3563 4545 vo-

1980 4598 2113 4655 cari.
2132 4597 2372 4654 Dicimus
2385 4596 2530 4652 enim
2567 4596 2610 4627 ¹⁸
2636 4593 2865 4650 formam
2888 4590 3358 4646 hominis'sursum
3381 4596 3567 4638 versus

1981 4700 2244 4757 erectam,
2276 4698 2581 4747 ceterorum
2602 4703 2732 4743 vero
2753 4683 3068 4741 animalium
3094 4681 3344 4737 deorsum
3375 4691 3565 4732 versus

1978 4798 2228 4854 pronam.
2301 4781 2452 4838 Unde
2530 4779 2802 4836 deformes
2853 4777 3125 4841 dicuntur,
3181 4773 3270 4845 qui
3326 4784 3563 4841 congrua

1979 4875 2347 4934 membrorum
2370 4874 2658 4932 harmonia
2672 4880 2889 4937 carent,
2914 4880 3009 4927 seu
3037 4868 3237 4925 coloris
3264 4863 3565 4937 pulchritu-

1979 4970 2106 5026 dine
2147 4969 2450 5039 privantur,
2502 4982 2643 5038 quae
2695 4982 2764 5022 ex
2789 4963 3049 5035 qualitate
3078 4963 3254 5033 ignea,
3304 4971 3443 5028 quae
3480 4962 3563 5009 est
3607 4978 3619 4989 -

1977 5060 2127 5117 calor
2155 5060 2195 5094 ¹⁹
2236 5098 2253 5126 ,
2305 5058 2623 5129 corporibus
2669 5055 2987 5113 innascitur.
3025 5053 3160 5109 Nam
3193 5050 3340 5109 color
3365 5045 3562 5104 dicitur

1979 5152 2133 5222 quasi
2162 5150 2311 5208 calor
2335 5148 2637 5206 mutatione
2665 5148 2825 5205 unius
2849 5146 3083 5204 litterae.
3110 5144 3176 5201 Et
3204 5143 3374 5198 forma
3401 5152 3562 5194 voca-

1567 5347 1819 5406 VARIAE
1856 5346 2260 5407 LECTIONES.

400 5509 420 5543 ⁸
470 5510 517 5567 Δ
572 5514 730 5569 enim.
835 5516 855 5547 ’
907 5514 999 5572 Sic
1055 5513 1221 5582 ADE;
1269 5514 1311 5572 C
1368 5514 1559 5569 metiri.
1637 5514 1657 5547 ³
1707 5511 1797 5568 Sic
1850 5513 2028 5578 CDE;
2097 5513 2134 5566 Α
2204 5527 2457 5580 gramine.
2564 5509 2779 5582 ‘_CDE
2850 5509 3085 5582 immanior

893 5586 915 5619 ⁵
969 5576 1347 5658 seperabilitcr.
1376 5656 1383 5658 ξ
1413 5586 1432 5618 ⁷
1459 5585 1577 5658 LSic
1631 5585 1796 5648 ACE;
1855 5584 1897 5637 Ι)
1930 5576 2069 5658 “cum
2123 5576 2326 5658 vidctur
2382 5583 2495 5651 quis
2527 5621 2540 5645 ,
2584 5578 2807 5658 inquit.
2830 5576 2891 5658 “3'
3062 5576 3193 5631 (ΖΒΕ
3216 5594 3235 5658 :_
3295 5576 3337 5629 Λ
3362 5579 3560 5658 oculos»

1260 5658 1301 5689 ¹⁰
1330 5656 1421 5711 Sic
1446 5654 1611 5721 CDE;
1644 5657 1684 5710 Δ
1717 5658 1847 5709 solo.
1883 5691 1896 5713 .
1926 5656 1963 5686 “
1998 5655 2038 5706 D
2065 5652 2502 5722 contemplantur.

284 5579 317 5617 ³
374 5578 418 5635 D
475 5585 807 5655 accipiemus.

288 5669 426 5711 esse.
445 5724 469 5728 *Α
504 5657 527 5691 ι
554 5655 646 5728 Sic
680 5657 843 5716 CDE:
877 5658 919 5710 A
946 5655 1176 5728 quidem.

2564 5506 2611 5579 ‘7
2645 5504 2779 5564 (ΓιοΕ
2850 5509 3129 5579 ἐφιπανίανε
3256 5503 3554 5579 epiphattia.

2582 5650 2623 5681 ¹³
2656 5650 2745 5705 Sic
2783 5650 2900 5714 AE;
2946 5648 3032 5701 CD
3063 5649 3280 5717 generis.
3362 5648 3403 5678 ³³
3449 5648 3555 5699 suis

287 5738 407 5796 om.
430 5724 536 5796 70.;
585 5724 629 5757 η
660 5744 820 5782 mrum
842 5759 914 5768 —
938 5719 1136 5796 formae
1163 5744 1272 5783 om.
1303 5729 1374 5793 E;
1404 5728 1446 5781 A
1470 5719 1664 5794 forma.
1745 5728 1787 5758 ⁸⁸
1823 5726 1863 5779 Ι)
1894 5743 2080 5793 (armis
2110 5719 2354 5794 rlumt’ast
2381 5739 2514 5778 tum.
2592 5722 2635 5755 ”
2668 5721 2758 5776 Sic
2781 5720 2907 5787 AD;
2953 5719 2995 5774 C
3015 5721 3232 5790 ﬁgurae,
3345 5719 3534 5789 figuret

288 5792 345 5832 "
382 5794 474 5851 Sic
514 5794 679 5865 CDE;
709 5796 756 5854 A
782 5792 1014 5871 deneget.
1092 5797 1138 5831 ¹⁸
1176 5799 1316 5856 enim
1344 5792 1554 5854 om.'n.
1633 5798 1675 5833 ίο
1712 5798 1803 5853 Sic
1838 5799 1912 5862 A;
1951 5792 2080 5851 (ῑυις
2108 5792 2268 5849 ἐρίοιο.
