3988 5486
505 373 612 432 495

1899 356 2181 418 JOANNIS
2218 355 2416 416 SCOTI

3653 337 3767 398 aes

507 495 599 546 tur
623 502 655 542 a
682 484 879 552 formo,
904 482 1008 541 hoc
1025 489 1112 538 est
1145 478 1320 538 calido
1337 519 1355 547 ,
1398 491 1659 536 conversa
1679 491 1824 530 mum
1878 474 2082 546 syllaba
2109 476 2161 536 Α
2185 479 2444 543 quattuor
2459 464 2846 522 elementorum
2867 462 3067 520 coitum
3091 457 3376 516 materiam
3395 454 3639 528 gignere,
3667 450 3769 508 ali-

507 575 564 632 in
594 593 700 632 ma.
721 573 944 645 Antiqui
965 572 1230 643 siquidem
1255 569 1487 625 formum
1508 568 1758 624 dicebant
1776 565 2006 621 calidum
2030 575 2079 616 ι.

509 670 662 728 Unde
686 679 742 724 et
791 669 1025 739 forcipes
1054 666 1286 722 formum
1315 663 1589 735 capientes
1615 659 1972 730 appellantur.
2001 655 2086 712 ln-

507 777 729 818 normes
778 774 993 832 quoque
1052 773 1165 824 eos,
1224 756 1315 827 qui
1376 756 1676 811 naturalem
1719 752 2085 808 membrorum

510 852 751 924 regulam
779 852 1066 918 excedunt,
1099 849 1254 922 quasi
1283 849 1400 904 sine
1436 862 1645 913 norma,
1677 846 1729 901 id
1757 853 1841 901 est
1877 842 2086 914 regula,

511 942 748 999 solemus
774 943 1075 998 nominare.
1101 939 1288 996 Nonne
1313 940 1488 1005 vides,
1512 939 1616 995 hoc
1634 954 1741 995 non
1762 937 1816 993 in
1842 949 2087 999 numero,

511 1047 616 1090 nec
670 1034 1036 1104 magnitudine
1100 1033 1488 1096 membrorum,
1540 1029 1637 1086 sed
1707 1029 1760 1084 in
1821 1027 2091 1099 positione

511 1125 753 1194 partium
775 1124 1042 1194 corporis,
1067 1121 1292 1192 luceque
1318 1121 1515 1177 coloris
1537 1118 1870 1176 consistere?
1889 1117 1972 1171 An
1997 1114 2090 1171 tibi

514 1213 674 1270 aliter
723 1215 972 1270 videtur?
1027 1213 1171 1270 Dtsc.
1224 1212 1340 1267 Non
1373 1223 1432 1267 ut
1463 1211 1677 1283 Opinor.
1731 1209 1839 1266 Sed
1869 1208 1998 1279 quid
2023 1209 2092 1262 ad

514 1305 849 1374 propositam
882 1303 1254 1375 quaestionem
1296 1301 1418 1357 talis
1445 1302 1675 1357 attineat
1705 1301 1724 1332 ¹
1765 1298 2090 1365 differentia,

514 1408 679 1452 nosse
702 1403 909 1465 specto.
949 1393 1087 1451 Mm.
1115 1392 1254 1448 Num
1305 1392 1596 1462 praedictis
1621 1389 1922 1446 rationibus
1955 1389 2096 1444 inter

518 1503 621 1544 nos
645 1495 728 1543 est
760 1502 1096 1551 concessum,
1140 1485 1283 1542 aliud
1321 1499 1444 1541 esse
1465 1499 1686 1556 corpus,
1722 1483 1866 1539 aliud
1889 1479 2097 1552 curias?

517 1577 666 1636 DtSC.
701 1579 866 1648 Satis,
892 1579 1290 1651 plurimumque
1327 1579 1369 1632 '.
1689 1557 1693 1561 ’

587 1671 677 1729 55.
694 1671 834 1728 MAG.
859 1671 918 1727 Si
940 1671 962 1704 ³
997 1671 1179 1742 itaque
1203 1669 1436 1726 naturali
1467 1669 1792 1726 discretione
1817 1670 2098 1741 quantitas

514 1763 758 1834 corporis
781 1764 848 1818 ab
878 1763 1158 1819 intellectu
1189 1764 1370 1817 θυσίαι
1403 1770 1712 1834 separatur,
1750 1762 1997 1833 quamvis
2027 1762 2097 1818 si-

2184 562 2399 634 quando
2418 557 2732 630 quantitatis
2757 565 2915 627 ntque
2934 553 3208 625 qualitatis
3229 547 3417 605 curiae
3442 550 3770 602 conventum

2184 632 2407 708 causam
2455 647 2715 706 materiae
2753 660 2888 702 esse.
2938 644 3046 700 Nec
3084 643 3307 706 mirum,
3351 637 3612 710 quoniam
3645 632 3768 689 illos

2185 741 2338 810 latet,
2368 755 2475 796 non
2499 739 2718 795 aliunde
2741 736 2927 793 mundi
2956 733 3115 804 huius
3142 732 3434 793 elementa,
3480 725 3590 781 nisi
3613 735 3770 795 prae-

2187 833 2453 890 dictorum
2467 832 2646 888 ouat‘ae
2657 829 3012 886 accidentium
3025 838 3290 881 concursu
3310 815 3770 888 componiJgnent

2187 926 2452 998 siquidem
2472 924 2716 982 caliditas
2727 921 2751 955 '
2763 921 3018 986 ariditati,
3041 933 3164 974 aera
3179 914 3427 971 caliditas
3441 905 3770 973 humiditati,

2188 1033 2383 1090 aquam
2398 1001 3003 1086 humiditasfrigidilati,
3029 1020 3229 1066 terram
3246 1005 3522 1076 frigiditas
3535 1001 3770 1056 ariditati

2191 1106 2440 1180 copulata
2477 1105 2788 1163 coniiciunt.
2815 1103 2883 1159 Et
2911 1100 3166 1173 quoniam
3193 1097 3507 1170 praedictae
3536 1091 3770 1163 qualita—

2191 1210 2278 1257 tes
2324 1199 2540 1256 sibimet
2593 1206 2850 1254 coeuntes
2896 1209 2994 1267 per
3043 1208 3102 1248 se
3153 1202 3420 1262 apparere
3476 1202 3586 1242 non
3653 1198 3773 1254 pos-

2193 1305 2342 1359 sunt,
2377 1290 2650 1362 quantitas
2705 1286 3079 1344 subministrat
3125 1283 3204 1339 eis
3228 1289 3533 1351 quantum,
3566 1278 3621 1330 in
3675 1290 3776 1346 quo

2195 1381 2525 1440 sensibiliter
2550 1378 2814 1435 elueeant.
2841 1375 3125 1444 Quantitas
3168 1371 3435 1443 siquidem
3483 1366 3653 1422 veluti
3682 1379 3782 1446 psc-

2193 1473 2429 1532 cundum
2455 1469 2756 1540 subiectum
2795 1475 2880 1525 est
2905 1475 3028 1539 post
3052 1467 3248 1530 οὐσίαν,
3286 1463 3521 1531 ideoque
3543 1458 3566 1490 '
3616 1457 3672 1512 in
3696 1471 3782 1511 or-

2193 1565 2323 1622 dine
2341 1563 2738 1635 categoriarum
2766 1560 2942 1632 prima
2965 1565 3088 1628 post
3111 1569 3234 1611 eam
3259 1552 3504 1624 ponitur,
3527 1547 3782 1635 quoniam

2197 1659 2316 1715 sine
2361 1634 2664 1727 quantitate
2703 1650 2939 1725 qualitas
2979 1647 3156 1705 nescit
3197 1642 3489 1701 manifesta
3538 1639 3682 1694 ﬁeri.
3725 1634 3783 1692 Si

2201 1752 2385 1822 itaque
2441 1748 2709 1805 elementa
2752 1741 3057 1816 quantitate
3097 1738 3470 1810 qualitateque
3519 1732 3680 1796 ﬁunt,
3735 1738 3785 1785 et

513 1852 684 1908 bimet
723 1853 1086 1919 adhaereant,
1143 1853 1217 1909 ita
1267 1862 1328 1910 ut
1377 1826 1533 1911 οὐέία
1574 1826 1873 1924 subjectum
1918 1834 2098 1925 quan;
2124 1839 2174 1901 B
2199 1858 2429 1918 corpora
2454 1858 2522 1900 ex
2545 1841 2829 1899 elementis
2852 1879 2868 1907 ,
2898 1835 3293 1909 exquantitate
3330 1832 3499 1904 igitur
3529 1839 3588 1884 et
3619 1826 3787 1899 qualia

515 1942 685 1999 titatis
724 1945 795 2000 ait
839 1952 895 2000 et
921 1945 1129 2016 quanti,
1173 1945 1289 2016 ipsa
1329 1959 1458 2003 vero
1482 1946 1760 2016 quantitas
1798 1959 1895 2002 seu
1925 1959 2097 2016 quan-

515 2044 630 2092 tum
684 2037 984 2094 accidentia
1037 2039 1150 2094 sint
1210 2038 1392 2094 ouaiae
1438 2054 1460 2094 :
1503 2053 1684 2101 nonne
1731 2038 1852 2094 luce
1903 2037 2102 2095 clarius

515 2137 622 2195 est,
651 2129 812 2184 aliam
833 2143 954 2185 esse
983 2128 1234 2196 formam,
1262 2143 1402 2199 quae
1455 2129 1510 2185 in
1542 2130 1658 2199 ipsa
1690 2129 1860 2197 οὐσία,
1899 2145 2008 2186 non
2042 2137 2103 2185 ut

515 2221 792 2288 accidens,
847 2222 941 2278 sed
988 2231 1051 2277 ut
1103 2222 1379 2294 idipsum‘
1429 2224 1502 2291 ei,
1546 2224 1891 2295 prospicitur,
1917 2223 2098 2292 aliam,

515 2313 658 2382 quae
699 2325 768 2366 ex
809 2311 1069 2382 qualitate
1111 2312 1398 2382 quantitati
1444 2313 1699 2386 adiuncta
1737 2328 1934 2385 corpus
1984 2313 2102 2369 elli-

517 2401 595 2459 cit
621 2402 955 2474 perfectum?
1000 2402 1148 2460 Disc.
1188 2401 1308 2462 Jam
1352 2404 1531 2472 video,
1568 2420 1678 2475 quo
1721 2405 1915 2462 tendis.
1960 2403 2101 2462 llas.

519 2497 798 2568 Putasne,
851 2514 940 2556 me
987 2499 1124 2558 velle
1172 2501 1405 2558 formam
1448 2500 1791 2559 essentialem
1842 2502 2106 2558 materiae

520 2590 828 2661 adiunctam
857 2591 1107 2650 naturale
1133 2607 1328 2664 corpus
1351 2593 1596 2651 edicere?
1644 2594 1789 2651 Dtsc.
1810 2593 1892 2650 Ne
1912 2594 1966 2650 id
1987 2594 2107 2665 qui-

519 2682 677 2752 dem;
710 2685 874 2744 immo
896 2702 1022 2744 vero
1043 2687 1186 2744 nolle
1214 2697 1266 2745 te
1289 2689 1466 2746 video.
1523 2689 1661 2748 Mac.
1713 2690 1828 2757 Dic,
1881 2705 2102 2760 quaeso,

524 2779 835 2850 quomodo?
867 2779 1012 2838 Disc.
1044 2779 1125 2837 Ex
1151 2781 1427 2852 praedicta
1453 2781 1748 2840 formarum
1776 2781 2102 2850 differentia,

524 2867 802 2924 naiadum
853 2869 1060 2926 scilicet
1106 2871 1671 2944 qualitativarumque,
1725 2873 1926 2928 videris
1971 2871 2106 2928 mihi

523 2973 634 3016 non
663 2959 810 3016 aliud
855 2961 1102 3029 suadere,
1131 2962 1234 3019 nisi
1261 2978 1384 3020 eam
1431 2964 1685 3031 formam,
1713 2979 1853 3036 quae
1897 2963 2107 3036 species

477 3085 484 3090 -
522 3050 804 3122 qualitatis
850 3063 959 3120 est,
1007 3055 1270 3112 materiae
1294 3057 1696 3127 superadditam
1747 3068 1968 3127 corpus,
2018 3053 2105 3110 cui

523 3145 684 3202 οὐσία
715 3145 982 3215 subsistit,
1024 3148 1307 3219 perlicere.
1338 3149 1485 3207 Haec
1527 3151 1729 3208 etenim
1771 3151 1876 3205 tria
1908 3149 1961 3205 in
1990 3163 2106 3206 om-

525 3236 689 3294 nibus
742 3239 1080 3296 naturalibus
1139 3239 1500 3311 inspiciuntur
1551 3243 1907 3314 corporibus:
1935 3241 2106 3307 οὐσία,

525 3327 825 3398 quantitas,
851 3329 1102 3399 qualitas.
1129 3329 1237 3387 Sed
1256 3335 1410 3392 οὐσία
1449 3332 1567 3389 solo
1595 3337 1807 3405 semper
1832 3332 2108 3408 intellectu
2163 3395 2174 3408 .

526 3418 800 3488 cernitur;
825 3422 880 3476 in
902 3421 1050 3478 nullo
1073 3422 1218 3479 enim
1240 3423 1527 3481 visibiliter
1547 3434 1793 3497 apparet.
1823 3407 2109 3493 Quantitas

521 3522 661 3566 vero
696 3519 752 3565 et
769 3512 1004 3582 qualitas
1060 3513 1137 3570 ita
1161 3513 1503 3572 invisibiliter
1525 3525 1652 3572 sunt
1677 3517 1729 3572 in
1756 3518 1931 3595 οὐσίᾳ,
1967 3526 2030 3573 ιιι
2053 3517 2107 3573 in

526 3611 791 3673 quantum
813 3612 870 3660 et
889 3603 1048 3675 quale
1075 3605 1360 3663 visibiliter
1397 3619 1705 3680 erumpant,
1737 3610 1862 3665 dum
1911 3624 2110 3681 corpus

525 3690 782 3748 sensibile
807 3693 950 3750 inter
999 3709 1060 3751 se
1103 3693 1422 3766 coniunctae
1447 3708 1799 3770 componunt.
1849 3697 1906 3754 Si
1963 3699 2107 3756 enim

524 3781 911 3851 geometricum
957 3798 1177 3856 corpus,
1223 3785 1312 3841 cui
1359 3787 1507 3843 nulla
1555 3787 1743 3844 subest
1792 3790 1960 3854 οὐσία,
1993 3789 2109 3845 sola

527 3870 834 3940 quantitate
883 3875 1182 3946 spatiorum
1205 3917 1221 3945 ,
1280 3876 1674 3950 linearumque,
1726 3879 2110 3951 qualitatisque

519 3960 720 4033 forma,
753 3981 896 4039 quae
935 3969 1105 4041 ﬁgura
1158 3972 1376 4040 dicitur,
1425 3975 1822 4032 rationabiliter
1858 3986 2112 4034 constare

521 4056 790 4128 probatur
824 4076 842 4116 :
871 4063 1003 4134 quid
1027 4062 1394 4135 impedimenti
1421 4075 1524 4134 est,
1555 4075 1616 4124 ut
1639 4067 1887 4125 naturale
1924 4067 1947 4102 ⁸
1994 4084 2113 4126 cor-
2166 4055 2170 4059 ”

522 4160 648 4219 pus,
692 4150 782 4206 cui
819 4151 991 4208 virtus
1031 4155 1214 4210 curiae
1265 4156 1334 4210 ad
1380 4158 1804 4228 permanendum
1860 4159 2110 4227 substat,

522 4247 788 4310 quantum
818 4258 1039 4302 manere
1082 4247 1245 4315 valet,
1287 4263 1352 4304 ea
1385 4249 1576 4317 forma,
1629 4266 1770 4322 quae
1809 4266 1873 4307 ex
1938 4251 2113 4324 quali-

524 4337 639 4386 tate
663 4342 774 4401 est,
805 4334 1014 4405 adiecta
1039 4339 1346 4408 quantitati,
1372 4355 1514 4410 quae
1533 4357 1601 4397 ex
1627 4342 1855 4398 materia
1883 4343 2114 4399 assumi-

525 4430 635 4492 tur,
655 4426 844 4496 perlici
867 4445 974 4486 non
997 4430 1021 4462 ⁶
1045 4430 1326 4487 dicamus?
1349 4431 1465 4487 Non
1490 4433 1636 4489 enim
1664 4435 1807 4490 aliud
1823 4436 2114 4491 tesuaderc

527 4518 779 4626 Ῐθξιίωοἶ
839 4533 1000 4589 quam
1051 4530 1109 4576 ut
1158 4537 1578 4594 cognoscamus,
1623 4534 1876 4594 quattuor
1926 4527 2190 4626 mundiD

529 4604 690 4676 huius
730 4607 1124 4667 elementorum
1145 4613 1202 4668 in
1225 4629 1286 4671 se
1312 4615 1546 4671 invicem
1571 4631 1838 4672 concursu
1865 4626 2110 4672 contem-

522 4700 879 4779 perantiaque
905 4704 1193 4761 materiam
1237 4721 1529 4779 corporum
1565 4707 1680 4765 ﬁeri
1701 4748 1715 4774 ,
1767 4709 1855 4766 cui
1899 4707 2108 4778 adiecta

526 4789 890 4866 qualicunque
938 4810 1007 4854 ex
1053 4799 1316 4870 qualitate
1362 4801 1536 4858 forma
1564 4801 1864 4874 perfectum
1912 4817 2111 4873 corpus

523 4877 778 4940 aﬂcitur.
801 4886 921 4944 Non
950 4889 1095 4946 enim
1140 4892 1276 4949 mihi
1299 4897 1480 4951 obstat
1497 4894 1542 4963 τ,
1603 4895 1748 4966 quod
1779 4894 1984 4952 multis.
2013 4893 2108 4950 Vi-

526 4975 723 5034 demur
735 4995 968 5054 namque
977 4983 1061 5042 eis
1079 4995 1268 5044 contra
1295 4998 1508 5045 nosmet
1532 5003 1712 5061 agere,
1729 4987 2112 5058 contrariaque

522 5073 587 5129 et
628 5073 787 5132 nobis
833 5077 1178 5138 adversantia
1226 5081 1467 5151 ﬁrmare,
1509 5083 1772 5150 dicentes,
1823 5079 2111 5152 aliquando

2203 1947 2315 1996 tate
2339 1936 2385 1972 ⁸⁸
2404 1951 2632 2008 corpora
2661 1943 2803 1991 sunt.
2841 1933 2981 1990 Mac.
3010 1929 3274 2000 Quoniam
3320 1927 3491 1999 igitur
3531 1923 3714 1987 video,
3739 1931 3787 1974 te

2201 2032 2516 2092 intentionis
2541 2039 2760 2087 nostrae
2782 2028 2944 2083 linem
2965 2033 3121 2082 acute
3145 2021 3517 2093 perspexisse,
3542 2016 3653 2082 dic,
3673 2029 3785 2078 oro,

2201 2139 2332 2181 num
2379 2122 2476 2179 tibi
2527 2122 2663 2178 haec
2715 2118 2908 2175 divisio
2951 2115 3250 2172 formarum
3301 2111 3357 2167 in
3409 2110 3556 2165 duas
3582 2105 3788 2177 species

2203 2216 2404 2275 diversi
2432 2215 2668 2289 generis,
2689 2213 2871 2269 curiae
2891 2208 3143 2266 videlicet
3170 2215 3334 2276 atque
3352 2200 3663 2275 qualitatis,
3678 2207 3789 2254 rata

2202 2323 2323 2366 esse
2349 2307 2586 2372 videtur,
2637 2301 2846 2360 necne?
2903 2300 3050 2357 Dtsc.
3099 2298 3241 2354 Rata
3270 2295 3526 2368 quidem,
3577 2291 3792 2362 verique

2204 2400 2419 2466 similis,
2459 2399 2588 2454 licet
2612 2411 2718 2454 non
2744 2394 2862 2451 sine
2886 2391 3052 2448 animi
3075 2389 3180 2447 mei
3221 2385 3482 2459 scrupulo
3535 2383 3684 2440 hanc
3712 2397 3792 2437 ra-

2206 2491 2516 2550 tionabilem
2547 2502 2666 2545 esse
2718 2486 2763 2520 “
2792 2481 3178 2542 concesserim.
3214 2479 3432 2536 Etenim
3487 2476 3537 2510 “
3589 2473 3792 2530 facilius

2205 2585 2339 2643 mihi
2363 2583 2644 2650 suaderes,
2673 2580 2905 2638 formam
2933 2575 3347 2634 substantialem
3390 2572 3672 2629 materiae
3709 2570 3792 2625 ad-

2198 2677 2403 2748 iectam
2428 2674 2676 2732 naturale
2711 2685 2909 2744 corpus
2935 2669 3290 2734 constituere,
3319 2679 3492 2738 quam
3519 2662 3794 2736 qualitati-

2205 2785 2349 2826 vam.
2379 2768 2612 2826 Causam
2631 2765 2898 2838 siquidem
2921 2759 3326 2820 constitutionis
3347 2755 3613 2827 corporis
3635 2755 3794 2810 οὐσίαν

2205 2875 2344 2926 esse,
2385 2875 2492 2918 non
2517 2857 2850 2930 qualitatem,
2877 2852 3210 2926 probabilius
3250 2848 3612 2906 crediderim.
3639 2845 3794 2902 Prae-

2209 2954 2369 3014 dictis
2414 2967 2647 3024 namque
2674 2949 2974 3008 rationibus
3001 2946 3290 3005 collectum
3313 2940 3542 3014 opinor,
3575 2937 3796 3010 qualita-

2209 3059 2316 3106 tem
2370 3063 2478 3104 non
2519 3046 2691 3104 solum
2737 3043 3020 3109 materiae,
3047 3053 3236 3097 verum
3259 3036 3429 3093 etiam
3495 3033 3544 3068 ⁸³
3598 3031 3798 3088 formae

2207 3155 2428 3198 causam
2453 3155 2601 3203 esse;
2626 3145 2871 3207 excepto,
2897 3135 3042 3206 quod
3069 3131 3353 3189 materiam
3380 3128 3562 3184 mixta
3586 3123 3797 3196 quanti-

2213 3234 2312 3290 tati
2354 3230 2572 3298 elliciat,
2610 3230 2848 3297 ,formam
2878 3242 3005 3283 vero
3049 3239 3150 3296 per
3178 3236 3240 3279 se
3263 3220 3381 3279 sola
3403 3217 3686 3275 materiae
3711 3229 3798 3270 su-

2211 3321 2514 3397 perfundat.
2543 3320 2660 3377 Non
2683 3320 2826 3391 quod
2849 3315 3156 3382 nescierim,
3178 3328 3343 3371 unam
3361 3324 3596 3368 causam
3610 3306 3797 3363 multos

2213 3431 2282 3473 ex
2312 3429 2374 3471 se
2395 3411 2620 3470 ell'ectus
2646 3411 2947 3484 producere
2964 3447 2979 3475 ,
3025 3421 3151 3464 cum
3172 3405 3412 3472 videam,
3439 3417 3512 3459 ex
3542 3416 3658 3456 uno
3683 3399 3796 3470 igne

2157 3508 2162 3513 ⁷
2212 3509 2448 3566 calorem
2475 3504 2632 3562 simul
2658 3513 2714 3561 et
2741 3503 2917 3560 lucem
2938 3513 3246 3571 erumpere,
3281 3498 3574 3570 ipsamque
3628 3491 3795 3548 lucem

2212 3613 2432 3658 causam
2480 3597 2780 3669 splendoris
2807 3602 2864 3650 et
2889 3593 3202 3648 umbrarum
3243 3601 3384 3647 esse.
3417 3585 3561 3656 Quid
3591 3579 3794 3639 dicam?

2213 3699 2427 3774 Quanta
2453 3696 2668 3752 diversa
2698 3707 2924 3763 corpora
2940 3706 3048 3745 una
3063 3688 3365 3757 eademque
3387 3683 3527 3738 ﬁunt
3542 3673 3793 3735 materia?

2213 3791 2331 3848 Una
2361 3789 2537 3847 forma
2568 3786 2620 3842 in
2643 3792 2774 3857 quot
2797 3781 3182 3853 multiplicatur
3202 3775 3503 3834 numeros?
3529 3781 3586 3829 et
3617 3777 3791 3826 cetera

2213 3881 2540 3956 huiusmodi.
2587 3879 2763 3949 Atque
2787 3876 2909 3932 ideo
2953 3876 3126 3931 οὐσίαν
3157 3871 3328 3942 ipsam
3360 3867 3595 3925 formam
3627 3870 3792 3918 mate-

2213 3955 2326 4035 riae
2377 3974 2493 4033 iieri
2516 3971 2750 4044 putarim
2779 3968 2843 4034 ιδ,
2875 3983 2986 4025 non
3015 3973 3196 4022 autem
3223 3960 3344 4034 eius
3369 3955 3691 4015 accidentia.

2288 4070 2430 4128 MAG.
2478 4068 2645 4124 Miror
2671 4064 2843 4131 valde,
2874 4079 2973 4119 cur
3002 4071 3112 4116 tam
3151 4057 3281 4125 cito,
3314 4070 3460 4128 quae
3482 4051 3649 4125 paulo
3678 4055 3795 4104 ante

2218 4165 2363 4220 inter
2389 4176 2491 4218 nos
2518 4159 2585 4216 ad
2619 4172 2812 4229 purum
2843 4156 3074 4211 deducta
3099 4157 3248 4216 sunt,
3282 4158 3375 4204 tua
3403 4145 3664 4201 labuntur
3687 4153 3792 4195 me-

2215 4253 2409 4311 moria.
2460 4249 2754 4308 Considera
2806 4246 2990 4314 itaque
3019 4240 3352 4313 diligentius,
3401 4245 3567 4306 atque
3608 4231 3791 4288 eadem

2213 4344 2452 4402 breviter
2480 4350 2808 4413 repetamus.
2839 4338 2986 4392 Dtsc.
3016 4335 3241 4390 Praesto
3300 4344 3424 4385 sum
3469 4325 3547 4392 ³⁸;
3596 4331 3790 4392 repete.

2217 4437 2358 4492 Msa.
2388 4435 2525 4490 Num
2568 4434 2889 4489 inconcusse
2920 4429 3063 4483 inter
3095 4439 3194 4480 nos
3241 4426 3597 4483 convenerat,
3623 4415 3796 4472 εὗσεν

2218 4532 2592 4601 incorporeum
2635 4525 2792 4581 esse?
2851 4523 2999 4577 Dtsc.
3054 4517 3415 4574 Convenerat.
3442 4508 3589 4564 Hac.
3640 4501 3790 4572 Atqui

2217 4595 2452 4678 nondum
2483 4614 2738 4673 oblivioni
2776 4622 2829 4668 te
2849 4611 3062 4667 dedisse
3089 4601 3446 4666 aestimarim,
3469 4595 3794 4670 quantitates

2215 4712 2632 4786 qualitatesque,
2679 4712 2941 4777 quantum
3005 4701 3060 4756 in
3109 4695 3303 4765 seipsis
3331 4691 3667 4763 cogitantur,
3713 4684 3791 4737 ξιιο

2215 4777 2506 4876 corporeas
2523 4777 2676 4866 esse,
2707 4806 2764 4854 et
2790 4795 2975 4854 nonin
2999 4791 3106 4847 alio
3125 4787 3373 4858 subiecto
3403 4781 3509 4838 nisi
3539 4781 3596 4836 in
3619 4777 3788 4838 ausit,

2214 4868 2606 4958 cui-accidunt,
2663 4887 2981 4951 subsistere,
3037 4890 3094 4938 et
3141 4872 3584 4947 inseparabiliter
3631 4868 3707 4958 in;
3735 4879 3789 4920 ea

2214 5001 2458 5043 manere.
2501 4955 2646 5038 Dtsc.
2696 4976 2813 5034 Hoc
2837 4986 3054 5046 quoque
3100 4967 3334 5025 ﬁrmiter
3385 4962 3631 5021 obtineo.
3658 4955 3786 5046 In.

2217 5042 2356 5136 l‘ium
2383 5079 2565 5148 itaque
2589 5042 2942 5145 probabiliter
2965 5042 3258 5122 dicendum
3283 5064 3397 5123 est,
3441 5065 3630 5118 omne,
3656 5042 3790 5119 quod

1809 5257 2065 5316 VARIAE
2099 5252 2499 5315 LECTIONES.

601 5394 620 5429 I
651 5393 741 5434 Sin
769 5395 900 5428 Dnm
955 5397 976 5420 ι

1834 5393 1853 5412 ·
1889 5390 1968 5422 ιη
2243 5375 3112 5486 δδερββίκΑριέίεεκτξίιῖίξςοως
3134 5363 3533 5486 suis”?

2713 5434 2996 5486 Ῐ-ιιΙὸιΗὶηήε
3091 5441 3112 5473 ⁸
3136 5439 3310 5486 “idea
3413 5436 3461 5468 ¹⁶
3483 5434 3528 5456 ’⁵
3558 5448 3620 5462 ’⁸
3636 5445 3790 5474 nun--
