3988 5542
175 282 296 342 ιθτ

1079 285 1172 341 DE
1208 283 1550 343 DIVISIONE
1583 284 1935 346 NATURAE.
1970 317 2045 333 —
2072 285 2277 343 LIBER
2308 286 2590 344 PRIMUS.

3350 287 3460 345 ιθε

144 382 492 469 ‘quantitate
536 400 593 452 et
638 394 900 467 qualitate
921 396 1226 465 coniicitur,
1254 398 1359 456 hoc
1398 407 1482 455 est
1509 407 1771 470 quantum
1800 413 1850 474 Α
1875 403 2028 472 bilia,
2047 403 2246 475 quibus
2263 402 2498 472 utimur;
2520 413 2581 460 ut
2600 410 2730 461 sunt
2753 410 3010 474 quattuor
3024 402 3210 462 mundi
3239 404 3457 476 hujus“

174 498 240 549 et
289 488 476 562 quale,
530 504 639 547 non
670 489 890 548 aliunde
913 491 1317 548 constitutionis
1360 506 1492 549 suae
1549 508 1769 549 causam

171 584 455 656 accipere,
511 582 617 640 nisi
672 583 742 639 ab
792 583 909 655 ipsa
958 584 1132 652 οὐσία,
1164 584 1250 640 cui
1290 585 1612 641 naturaliter
1654 585 1770 656 ipsa

170 675 463 749 quantitas
483 682 541 731 et
560 674 792 746 qualitas
834 674 999 731 veluti
1053 675 1231 747 prima
1257 674 1557 733 accidentia
1596 674 1775 730 maxi-

168 781 382 840 maque
403 767 701 838 probantur
721 766 990 833 accidere,
1017 775 1076 822 et
1099 767 1216 823 sine
1244 781 1350 838 qua
1374 781 1483 823 non
1506 764 1768 838 possunt‘

164 857 340 917 esse?
372 856 642 929 Quicquid
684 840 829 912 enim
856 871 926 914 ex
963 857 1070 923 bis,
1119 870 1260 928 quae
1313 856 1367 913 in
1416 858 1566 914 fonte
1616 865 1768 925 sunt,

167 949 547 1022 progreditur,
575 962 675 1003 cur
696 962 802 1004 non
822 949 891 1004 ad
916 949 1091 1019 ipsum
1115 947 1319 1004 fontem
1343 948 1631 1015 referatur,
1662 964 1767 1005 nou

132 1098 141 1133 ι
169 1038 391 1108 habeo;
417 1041 736 1111 praesertim
763 1055 885 1097 cum
909 1040 1025 1111 ipsa
1052 1041 1223 1105 οὐσία,
1258 1039 1311 1096 in
1335 1048 1596 1111 quantum
1616 1042 1770 1097 οὐσία

171 1140 291 1198 est,
341 1131 496 1189 nullo
540 1132 701 1188 modo
727 1131 1011 1187 visibiliter
1044 1132 1509 1202 tractabiliterque
1535 1146 1598 1186 ac
1647 1146 1770 1202 spa-

168 1222 321 1279 tiose
346 1222 528 1279 valeat
552 1237 837 1294 apparere.
874 1221 1183 1281 Concursus
1220 1239 1351 1280 vero
1381 1223 1769 1289 accidentium,

166 1329 323 1389 quae
367 1316 419 1372 ei
457 1316 641 1372 insunt
667 1314 712 1382 ',
754 1315 839 1372 vel
865 1316 1013 1373 circa
1060 1330 1181 1373 eam
1226 1315 1617 1388 intelliguntur,
1648 1329 1771 1371 sen-

168 1407 341 1467 sibile
367 1408 639 1480 quoddam
666 1408 1071 1480 spatiosumque
1105 1423 1205 1480 per
1234 1410 1636 1480 generationem
1664 1423 1765 1479 po-

162 1512 288 1563 test
318 1519 534 1562 creare.
567 1503 854 1572 Quantitas
880 1503 1145 1574 siquidem
1168 1511 1224 1559 et
1244 1502 1477 1574 qualitas
1502 1510 1766 1574 quantum

164 1604 228 1651 et
248 1595 417 1667 quale
442 1596 585 1652 inter
611 1610 671 1653 se
697 1593 1053 1666 coniungunt.
1086 1594 1237 1662 Quae
1264 1594 1370 1650 duo
1400 1592 1502 1648 sibi
1534 1593 1765 1648 invicem

166 1686 489 1757 conjuncta,
528 1688 690 1742 modo
709 1686 944 1758 quodam
984 1694 1335 1757 temporeque
1361 1682 1767 1755 generationem

1877 496 2164 562 elementa,
2195 509 2532 568 corporaque
2578 510 2646 552 ex
2673 496 2756 551 eis
2783 496 3099 567 composita.
3143 494 3260 553 Non
3311 497 3456 554 enim

1873 585 2125 642 mortalia
2148 596 2332 643 nostra
2358 601 2588 659 corpora
2616 585 2736 643 sine
2761 585 2849 643 his
2868 595 3091 657 possunt
3115 602 3452 658 permanere.

1873 679 2041 736 Terra
2088 680 2353 752 siquidem
2381 689 2699 752 pascuntur,
2750 681 2979 741 humore
3027 695 3302 756 potantur,
3329 702 3456 744 aere

1872 771 2228 843 inspirantur,
2254 772 2378 843 igne
2401 771 2776 829 calelicantur.
2802 771 3022 831 Duobus
3047 788 3303 833 crescunt
3332 778 3374 810 “
3402 787 3457 839 et
3524 842 3527 845 ν

1871 863 2204 931 nutriuntur,
2256 871 2403 918 terra
2443 871 2499 918 et
2523 878 2665 934 aqua
2694 879 2709 918 :
2739 863 2947 919 duobus
2969 872 3031 920 ut
3072 864 3255 922 vivant
3285 867 3458 923 admi-

1872 954 2195 1020 nistrantur,
2225 969 2353 1010 aere
2399 962 2453 1009 et
2504 953 2627 1025 igne
2656 969 2672 1008 :
2710 953 2818 1009 duo
2867 955 3147 1027 patiuntur
3177 955 3230 1010 in
3260 971 3455 1029 corpus

1870 1042 2230 1110 transeuntia,
2281 1053 2425 1101 terra
2452 1055 2507 1102 et
2526 1058 2663 1117 aqua
2690 1060 2707 1114 ;
2741 1032 2847 1102 duo
2869 1053 3164 1118 operantur
3185 1045 3453 1102 oliicinam

1871 1136 2114 1208 corporis
2155 1135 2441 1192 conﬂantia
2470 1176 2485 1202 ,
2534 1150 2629 1191 aer
2684 1145 2740 1191 et
2792 1135 2950 1208 ignis.
2998 1134 3154 1208 ignea
3190 1136 3456 1207 siquidem

1872 1228 2064 1295 virtus,
2092 1227 2246 1298 cujus
2296 1226 2450 1283 sedes
2473 1226 2525 1281 in
2552 1227 2714 1282 corde
2737 1236 2840 1291 est,
2874 1226 2979 1283 cibi
3028 1236 3293 1299 polusque
3318 1227 3455 1283 bub-

1873 1317 2022 1374 tilem
2062 1332 2162 1387 per
2185 1315 2426 1374 occultos
2447 1331 2609 1386 poros
2634 1316 2688 1378 in
2716 1316 2958 1374 diversas
2998 1317 3243 1388 corporis
3269 1327 3455 1387 partes

1870 1423 2126 1480 vaporem
2148 1408 2442 1473 distribuit,
2470 1406 2832 1463 faeculentum
2858 1406 2913 1463 in
2943 1421 3217 1463 secessum
3247 1408 3453 1465 discer-

1868 1500 1969 1555 nit.
2002 1499 2108 1556 Sed
2130 1500 2244 1570 ipse
2286 1498 2451 1570 ignis,
2475 1497 2577 1554 nisi
2608 1498 2756 1555 aerio
2785 1497 2975 1568 spiritu
3012 1497 3337 1566 insuiﬂetur,
3367 1499 3449 1555 ci-

1869 1576 2047 1662 boque
2066 1604 2131 1646 ae
2149 1597 2277 1659 potu
2301 1588 2345 1621 ¹²
2365 1587 2527 1644 veluti
2546 1588 2868 1659 quibusdam
2889 1585 3453 1658 fomentisnutriatur,
3504 1622 3527 1641 .

1870 1684 1979 1742 cito
2008 1684 2363 1755 extinguitur,
2410 1698 2473 1739 ac
2496 1682 2613 1738 sine
2639 1696 2794 1739 mora
2823 1688 2997 1739 totum
3025 1682 3272 1753 corporis
3300 1682 3453 1738 aedi-

165 1778 525 1849 accipientia,
559 1793 754 1848 corpus
782 1777 1049 1849 integrum
1070 1777 1380 1834 ostendunt.
1402 1774 1599 1832 Cetera
1620 1775 1766 1831 enim
1793 1788 1844 1853 Β
1870 1779 2050 1836 licium
2077 1778 2312 1836 solutum
2334 1777 2734 1850 collapsumque
2752 1776 2993 1849 rigescit,
3015 1776 3214 1849 frigore
3239 1778 3347 1833 vim
3365 1793 3461 1835 ca-

165 1868 487 1925 accidentia
514 1870 599 1925 bis
628 1869 975 1940 superaddita
1005 1882 1126 1924 esse
1145 1867 1416 1924 videntur.
1441 1865 1588 1921 Haec
1610 1865 1758 1921 enim

164 1968 435 2031 quattuor
477 1959 531 2014 in
577 1959 895 2030 corporibus
944 1958 1146 2016 nostris
1184 1967 1599 2029 ceterorumque
1645 1956 1763 2012 ani-

162 2052 401 2108 maiium
463 2051 944 2121 inanimaliumquc
980 2051 1350 2125 principaliter
1397 2050 1761 2121 inquirimus,

173 2155 450 2216 quantum
478 2145 573 2212 sit,
600 2144 796 2216 quibus
825 2144 1071 2215 partibus
1098 2151 1326 2210 constet,
1387 2157 1516 2198 num
1574 2142 1765 2213 spatiis

165 2236 532 2312 longitudinis
561 2236 905 2308 protenditur
945 2234 992 2302 ³,
1043 2234 1466 2304 latitudinisque,
1524 2232 1766 2289 altitudi-

165 2332 392 2403 nisque,
424 2328 584 2402 quale
609 2329 703 2396 sit,
734 2336 987 2384 rectaene
1007 2325 1215 2383 formae
1254 2333 1418 2397 atque
1468 2325 1760 2392 humanae,

166 2439 453 2497 pronaeve
489 2431 655 2494 atque
708 2419 973 2486 bestialis,
1021 2434 1130 2490 quo
1178 2424 1421 2489 tempore
1479 2417 1719 2489 genitum
1746 2455 1764 2484 ,

168 2530 359 2587 quove
382 2514 543 2571 modo
584 2512 839 2570 deﬁnitur
860 2510 901 2567 ⁸.
938 2511 1123 2582 itaque
1147 2511 1203 2567 in
1232 2525 1293 2567 se
1328 2509 1560 2576 locatur,
1594 2523 1662 2566 ne
1684 2509 1772 2565 iu-

167 2608 397 2667 ﬁnitum
429 2609 524 2675 sit,
571 2607 668 2665 sed
692 2621 859 2662 unum
909 2602 1110 2676 aliquid
1155 2604 1211 2659 in
1236 2618 1337 2660 suo
1364 2617 1561 2675 genere
1583 2603 1769 2659 temi-

170 2708 396 2765 natum.
430 2699 595 2766 Haec,
625 2698 971 2771 utldiximus,
993 2695 1049 2752 in
1072 2694 1392 2768 corporibus
1418 2694 1622 2751 nostris
1651 2693 1766 2766 pri-

169 2789 521 2849 mordialiter
570 2789 949 2861 inspiciuntur.
1002 2786 1170 2844 Extra
1230 2799 1361 2844 vero
1404 2785 1540 2842 haec
1590 2784 1771 2842 altiori

168 2879 621 2938 consideratione
641 2880 835 2945 οὐσίαν,
852 2892 995 2950 quae
1020 2885 1104 2934 est
1123 2875 1419 2933 formarum
1445 2873 1774 2932 substantia-

170 2971 315 3028 lium
337 2971 510 3043 origo,
527 2969 975 3042 eontempiamur.
997 2967 1238 3026 Dicimus
1258 2967 1429 3035 enim,
1445 2966 1550 3024 hoc
1576 2981 1774 3039 corpus

169 3061 261 3118 vel
293 3061 423 3129 hoc,
451 3060 607 3132 cujus
632 3061 890 3128 ausiadis,
934 3059 988 3117 id
1008 3068 1113 3128 est,
1153 3059 1529 3116 substantialis
1561 3057 1772 3115 formae

1863 1865 1995 1928 loris
2014 1878 2322 1942 superante.
2349 1867 2452 1926 Sed
2482 1870 2547 1925 de
2572 1869 2657 1925 his
2677 1866 2814 1926 alius
2835 1868 3131 1926 disserendi
3159 1870 3311 1927 locus
3349 1878 3453 1927 est.

1934 1964 2027 2021 55.
2068 1965 2212 2021 DlSC.
2236 1962 2381 2019 Haec
2400 1961 2749 2033 probabiliter
2780 1962 2986 2033 accipio
3018 1961 3083 2017 “.
3113 1960 3223 2019 Sed
3243 1978 3455 2019 mecum

1868 2063 2105 2113 tractare
2139 2069 2247 2109 non
2292 2052 2500 2120 desino,
2551 2052 2784 2123 qualiter
2823 2053 2959 2110 haec
2985 2052 3204 2109 sibimet
3229 2059 3457 2123 possunt

1866 2146 2183 2213 convenire,
2228 2145 2500 2217 quomodo
2532 2144 2900 2215 incorporales
2928 2160 3017 2201 res
3056 2160 3156 2215 per
3188 2160 3262 2215 se
3287 2153 3454 2227 atque

1869 2237 2168 2299 invisibiles
2214 2252 2314 2295 suo
2367 2252 2633 2294 concursu
2658 2236 2801 2292 inter
2826 2249 2884 2293 se
2930 2235 3164 2293 invicem
3220 2235 3455 2294 visibilis

1870 2345 2102 2403 corpora
2124 2329 2382 2397 cilicium,
2411 2330 2486 2385 ita
2512 2336 2573 2384 ut
2600 2328 2738 2385 nihil
2763 2329 2909 2385 aliud
2935 2328 3007 2385 sit
3050 2329 3303 2398 materia,
3333 2328 3456 2387 nul.

1868 2422 2084 2495 iamque
2106 2422 2267 2479 aliam
2293 2436 2515 2478 causam
2560 2420 2961 2478 constitutionis
2989 2420 3205 2487 habeat,
3230 2422 3332 2479 nisi
3370 2436 3460 2478 eo-

1869 2532 2008 2581 rum,
2060 2531 2200 2588 quae
2246 2514 2361 2572 solo
2405 2514 2703 2586 sapientiae
2728 2515 2997 2571 .contuitu
3027 2514 3459 2581 considerantur,

1870 2606 2011 2665 inter
2032 2621 2092 2663 se
2112 2606 2247 2677 ipsa,
2269 2606 2324 2661 in
2340 2604 2556 2676 seipsis,
2583 2614 2770 2662 etnon
2794 2605 2847 2660 in
2878 2605 3060 2676 aliquo
3085 2614 3460 2676 contempera-

1872 2708 1986 2757 tum
2039 2699 2339 2756 contuitum
2394 2697 2468 2765 “;
2512 2698 2833 2769 praesertim
2879 2697 3169 2775 magqiﬁco
3213 2695 3458 2764 Boethio,

1874 2805 2087 2848 summo
2112 2789 2397 2859 utriusque
2420 2787 2636 2859 linguae
2681 2786 3019 2858 philosopho,
3062 2786 3118 2843 in
3160 2785 3315 2842 libris
3343 2784 3460 2842 suis

1875 2883 1941 2940 de
1978 2881 2333 2937 Arithmetica
2386 2878 2512 2935 talia
2536 2885 2849 2935 asserente:
2886 2876 3158 2948 Sapientia
3178 2888 3255 2933 est
3284 2893 3459 2932 rerum

1878 2992 2013 3048 quae
2037 2982 2181 3039 sunt,
2219 2973 2403 3044 suique
2431 2969 2808 3026 immutabilem
2838 2970 3185 3026 substantiam
3225 2956 3457 3026 sortiuné

1876 3074 1984 3131 tur,
2024 3061 2411 3135 comprehensio
2436 3061 2687 3117 ueritatis.
2724 3060 2855 3117 Esse
2877 3071 3053 3115 autem
3074 3059 3173 3115 illa
3210 3060 3458 3130 dicimus,

168 3155 299 3212 08ιῖ
344 3152 542 3212 mrum
586 3155 879 3221 humanae:
920 3169 988 3209 an
1016 3152 1265 3224 θίιιιῑηειθ,
1298 3150 1592 3223 alicuius“
1628 3151 1767 3208 im-
1793 3152 1840 3218 C
1872 3174 2009 3231 quae
2022 3173 2114 3213 nec
2126 3156 2410 3212 intentione
2423 3163 2680 3222 crescunt,
2701 3169 2793 3210 nec
2820 3150 3189 3209 retractione"
3211 3152 3458 3209 minuun-

170 3247 459 3307 tionabilis
501 3247 753 3305 animalis
795 3247 938 3303 intra
981 3247 1159 3304 οὐσίαν
1204 3243 1617 3315 comprehensi?
1669 3242 1767 3301 liis

172 3340 338 3398 enim
394 3341 704 3397 nominibus
761 3354 868 3396 non
896 3337 1213 3395 animalium
1241 3350 1493 3408 corpora,
1523 3337 1619 3394 sed
1643 3335 1768 3393 sub-

170 3430 467 3489 stantiales
493 3446 684 3488 eorum
714 3431 923 3487 formae
942 3428 1303 3501 appellantur.

244 3521 347 3578 54.
386 3521 515 3578 Tria
545 3522 811 3594 siquidem
840 3522 1075 3578 discrete
1101 3522 1364 3577 debemus
1412 3533 1764 3591 cognoscere,

168 3615 298 3671 sive
326 3613 395 3670 de
422 3614 825 3686 nobismetipsis
852 3613 1153 3684 cogitantes
1171 3611 1217 3681 ⁸,
1247 3613 1361 3670 sive
1390 3611 1458 3668 de
1492 3612 1615 3667 aliis
1652 3610 1770 3666 ani-

167 3705 449 3763 malibus:
476 3705 618 3773 Quid
633 3706 861 3763 sumus?
878 3704 1018 3774 Quid
1043 3713 1288 3761 nostrum
1315 3703 1438 3760 est?
1459 3703 1597 3771 Quid
1620 3701 1767 3759 circa

164 3797 321 3855 nos?
372 3795 483 3853 Nos
552 3812 741 3854 sumus
806 3797 1105 3854 substantia
1150 3805 1358 3867 nostra,
1411 3809 1553 3866 quae
1588 3794 1769 3850 vitalis

168 3898 349 3961 atque
385 3888 734 3962 intelligibilis
761 3898 865 3957 est,
914 3904 1077 3962 supra
1102 3904 1298 3961 corpus
1316 3902 1612 3959 omnesque
1651 3887 1769 3958 ejus

166 3994 376 4038 sensus
401 3977 771 4051 visibilemque
796 3981 1046 4038 formam.
1091 3979 1346 4036 Nostrum
1396 3988 1502 4046 est,
1533 3994 1639 4036 non
1667 3993 1768 4036 au-

168 4081 291 4131 tem
343 4088 467 4142 nos,
518 4088 737 4145 corpus,
775 4074 919 4147 quod
962 4074 1120 4132 nobis
1149 4074 1427 4141 adhaeret,
1456 4080 1678 4145 quanto,
1711 4082 1768 4130 et

165 4165 352 4237 quali,
399 4165 706 4238 ceterisque
733 4165 756 4199 ⁸
783 4166 1150 4225 accidentibus
1176 4166 1556 4237 compositum,
1607 4173 1769 4236 atque

166 4257 458 4325 sensibile,
498 4258 783 4326 mutabile,
806 4259 1057 4328 solubile,
1082 4259 1466 4331 corruptibile;
1523 4258 1769 4331 nihilque

167 4350 331 4406 aliud
364 4364 484 4407 esse
526 4351 870 4409 verissimum
918 4361 1003 4410 est
1062 4354 1264 4421 dicere,
1296 4367 1460 4425 quam
1507 4367 1766 4410 sensuum

1870 3259 1977 3317 tur,
2011 3265 2106 3304 nec
2147 3247 2525 3305 variationibus
2564 3255 2950 3318 permutantur,
2988 3245 3081 3302 sed
3128 3245 3186 3301 in
3241 3246 3457 3317 prapria

1867 3361 2071 3416 semper
2088 3345 2136 3400 vi
2158 3359 2285 3399 suae
2309 3358 2364 3399 se
2386 3340 2430 3375 “
2460 3350 2680 3397 naturae
2705 3339 2951 3395 subsidiis
2980 3340 3108 3394 nixa
3130 3338 3455 3396 custodiunt.

1870 3439 2019 3496 Haec
2037 3448 2212 3493 autem
2239 3444 2361 3493 sunt
2392 3434 2689 3509 qualitates,
2714 3433 3053 3505 quantitates,
3096 3431 3318 3503 formae,
3344 3446 3460 3486 ma-

1866 3529 2184 3604 gnitudines,
2200 3530 2500 3599 parvitates,
2516 3524 2876 3597 aequalitates,
2909 3522 3266 3595 habitudines,
3286 3531 3457 3589 actus,

1866 3623 2251 3692 dispositiones,
2275 3620 2413 3687 loca,
2442 3628 2675 3691 tempora
2704 3617 2772 3685 ι’,
2796 3627 2844 3673 et
2872 3615 3123 3688 quicquid
3161 3615 3456 3670 adunatum

1865 3712 2094 3785 quodam
2121 3711 2276 3767 modo
2307 3708 2609 3780 corporibus
2642 3707 2934 3773 inuenitur;
2958 3720 3094 3777 quae
3111 3705 3226 3776 ipsa
3242 3704 3457 3774 quidem

1870 3814 2062 3861 natura
2108 3804 2413 3873 incorporea
2448 3811 2590 3867 sunt,
2652 3809 2705 3856 et
2745 3796 3086 3855 immutabilis
3136 3796 3458 3853 substantias

1868 3898 2070 3953 ratione
2095 3895 2342 3966 uigentia,
2382 3891 2787 3964 participatione
2825 3907 2944 3945 vero
2964 3889 3197 3960 corporis
3248 3902 3460 3958 permu-

1867 3996 2071 4052 tantur,
2117 3993 2166 4040 et
2193 3992 2339 4038 tactu
2380 3979 2648 4038 variabilis
2675 3981 2748 4035 rei
2768 3980 2827 4034 in
2851 3978 3456 4043 uertibileminconstan-

1867 4079 1997 4135 tiam
2015 4083 2307 4132 transeunt.
2332 4072 2479 4128 Haec
2508 4072 2695 4143 igitur,
2722 4070 2999 4141 quoniam,
3041 4074 3099 4123 ut
3118 4066 3319 4122 dictum
3354 4073 3451 4134 est,

1868 4178 2060 4225 natura
2085 4163 2460 4221 immutabilem
2484 4162 2831 4218 substantiam
2874 4160 3077 4233 vimque
3097 4158 3285 4216 sortita
3310 4165 3459 4226 sunt.

1867 4275 1982 4316 uere
2002 4258 2307 4331 proprieque
2341 4270 2451 4311 esse
2475 4255 2743 4309 dicuntur.

1887 4372 1892 4377 ·
1937 4349 2027 4406 56.
2054 4349 2194 4405 Num
2221 4362 2290 4405 ex
2319 4349 2424 4404 bac
2450 4344 2720 4403 sententia
2745 4350 2931 4416 aperte
2951 4342 2997 4375 “
3017 4348 3177 4400 natur
3204 4339 3455 4412 intelligi,

170 4441 545 4497 instrumenta
588 4443 676 4498 vel
728 4444 904 4510 sedes,
952 4456 1092 4514 quae
1136 4459 1166 4498 a
1194 4443 1419 4502 Graecis
1466 4444 1764 4502 vocantur'
1869 4446 2012 4502 aliud
2032 4458 2160 4502 esse
2197 4451 2479 4499 materiam
2508 4453 2813 4512 corpusque
2850 4453 2917 4496 ex
2956 4452 3021 4497 ea
3050 4435 3457 4504 factumLaliud

166 4536 505 4613 αἰσθητήρια,
533 4534 589 4591 id
616 4543 703 4592 est
731 4535 755 4569 ⁸
776 4539 1055 4598 αἰσθήσεων
1100 4542 1273 4616 τηρία,
1305 4553 1561 4594 sensuum
1585 4548 1767 4596 custo-

1872 4538 2226 4611 quantitatem
2252 4544 2306 4593 et
2334 4534 2670 4606 qualitatem,
2694 4542 2999 4606 ceteraque,
3025 4545 3166 4603 quae
3191 4528 3309 4586 sola
3328 4543 3462 4584 con-

170 4625 358 4681 diae’.
388 4625 525 4681 Dum
553 4627 700 4683 enim
724 4628 905 4684 anima
935 4629 1253 4700 incorporea
1277 4631 1370 4699 sit,
1389 4645 1623 4703 suasque
1644 4647 1769 4704 ope-
1874 4634 2200 4706 templantur
2224 4630 2521 4701 sapientia,
2551 4625 3049 4698 immuubiietnque
3074 4632 3302 4682 naturae
3329 4633 3461 4678 suae

172 4722 423 4778 rationes
466 4736 564 4794 per
601 4723 838 4795 scipsam
891 4724 1009 4782 sine
1082 4727 1331 4783 sensibus
1391 4729 1608 4798 aperire
1658 4745 1767 4786 non
1872 4726 2126 4781 virtutem
2149 4735 2363 4791 semper
2378 4718 2722 4777 custodiunt?
2741 4715 2966 4775 Materia
2989 4729 3116 4771 vero
3134 4725 3460 4785 corpusque,
3562 4786 3569 4793 ἲ

172 4814 373 4883 possit,
398 4827 698 4887 sensusque
724 4815 825 4885 ipsi
852 4830 960 4873 non
989 4816 1094 4873 nisi
1118 4818 1174 4873 in
1205 4817 1423 4875 sedibus
1445 4820 1767 4889 quibusdam
1871 4817 2069 4888 quibus
2104 4814 2390 4895 accidunt,
2418 4811 2666 4870 variabili
2702 4809 3107 4883 permutatione
3131 4805 3348 4895 diversa
3384 4803 3466 4895 iu-

173 4902 444 4960 custodiri
473 4904 729 4972 valeant,
761 4914 994 4962 naturae
1013 4907 1261 4964 conditor
1303 4921 1504 4979 corpus
1529 4909 1596 4965 ad
1640 4923 1770 4968 usus
1871 4891 2287 4978 constantiaque
2324 4914 2474 4963 sunt.
2505 4903 2645 4974 Quid
2672 4900 2852 4960 enim?
2884 4897 3158 4971 Numquid
3180 4891 3471 4952 verisimile

171 4994 400 5053 animae
423 4997 691 5066 condidit,
712 4997 770 5054 in
798 5012 906 5069 quo
926 5013 1024 5055 sua
1046 4998 1200 5069 quasi
1215 4999 1480 5069 quaedam
1503 4999 1766 5069 vehicula,
1873 5000 2113 5069 videtur,
2134 4998 2182 5056 si
2207 5012 2274 5054 es
2296 4999 2602 5068 quantitate
2625 5004 2680 5050 et
2699 4992 2982 5063 qualitate
3005 4986 3299 5056 ceterisque
3318 4988 3475 5036 natu-

172 5083 355 5155 idcsl.
369 5103 560 5150 sensus
582 5090 906 5149 custodiret.
935 5088 1092 5148 Circa
1116 5105 1218 5149 nos
1240 5098 1367 5148 sunt
1388 5093 1571 5149 omnia
1592 5094 1769 5151 seusi-
1874 5094 2083 5154 ralibus
2122 5091 2496 5153 accidentibus
2538 5088 2644 5149 sibi
2673 5086 2934 5149 invicem
2964 5077 3220 5156 copulatis
3257 5071 3478 5134 maiori.

1074 5231 1113 5272 ‘3
1467 5227 1724 5286 VARIAE
1757 5227 2175 5291 LECTIONES.

253 5357 277 5392 ⁸
312 5356 351 5415 Δ
387 5362 575 5435 possit.
634 5430 648 5435 Δ
677 5357 703 5390 ⁸
754 5356 844 5416 Sic
875 5354 1136 5435 ACE;_D
1185 5375 1322 5435 [ηεξ
1375 5359 1552 5435 iugis
1599 5369 1742 5435 sunt.
1845 5359 1868 5435 ξ
1915 5363 2011 5422 Sic
2061 5359 2229 5427 CDE;
2270 5357 2320 5435 Α
2373 5359 2739 5432 protendatur.
2837 5349 2911 5435 “
3077 5342 3261 5435 CBD'E‘i
3288 5340 3337 5435 ἦ
3366 5336 3487 5435 “ff;

173 5410 844 5486 -ει-ιυῖητέῑληιη-υεῖ
876 5410 1127 5487 ῖπῖιῖτυῖ
1187 5410 1572 5497 τίξερ-λυτιξς
1601 5410 1887 5489 ’δ”ξξιετεε
1916 5410 2320 5499 rerum:
2373 5410 2777 5491 "Vrsa...
2872 5425 2912 5459 -
2950 5410 3062 5481 "sae
3100 5413 3264 5478 cum;
3303 5410 3349 5466 Α
3398 5410 3497 5493 vel.

1574 5501 1617 5524 “'
1673 5502 1763 5542 Rh-
1817 5453 2009 5542 amri?
2041 5506 2070 5542 Δ
2130 5502 2287 5542 hm‘m
2320 5506 2515 5542 munit.“
2610 5497 2653 5531 ιι
2680 5507 2947 5542 crescunt
2976 5500 3024 5542 et
3062 5482 3266 5542 om.D.
3335 5479 3379 5511 “
3410 5477 3501 5534 διο

1716 5505 1763 5542 in
1817 5500 1956 5542 ﬂhli‘f
1974 5500 2000 5535 θ’
2041 5506 2070 5542 Δ
2130 5502 2287 5542 huius
2320 5506 2515 5542 mar-adi
2610 5500 2653 5531 υ
2680 5507 2947 5542 crescunt
2976 5500 3024 5542 et
3062 5500 3170 5542 om.
3200 5500 3266 5536 νο
