4028 6280
507 280 613 338 499

1926 282 2211 343 JOANNIS
2249 282 2446 342 SCOTI

3680 283 3788 343 500

506 394 866 477 subsisteret,
910 358 1223 451 necessario
1262 403 1318 452 et
1357 394 1471 467 ipsa
1519 396 1871 456 immutabilis
1913 402 2102 457 esset?
2128 404 2179 466 A
2207 402 2456 460 similiter
2504 401 2751 459 informis
2812 400 3022 461 infinita
3075 401 3153 467 ¹⁷;
3209 399 3429 458 aliunde
3477 397 3627 459 enim
3670 393 3791 457 'for-
3844 382 3851 385 ’

506 486 642 541 Nam
664 485 808 558 quod
833 484 853 519 ⁵
879 485 952 541 de
998 487 1176 542 causis
1206 486 1547 559 intelligitur,
1573 504 1671 546 cur
1699 505 1807 545 non
1838 491 2002 546 etiam
2032 491 2099 548 de

506 576 789 636 eﬂ'ectibus
816 579 838 610 ’
890 592 1079 635 earum
1132 578 1492 652 intelligatur,
1524 590 1616 648 ut,
1651 584 2101 654 quemadmodum

506 671 839 743 quantitates
859 679 916 726 et
942 670 1228 742 qualitates
1248 680 1541 745 ceteraque
1568 674 1764 730 similia
1793 675 1910 731 solo
1935 676 2102 735 animi

504 766 750 824 contuitu
797 766 1163 838 aspiciuntur,
1196 765 1270 824 ita
1320 775 1374 825 et
1413 770 1639 825 materia
1681 779 1739 827 et
1764 784 1963 840 corpus
1993 784 2099 825 non

509 860 760 917 sensibus
785 861 1081 932 corporeis,
1105 863 1200 918 sed
1224 861 1518 920 intellectui
1542 864 1930 921 succumbant?
1950 862 2104 921 Nunc

507 966 637 1008 vero
657 951 945 1008 formatam
970 954 1276 1021 materiam,
1293 970 1398 1025 qua
1416 955 1438 987 ³
1460 970 1656 1027 corpus
1670 955 2102 1014 efficitur—nam

507 1041 754 1100 informis
768 1043 991 1100 omnino
1005 1043 1355 1117 intelligibilis
1375 1055 1692 1104 est—sensu
1707 1062 1969 1120 corporeo
1981 1062 2106 1118 per-

506 1136 767 1207 cipimus;
800 1137 1158 1207 quantitatem
1187 1153 1317 1194 vero
1356 1146 1411 1193 et
1440 1139 1758 1211 qualitatem
1802 1140 1918 1196 solo
1945 1138 2106 1196 intel-

507 1230 647 1286 lectu
678 1231 941 1287 videmus.
972 1231 1253 1299 Quomodo
1292 1232 1459 1303 igitur
1487 1233 1763 1304 quantitas
1788 1241 1848 1289 et
1874 1231 2106 1304 qualitas

505 1321 792 1378 materiam
814 1322 971 1395 longe
992 1324 1059 1379 ab
1093 1324 1172 1380 eis
1192 1322 1485 1380 distantem
1505 1324 1768 1395 possunt‘
1803 1324 2107 1382 conficere?

507 1411 648 1471 MAG.
684 1415 855 1471 Acute
895 1415 1186 1472 admodum
1230 1416 1369 1473 falso
1397 1426 1718 1490 argumento
1761 1418 1982 1486 falleris,
2015 1430 2110 1474 aut

507 1506 642 1563 alios
676 1506 864 1565 fallere
892 1509 994 1564 vis.
1040 1510 1145 1566 Sed
1185 1519 1367 1567 utrum
1402 1519 1458 1567 tu
1494 1513 1610 1583 ipse
1639 1512 1705 1568 de
1745 1512 1831 1570 his
1870 1512 2105 1579 dubitas,

448 1672 471 1689 ⁸
506 1613 575 1653 an
598 1597 824 1654 aliorum
849 1599 915 1655 de
937 1601 1021 1657 bis
1037 1601 1397 1659 dubitantium
1418 1615 1680 1675 personas
1696 1605 1916 1676 arripis,
1932 1605 2110 1662 adhuc

507 1694 716 1768 ignoro.
745 1696 893 1752 DlSC.
918 1695 1219 1769 Utrumque
1254 1700 1306 1754 in
1335 1700 1540 1771 meipso
1567 1699 1856 1771 perspicio.
1887 1698 2022 1755 Nam
2053 1707 2109 1756 et

2204 495 2342 552 mari
2374 496 2578 569 indiget
2599 494 2867 568 finirique,
2892 495 3022 553 dum
3055 511 3153 565 per
3183 509 3242 551 se
3264 510 3370 551 non
3400 493 3577 552 forma
3598 494 3665 561 “,
3696 496 3791 553 sed

2204 587 2504 645 formabilis
2532 590 2622 645 sit.
2669 590 2737 645 Et
2771 588 2905 645 bace
2947 588 3243 645 similitudo
3285 603 3483 645 causae
3525 587 3791 652 omnium,

2204 693 2272 735 ex
2301 691 2428 751 qua,
2465 689 2521 737 et
2558 680 2612 736 in
2643 695 2772 751 qua,
2803 688 2858 737 et
2898 694 2996 752 per
3021 694 3208 750 quam,
3240 687 3297 735 et
3320 679 3390 735 ad
3413 691 3580 749 quam
3609 676 3793 734 omnia

2204 782 2371 841 sunt,
2400 782 2457 830 et
2504 774 2675 845 ipsius
2702 788 2903 831 causae
2941 771 3222 839 informis,
3253 771 3373 828 dico
3407 778 3590 827 autem
3623 778 3800 825 mate-

2205 865 2339 932 riae,
2377 880 2518 937 quae
2548 866 2616 921 ad
2642 865 2747 922 hoc
2793 871 2978 922 creata
3027 871 3132 930 est,
3182 871 3242 918 ut
3288 877 3375 933 ea,
3425 875 3564 933 quae
3607 874 3708 932 per
3738 875 3799 915 se

2204 958 2453 1015 sensibus
2482 957 2674 1029 attingi
2702 973 2808 1014 non
2843 965 3064 1027 possent
3093 955 3161 1022 ‘°,
3191 955 3427 1027 quodam
3456 954 3616 1011 modo
3649 953 3705 1008 in
3733 967 3798 1007 ea

2205 1047 2534 1105 sensibiliter
2583 1056 2881 1121 appareant
2927 1047 3009 1116 ’°,
3055 1062 3089 1104 e
3134 1045 3409 1115 contrario
3457 1043 3797 1123 intelligitur.

2207 1139 2341 1195 Nam
2364 1156 2576 1197 summa
2598 1140 2841 1197 omnium
2863 1155 3026 1197 causa
3049 1155 3146 1212 per
3161 1137 3536 1198 excellentiam
3558 1137 3801 1193 omnium

2206 1218 2505 1289 formarum
2532 1233 2832 1303 finiumque
2855 1231 3104 1288 informis
3125 1228 3211 1288 est
3233 1239 3396 1302 atque
3426 1227 3661 1285 infinita.
3684 1226 3801 1283 Non

2208 1325 2353 1381 enim
2381 1325 2721 1381 solummodo
2753 1325 2928 1380 forma
2951 1323 3194 1381 omnium
3223 1330 3309 1380 est
3343 1320 3683 1395 principalis,
3708 1320 3804 1376 sed

2208 1415 2492 1487 plusquam
2518 1416 2715 1483 forma,
2729 1430 2946 1471 omnem
2968 1414 3203 1471 formam
3227 1427 3514 1486 superans,
3535 1425 3805 1482 omneque

2210 1508 2495 1565 formabile
2524 1518 2581 1565 et
2613 1506 2957 1566 informabile
2988 1507 3255 1564 formans.
3305 1504 3443 1563 Nam
3485 1512 3546 1561 et
3588 1516 3803 1567 eorum,

2209 1616 2349 1672 quae
2378 1599 2603 1657 formari
2630 1607 2860 1671 possunt
2876 1600 2945 1666 “,
2960 1597 3135 1655 forma
3162 1606 3272 1665 est,
3286 1593 3546 1667 quoniam
3566 1600 3807 1667 eam.aut

2211 1703 2492 1767 appetunt,
2519 1704 2612 1750 aut
2645 1695 2715 1750 ad
2743 1709 2865 1751 eam
2893 1700 3306 1750 convertuntur.
3335 1690 3404 1747 Et
3426 1704 3640 1753 eorum,
3666 1701 3807 1759 quae

506 1789 576 1843 ἐκ
622 1790 851 1846 aliorum
899 1806 1129 1861 persona
1153 1832 1169 1858 ,
1201 1794 1295 1861 qui
1344 1808 1451 1848 non
1488 1792 1762 1849 immerito
1798 1792 1867 1849 de
1906 1793 2104 1850 talibus
2133 1777 2181 1838 Β
2208 1787 2433 1845 formari
2473 1794 2786 1859 nequeunt,
2826 1793 3052 1857 propter
3080 1798 3212 1841 suae
3245 1779 3620 1840 excellentiam
3652 1786 3808 1834 natu-

507 1890 599 1936 aut
626 1882 916 1947 haesitant,
949 1894 1041 1939 aut
1069 1884 1286 1956 penitus
1316 1885 1601 1957 ignorant,
1634 1886 1768 1942 haec
1796 1899 2104 1957 proponere

478 2026 484 2033 .
508 1974 722 2040 curavi;
753 1982 807 2030 et
835 1974 1100 2046 meipsum
1125 1990 1232 2031 non
1255 1977 1433 2032 adhuc
1460 1984 1643 2033 tantae
1667 1977 1918 2049 puritatis
1942 1977 1997 2031 in
2019 1975 2104 2032 bis

506 2080 627 2122 esse
667 2065 860 2132 video,
905 2075 966 2121 ut
988 2064 1102 2134 jam
1141 2066 1216 2123 nil
1254 2067 1276 2098 ⁸
1328 2066 1558 2137 amplius
1595 2067 1667 2123 de
1689 2067 1769 2123 eis
1810 2067 2101 2138 inquiram.

514 2157 655 2216 Mtte.
684 2158 958 2215 Utendum
985 2158 1150 2230 igitur
1175 2169 1262 2215 est
1302 2159 1345 2224 ⁸,
1369 2168 1432 2214 ιιι
1458 2160 1672 2231 opinor,
1697 2160 1907 2216 ratione
1931 2168 1987 2216 et
2008 2175 2106 2215 au-

507 2249 791 2315 ctoritate,
816 2258 879 2304 ut
921 2249 1059 2305 haec
1098 2250 1166 2306 ad
1190 2265 1388 2321 purum
1430 2250 1750 2321 dignoscere
1779 2251 1981 2308 valeas.
2007 2250 2104 2308 llis

505 2339 652 2395 enim
689 2338 899 2395 duobus
942 2348 1055 2397 tota
1087 2339 1259 2396 virtus
1290 2339 1646 2397 inveniendae
1689 2355 1871 2397 rerum
1898 2341 2101 2398 verita-

508 2432 578 2488 tis
611 2431 985 2488 constituitur.
1030 2430 1182 2488 Disc.
1215 2431 1487 2489 Utendum
1526 2446 1678 2490 nne.
1713 2433 1859 2491 Haec
1892 2433 2037 2491 enim
2072 2449 2105 2490 a

508 2521 695 2579 multis
722 2523 966 2594 quaesita
1019 2532 1175 2592 sunt,
1228 2524 1418 2595 paucis
1437 2525 1458 2557 "
1483 2540 1613 2582 vero
1638 2526 1660 2558 ⁸
1691 2534 1926 2596 reperta.
1960 2525 2101 2584 MAG.

509 2610 607 2668 Dic
635 2612 845 2685 itaque,
868 2614 999 2685 quid
1028 2614 1124 2673 tibi
1148 2602 1360 2673 videtur
1383 2617 1450 2672 de
1475 2616 1590 2688 ipsa
1626 2618 1879 2683 materia,
1910 2633 1976 2673 ex
1999 2632 2104 2688 qna

506 2703 739 2762 formata
775 2722 1002 2779 corpora
1044 2707 1213 2776 fiunt,
1244 2724 1373 2763 num
1397 2707 1419 2739 '
1450 2724 1548 2780 per
1574 2722 1657 2776 se,
1684 2709 1809 2765 dum
1837 2708 1907 2765 sit
1937 2708 2107 2765 infor-

508 2796 634 2864 mis,
658 2812 821 2854 sensu
852 2815 919 2855 an
954 2799 1170 2857 ratione
1193 2800 1602 2857 consideratur?
1627 2802 1774 2858 DISC.
1805 2802 2036 2859 Ratione
2060 2802 2104 2834 ¹⁰

506 2886 786 2958 profecto;
820 2905 926 2947 non
953 2891 1100 2948 enim
1132 2891 1307 2948 audeo
1332 2891 1515 2948 dicere
1544 2907 1727 2950 sensu.
1765 2892 1901 2950 Nam
1934 2903 2108 2952 mate-

506 2981 588 3037 ria
616 2983 791 3040 forma
821 2999 1015 3043 carens
1037 2984 1186 3043 nullo
1208 3001 1369 3044 sensu
1395 3001 1658 3058 corporeo
1686 2996 1864 3058 potest
1891 2987 2102 3060 attingi.

506 3073 648 3132 MAG.
675 3075 842 3134 Recte
868 3078 1217 3150 respondisti.
1253 3078 1359 3135 Sed
1384 3080 1539 3148 vide,
1570 3096 1637 3136 ne
1666 3081 1867 3138 diutius
1895 3082 1962 3137 de
1993 3081 2100 3149 his,

504 3180 644 3237 quae
672 3182 817 3225 nunc
847 3171 1225 3241 assumpseris,
1257 3171 1456 3227 iterum
1491 3188 1592 3228 nos
1617 3183 1938 3245 interroges.
1964 3171 2101 3228 Nam

506 3258 559 3314 in
586 3259 783 3317 talibus
811 3261 1038 3319 nimium
1063 3278 1342 3320 moramur
1363 3265 1431 3331 ",
1457 3281 1582 3322 cum
1608 3265 1801 3322 altiora
1827 3267 1897 3324 ad
1923 3267 2102 3323 consi«

503 3350 843 3409 deratiouem
869 3354 953 3410 sui
983 3369 1083 3412 nos
1108 3355 1357 3412 invitent.
1390 3355 1538 3412 Drsc.
1563 3357 1641 3413 De
1663 3357 1771 3423 his,
1795 3373 1934 3428 quae
1957 3372 2103 3414 nunc

506 3441 653 3499 inter
684 3459 782 3500 nos
825 3461 963 3516 puro
992 3448 1191 3515 mentis
1231 3448 1429 3505 intuitu
1459 3447 1662 3506 fuerint
1698 3450 1938 3520 definita,
1972 3467 2100 3519 non,

504 3542 565 3589 ut
613 3535 887 3603 arbitror,
932 3537 1160 3596 ulterius
1206 3540 1499 3598 sollicitum
1546 3550 1599 3598 te
1650 3541 1868 3599 faciam.
1918 3543 1995 3600 De
2035 3559 2102 3602 eo

506 3633 685 3681 autem
717 3628 861 3698 quod
904 3628 1122 3694 dixisti,
1156 3630 1347 3688 altiora
1395 3634 1462 3689 ad
1502 3633 1956 3691 considerandum
2000 3651 2103 3693 nos

506 3716 760 3785 invitant,
788 3720 977 3777 mirari
1007 3738 1111 3778 non
1142 3724 1353 3782 desino.
1386 3725 1525 3794 Quid
1555 3727 1699 3782 enim
1730 3726 1891 3784 altius
1916 3727 1989 3784 sit
2014 3745 2103 3784 ra-

510 3809 659 3866 tione
700 3804 1159 3870 'consitlerandum
1206 3825 1328 3887 post
1368 3816 1559 3884 Deum,
1600 3832 1759 3888 quain
1788 3819 1829 3851 "
1855 3819 2103 3877 informis

510 3902 763 3966 materia,
788 3917 895 3958 non
918 3903 1096 3971 video,
1121 3904 1248 3961 dum
1277 3907 1576 3976 quaeritur,
1592 3908 1720 3979 quid
1750 3910 1821 3966 sit
1849 3911 2099 3978 materia,

505 3994 634 4065 quid
679 3993 889 4063 forma,
916 3998 1047 4069 quid
1086 4014 1152 4055 ex
1205 4000 1428 4056 materia
1469 4000 1751 4074 formaque
1792 4002 2099 4071 conficitur,

504 4089 644 4143 mule
673 4091 931 4158 materia,
961 4107 1088 4147 num
1118 4093 1261 4149 inter
1300 4094 1677 4163 primordiales
1703 4111 1918 4163 causas,
1960 4111 2100 4167 quae

503 4179 797 4248 priinitusa
813 4183 923 4239 Deo
942 4182 983 4214 ¹³
1010 4184 1259 4241 conditae
1287 4192 1434 4252 sunt,
1456 4190 1890 4244 connumeranda
1918 4190 2010 4257 sit,
2029 4206 2101 4245 an

501 4270 665 4324 etiam
699 4270 742 4303 “
773 4281 916 4328 lltlet‘
944 4283 1233 4344 sequentes
1260 4291 1457 4333 causas
1476 4316 1492 4344 ,
1520 4293 1660 4350 quae
1682 4292 1751 4337 ex
1775 4280 2103 4350 primordia-

502 4359 643 4416 libus
678 4373 1008 4431 nascuntur;
1042 4381 1168 4421 num
1206 4366 1261 4422 in
1302 4367 1410 4432 liis,
1445 4381 1585 4436 quae
1610 4370 1859 4425 sensibus
1891 4370 2098 4425 incum-

502 4448 638 4504 bunt
671 4451 735 4512 η,
768 4467 836 4505 an
868 4452 919 4506 in
957 4454 1060 4518 his,
1092 4470 1231 4524 quae
1270 4455 1561 4510 intellectui
1595 4456 1661 4523 “,
1693 4459 2094 4529 computanda;

501 4545 557 4592 et
593 4544 770 4592 utrtnn
802 4538 1014 4594 deliniri
1048 4543 1247 4611 possit,
1277 4544 1400 4598 dum
1432 4544 1609 4601 adhuc
1635 4545 1844 4602 infinita
1876 4556 1988 4615 est;
2024 4566 2092 4605 an

501 4627 664 4683 etiam
713 4630 925 4686 infinita
965 4633 1175 4690 deliniri
1206 4644 1420 4706 potest;
1463 4638 1605 4707 quod
1636 4638 1834 4695 rationi
1875 4640 2094 4696 videtur

505 4724 788 4792 resistere,
833 4741 953 4779 enin
987 4743 1015 4780 a
1059 4729 1261 4784 sanctis
1287 4729 1539 4787 Patribus
1579 4732 1648 4787 ad
1687 4748 1881 4803 purum
1925 4735 2093 4791 dedu-

500 4822 648 4870 ctum
682 4816 783 4881 sit,
831 4817 936 4874 duo
973 4817 1308 4876 solummodo
1350 4836 1505 4890 esse,
1549 4838 1689 4893 quae
1737 4824 1881 4883 nullo
1929 4828 2091 4884 modo

502 4906 708 4974 possint
752 4909 999 4975 deliniri,
1053 4909 1221 4965 Deum
1267 4912 1517 4970 videlicet
1570 4919 2085 4989 atque'materiam.

505 4995 642 5053 Dens
692 4999 959 5071 siquidem
1009 5003 1252 5060 infinitus
1299 5003 1694 5078 informisque,
1750 5013 2005 5081 quoniam
2052 5029 2085 5067 a

501 5087 645 5142 nullo
690 5088 991 5162 formatur,
1038 5096 1162 5150 dum
1213 5095 1284 5151 sit
1332 5094 1505 5154 forma
1549 5102 1811 5159 omnium.
1861 5104 2086 5162 Materia

2207 1898 2320 1949 rae,
2346 1883 2756 1955 proximamque
2777 1882 2851 1949 ei,
2875 1880 3129 1938 videlicet
3147 1893 3366 1945 causae,
3391 1874 3806 1936 similitudinem

2207 1968 2515 2035 informitas
2534 1985 2638 2032 est.
2664 1974 2946 2046 Siquidem
2969 1974 3084 2046 ipsa
3110 1971 3415 2030 informius
3434 1984 3647 2035 eorum,
3665 1980 3807 2039 quae

2207 2067 2571 2129 informabilia
2602 2075 2767 2135 sunt,
2807 2081 2915 2123 non
2955 2066 3078 2124 ideo
3121 2062 3717 2127 diciturinformitas,
3746 2067 3807 2116 ut

2206 2164 2354 2220 omni
2382 2162 2555 2220 forma
2588 2161 2805 2235 careatﬁ,
2833 2159 2929 2218 sed
2959 2160 3088 2233 quia
3117 2175 3336 2218 omnem
3364 2157 3600 2216 formam
3626 2154 3804 2214 sensi-

2206 2252 2370 2311 bilem
2417 2252 2917 2327 intelligibilemque
2965 2252 3415 2324 superascendat.
3461 2250 3642 2322 Atque
3683 2247 3808 2304 ideo

2207 2345 2323 2416 ipsa
2351 2346 2592 2401 omnium
2618 2359 2783 2401 causa
2806 2353 2864 2401 et
2895 2342 3099 2400 firmari
3128 2351 3185 2399 et
3209 2341 3400 2415 negari
3428 2340 3600 2406 solet,
3629 2339 3713 2396 uti
3738 2338 3805 2395 de

2206 2451 2270 2492 ea
2300 2436 2381 2493 sic
2407 2436 2640 2503 dicatur,
2670 2434 2843 2491 forma
2877 2441 2994 2500 est,
3027 2432 3200 2490 forma
3226 2448 3335 2489 non
3362 2438 3469 2498 est,
3494 2428 3835 2488 iuformitas'

2206 2537 2314 2595 est,
2346 2527 2654 2584 informitas
2680 2542 2790 2584 non
2818 2534 2919 2582 est.
2950 2524 3220 2596 Quicquid
3241 2524 3386 2581 enim
3411 2524 3478 2580 de
3504 2523 3626 2595 ipsa
3645 2534 3808 2592 prae-

2206 2622 2442 2687 dicatur,
2465 2629 2523 2677 et
2543 2619 2751 2676 firmari
2773 2626 2829 2675 et
2856 2617 3044 2691 negari
3064 2624 3261 2689 potest,
3286 2615 3416 2688 quia
3438 2628 3605 2687 super
3618 2626 3802 2678 omne,

2207 2712 2351 2785 quod
2388 2712 2587 2769 dicitur
2624 2720 2682 2767 et
2713 2708 3037 2782 intelligitur
3071 2717 3127 2764 et
3170 2722 3279 2781 non
3322 2705 3670 2778 intelligitur,
3696 2712 3802 2760 est.

2207 2806 2433 2863 Materia
2476 2819 2609 2861 vero
2661 2801 2914 2860 informis
2953 2790 3184 2859 vocatur
3229 2816 3327 2873 per
3369 2790 3732 2872 privationem
3760 2796 3805 2827 ”

2207 2898 2454 2956 omnium
2482 2897 2803 2954 formarum.
2830 2893 2915 2950 Ab
2939 2909 3007 2951 ea
3044 2892 3315 2965 siquidem
3346 2890 3484 2948 nihil
3513 2889 3805 2955 formatur,

2207 2989 2303 3047 sed
2330 2990 2572 3046 diversas
2603 2985 3136 3056 innumerabilesque
3171 2984 3366 3055 recipit
3402 2982 3628 3040 formas.
3658 2981 3802 3038 hinc.

2207 3078 2323 3136 Non
2355 3078 2513 3151 longe
2538 3077 2710 3134 distas
2746 3092 2779 3133 a
2816 3091 2967 3134 vero.
2994 3074 3135 3131 Num
3171 3074 3337 3147 igitur
3366 3073 3597 3131 materia
3634 3071 3805 3129 infor-

2206 3172 2333 3239 mis,
2347 3169 2603 3242 quouiam
2627 3168 2746 3226 solo
2768 3168 2965 3226 mentis
2978 3166 3156 3235 oculo,
3184 3167 3401 3225 ratione
3421 3166 3568 3233 dico,
3590 3165 3806 3238 perspi-

2205 3264 2382 3331 citur,
2441 3262 2752 3320 necessario
2809 3277 2931 3318 eam
2984 3261 3364 3333 incorpoream
3421 3273 3543 3315 esse
3603 3272 3802 3329 seque-

2206 3356 2336 3412 tur?
2383 3354 2532 3411 Drsc.
2589 3354 2669 3411 Ne
2725 3356 2831 3412 hoc
2885 3354 3106 3428 quidem
3162 3368 3366 3426 negare
3411 3352 3609 3409 ausim.
3652 3352 3797 3408 me.

2204 3449 2372 3521 Igitur
2431 3450 2750 3521 incorporea
2807 3456 2911 3506 est.
2977 3448 3124 3505 DISC.
3183 3446 3278 3503 Est
3334 3445 3590 3518 quidem;
3649 3460 3802 3502 meo-

2203 3557 2311 3615 que
2349 3541 2558 3614 judicio
2591 3542 2904 3605 conclusum
2932 3556 3020 3597 me
3056 3554 3179 3598 esse
3215 3535 3395 3596 video.
3438 3538 3581 3595 Msa.
3607 3537 3798 3604 Visne,

2204 3635 2310 3691 hoc
2345 3636 2672 3693 auctaritate
2698 3633 2985 3692 roborari?
3036 3633 3180 3690 Dtsc.
3227 3631 3429 3699 Valde;
3463 3639 3538 3699 et,
3563 3636 3649 3700 fut
3681 3630 3797 3697 fiat,

2203 3741 2388 3798 posco.

2273 3817 2363 3874 57.
2395 3817 2535 3874 MAG.
2563 3816 2760 3875 Multos
2788 3816 2855 3873 de
2889 3816 3118 3873 materia
3150 3816 3460 3888 disputasse
3496 3812 3800 3885 reperimus

2202 3916 2259 3964 et
2299 3910 2639 3972 mundanae,
2685 3916 2742 3963 et
2786 3896 3003 3964 divinae
3050 3906 3273 3978 sophiae
3317 3905 3653 3976 peritorum;
3700 3904 3799 3959 sed

2201 4015 2498 4070 paucorum
2526 3998 2839 4056 testimonio
2866 3998 2944 4055 uti
2968 4007 3054 4056 sat
3074 4008 3179 4055 est.
3205 3998 3439 4054 Sanctus
3460 3996 3800 4067 Augustinus

2202 4094 2256 4150 in
2301 4095 2456 4150 libris
2486 4094 2897 4151 Confessionum
2946 4092 3229 4165 informem
3273 4089 3548 4146 materiem
3593 4087 3639 4119 ³³
3684 4103 3796 4142 esse

2201 4187 2398 4244 asserit
2426 4186 2823 4242 mutabilitatem
2856 4185 2902 4217 “
2940 4201 3117 4241 rerum
3155 4181 3520 4246 mutabilium,
3562 4178 3796 4235 omnium

2202 4278 2493 4348 formarum
2541 4294 2805 4349 capacem.
2858 4274 2959 4333 Cui
3007 4275 3239 4332 asseutit
3283 4272 3439 4330 Plato
3483 4270 3540 4329 in
3583 4268 3795 4333 Timeo,

2201 4371 2451 4428 similiter
2479 4372 2757 4441 infamem
2800 4368 3077 4424 materiam
3122 4383 3235 4421 esse
3273 4366 3458 4421 dicens
3499 4360 3796 4433 formarunt

2188 4464 2566 4532 eapacitatem.
2615 4459 2712 4517 His
2753 4458 3018 4516 ambobus
3064 4458 3285 4513 sibimet
3330 4452 3797 4513 consentientibus

2202 4563 2381 4625 potest
2417 4555 2498 4611 sic
2538 4554 2646 4611 dici
2677 4561 2732 4609 et
2762 4551 2978 4608 definiri
3007 4569 3021 4605 :
3056 4549 3387 4605 Mutabilitas
3416 4562 3591 4602 rerum
3616 4553 3801 4598 muta-

2203 4646 2385 4701 bilium
2432 4662 2600 4715 capax
2651 4644 2885 4699 omnium
2933 4642 3224 4713 formarum
3272 4637 3515 4708 informis
3567 4637 3793 4690 materia

2200 4746 2297 4791 est.
2342 4735 2573 4792 Sanctus
2601 4733 2887 4805 Dionysius
2921 4730 3245 4802 Areopagita
3281 4728 3336 4784 in
3367 4726 3504 4782 libro
3538 4724 3587 4756 "
3615 4724 3686 4781 de
3712 4724 3794 4778 di-

2200 4827 2340 4883 vinis
2368 4827 2689 4883 Nominibus
2727 4822 3011 4881 materiam
3038 4821 3168 4879 dicit
3196 4833 3317 4877 esse
3347 4827 3562 4873 ornatus
3601 4824 3652 4870 et
3684 4813 3792 4884 [or-

2199 4937 2315 4976 mae
2343 4930 2391 4975 et
2426 4920 2614 4990 speciei
2646 4916 3120 4989 participationem,
3158 4912 3349 4983 quibus
3379 4910 3490 4964 sine
3519 4906 3567 4939 ¹⁶
3590 4923 3688 4978 per
3738 4920 3791 4959 se

2193 5014 2437 5085 informis
2466 5023 2541 5068 est
2568 5014 2611 5045 ³⁷
2639 5013 2883 5078 materia,
2911 5019 2957 5064 et
2989 5010 3047 5063 in
3070 5000 3215 5063 nullo
3240 5003 3463 5074 intelligi
3493 5011 3681 5078 potest.
3714 4999 3793 5053 Ac

2134 5156 2141 5163 ,
2197 5104 2278 5160 sic
2314 5105 2609 5162 secundum
2653 5101 2968 5173 Dionysium
3011 5105 3188 5171 potest
3227 5095 3429 5167 colligi.
3466 5094 3523 5148 Si
3559 5090 3789 5148 materia

1787 5236 2038 5293 VARIAE
2079 5237 2483 5297 LECTIONES.

576 5339 590 5421 ξ
631 5338 736 5421 Pro
767 5341 924 5421 quod
955 5341 1001 5398 Α
1027 5345 1108 5421 si._
1169 5346 1190 5421 ξ
1228 5344 1319 5402 Sic
1371 5346 1504 5421 QDE
1538 5365 1553 5414 ;
1594 5348 1640 5421 ᾼ
1668 5350 1883 5421 ΔεΙῙεειιι.
1964 5355 1984 5386 ³
2027 5354 2118 5412 Sic
2158 5355 2276 5421 DE;
2310 5357 2354 5411 A

503 5407 623 5491 9E3
770 5407 847 5491 εδει
895 5412 1110 5491 j_a_m_,_(‘.
1138 5415 1275 5491 iam
1314 5417 1497 5491 nihil.
1540 5407 1550 5414 ’
1594 5418 1616 5450 ⁸
1651 5407 1862 5491 Auesse.

504 5481 547 5553 t0
581 5481 623 5536 C
665 5481 841 5537 Ratio.
898 5481 961 5516 ’“
999 5484 1089 5541 Sic
1128 5481 1247 5553 CE;
1298 5489 1341 5541 A
1382 5504 1444 5541 ne
1483 5490 1522 5543 i.
1574 5498 1611 5543 t.

504 5550 549 5582 ⁸⁵
580 5553 624 5605 Α
673 5566 738 5607 et.
821 5554 864 5585 ⁸⁵
901 5555 991 5609 Sic
1027 5550 1243 5612 Λευὶς(
1306 5559 1348 5593 ιθ
1387 5561 1431 5612 Α
1468 5559 1829 5617 intellectibtts.

1963 5427 1984 5457 "
2024 5426 2315 5499 Sic_CDE;
2370 5426 2482 5481 Aa
2543 5426 2750 5499 paucis.

1670 5508 1723 5545 η.
1781 5510 2062 5551 uterentur.
2104 5497 2149 5550 D
2186 5515 2326 5552 nam.
2372 5499 2406 5553 i.
2457 5508 2498 5552 t.
2546 5497 2609 5552 ἠ.
2661 5515 2944 5553 moremur.
3025 5497 3126 5551 "C

1928 5567 1974 5599 "
2012 5570 2055 5622 Α
2091 5580 2139 5623 et
2196 5570 2427 5624 inlinila.

2407 5372 2561 5427 quae,
2601 5355 2642 5411 C
2679 5372 2870 5440 quam;
2938 5355 2961 5388 ⁸
2999 5353 3092 5411 Sic
3119 5349 3351 5440 CDEu}
3384 5348 3788 5440 possit.#‘8‘ic

2849 5426 2871 5460 ⁸
2911 5443 3029 5482 vero
3064 5441 3174 5481 om.
3214 5421 3277 5476 D.
3319 5420 3341 5452 ’
3380 5436 3503 5474 una;
3554 5434 3665 5474 om.
3717 5420 3783 5473 Α.

2849 5515 2944 5552 mr.
3025 5497 3126 5551 "C
3159 5492 3430 5566 quoniam.
3473 5490 3785 5566 Af’Agtleo.

2540 5569 2583 5602 ιιι
2620 5570 2710 5625 δία
2765 5569 2930 5633 CDE;
2969 5569 3010 5622 Δ
3055 5559 3304 5638 formata.
3386 5561 3428 5638 ‘_’
3470 5559 3563 5616 Sic
3616 5560 3782 5638 αρε)

502 5621 547 5675 Α
584 5635 818 5709 possunt.
876 5628 942 5709 ,το
959 5628 1024 5709 na
1063 5638 1392 5709 apparerent.
1471 5630 1533 5709 “_
1687 5633 1849 5703 CDE;
1892 5638 1936 5691 Α
1968 5621 2285 5694 forniariﬂctr
2309 5621 2540 5707 foli-annm
2575 5621 2834 5709 pessimi:
2858 5621 2945 5673 F'"
3055 5621 3592 5709 ’ρναίωατ’ῠειιιὶοιιιηηἶ
3666 5631 3718 5709 ’ξ
3742 5621 3785 5684 Α

504 5696 826 5784 afﬂigitth
876 5696 1049 5784 ἐτι-5ίο
1087 5701 1205 5784 Al);
1247 5700 1689 5784 CE‘ttmlabilcm.
1769 5696 1896 5764 "'A
1930 5709 2093 5765 libris.
2172 5711 2218 5742 “
2246 5696 2336 5768 Sic
2369 5712 2493 5777 CE;
2530 5696 2722 5768 Αέἱηε
2747 5712 2958 5783 quibus;
2999 5710 3040 5766 D
3066 5696 3264 5780 'qaib'us
3327 5719 3419 5775 per
3461 5719 3516 5759 se
3546 5704 3662 5759 sine
3698 5703 3785 5755 in-

504 5760 707 5831 formis.
782 5766 826 5800 ’τ
868 5779 941 5822 est
978 5784 1085 5823 our.
1125 5772 1191 5824 Α.
