4028 6280
232 322 334 380 501

1131 321 1597 382 DEDIVISIONE
1637 322 1988 381 NATURAE.
2048 354 2093 364 —
2130 323 2332 380 LIBER
2365 323 2641 381 PRIMUS.

3393 324 3500 380 508

230 447 322 497 est
347 447 574 497 ornatus
603 448 658 498 et
686 440 891 499 formae
929 450 985 499 et
1021 445 1220 514 speciei
1256 446 1632 518 participatio,
1669 446 1809 517 quod
1837 447 1890 508 Δ
1915 447 2092 504 Patris
2123 447 2318 513 Verbo,
2351 449 2527 506 omnis
2559 447 2758 514 forma,
2787 445 2900 501 sive
2940 440 3340 505 substantialis,
3385 439 3486 494 εἰη

229 542 456 588 ornatus
504 542 562 588 et
609 533 816 591 formae
860 547 916 592 et
950 538 1150 608 speciei
1189 541 1602 610 participatione
1649 549 1816 606 caret,

228 623 463 679 materia
492 640 598 680 non
624 635 708 680 est
727 666 741 692 ,
781 626 876 682 sed
905 629 1168 697 quaedam
1201 629 1528 685 informitas.
1558 630 1684 685 Sive
1719 631 1817 684 ita-

227 730 336 786 que
372 714 623 774 informis
653 720 879 774 materia
908 722 1239 778 mutabilitas
1281 723 1353 778 sit
1398 723 1691 779 formarum
1727 738 1818 779 ca-

226 822 331 877 pax
379 810 680 877 secundum
734 812 1090 884 Augustinum
1131 826 1294 886 atque
1341 816 1654 882 Platonem,
1703 815 1818 872 sive

227 900 536 956 informitas
583 904 871 972 quaedam,
923 906 1157 976 speciei,
1203 906 1443 972 formae,
1483 917 1816 979 ornatusque

225 991 640 1060 participatione
706 1008 900 1049 carens
950 997 1246 1052 secundum
1311 994 1662 1070 Dionysium,
1708 1015 1815 1056 non

226 1082 468 1152 negabis,
494 1092 554 1136 ut
576 1084 832 1149 arbitror,
856 1086 900 1140 si
924 1087 1154 1156 quodam
1182 1089 1343 1145 modo
1371 1089 1591 1161 intelligi
1617 1099 1813 1161 potest,

224 1185 330 1226 non
369 1171 385 1201 ι
423 1170 527 1226 nisi
557 1173 670 1228 solo
696 1173 972 1230 intellectu
1000 1177 1225 1247 percipi.
1260 1177 1408 1244 Dlsc.
1442 1177 1560 1234 Jam
1613 1180 1812 1235 dudum

221 1263 325 1319 hoc
359 1265 683 1322 inconcusse
733 1267 874 1324 dedi.
918 1267 1057 1324 ΜΑσ.
1105 1269 1280 1337 Quid?
1328 1271 1503 1341 Ipsam
1554 1272 1811 1342 speciem,

220 1355 991 1429 formamque,ornatumque,
1025 1376 1256 1430 quorum
1286 1362 1700 1433 participatione
1731 1362 1815 1417 in-

220 1446 470 1504 formitas
500 1448 588 1503 illa
620 1451 897 1531 p‘raedicta
929 1467 1024 1508 seu
1068 1455 1400 1511 mutabilitas
1431 1456 1486 1510 in
1527 1455 1812 1511 materiam

221 1540 474 1606 vertitur,
505 1551 736 1612 putasne
761 1544 922 1599 aliter
942 1545 1046 1600 nisi
1076 1548 1274 1602 mentis
1297 1549 1538 1607 contuitu
1562 1548 1813 1604 conside-

219 1630 368 1684 rari?
405 1632 550 1686 Disc.
581 1631 738 1689 Nullo
765 1634 956 1700 modo;
1007 1651 1132 1690 nam
1175 1637 1242 1693 de
1286 1636 1460 1693 forma
1507 1647 1564 1693 ct
1609 1639 1808 1708 specie,

216 1722 336 1776 sine
359 1723 560 1792 quibus
591 1723 772 1781 nullus
801 1733 1025 1782 ornatus
1066 1727 1183 1782 ﬁeri
1227 1737 1438 1799 potest,
1469 1729 1690 1785 omnino
1719 1730 1806 1786 in-

1923 554 2061 608 quae
2087 553 2151 593 ex
2184 539 2444 609 qualitate
2489 539 2802 604 assumitur,
2834 536 3202 605 materiaeque
3247 529 3486 600 adjuncta

1922 645 2118 700 corpus
2145 640 2394 701 generat,
2428 638 2609 686 creata
2639 638 2743 685 est.
2791 628 2872 683 Ab
2907 628 3020 698 ipsa
3065 638 3278 696 quoque
3323 624 3498 677 omnis

1922 723 2246 779 informitas.
2273 723 2383 780 Nec
2409 723 2630 788 mirum,
2658 736 2724 778 ex
2755 721 2970 776 informi
3001 718 3171 774 forma
3196 731 3294 788 per
3318 714 3499 772 excel-

1919 814 2142 871 lentiam
2175 814 2589 879 informitatem,
2623 829 2764 884 quae
2806 821 2889 868 est
2921 810 3216 866 formarum
3257 807 3500 863 omnium

1918 906 2172 976 privatio,
2201 906 2470 962 conditam
2500 905 2615 960 fieri
2639 946 2654 971 ,
2688 904 2904 974 quando
2937 901 3152 972 quidem
3183 914 3290 954 non
3325 897 3498 954 solum

1919 1012 2251 1067 monogena,
2294 997 2389 1052 sed
2436 997 2602 1052 etiam
2634 995 2657 1028 '
2686 996 3010 1066 heterogena
3034 1033 3050 1058 ,
3090 991 3196 1047 hoc
3231 997 3319 1046 est
3345 1029 3360 1054 ,
3393 1002 3497 1041 non

1917 1089 2089 1144 solum
2119 1104 2258 1159 quae
2288 1097 2416 1145 sunt
2460 1089 2638 1152 unius,
2693 1087 2787 1143 sed
2826 1087 2990 1142 etiam
3019 1084 3040 1115 ⁸
3080 1095 3219 1153 quae
3261 1089 3388 1136 sunt
3422 1078 3500 1134 di-

1916 1179 2058 1234 versi
2098 1180 2345 1250 generis,
2383 1187 2438 1234 et
2466 1193 2572 1233 non
2603 1177 2777 1232 solum
2804 1191 2940 1246 quae
2979 1189 3076 1246 per
3104 1169 3499 1232 excellentiam,

1916 1270 2015 1326 sed
2062 1271 2229 1326 etiam
2254 1271 2273 1302 "
2304 1285 2444 1340 quae
2479 1285 2575 1341 per
2599 1269 2964 1339 privationem
2992 1266 3245 1322 dicuntur
3269 1277 3388 1319 esse
3415 1259 3500 1315 vel

1913 1378 2020 1418 non
2045 1378 2184 1428 esse,
2215 1364 2284 1419 ab
2308 1365 2497 1420 eodem
2526 1362 2676 1418 fonte
2697 1361 2935 1418 omnium
2959 1367 3200 1413 manant.
3232 1355 3370 1423 Quid
3399 1355 3502 1426 igi~

1917 1457 2036 1510 tur?
2065 1455 2202 1511 Num
2229 1456 2341 1528 jam
2371 1455 2465 1512 tibi
2493 1455 2640 1512 clare
2696 1455 2857 1519 lucet,
2897 1467 3004 1509 non
3044 1451 3162 1506 sine
3187 1450 3209 1482 ⁸
3238 1449 3444 1504 ratione
3469 1463 3500 1502 :t

1913 1549 2070 1604 nobis
2091 1549 2296 1604 dictum
2323 1562 2467 1613 esse,
2493 1564 2559 1604 ex
2588 1546 2946 1602 accidentium
2974 1559 3242 1599 concursu
3271 1556 3498 1611 corpora

1914 1637 2068 1703 ﬁeri,
2110 1636 2488 1693 auctoritatem
2519 1636 2691 1692 sancti
2731 1635 2978 1706 Gregorii
3017 1632 3240 1705 Nyssaei
3271 1646 3501 1701 sequen-

1913 1733 2058 1790 tibus
2095 1732 2138 1798 ’,
2173 1732 2535 1812 cum.videas
2579 1731 2732 1813 alios,
2780 1730 2892 1785 sive
2933 1742 3178 1799 graecos,
3215 1725 3329 1781 sive
3375 1723 3502 1777 lati-

215 1827 480 1883 corporea
511 1829 630 1873 esse
657 1817 952 1886 praedictis
983 1819 1304 1887 rationibus,
1337 1821 1468 1875 satis
1493 1829 1577 1876 est
1602 1829 1806 1876 actum.
1842 1813 1888 1874 Β
1917 1844 2015 1884 nos
2059 1836 2344 1893 auctores,
2389 1843 2457 1881 ex
2503 1823 2934 1895 incorporalibus
2983 1834 3225 1877 asserere
3270 1832 3494 1886 corpora

215 1903 360 1960 Msa.
393 1905 548 1964 Nunc
589 1906 774 1980 itaque
796 1909 983 1976 vides,
1024 1927 1092 1966 ex
1136 1911 1472 1983 incorporeis
1498 1953 1512 1979 ,
1561 1913 1808 1968 mutabili

216 1999 471 2055 videlicet
513 1999 846 2057 informitate
882 2001 1180 2060 formarum
1227 2006 1443 2076 quidem
1487 2007 1703 2077 capaci,
1741 2023 1808 2062 ex

215 2090 444 2162 ipsaque
488 2090 665 2148 forma
704 2083 985 2165 quoddam
1011 2110 1351 2166 corporeum,
1382 2099 1664 2153 materiam
1690 2099 1810 2154 dico

214 2199 542 2257 corpusque,
577 2191 776 2246 creari.
800 2190 946 2248 Disc.
979 2191 1145 2248 Plane
1169 2193 1349 2250 video.
1375 2193 1515 2249 MAG.
1544 2193 1810 2252 Concedis

213 2275 430 2346 itaque,
459 2292 528 2334 ex
571 2280 989 2352 incorporalium
1016 2285 1163 2342 coitu
1205 2300 1430 2357 corpora
1467 2299 1627 2356 posse
1665 2287 1804 2342 ﬁeri.

215 2365 364 2423 DISC.
396 2368 648 2427 Concedo
678 2373 888 2430 ratione
909 2386 1152 2432 coactus.
1615 2430 1624 2442 .

284 2459 380 2516 58.
416 2459 556 2519 Msa.
604 2464 768 2535 Atqui
815 2467 941 2523 dum
992 2470 1128 2526 haec
1175 2471 1248 2526 ita
1300 2472 1450 2541 sint,
1497 2473 1807 2531 necessario

212 2549 496 2620 fateberis,
527 2568 754 2628 corpora
785 2558 842 2614 in
870 2560 892 2592 '
920 2561 1235 2632 incorporea
1262 2579 1423 2635 posse
1461 2566 1675 2633 resolvi,
1729 2567 1804 2622 ita

211 2651 271 2698 ut
296 2659 562 2716 corporea
586 2648 609 2682 ³
660 2666 767 2708 non
796 2654 923 2720 sint,
953 2654 1051 2711 sed
1076 2657 1290 2726 penitus
1314 2657 1510 2714 soluta.
1555 2658 1808 2731 Incorpo-

212 2751 302 2802 rea
327 2753 462 2796 vero
483 2743 714 2799 naturali
744 2760 843 2802 suo
863 2760 1130 2804 concursu
1153 2749 1496 2821 mirabilique
1521 2751 1804 2808 harmonia

211 2830 286 2885 ita
314 2847 552 2903 corpora
579 2837 906 2904 conficiunt,
949 2850 1008 2896 ut
1049 2841 1354 2899 naturalem
1401 2859 1559 2899 suum
1602 2855 1802 2902 statum

210 2920 652 2998 immobilemque
673 2928 915 3002 vigorem
941 2932 1090 2990 nullo
1115 2934 1277 2990 modo
1297 2935 1550 2993 desinant
1575 2939 1798 3007 habere;

209 3018 667 3086 quemadmodum
689 3062 705 3089 ,
736 3031 796 3077 ut
822 3025 1054 3094 quadam
1082 3027 1435 3085 similitudine
1459 3039 1705 3098 utamur,
1735 3046 1800 3088 ex

208 3107 328 3164 lucc
366 3119 426 3166 et
471 3127 698 3184 corpore
744 3117 936 3173 umbra
983 3119 1246 3187 nascitur,
1277 3137 1453 3194 neque
1491 3132 1672 3181 tamen
1709 3125 1800 3181 lux

207 3215 387 3272 neque
411 3218 612 3276 corpus
639 3206 694 3261 in
718 3207 965 3264 umbram
995 3223 1268 3280 movetur;
1303 3216 1494 3272 umbra
1517 3231 1646 3273 vero
1670 3218 1797 3274 dum

205 3290 460 3359 solvitur,
493 3294 546 3349 in
578 3309 773 3354 causas
803 3313 962 3364 suas,
993 3315 1191 3372 corpus
1229 3304 1478 3361 videlicet
1509 3317 1675 3378 atque
1711 3309 1796 3364 lu-

203 3397 347 3449 cem,
379 3382 695 3458 intelligitur
716 3390 911 3446 redire.
939 3391 1263 3451 Umbrarum
1285 3391 1553 3468 siquidem
1577 3415 1796 3457 causam

203 3489 406 3546 corpus
439 3477 724 3552 lucemque
748 3497 869 3540 esse
903 3499 1031 3540 vera
1082 3487 1222 3544 ratio
1268 3488 1478 3558 edocet,
1515 3492 1568 3547 in
1598 3493 1796 3564 quibus

201 3569 532 3626 naturaliter
551 3572 729 3640 silent,
754 3575 882 3631 dum
904 3577 957 3633 in
983 3578 1130 3636 nullo
1153 3579 1273 3638 loco
1298 3596 1560 3653 apparere
1578 3585 1797 3651 valeant

198 3671 432 3733 prepter
457 3664 695 3737 undique
730 3667 875 3724 circa
903 3684 1131 3741 corpora
1162 3673 1546 3731 circumfusam
1575 3677 1796 3734 luminis

199 3754 528 3812 claritatem.
557 3757 755 3815 Errant
777 3761 944 3830 enim,
971 3764 1061 3833 qui
1083 3774 1292 3834 putant,
1317 3768 1564 3823 umbram
1591 3770 1791 3838 perire,

199 3844 330 3900 dum
363 3847 617 3904 sensibus
663 3864 772 3906 non
802 3862 1026 3923 apparet
1052 3854 1094 3908 ⁸.
1124 3854 1240 3911 Νοη
1266 3857 1412 3912 enim
1441 3859 1630 3915 umbra
1659 3862 1793 3917 nihil

199 3945 305 4003 est,
327 3938 423 3994 sui
454 3938 677 4011 aliquid.
706 3942 956 4014 Alioquin
999 3963 1102 4003 non
1135 3947 1340 4004 diceret
1367 3948 1646 4021 Scriptura
1680 3969 1694 4006 :
1723 3952 1792 4008 Et

198 4030 398 4084 uocauit
439 4029 580 4087 Deus
623 4031 791 4089 lucem
828 4037 966 4090 diem
989 4077 1006 4103 ,
1045 4048 1092 4092 et
1130 4040 1366 4096 tenebras
1397 4051 1616 4099 noctem.
1648 4043 1790 4101 Deus

199 4135 438 4191 namque
466 4137 574 4178 non
601 4125 864 4193 nominat,
896 4128 999 4184 nisi
1029 4130 1172 4200 quod
1200 4145 1267 4187 ex
1311 4131 1427 4202 ipso
1466 4143 1582 4200 est;
1615 4149 1790 4206 neque

197 4227 263 4268 eo
308 4212 414 4268 loci
455 4213 681 4271 altitudo
711 4217 951 4275 theoriae
983 4220 1160 4277 aufert
1188 4223 1474 4281 veritatem
1503 4226 1784 4283 historiae.

197 4305 274 4362 lbi
323 4306 593 4378 siquidem
624 4311 918 4367 secundum
949 4329 1133 4369 rerum
1172 4314 1439 4372 factarum
1477 4319 1787 4375 considera-

198 4399 404 4454 tionem
455 4413 566 4456 non
614 4400 758 4459 aliud
809 4406 1060 4462 tenebras
1109 4415 1430 4480 noctemque
1469 4411 1785 4482 accipimus,

195 4490 302 4545 nisi
347 4491 596 4546 umbram
643 4501 822 4549 terrae
868 4497 1122 4553 solarium
1166 4500 1438 4557 radiorum
1487 4501 1784 4560 circumfu-

195 4580 354 4637 sione
383 4583 582 4642 factam
623 4585 794 4642 instar
818 4589 974 4656 coni,
1006 4604 1326 4663 semperque
1371 4593 1528 4665 globo
1569 4593 1786 4651 luminis

193 4675 523 4744 oppositam.
546 4676 856 4750 Eademque
883 4681 1020 4736 ratio
1041 4691 1123 4738 est
1150 4683 1203 4738 in
1233 4685 1532 4742 minoribus
1554 4688 1782 4753 umbris,

193 4766 560 4838 qualicunque
621 4770 821 4827 lumine
873 4774 1298 4845 corporibusque
1346 4775 1639 4847 projectis,
1688 4793 1784 4832 seu

194 4859 384 4941 ﬁnitae
437 4879 532 4920 seu
577 4864 818 4923 inﬁnitae
860 4868 1008 4934 sint,
1053 4878 1106 4924 et
1145 4868 1534 4940 qualiscunque
1577 4869 1784 4928 formae

193 4951 324 5006 sint.
356 4952 475 5008 Non
509 4956 723 5013 mireris
751 4959 932 5029 itaque
957 5000 972 5026 ,
1017 4973 1084 5014 ex
1130 4959 1562 5030 incorporalibus
1605 4962 1784 5016 causis

193 5054 424 5113 corpora
452 5047 658 5114 creari,
688 5048 852 5120 inque
880 5050 1097 5106 easdem
1130 5051 1322 5106 iterum
1368 5050 1600 5118 resolvi,
1640 5053 1787 5122 ipsas

191 5144 326 5188 vero
355 5150 550 5192 causas
576 5137 644 5192 ah
675 5155 776 5193 una
808 5141 1102 5212 eademque
1138 5157 1318 5197 rerum
1345 5143 1584 5198 omnium
1625 5158 1780 5198 crea-

192 5225 334 5282 trice
357 5238 573 5286 creatas
599 5232 908 5300 procedere.
1382 5217 1384 5219 i

264 5318 358 5375 59.
403 5321 482 5377 Ex
510 5320 683 5381 forma
719 5326 861 5382 enim
899 5327 1141 5384 omnium
1165 5370 1180 5395 ,
1224 5328 1503 5399 unigenito
1533 5328 1780 5386 videlicet

1915 1919 2068 1975 ﬁeri?
2099 1919 2330 1990 Ideoque
2370 1918 2628 1989 praedicti
2673 1916 2843 1987 patris
2883 1913 3127 1984 Gregorii
3171 1911 3493 1968 sententiam

1911 2011 2261 2082 disputationi
2291 2020 2509 2067 nostrae
2539 2009 2738 2080 placuit
2769 2007 2952 2063 inseri.
2982 2006 3071 2062 Ait
3099 2004 3242 2060 enim
3277 2005 3328 2059 in
3357 2003 3494 2058 libro

1912 2104 1980 2161 de
2002 2103 2261 2173 Imagine,
2292 2103 2552 2157 adversus
2581 2115 2696 2165 eos,
2721 2098 2813 2168 qui
2839 2097 3042 2162 dicunt,
3075 2095 3356 2154 materiam
3388 2095 3495 2149 Deo

1909 2209 2032 2252 esse
2061 2203 2429 2260 coaeternam,
2457 2207 2620 2264 agens
2649 2206 2664 2246 :
2695 2189 2876 2262 Neque
2901 2199 3051 2245 extra
3085 2205 3174 2253 ea,
3205 2203 3339 2258 quae
3371 2202 3496 2241 con-

1908 2296 2180 2358 sequenter
2208 2286 2414 2340 inventa
2446 2294 2598 2349 sunt,
2629 2283 2694 2338 de
2721 2282 2944 2336 materia
2969 2279 3225 2351 susceptio
3270 2278 3361 2332 illa
3391 2279 3496 2347 fer-

1909 2387 2016 2443 tur,
2037 2393 2170 2448 quae
2191 2392 2256 2431 ea:
2280 2373 2623 2431 intellectuali
2645 2383 2693 2428 et
2715 2370 3053 2427 immateriali
3073 2385 3186 2424 eam
3216 2367 3498 2452 subsistere

1908 2468 2126 2540 profert.
2147 2467 2367 2522 Omnem
2385 2464 2639 2538 siquidem
2661 2464 2934 2518 materiam
2955 2477 3018 2516 ex
3035 2459 3346 2530 quibusdam
3366 2473 3493 2527 qra~

1907 2559 2142 2616 litatibus
2171 2559 2451 2614 consistere
2493 2556 2814 2620 inueniatur;
2847 2552 3032 2624 quibus
3064 2553 3109 2606 si
3152 2551 3352 2604 nudata
3381 2547 3496 2617 fuc-

1909 2651 1998 2716 rit,
2025 2665 2118 2720 per
2135 2651 2358 2720 seipsam
2399 2646 2544 2702 nulla
2581 2647 2782 2700 ratione
2820 2642 3300 2713 comprehendetur.
3336 2639 3494 2710 Atqui

1906 2759 2246 2814 unaquaeque
2260 2740 2528 2812 qualitatis
2541 2739 2734 2808 species
2753 2737 2794 2768 ¹⁰
2813 2737 3014 2790 ratione
3036 2733 3264 2804 subjecto
3283 2731 3325 2764 “
3344 2747 3495 2800 sepa-

1906 2843 2076 2888 ratur.
2104 2833 2252 2888 Ratio
2279 2841 2454 2887 autem
2478 2827 2843 2885 intellectualis
2869 2837 2942 2882 est
2965 2826 3223 2897 quaedam
3246 2833 3294 2878 et
3320 2822 3493 2877 inter.

1904 2925 2100 2996 poralis
2123 2923 2360 2989 tlteoria;
2406 2930 2590 2992 utputa
2611 2919 2874 2991 proposito
2895 2917 3140 2990 quopiam
3161 2912 3380 2970 animali
3401 2927 3491 2968 seu

1904 3019 2045 3091 ligno
2075 3020 2128 3074 in
2159 3017 2382 3082 tlteoria,
2412 3032 2504 3072 seu
2534 3013 2711 3084 aliqua
2738 3011 2844 3068 alio
2868 3007 3221 3066 materialium
3243 3006 3492 3062 constitu-

1903 3112 2094 3168 tionem
2130 3111 2461 3172 habentium,
2497 3106 2664 3161 multa
2700 3107 2840 3160 circa
2875 3103 3166 3174 subjectum
3203 3098 3492 3155 secundum

1826 3171 1875 3233 ο
1903 3201 2295 3273 intelligentiam
2321 3171 2574 3254 divisione
2598 3171 3206 3267 intelligimus,vquorum
3233 3190 3490 3244 uniuscu-

1891 3295 2085 3366 jusque
2109 3293 2176 3347 ad
2200 3292 2275 3358 id,
2300 3291 2438 3363 quod
2463 3288 2846 3356 consideratur,
2868 3283 3382 3355 inconfuseJtabetur
3404 3297 3492 3334 ra-

1897 3385 1991 3438 tio.
2017 3382 2136 3436 Alia
2166 3381 2423 3453 siquidem
2448 3377 2664 3444 coloris,
2684 3387 2732 3432 et
2758 3376 2866 3432 alia
2896 3374 3166 3447 gravitatis
3189 3373 3361 3437 ratio;
3381 3370 3490 3425 alia

1895 3476 2083 3529 iterum
2105 3471 2411 3544 quantitatis
2429 3511 2444 3537 ,
2472 3479 2520 3524 et
2556 3468 2664 3523 alia
2691 3466 3062 3538 intelligentiae
3081 3505 3098 3532 ,
3128 3480 3263 3535 quae
3301 3471 3377 3517 est
3399 3477 3484 3517 se-

1895 3567 2126 3622 cundant
2152 3573 2349 3620 tactum
2373 3561 2727 3634 proprietatis.
2767 3558 3018 3615 Mollities
3049 3556 3186 3612 enim
3206 3564 3255 3610 et
3290 3553 3492 3609 bicubi-

1896 3660 2002 3713 tale
2031 3658 2098 3724 “,
2127 3667 2298 3713 cetera
2322 3656 2480 3711 etiam
2508 3669 2708 3719 eorum,
2736 3668 2868 3724 quae
2882 3652 3024 3706 dicta
3049 3657 3370 3718 sunt,neque
3392 3643 3490 3700 sibi

1892 3749 2126 3814 invicem,
2174 3763 2335 3820 neque
2370 3746 2578 3817 corpori
2622 3744 2907 3800 secundum
2950 3743 3204 3796 rationem
3243 3738 3489 3794 commis-

1893 3850 2094 3896 centur.
2139 3839 2284 3894 Nam
2318 3840 2374 3893 in
2424 3853 2734 3908 unoquoque
2779 3836 2965 3891 horum
3018 3831 3278 3904 specialis,
3329 3828 3487 3902 juxta

1893 3950 2052 4005 quam
2105 3941 2179 3986 est
2219 3932 2579 3999 interpretata,
2628 3928 2939 3998 intelligitur
2997 3943 3190 3991 causa;
3237 3923 3486 3994 nullaque

1891 4041 2094 4090 earum,
2125 4039 2260 4095 quae
2286 4023 2426 4076 circa
2454 4020 2748 4090 subjectum
2771 4018 3151 4082 tlteorizantur,
3184 4015 3336 4070 alteri
3347 4028 3485 4084 qua-

1891 4115 2028 4171 litati
2060 4116 2422 4183 permiscetur.
2461 4111 2522 4167 Si
2551 4127 2671 4182 ergo
2699 4107 3040 4179 intelligib’ilis
3083 4105 3246 4171 color,
3289 4103 3485 4160 intelli-

1889 4207 2065 4278 gibilis
2111 4207 2270 4261 etiam
2315 4202 2555 4260 soliditas
2602 4212 2649 4256 et
2685 4201 2974 4272 quantitas,
3021 4207 3069 4253 et
3106 4207 3274 4252 cetera
3297 4195 3483 4250 talium

1888 4299 2291 4370 specialitatum.
2343 4295 2550 4351 Horum
2593 4303 2766 4349 autem
2798 4291 3200 4364 unumquodque
3223 4289 3270 4344 si
3305 4287 3484 4343 subla-

1890 4399 2002 4445 tum
2034 4390 2193 4460 fuerit
2228 4387 2483 4459 subjecto,
2509 4387 2676 4442 omnis
2697 4386 2828 4439 ratio
2859 4384 3089 4453 corporis
3123 4381 3279 4437 simul
3311 4379 3485 4434 solve-

1891 4492 1995 4537 tur.
2049 4480 2381 4552 Consequens
2431 4479 2548 4542 erit,
2593 4492 2815 4549 quorum
2868 4475 3156 4529 absentiam
3205 4471 3481 4527 solutionis

1891 4575 2123 4644 corporis
2153 4588 2369 4628 causam
2399 4571 2718 4633 invenimus,
2751 4569 2938 4622 horum
2972 4583 3282 4621 concursum
3319 4573 3481 4618 mate-

1889 4665 2071 4720 rialem
2109 4675 2355 4719 naturam
2388 4679 2564 4717 creare
2590 4675 2851 4715 assumere
2882 4659 2942 4712 ⁸³.
2996 4655 3059 4710 Ut
3094 4657 3228 4711 enim
3261 4671 3364 4709 non
3405 4662 3479 4708 est

1889 4776 2098 4829 corpus,
2129 4760 2214 4812 cui
2256 4775 2336 4812 res
2356 4797 2370 4822 ,
2400 4757 2453 4810 id
2475 4766 2551 4811 est
2581 4757 2752 4818 οὐσία,
2779 4763 2826 4808 et
2851 4755 3046 4823 ﬁgura,
3068 4761 3114 4806 et
3141 4750 3402 4815 soliditas,
3429 4755 3500 4826 et.

1887 4851 2165 4916 distantia,
2199 4863 2245 4906 et
2269 4851 2523 4920 gravitas,
2551 4859 2820 4919 ceteraque
2845 4845 3228 4916 specialitatum
3254 4860 3358 4896 non
3383 4840 3478 4894 ad-

1886 4951 2028 5006 sunt,
2069 4942 2447 4994 ltorumautem
2486 4937 2888 5008 unumquodque
2917 4953 3104 5005 corpus
3140 4942 3357 4998 nonest,
3386 4931 3476 4985 scd

1887 5032 2112 5087 alterum
2156 5031 2280 5101 quid
2325 5040 2527 5100 praeter
2561 5045 2747 5099 corpus
2786 5045 3017 5083 seorsum
3064 5027 3322 5082 int-enitar
3352 5037 3370 5074 .'
3400 5024 3475 5077 sic

1896 5125 2204 5190 conrersim,
2242 5123 2555 5192 ubicunque,
2584 5139 2716 5192 quae
2743 5123 2883 5176 dicta
2925 5124 3063 5184 sunt,
3097 5117 3470 5180 concurrerint,

1885 5216 2208 5289 corporalem
2253 5215 2598 5269 substantiam
2637 5215 2931 5285 perﬁciunt.
2965 5213 3028 5266 At
3058 5214 3103 5266 si
3138 5205 3474 5278 intelligibilis

1882 5322 1957 5366 est
1985 5310 2370 5382 specialitatum
2403 5306 2763 5379 intelligentia,
2793 5304 3131 5377 intelligibilis
3152 5317 3356 5374 quoque
3380 5315 3476 5353 na-

1490 5465 1746 5524 VARIAE
1782 5467 2184 5528 LECTlONES.

267 5575 285 5608 '
326 5575 420 5632 Sic
453 5577 576 5643 Al);
623 5596 724 5633 non
781 5593 889 5633 om.
929 5576 1032 5635 ΟΕ.
1129 5579 1153 5613 ⁸
1191 5579 1246 5634 in
1286 5594 1394 5635 om.
1433 5579 1492 5634 C.

192 5659 304 5700 om.
345 5650 412 5704 Α.
492 5651 512 5681 ⁸
549 5650 637 5705 Sic
702 5649 866 5714 CDE;
909 5650 954 5703 Α
996 5659 1063 5704 et.
1140 5651 1160 5682 "
1223 5650 1314 5707 Sic
1375 5649 1537 5716 CDE;
1582 5651 1624 5704 Α
1659 5662 1726 5706 et.

193 5716 240 5748 ’θ
279 5719 372 5774 Sic
411 5717 573 5786 CDE;
615 5720 657 5774 A
691 5722 882 5791 species
910 5721 1200 5792 qualitatis.

191 5803 387 5848 creare
437 5801 486 5847 εἰ
538 5806 837 5849 assumere.

1570 5580 1589 5610 ³
1626 5581 1669 5635 D
1707 5598 1947 5650 corpora.
2057 5581 2078 5612 ⁵
2119 5580 2210 5635 Sic
2247 5580 2373 5643 CE;
2424 5580 2516 5631 AD
2571 5584 2818 5647 appareat

1806 5653 1828 5684 ⁸
1869 5650 2169 5728 Sic_ACE;
2217 5648 2618 5728 ρκξιορῄηίξὶ,
2659 5727 2662 5728 ν
2697 5647 2716 5679 ⁹
2753 5647 2818 5728 Si:

1307 5720 1348 5753 “
1388 5719 1479 5778 Sic
1512 5720 1672 5791 CDE;
1722 5722 1768 5777 Α
1803 5740 1833 5776 a
1874 5716 2161 5781 suh’ectog
2215 5720 2258 5754 “
2283 5717 2374 5776 Sic
2399 5718 2518 5786 CE;
2545 5719 2588 5773 D
2619 5727 2672 5774 et
2702 5716 2941 5773 cubitale.

2057 5581 2078 5612 ⁵
2119 5579 2210 5635 Sic
2247 5577 2373 5643 CE;
2424 5577 2516 5631 AD
2571 5584 2838 5647 appareat.
2949 5574 2970 5605 '
3016 5573 3124 5647 Sic
3157 5571 3275 5638 CE;
3317 5574 3475 5627 etiam

2588 5645 2645 5712 i,
2697 5647 2716 5679 ’
2753 5647 2844 5701 Sic
2880 5646 2958 5712 A;
3002 5645 3132 5700 (ΖΒΕ
3188 5655 3472 5712 sequentes.

2619 5727 2672 5774 et
2702 5716 2941 5773 cubitale.
3022 5715 3064 5748 ⁸³
3093 5716 3185 5772 Sic
3220 5715 3380 5774 CDE;
3421 5723 3474 5768 et

3137 5732 3185 5772 xc
3220 5732 3380 5781 nun;
3421 5732 3447 5768 e
