4028 6280
529 309 642 371 895

1917 312 2205 372 JOANNIS
2240 312 2437 371 SCOTI

3702 308 3806 365 504

530 437 655 485 tum
678 424 822 484 Deus
860 426 1056 483 dicitur
1076 426 1094 459 ί
1112 464 1131 495 ,
1165 425 1242 483 nil
1274 427 1668 500 inconsequens,
1703 444 1770 485 ea:
1804 429 2125 500 incorporati
2151 433 2204 497 Α
2227 428 2478 496 haesitet,
2507 426 2731 485 rudibus
2757 433 3110 494 tamen,an
3130 426 3174 460 ι³
3193 423 3544 482 interioribus
3559 422 3627 478 ad
3651 437 3811 494 sepe.

532 527 728 576 natura
763 518 860 573 has
898 516 1277 575 intellecth
1304 520 1601 576 occasiones
1634 521 1703 576 ad
1732 538 2010 592 corporum
2030 538 2119 593 ge-

533 613 855 668 nerationem
884 611 906 644 ³
955 612 1264 667 substitutus
1296 628 1406 667 me
1436 612 1502 667 ab
1540 611 1882 669 intellectuali
1906 614 2120 685 quidem

533 713 728 762 natura
771 702 1128 775 intelligibiles
1165 705 1509 761 aubstituente
1531 705 1764 771 uirtutes,
1789 706 1978 762 Irarum
2000 723 2121 763 vero

530 796 602 853 ad
627 814 684 853 se
711 796 1215 870 invisentconcursu
1249 796 1573 854 materialent
1606 808 1852 855 naturam
1885 800 1941 855 in
1969 816 2124 871 gene-

532 889 792 945 rationem
830 888 1139 945 adducenle.

604 979 698 1036 00.
735 979 879 1036 Num
914 981 1100 1052 itaque
1125 981 1297 1050 vides,
1321 984 1619 1041 maximum
1659 983 2123 1055 fortissnnumque

532 1072 799 1144 praedicti
838 1075 1083 1146 magistri
1128 1086 1506 1147 argumentum
1547 1076 1827 1134 suilicere?
1875 1077 1933 1134 Si
1977 1079 2122 1135 enim

535 1166 682 1222 aliud
713 1176 1097 1239 esset-corpus
1128 1177 1347 1240 praeter
1388 1170 1745 1227 accidentium
1774 1172 1950 1236 οὐσίας
1990 1186 2123 1228 con-

535 1270 779 1324 cursum,
802 1258 1097 1315 subtractis
1120 1258 1325 1315 eisdem
1351 1258 1406 1314 in
1428 1259 1607 1331 seipse
1620 1276 1717 1331 per
1736 1262 1972 1332 seipsum
1996 1263 2127 1317 sub-

537 1346 783 1403 sisteret.
819 1346 1099 1418 Siquidem
1144 1357 1307 1406 omne
1350 1348 1653 1421 subjectum
1688 1367 1787 1422 per
1814 1368 1876 1408 se
1914 1353 2124 1408 subsis-

537 1447 663 1496 tens
709 1441 1070 1498 accidentium
1116 1458 1225 1499 non
1278 1443 1614 1515 indiget,ut
1660 1444 1755 1511 sit,
1814 1446 1954 1500 sicut
2010 1445 2127 1516 ipsa

536 1538 709 1596 ὠσία.
740 1536 869 1594 Sive
897 1538 1041 1594 enim
1065 1539 1317 1596 accidant
1342 1541 1416 1607 ei,
1444 1542 1561 1598 sive
1582 1557 1689 1596 non
1712 1542 1989 1609 accidant;
2013 1543 2129 1598 sive

539 1628 597 1686 in
625 1643 689 1685 ea
719 1631 848 1698 sint,
881 1645 1021 1702 quae
1047 1633 1171 1688 sine
1189 1647 1256 1689 ea
1285 1646 1407 1689 esse
1434 1649 1541 1690 non
1569 1644 1813 1707 possunt,
1848 1637 1959 1691 sive
1980 1638 2048 1694 ab
2063 1653 2126 1692 ea

540 1720 820 1787 recedant,
872 1737 1013 1793 quae
1046 1710 1130 1780 ab
1169 1738 1234 1779 ea
1281 1726 1556 1798 segregari
1595 1734 1844 1805 possput,
1878 1743 1973 1784 seu
2011 1727 2127 1784 sola

2220 521 2367 580 riora
2395 521 2622 579 rationis
2655 521 2763 577 iter
2799 518 3172 591 carpentibus,
3212 518 3368 574 utilia
3401 529 3525 574 esse
3559 530 3671 571 non
3695 531 3812 570 ain-

2220 615 2366 687 bigo.
2381 616 2528 672 DISC.
2550 614 2708 673 Nullo
2729 614 2891 672 modo
2904 614 3309 685 ambigendum,
3329 621 3385 669 et
3413 612 3517 669 hoc
3532 612 3588 668 in
3606 611 3814 683 meipso

2220 709 2524 785 perspicio;
2560 723 2727 780 perge
2755 708 2801 740 “'
2832 708 2899 764 ad
2920 715 3125 764 cetera.
3194 768 3199 771 ,

2292 800 2384 858 62.
2402 801 2544 858 MAG.
2568 803 2715 859 Duae
2737 800 3043 872 categorias
3055 797 3502 870 contemplationi
3514 804 3742 867 restant,
3758 796 3817 852 ni

2188 886 2191 889 ’
2221 897 2385 954 fallor
2412 916 2429 953 :
2459 897 2653 970 agendi
2680 895 2932 953 videlicet
2952 904 3009 951 et
3027 892 3287 965 patiendi.
3317 892 3453 951 Nam
3477 892 3821 962 disputantes

2225 993 2292 1049 de
2341 991 2481 1057 loco,
2520 989 2785 1062 quaedam
2814 988 2883 1044 de
2913 996 3179 1058 tempore,
3207 992 3472 1056 quantum
3510 983 3821 1054 praesentis

2225 1083 2609 1155 disputationis
2624 1082 2921 1140 necessitas
2939 1081 3213 1153 exigebat,
3245 1077 3619 1135 discussimus.
3665 1076 3819 1134 Diae.

2227 1178 2312 1234 Nil
2338 1195 2483 1235 nunc
2503 1177 2736 1248 amplius
2759 1176 2826 1232 de
2851 1183 3097 1246 tempore
3120 1174 3294 1245 deque
3316 1172 3436 1228 loco
3463 1185 3495 1225 a
3510 1178 3564 1226 te
3592 1184 3820 1240 quaero.

2227 1270 2517 1328 Sufﬁciunt
2561 1270 2728 1336 enim,
2774 1283 2914 1339 quae
2941 1268 3009 1323 de
3040 1266 3125 1323 his
3154 1265 3471 1321 dieta'sunt.
3505 1262 3643 1319 Nam
3675 1263 3721 1319 si
3752 1262 3826 1319 de

2231 1365 2461 1437 singulis
2499 1364 2707 1431 omnia,
2738 1375 2878 1433 quae
2899 1361 3040 1417 ratio
3069 1350 3406 1416 considerari
3442 1357 3671 1428 appetit,
3702 1356 3826 1427 quis

2228 1459 2447 1524 dixerit,
2479 1468 2572 1513 aut
2593 1458 2708 1523 vix,
2739 1468 2832 1512 aut
2861 1455 3065 1512 nullum
3089 1456 3251 1510 linem
3265 1453 3560 1525 disputatio
3579 1452 3826 1508 habebit.

2227 1548 2367 1608 MAG.
2388 1548 2684 1607 Considera
2702 1549 2904 1625 itaque,
2918 1561 3048 1601 num
3063 1546 3206 1601 actio
3216 1545 3507 1616 passioque
3517 1544 3739 1615 proprie
3759 1544 3829 1598 de

2228 1639 2341 1698 Deo
2370 1641 2772 1713 praedicantur,
2814 1652 2906 1703 an,
2937 1636 3078 1693 sicut
3112 1645 3327 1691 ceterae
3364 1633 3694 1705 categoriae,
3729 1646 3831 1703 per

2228 1734 2602 1804 metaphoram
2627 1730 2735 1787 dici
2764 1728 3160 1786 aestimandum
3213 1734 3318 1784 est.
3350 1725 3497 1781 Drsc.
3531 1723 3640 1780 Per
3663 1731 3832 1780 meta—

538 1812 887 1884 eogitatione,
939 1829 1034 1871 seu
1086 1823 1210 1871 actu
1256 1824 1313 1871 et
1354 1831 1521 1888 opere
1558 1835 1570 1871 :
1619 1819 1733 1875 suis
1784 1820 2124 1876 naturalibus
2154 1814 2205 1876 Β
2230 1825 2457 1897 phoram
2471 1837 2622 1878 sane.
2650 1822 2791 1891 Quid
2818 1817 3265 1891 enimiNunquid
3295 1816 3671 1873 arbitrandum
3709 1822 3829 1881 est,

539 1904 797 1962 subsidiis
829 1921 1045 1979 semper
1071 1908 1588 1981 immutabiliterque
1629 1912 1896 1968 subsistit.
1927 1912 2133 1983 Corpus

539 2004 722 2054 autem
769 1999 1061 2055 subtractis
1111 2002 1482 2059 accidentibus
1540 2004 1690 2061 nullo
1730 2004 1890 2061 modo
1934 2022 2032 2076 per
2076 2022 2136 2063 se

539 2089 841 2147 subsistere
868 2100 1068 2163 potest,
1095 2094 1349 2165 quoniam
1381 2094 1526 2150 nulla
1546 2097 1847 2153 substantia
1889 2097 2130 2154 fulcitur.

540 2178 678 2237 Nam
716 2181 764 2239 si
805 2186 1166 2256 quantitatem
1196 2202 1227 2241 a
1253 2202 1483 2259 corpore
1527 2190 1891 2258 subtraxeris,
1939 2205 2136 2262 corpus

540 2287 651 2330 non
679 2276 817 2344 erit;
845 2279 1036 2347 spatiis
1054 2280 1199 2335 enim
1232 2282 1600 2339 membrorum
1629 2300 1966 2356 numeroque
2000 2302 2138 2343 eon-

545 2369 768 2426 tinetur.
799 2369 1065 2429 Similiter
1080 2374 1125 2430 si
1154 2375 1470 2446 qualitatem
1504 2377 1572 2432 ab
1597 2392 1664 2433 eo
1699 2377 2018 2449 dempseris,
2045 2381 2138 2436 de-

544 2459 723 2519 forme
743 2462 767 2496 ⁸
788 2465 1109 2532 remanebit,
1125 2475 1180 2523 et
1201 2467 1353 2522 nihil.
1370 2467 1571 2525 Eadem
1590 2471 1730 2525 ratio
1752 2471 1804 2525 in
1828 2471 2026 2527 ceteris
2047 2485 2139 2528 ac-

542 2552 871 2621 cidentibus,
895 2557 1087 2627 quibus
1110 2573 1308 2630 corpus
1335 2560 1603 2616 contineri
1632 2561 1865 2627 videtur,
1895 2570 2139 2619 contem-

547 2648 746 2721 planda
774 2659 879 2706 est.
909 2650 1063 2718 Quod
1085 2651 1252 2723 igitur
1278 2653 1395 2709 sine
1421 2654 1791 2710 accidentibus
1816 2670 1915 2725 per
1942 2670 2003 2712 se
2029 2671 2138 2711 non

545 2748 726 2811 potest
754 2742 1071 2810 subsistere,
1101 2744 1236 2800 nihil
1264 2745 1408 2802 aliud
1439 2746 1844 2818 intelligendum
1875 2755 1959 2804 est
1985 2762 2141 2819 prae-

545 2839 632 2889 ter
652 2836 948 2894 eorundem
976 2838 1000 2870 ⁵
1030 2839 1391 2897 accidentium
1415 2856 1737 2898 concursum
1762 2856 1903 2898 esse.

616 2923 704 2980 61.
751 2924 891 2994 Quid
922 2942 1052 3000 ergo
1092 2928 1313 2998 mirum,
1343 2939 1437 2986 aut
1465 2931 1662 2988 rationi
1697 2931 2063 2997 contrarium,
2093 2930 2140 2986 si

544 3015 799 3075 similiter
817 3020 1168 3091 accipiamus,
1192 3024 1537 3094 magniﬁcum
1561 3024 1843 3081 Boethium
1860 3042 1966 3081 non
1996 3024 2142 3081 aliud

544 3109 751 3182 aliquid
766 3112 788 3145 '
802 3115 1109 3171 variabilcm
1128 3120 1235 3172 rem
1250 3116 1604 3185 intellexisse,
1626 3118 1729 3175 nisi
1753 3133 1951 3189 corpus
1969 3128 2143 3174 mate-

2235 1916 2338 1972 has
2380 1916 2517 1973 duas
2577 1915 2808 1971 aliarum
2848 1911 3066 1986 regulas
3090 1913 3377 1977 excedere,
3424 1924 3551 1966 cum
3601 1908 3834 1974 minoris

2234 2005 2452 2062 virtutis
2475 2003 2931 2061 videanturesse?
2954 2001 3095 2059 Mss.
3114 2001 3232 2069 Dic,
3253 2014 3478 2072 quaeso,
3490 1999 3621 2070 quid
3634 1998 3730 2054 tibi
3742 1997 3829 2053 vi-

2235 2097 2416 2165 detur,
2444 2112 2663 2154 movere
2691 2104 2745 2151 et
2772 2095 3001 2161 moveri,
3029 2105 3213 2150 nonne
3255 2102 3417 2164 agere
3443 2100 3530 2146 est
3575 2099 3631 2146 et
3675 2088 3834 2160 pati?

2236 2191 2381 2248 Dtsc.
2396 2191 2570 2247 Aliter
2579 2203 2701 2246 esse
2716 2204 2823 2245 non
2841 2188 2886 2221 ι’
2900 2188 3077 2243 video.
3094 2185 3237 2241 MAG.
3252 2182 3600 2249 Similiter,ut
3612 2183 3833 2253 opinor,

2238 2298 2427 2340 amare
2451 2291 2507 2339 et
2520 2281 2713 2339 amari.
2730 2281 2876 2339 DISC.
2894 2279 3094 2336 Eadem
3115 2276 3303 2349 regula
3319 2274 3667 2345 colliguntur.
3685 2272 3835 2329 Haec

2237 2375 2384 2432 enim
2430 2374 2619 2440 verba,
2668 2371 2863 2443 suique
2890 2370 3111 2436 similia,
3140 2368 3322 2425 activa
3350 2376 3408 2423 et
3434 2366 3649 2439 passiva
3674 2380 3834 2433 esse,

2239 2479 2403 2520 nemo
2421 2464 2621 2519 artium
2636 2461 2939 2519 liberalium
2963 2460 3174 2532 peritus
3186 2460 3425 2531 ignorat.
3437 2457 3578 2514 Man.
3594 2456 3657 2512 Si
3672 2456 3837 2526 igitur

2241 2554 2440 2612 haec“
2465 2553 2654 2619 verba,
2669 2553 2787 2610 sive
2813 2552 3047 2616 activae,
3068 2551 3185 2606 sive
3202 2549 3454 2621 passivae
3478 2547 3836 2621 signiﬁcatio-

2240 2647 2327 2703 nis
2382 2653 2510 2712 sunt,
2562 2659 2672 2701 non
2720 2643 2832 2717 jam
2881 2643 3124 2714 proprie,
3171 2640 3269 2697 sed
3325 2638 3584 2697 translate
3629 2639 3701 2695 de
3728 2639 3840 2695 Deo

2240 2740 2646 2814 praedicantur,
2669 2746 2726 2794 et
2747 2738 2953 2802 omnia,
2988 2749 3132 2806 quae
3161 2732 3839 2804 translatepraedicantnr,

2242 2847 2351 2889 non
2384 2846 2597 2899 revera,
2619 2830 2715 2887 sed
2741 2827 3144 2902 quodammodo
3163 2825 3235 2883 de
3252 2839 3322 2882 eo
3341 2824 3619 2890 dicuntur,
3646 2838 3839 2880 revera

2241 2941 2418 2997 neque
2438 2926 2583 2982 Deus
2605 2924 2741 2997 agit,
2764 2936 2941 2994 neque
2961 2921 3192 2993 patitur,
3225 2930 3404 2990 neque
3432 2924 3637 2982 movet,
3664 2929 3841 2987 neque

2243 3027 2512 3085 movetur,
2549 3031 2723 3088 neque
2747 3024 2917 3083 amat,
2938 3028 3116 3086 neque
3138 3019 3374 3069 amatur.
3389 3009 3541 3067 Dlsc.
3554 3008 3705 3066 Haec
3720 3023 3842 3079 pes-

2245 3123 2417 3172 trema
2461 3112 2736 3170 conclusio
2765 3126 2874 3171 non
2924 3122 3126 3183 parvae
3140 3106 3347 3180 indiget
3365 3102 3842 3162 eousideratiouis.

545 3201 704 3272 rlale,
736 3204 879 3275 quod
903 3221 968 3259 ea:
988 3222 1243 3261 concursu
1271 3224 1453 3263 earum
1480 3224 1674 3273 rerum,
1707 3225 1841 3279 quae
1864 3225 1977 3264 vere
2001 3218 2139 3274 sunt,
2169 3191 2216 3256 C
2248 3206 2564 3274 Nam‘buic,
2608 3215 2669 3262 ut
2693 3205 2906 3276 opinor,
2947 3203 3115 3259 totius
3151 3212 3345 3257 sacrae
3365 3197 3687 3267 Scripturae
3715 3208 3844 3252 san-

547 3302 607 3351 ut
628 3296 705 3351 ait
730 3296 869 3368 ipse,
894 3300 1273 3355 constituitur?
1307 3299 1373 3356 Et
1403 3300 1528 3356 dum
1557 3300 1611 3356 in
1644 3302 1762 3372 ipso
1790 3301 2143 3358 consideran-
2170 3287 2187 3297 ’

547 3398 655 3457 tur,
705 3390 1122 3448 mutabilitatem
1163 3394 1434 3464 quandam
1473 3394 1584 3464 pati
1630 3407 1855 3451 necesse
1892 3401 1997 3450 est.
2032 3393 2144 3449 Nec

546 3480 649 3538 hoc
683 3482 706 3515 ⁸
738 3482 967 3551 mirum,
988 3484 1069 3540 si"
1101 3484 1259 3542 aliter
1295 3501 1384 3542 res
1404 3499 1503 3556 per
1526 3500 1584 3543 se
1620 3485 1983 3544 immutabiles
2008 3501 2146 3558 puro

546 3574 749 3630 mentis
784 3576 1027 3631 cuntuitu
1051 3576 1489 3651 perspicientur'
1527 3579 1581 3634 in
1619 3594 1718 3635 sua
1763 3579 2142 3651 simplicitate,

549 3663 709 3721 aliter
732 3681 895 3723 sensu
925 3683 1190 3742 corporeo
1221 3671 1275 3726 in
1309 3670 1485 3743 aliqua
1519 3674 1748 3730 materia
1782 3689 1848 3730 ex
1878 3689 2142 3731 concursu

547 3772 735 3831 earum
792 3760 933 3818 facta
979 3766 1523 3835 compositae,.cum
1562 3766 1841 3823 videamus
1875 3783 1958 3833 ea,
2006 3781 2145 3838 quae

545 3862 646 3923 per
670 3865 729 3909 se
758 3852 1023 3924 simplicia
1054 3863 1182 3910 sunt
1202 3864 1257 3911 et
1294 3856 1721 3929 incorruptibiliu
1742 3899 1755 3925 ,
1784 3857 2142 3929 compositum

547 3942 819 4014 quoddam
853 3954 1018 4018 atque
1037 3947 1389 4019 corruptibile
1417 3948 1558 4006 inter
1587 3964 1646 4006 se
1671 3950 1924 4006 coeuntia
1947 3963 2145 4021 perpe-

549 4043 719 4093 trare.
768 4035 867 4092 Cui
907 4036 929 4069 '
979 4039 1123 4094 enim
1159 4039 1492 4109 incognitum
1520 4040 1613 4108 sit,
1644 4040 1788 4096 hanc
1812 4041 2009 4096 molem
2031 4049 2142 4096 ter-

550 4129 668 4185 reni
710 4128 851 4202 globi
900 4116 979 4186 ex.
1017 4138 1276 4201 quattuor
1322 4132 1656 4204 simplicibus
1707 4133 1990 4190 elementis
2021 4146 2145 4188 esse

553 4230 914 4294 compactam,
962 4236 1103 4293 quae
1141 4223 1360 4294 quidem
1390 4225 1759 4297 corruptibilis
1794 4224 2145 4295 solubilisque

547 4311 678 4369 dum
718 4314 812 4381 sit,
843 4328 908 4371 ea
926 4314 970 4347 ¹⁹
1000 4323 1180 4372 tamen
1203 4317 1491 4385 elementa,
1518 4332 1585 4374 ex
1612 4317 1807 4390 quibus
1833 4317 2140 4382 coniicitur,

549 4401 605 4457 in
634 4418 731 4459 sua
762 4403 1110 4476 simplicitate
1142 4407 1417 4463 insolubili
1442 4410 1796 4479 permanent?
1821 4408 1888 4463 Et
1915 4408 2051 4464 haec
2085 4408 2141 4464 in

546 4493 802 4551 omnibus
833 4494 950 4551 fere
993 4497 1313 4567 corporibus
1335 4499 1699 4553 communiter
1720 4500 2030 4570 speculatur
2059 4512 2143 4554 ra-

2248 3311 2566 3370 ctorumque
2584 3296 2807 3354 Patrum
2830 3293 3088 3353 reluctari
3099 3291 3316 3349 videtur
3341 3288 3662 3346 auctoritas.
3690 3285 3842 3354 Quo.

2248 3393 2352 3448 ties
2371 3392 2543 3458 enim,
2577 3398 2639 3446 ut
2673 3389 2839 3457 nosti,
2862 3402 3019 3446 sacra
3043 3384 3327 3456 Scriptura
3348 3382 3521 3438 Deum
3551 3378 3845 3438 meum

2246 3485 2563 3555 pronuntiat
2609 3497 2772 3556 agere
2818 3490 2875 3538 et
2916 3480 3052 3552 pati,
3086 3487 3277 3535 amare
3299 3484 3357 3533 et
3383 3475 3581 3543 amari,
3617 3472 3845 3544 diligere

2248 3590 2303 3635 et
2331 3578 2505 3649 diligi,
2534 3577 2723 3634 videre
2751 3583 2811 3632 et
2835 3575 3032 3642 videri,
3055 3586 3278 3630 movere
3295 3580 3353 3628 et
3369 3568 3604 3637 moveri,
3630 3576 3845 3643 cetera-

2246 3685 2352 3743 que
2380 3670 2434 3725 id
2458 3669 2668 3741 genus?
2689 3670 2931 3738 Quorum
2953 3665 3200 3738 exempla
3237 3663 3494 3735 quoniam
3528 3661 3847 3718 innumera-

2245 3763 2374 3819 bilia
2417 3770 2566 3828 sunt,
2596 3760 2910 3832 passimque
2942 3757 3224 3830 quaerenti
3249 3763 3564 3818 occurrunt,
3597 3768 3669 3810 ne
3693 3764 3843 3817 nunc

2245 3855 2612 3928 prolixitatem
2631 3854 2916 3927 gignerent
2936 3852 3003 3921 ’⁷,
3029 3850 3233 3923 placuit
3252 3848 3572 3920 praeterire.
3587 3845 3847 3917 Satisque

2245 3953 2350 4009 hoc
2378 3966 2489 4008 uno
2524 3947 2840 4020 evangelico
2873 3945 3135 4001 utendum
3160 3951 3245 3999 est
3263 3940 3513 4011 exemplo
3539 3957 3555 3994 :
3586 3936 3696 4005 Qui
3715 3937 3845 3994 dili-

2246 4044 2319 4116 git
2348 4058 2452 4108 me,
2483 4039 2731 4110 diligetur
2756 4053 2789 4091 a
2814 4035 2978 4091 Patre
3021 4049 3157 4099 meo,
3185 4041 3234 4086 et
3255 4046 3349 4102 ego
3366 4029 3589 4101 diligam
3629 4043 3775 4094 eum,
3794 4035 3844 4083 et

2228 4132 2594 4204 manifestam
2623 4131 2880 4201 meipsum
2907 4126 2987 4181 illi
3007 4123 3329 4181 “.Sanctus
3363 4123 3492 4179 item
3524 4121 3567 4154 ¹⁹
3584 4120 3848 4192 Augusti-

2246 4243 2350 4285 nus
2392 4212 2476 4281 in'
2522 4225 2789 4281 Exemero
2859 4236 2959 4279 suo
3015 4220 3084 4276 de
3121 4218 3308 4275 divino
3346 4224 3499 4273 motu
3542 4215 3843 4280 disserens,

2244 4322 2382 4377 haec
2422 4318 2588 4375 verba
2636 4315 2863 4390 protulit
2890 4328 2905 4367 :
2936 4312 3168 4380 Spiritus
3202 4310 3413 4384 quidem
3439 4317 3651 4364 uector
3672 4316 3845 4364 mouet

2243 4413 2471 4482 seipsum
2506 4409 2619 4462 sine
2656 4416 2884 4476 tempore
2923 4414 2972 4459 et
2998 4403 3132 4472 loco,
3172 4410 3337 4458 mouet
3368 4400 3640 4455 conditum
3673 4399 3843 4469 apiri-

2244 4513 2355 4558 tum
2380 4519 2474 4573 per
2500 4484 2701 4571 tem-pus
2732 4498 2845 4553 sine
2871 4496 3007 4564 loco,
3029 4504 3196 4571 mouet
3225 4509 3416 4564 corpus
3443 4508 3537 4565 per
3557 4498 3767 4560 tempus
3795 4498 3845 4544 et

547 4585 646 4643 tio.
661 4586 739 4642 Ac
753 4587 1062 4645 debissatis
1076 4590 1279 4645 dictum
1294 4590 1694 4646 aestimo.Dtsc.
1713 4589 1859 4646 Satis
1871 4590 2134 4662 profecto;
2168 4578 2219 4640 D
2245 4597 2438 4651 locum.
2473 4591 2533 4650 Si
2569 4593 2752 4662 itaque
2784 4604 2948 4663 agere
2971 4596 3028 4645 et
3056 4587 3169 4660 pati
3195 4586 3266 4642 de
3298 4585 3433 4654 Deo,
3467 4593 3529 4642 ut
3561 4583 3843 4657 praedixi-

548 4687 606 4737 οι
646 4680 760 4753 jam
809 4682 878 4739 ad
928 4683 1258 4754 reliquarum
1309 4684 1705 4756 categoriarum
1760 4686 2023 4741 theoriam
2051 4700 2137 4743 re-

505 4772 512 4815 ³
550 4772 825 4831 dcundum
862 4789 984 4832 esse
1023 4777 1200 4833 video.
1237 4775 1374 4832 Nam
1412 4778 1480 4833 de
1516 4776 1602 4833 his
1625 4777 1827 4833 diutius
1852 4777 2099 4833 dubitare
2121 4818 2137 4847 ,

552 4857 737 4923 minus
766 4868 1232 4925 considerantium
1269 4884 1449 4927 rerum
1487 4878 1712 4929 naturas
1751 4871 2137 4939 esse,‘dubium

551 4974 664 5017 non
690 4969 794 5019 est.
823 4961 903 5019 Ac
926 4976 1024 5034 per
1058 4963 1100 4995 ¹¹
1133 4963 1238 5021 hoc
1272 4979 1424 5022 meae
1447 4965 1714 5022 tarditatis
1739 4966 1795 5021 in
1832 4966 2014 5021 multis
2055 4981 2141 5023 me

549 5053 717 5126 pudet
735 5055 1222 5127 etpoeuitet.,Mao.
1241 5056 1360 5115 Non
1394 5066 1444 5114 te
1468 5058 1685 5130 pudeat,
1713 5071 1815 5113 nec
1844 5057 2136 5129 poeniteat.

2244 4686 2415 4744 mus”
2433 4727 2449 4753 ,
2472 4701 2579 4742 non
2601 4699 2809 4749 revera,
2840 4684 2895 4739 id
2916 4690 3023 4749 est,
3048 4695 3155 4738 non
3197 4680 3418 4751 proprie
3436 4677 3845 4751 praedicantur,

2247 4782 2514 4854 sequitur,
2574 4794 2673 4836 nec
2726 4791 2966 4844 movere,
3016 4789 3119 4832 nec
3177 4773 3404 4830 moveri.
3450 4770 3670 4828 Movere
3698 4770 3845 4826 enim

2244 4890 2404 4948 agere
2447 4883 2559 4938 est,
2590 4871 2795 4928 moveri
2821 4884 2952 4927 vero
2977 4868 3110 4941 pati.
3133 4867 3268 4923 Item
3291 4866 3336 4923 si
3368 4878 3469 4921 nec
3493 4864 3607 4935 agit
3626 4875 3731 4918 nec
3757 4875 3849 4933 pa-

2246 4969 2395 5033 titur,
2426 4964 2699 5035 quomodo
2724 4963 2926 5020 dicitur
2963 4973 3151 5016 amare
3174 4958 3361 5015 omnia
3391 4957 3459 5024 “,
3488 4963 3543 5012 et
3569 4954 3747 5011 amari
3773 4953 3848 5009 ab

2243 5060 2515 5127 omnibus,
2538 5071 2681 5130 quae
2705 5058 2775 5113 ab
2803 5070 2871 5113 eo
2896 5055 3040 5111 facta
3070 5053 3233 5110 sunt?
3266 5052 3465 5109 Amare
3487 5049 3634 5107 enim
3659 5055 3848 5105 metu:

550 5143 815 5217 Quamvis
854 5149 1000 5205 enim
1024 5149 1159 5208 haec
1187 5151 1254 5219 ",
1291 5150 1359 5209 de
1399 5150 1596 5225 quibus
1623 5150 1984 5222 disputamus,
2028 5160 2138 5206 tam
2241 5151 2462 5224 quidam
2490 5151 2538 5182 ι’
2563 5148 2773 5221 agentis
2796 5157 2901 5215 est,
2928 5144 3102 5201 amari
3128 5157 3262 5200 vero
3289 5139 3575 5214 patientis;
3600 5146 3656 5195 et
3678 5150 3849 5194 causa

551 5241 831 5312 praeclara
869 5241 1203 5316 sapientibus
1244 5245 1384 5313 sint,
1436 5253 1497 5302 ut
1538 5259 1726 5302 eorum
1770 5242 1949 5300 nullus
1976 5242 2028 5298 in
2060 5243 2139 5299 eis
2242 5251 2298 5299 et
2329 5242 2453 5300 ﬁnis
2499 5249 2587 5300 est
2611 5240 2661 5274 “
2691 5247 2890 5297 motus.
2918 5236 3025 5296 Sed
3060 5236 3166 5293 hoc
3208 5235 3524 5319 dieeCusum
3564 5230 3850 5305 publicum

1866 5355 2123 5414 VARIAE
2162 5356 2562 5416 LECTIONES.

641 5475 659 5509 ¹
691 5474 784 5533 Sic
830 5475 908 5543 D;
960 5476 1156 5532 dicitur
1176 5490 1284 5532 om.
1313 5476 1430 5541 CE;
1462 5485 1652 5532 natura
1690 5474 1834 5531 Deus
1871 5488 1981 5557 om.
2011 5474 2077 5531 D.
2153 5475 2174 5507 ’
2229 5475 2320 5533 Sic
2365 5473 2527 5539 CDE;
2570 5492 2619 5557 is
2664 5471 3038 5563 generationes.
3118 5467 3139 5499 ³
3177 5467 3271 5551 _Sic
3298 5466 3462 5533 CDE;
3490 5465 3539 5522 Δ
3566 5464 3850 5546 deformis.

649 5548 902 5571 -......J-_...
932 5562 1015 5571 Α...
1063 5547 1106 5571 n
1204 5548 1335 5571 ιρι-
1368 5547 1522 5571 ann.
1548 5548 1587 5571 μ
1624 5545 1820 5571 ,ιε-..ιλ
1854 5546 1995 5571 ,1--..1
2056 5547 2077 5571 n
2111 5546 2201 5571 ι.--
2228 5562 2307 5571 -...
2362 5546 2406 5571 n
2482 5547 2502 5571 ιι
2525 5544 2616 5571 α...
2646 5546 2666 5571 l
2691 5544 2810 5571 nn.
2845 5543 2869 5571 Α
2908 5542 2995 5571 ,ΑΛ
3092 5537 3115 5571 ο
3143 5538 3235 5571 cm
3259 5537 3419 5571 t‘nli‘.
3452 5537 3483 5571 Δ
3513 5551 3850 5571 ..ιρι-ειη---

554 5660 686 5762 “seu
1450 5660 1612 5773 λῑξςι
1636 5660 1823 5771 pexae?
2363 5660 2624 5773 4:2.
2668 5660 3039 5773 νινεειρσιρερε,
3061 5681 3140 5773 At
3283 5660 3591 5773 ea:
3622 5676 3666 5736 ε
3682 5692 3861 5773 sas:

558 5746 693 5815 rem:
764 5761 811 5793 “
836 5759 928 5816 Sic
946 5759 1111 5827 CDE;
1142 5761 1187 5815 A
1210 5746 1487 5842 trianifcsto
1510 5761 1588 5815 illi
1609 5746 1884 5826 nieip‘sum.
1958 5759 2001 5791 ¹⁹
2028 5759 2117 5816 AD
2144 5746 2367 5826 iterum;
2395 5760 2437 5816 Ε
2464 5761 2645 5828 igitur.
2717 5759 2763 5791 "
2788 5755 2881 5813 Sic
2905 5753 3076 5820 CDE;
3107 5753 3153 5810 Α
3180 5754 3329 5825 prius
3359 5751 3612 5807 diximus.
3682 5746 3726 5779 ¹³
3756 5746 3861 5806 Sic

562 5829 950 5893 Δυεδιοηιηία
983 5846 1092 5888 om.
1126 5830 1167 5888 C
1234 5833 1280 5864 ¹¹
1308 5830 1398 5887 Sic
1422 5831 1585 5893 GDE;
1615 5831 1825 5893 quidam
1855 5854 1962 5893 om.
1995 5836 2058 5891 Δ.
2126 5834 2171 5867 ’³
2194 5841 2269 5890 est
2297 5847 2409 5888 om.
2444 5831 2505 5885 D.

719 5846 950 5898 gemma
983 5846 1092 5888 om.
1126 5846 1167 5888 υ
1235 5846 1280 5864 ’π
1308 5846 1398 5887 διο
1422 5846 1585 5898 cun;
1615 5846 1825 5903 quidam
1855 5854 1962 5895 om.
1995 5846 2058 5891 Α.
2126 5846 2171 5867 "
2194 5846 2269 5890 est
2297 5847 2409 5888 om.
2444 5846 2505 5885 υ.
