4028 6280
273 449 383 507 505

1171 449 1257 503 DE
1295 445 1626 503 DIVISIO‘NE
1661 445 2010 500 NATURAE.
2053 475 2111 483 —-
2159 444 2360 499 LIBER
2398 446 2672 504 PRIMUS.

3429 450 3536 506 506

275 576 531 634 sequens.
569 559 704 616 Nam
744 561 789 616 si
831 562 952 634 quis
990 562 1298 633 diligentius
1341 578 1524 620 rerum
1554 562 1855 634 inspexerit
1882 564 1930 625 Α
1959 539 3531 635 namquecenditorisimagincmoblivionitradere,stultis-

276 663 554 719 naturam,
601 654 854 724 reperiet,
908 655 1050 724 quod
1092 655 1258 710 multa
1309 657 1506 721 verba,
1560 670 1696 726 quae
1736 671 1858 712 cum

273 746 388 802 sola
426 746 573 800 vocis
599 745 882 815 superﬁcie
911 745 1084 800 activa
1108 761 1227 800 esse
1254 744 1561 813 videantur,
1589 746 1860 802 intellectu

275 847 460 890 tamen
504 835 772 906 passivam
815 835 1018 890 habent
1064 836 1549 904 signiﬁcationem,
1587 846 1641 892 et
1668 851 1698 892 e
1728 851 1858 892 cen-

276 925 449 982 trario
491 925 704 996 passiva
739 926 1050 996 superﬁcies
1072 935 1247 980 actum
1289 926 1575 997 signiﬁcat.
1611 925 1744 980 Nam
1769 925 1858 996 qui

276 1025 428 1072 amat
472 1017 556 1072 vel
609 1017 800 1088 diligit,
850 1017 962 1086 ipse
1010 1018 1241 1086 patitur;
1273 1019 1514 1087 quivere
1539 1017 1860 1073 amatur-vel

273 1107 536 1178 diligitur,
579 1108 710 1178 agit.
749 1105 821 1160 At
857 1107 901 1162 si
937 1119 1080 1162 amat
1113 1108 1250 1162 Dens
1273 1124 1411 1178 quae
1442 1107 1588 1175 fecit,
1620 1107 1861 1180 profecto

275 1199 490 1253 videtur
515 1198 716 1253 moveri
737 1215 751 1264 ;
776 1213 872 1253 suo
895 1198 1034 1253 enim
1059 1215 1237 1254 amere
1262 1208 1524 1254 movetur.
1552 1199 1616 1254 Et
1643 1200 1687 1254 si
1709 1213 1858 1254 ams~

275 1299 368 1346 tur
411 1291 479 1346 ab
515 1291 620 1358 bis,
657 1304 798 1361 quae
850 1306 1034 1346 amare
1078 1304 1322 1362 possunt,
1365 1293 1478 1348 sive
1509 1292 1703 1357 sciant,
1734 1291 1860 1362 quid

274 1389 483 1446 amant,
499 1381 884 1446 sivenesciant,
916 1397 1092 1436 nonne
1116 1393 1360 1453 apertum
1384 1392 1485 1449 est,
1508 1383 1635 1455 quia
1658 1385 1860 1439 movet?

275 1471 448 1526 Amor
476 1470 738 1540 siquidem
762 1470 1179 1541 pulchritudinis
1200 1472 1366 1542 ipsius
1395 1487 1460 1528 ea
1489 1481 1684 1527 movet.
1719 1475 1861 1539 Quo-

275 1561 441 1617 modo
478 1575 608 1632 ergo
647 1561 845 1616 dicitur
883 1575 1056 1631 neque
1078 1576 1314 1629 movere,
1340 1578 1514 1634 neque
1544 1565 1766 1629 moveri,
1796 1579 1862 1619 ne

273 1653 527 1708 videatur
560 1666 720 1722 agere
745 1659 796 1706 et
818 1652 961 1722 pati,
995 1668 1089 1723 per
1112 1653 1372 1722 meipsum
1396 1653 1740 1709 considerare
1769 1668 1862 1708 ue-

275 1757 444 1814 queo.
491 1741 570 1798 Ac
612 1757 708 1812 per
744 1741 846 1797 hoc
873 1740 1031 1809 hujus
1057 1743 1387 1812 quaestionis
1423 1743 1622 1797 nedum
1648 1743 1858 1809 solvas,

275 1833 533 1889 obnixius
577 1833 808 1903 postulo.
840 1831 978 1887 ΜΑο.
1003 1831 1256 1898 Putasne,
1291 1833 1345 1887 in
1397 1833 1503 1897 his,
1544 1833 1634 1902 qui
1673 1843 1858 1902 agunt,

276 1923 428 1981 aliud
465 1939 588 1980 esse
623 1934 894 1995 agentem,
922 1922 1078 1992 aliud
1107 1937 1264 1994 posse
1285 1939 1463 1995 agere,
1495 1924 1637 1979 aliud
1666 1941 1857 1996 agere,
1887 1920 1934 1980 B

277 2033 346 2074 au
365 2032 529 2072 unum
553 2017 837 2089 idemque?
865 2017 1010 2073 DISC.
1036 2015 1149 2072 Non
1182 2033 1346 2073 unum
1375 2032 1496 2073 esse
1528 2018 1734 2090 opinor,
1764 2019 1861 2076 sed

279 2109 388 2165 tria
417 2108 682 2180 quaedam
712 2124 743 2163 a
770 2123 828 2164 se
854 2108 1177 2164 ditl‘erentia.
1209 2109 1412 2164 Amans
1436 2109 1601 2177 enim,
1633 2111 1734 2165 hoc
1756 2119 1859 2180 est,

273 2200 371 2272 qui
423 2208 589 2264 amat,
627 2198 928 2255 substantia
980 2201 1245 2272 quaedam
1288 2207 1471 2256 certae
1503 2215 1564 2257 ac
1607 2199 1861 2258 deﬁnitae

275 2298 365 2346 est
411 2303 678 2362 personae
703 2290 744 2358 ⁸,
793 2289 880 2344 cui
931 2290 1128 2346 accidit
1171 2291 1436 2361 quaedam
1474 2293 1734 2361 potentia,
1765 2307 1862 2364 per

277 2397 444 2453 quam
481 2390 662 2452 potest
692 2396 870 2454 agere,
912 2383 1024 2440 sive
1047 2391 1192 2454 agat,
1224 2383 1338 2438 sive
1357 2399 1484 2438 non.
1511 2383 1568 2439 Si
1599 2399 1724 2439 vero
1745 2385 1860 2456 ipsa

275 2471 580 2527 substantia
607 2485 706 2543 per
735 2471 905 2543 ipsam
950 2473 1245 2544 potentiam
1275 2487 1335 2528 se
1360 2473 1608 2540 moverit,
1635 2484 1694 2530 ut
1716 2475 1734 2505 ⁸
1764 2475 1861 2529 ali-

274 2563 410 2634 quid
464 2571 606 2634 agat,
655 2577 813 2634 agere
858 2563 1075 2619 dicitur.
1116 2564 1194 2620 Ac
1215 2579 1310 2634 per
1337 2564 1438 2620 hoc
1466 2565 1568 2620 tria
1594 2567 1859 2636 quaedam

276 2653 530 2709 videntur
568 2668 716 2721 esse,
749 2655 1049 2711 substantia
1077 2654 1346 2719 videlicet,
1394 2656 1482 2711 cui
1533 2657 1674 2713 inest
1699 2674 1862 2729 agere

277 2762 484 2818 posse:
522 2748 677 2820 cujus
719 2747 1092 2819 possibilitatis
1139 2749 1303 2804 veluti
1351 2750 1629 2822 cujusdam
1665 2767 1860 2808 causae

276 2839 505 2896 enectus
530 2850 614 2896 est
651 2840 705 2896 in
748 2839 928 2912 aliqua
957 2857 1016 2896 re
1040 2856 1225 2912 agere,
1256 2841 1370 2897 sive
1414 2843 1526 2913 ipsa
1556 2845 1696 2899 actio
1723 2845 1861 2901 reci-

275 2945 449 3003 proca
500 2930 594 2998 sit,
645 2931 698 2986 id
733 2940 835 2996 est,
865 2930 919 2986 in
941 2931 1167 2986 eandem
1197 2931 1404 2998 redeat,
1425 2947 1521 2986 seu
1550 2933 1604 2988 in
1631 2933 1858 2992 alteram

277 3032 521 3080 transeat
559 3038 868 3095 personam.

351 3113 496 3170 MAG.
517 3113 991 3178 Rectediscernis.
1007 3113 1146 3182 Quid
1175 3115 1270 3171 tibi
1292 3116 1541 3173 videtur?
1557 3119 1745 3174 Nonne
1768 3135 1859 3176 ea-

279 3209 402 3262 dem
439 3207 693 3263 discretio
735 3216 820 3263 est
847 3207 1182 3264 observanda
1231 3208 1284 3262 in
1329 3224 1395 3264 eo
1421 3211 1513 3281 qui
1543 3211 1766 3280 patitur,
1799 3221 1856 3267 nt

278 3300 425 3355 aliud
469 3301 537 3355 sit
573 3301 804 3372 patiens,
835 3299 979 3354 aliud
1002 3315 1159 3371 posse
1185 3301 1320 3370 pati,
1343 3280 1486 3358 aliud
1517 3303 1688 3375 ipsum
1717 3305 1856 3374 pati,
1889 3280 1934 3343 (ἶ

278 3394 398 3450 sive
422 3409 450 3448 a
475 3394 653 3465 seipse
677 3393 798 3463 quis
827 3392 1082 3463 patiatur,
1105 3395 1216 3448 sive
1234 3393 1300 3449 ab
1323 3393 1461 3450 alio?
1485 3395 1632 3451 Disc.
1659 3397 1857 3452 Eadem

278 3483 700 3556 profecte.Mas.
719 3485 1044 3556 Haecigitur
1069 3489 1169 3543 tria
1198 3498 1253 3544 et
1278 3489 1431 3544 inhis
1460 3490 1551 3561 qui
1575 3499 1778 3554 amant,
1806 3499 1862 3547 et

280 3575 338 3630 in
369 3575 559 3646 bisqui
580 3585 851 3643 amantur,
868 3577 1107 3647 ejusdem
1148 3587 1376 3634 naturae
1398 3595 1504 3634 non
1533 3590 1678 3636 sunt.
1709 3581 1856 3637 DISC.

281 3663 401 3721 Non
430 3673 576 3732 sunt,
622 3676 684 3721 ut
719 3668 931 3740 opinor.
963 3668 1083 3723 Alia
1108 3669 1373 3738 siquidem
1408 3682 1598 3725 natura
1620 3680 1704 3726 est
1737 3671 1863 3726 sub-

282 3757 627 3825 stautiarum,
658 3759 763 3814 alia
794 3760 1176 3816 accidentium.
1208 3760 1339 3814 Nam
1367 3763 1458 3832 qui
1489 3763 1705 3833 agitvel
1725 3763 1865 3834 pati-

283 3857 396 3914 tur,
444 3849 740 3906 substantia
769 3859 872 3906 est.
902 3849 1066 3907 Posse
1095 3857 1278 3906 autem
1305 3866 1466 3923 agere
1506 3851 1590 3907 vel
1632 3853 1767 3922 pati,
1808 3862 1866 3908 et

282 3943 464 4016 ipsum
479 3957 638 4016 agere
649 3952 702 4000 et
717 3943 738 3975 ³
754 3945 864 4015 pati
890 3944 1187 4000 accidentia
1209 3954 1354 3999 sunt.
1376 3942 1514 4000 MAG.
1532 3943 1714 4010 Miror,
1730 3960 1864 4016 quo-

281 4036 445 4092 modo
466 4051 677 4104 eorum,
699 4051 837 4106 quae
868 4037 920 4093 in
947 4036 1239 4108 praedictis
1281 4037 1784 4092 ratiocinationibus
1809 4046 1865 4092 et

280 4127 530 4199 quaesita
560 4138 612 4185 et
645 4129 883 4196 inventa,
907 4139 966 4185 ut
985 4130 1239 4196 arbitror,
1268 4141 1323 4187 et
1352 4131 1570 4186 deﬁnita
1598 4140 1746 4199 sunt,
1771 4131 1866 4190 ob-

280 4218 412 4274 litus
441 4233 522 4276 es.
547 4220 692 4276 DISC.
718 4221 984 4286 Admone,
1009 4237 1222 4298 precor,
1253 4229 1328 4289 et,
1357 4236 1495 4294 quae
1523 4231 1648 4278 sunt.
1674 4222 1784 4288 illa,
1809 4223 1863 4278 in

282 4311 607 4366 memoriam
633 4325 846 4368 revoca.
873 4310 1010 4368 Nam
1033 4326 1121 4367 me
1146 4311 1276 4367 vitio
1298 4312 1608 4378 memoriae,
1623 4313 1764 4384 quod
1784 4321 1868 4368 est

282 4402 504 4470 oblivio,
537 4403 892 4475 negligentem
919 4404 1349 4476 obliviosumque
1368 4419 1490 4462 esse
1512 4420 1620 4460 nou
1639 4405 1864 4478 denego.

280 4491 429 4549 Mss.
449 4491 864 4564 Recordarisue,
892 4495 1175 4553 collectum
1203 4496 1624 4568 conclusamque
1650 4511 1682 4552 a
1714 4497 1868 4554 nobis

279 4583 475 4654 fuisse,
507 4588 702 4655 οὐσίαν,
738 4586 975 4660 δύναμιν,
1011 4590 1284 4665 suntm,
1313 4589 1369 4644 id
1403 4597 1505 4655 est,
1533 4590 1826 4647 essentiam
1849 4630 1864 4658 ,

281 4687 345 4733 ut
375 4691 538 4748 saepe
562 4679 818 4746 diximus,
850 4681 1106 4737 virtutem
1144 4689 1198 4736 et
1229 4680 1626 4752 operationem,
1655 4681 1866 4737 trinita-

280 4763 395 4828 tem
434 4771 704 4842 quandam
733 4773 1148 4846 inwparabilem
1175 4771 1745 4844 incerruptibilemque
1768 4788 1867 4830 uo-

278 4871 431 4922 atrae
455 4873 680 4923 naturae
702 4880 844 4934 esse,
872 4880 1011 4936 quae
1048 4865 1150 4924 sibi
1185 4865 1416 4922 invicem
1449 4865 1683 4922 mirabili
1709 4875 1868 4922 natu-

278 4972 381 5016 rae
419 4959 702 5015 harmonia
741 4958 1031 5030 conjuncta
1065 4967 1214 5026 sunt,
1239 4968 1298 5014 ut
1326 4966 1382 5014 et
1409 4959 1512 5014 tria
1535 4973 1699 5014 unum
1732 4958 1864 5027 sint,

278 5060 340 5107 et
363 5065 529 5106 unum
576 5043 714 5117 tria,
752 5065 930 5122 neque
979 5050 1146 5107 veluti
1175 5050 1420 5110 diversae
1457 5057 1684 5104 naturae
1714 5059 1859 5116 sunt,

278 5140 380 5198 sed
408 5139 568 5196 unius
601 5149 764 5212 atque
801 5139 1063 5211 ejusdem,
1090 5155 1195 5196 non
1220 5146 1279 5194 ut
1305 5140 1606 5195 substantia
1639 5139 1862 5210 ejusque

279 5228 606 5296 accidentia,
637 5229 731 5286 sed
760 5231 1024 5302 quaedam
1062 5228 1366 5287 essentialis
1399 5229 1578 5285 unitas
1614 5231 1867 5286 substan-

281 5321 537 5390 tialisque
562 5319 860 5376 differentia
881 5323 1041 5377 trium
1067 5322 1120 5377 in
1142 5337 1249 5378 uno
1266 5323 1289 5377 i
1304 5322 1449 5377 DISC.
1476 5321 1776 5388 Recorder,
1801 5337 1866 5377 ac

281 5410 539 5482 deinceps
569 5426 842 5482 nunquam
886 5412 1143 5470 oblivioni
1190 5413 1416 5470 tradam.
1451 5412 1864 5484 Apertissimam

1959 655 2155 710 simum
2181 664 2265 711 cst
2293 665 2454 728 atque
2480 657 2863 713 miserrimum.
2880 657 2985 713 Sed
2999 673 3254 728 quorsum
3269 660 3473 718 istbaee
3485 661 3533 730 ⁸,

1961 748 2195 801 nondum
2231 746 2406 811 video,
2459 747 2561 802 nisi
2611 747 2771 811 forte,
2821 746 2948 816 quia
3002 748 3104 802 tria
3127 748 3534 818 quaedamase

1963 835 2193 890 invicem
2227 837 2753 907 discrepantia,dum
2781 852 2810 890 a
2841 846 2893 890 te
2928 837 3286 908 interrogatus
3317 853 3536 907 respou-

1961 924 2153 990 derim,
2182 941 2346 980 unum
2370 926 2584 995 quidem
2612 925 2907 981 secundum
2931 925 3252 994 subjectum,
3281 928 3385 982 duo
3406 942 3534 982 vero

1961 1018 2254 1072 secundum
2289 1019 2541 1072 accidens
2568 1031 2706 1083 esse,
2749 1031 2888 1088 quae
2911 1017 3011 1073 tria
3059 1017 3329 1088 prioribus
3366 1018 3538 1074 tribus

1960 1110 2115 1181 longe
2159 1110 2412 1165 videntur
2457 1110 2664 1165 abesse.
2700 1109 2777 1164 Ac
2811 1124 2908 1178 per
2939 1110 3039 1164 hoc
3091 1118 3182 1163 aut
3209 1109 3230 1139 ³
3276 1108 3364 1163 illa
3410 1109 3538 1174 tria,

1960 1215 2100 1270 quae
2137 1200 2368 1256 diximus
2398 1200 2557 1254 unius
2604 1197 2951 1269 ejusdemque
2999 1198 3336 1254 substantiae
3383 1213 3538 1265 esse,

1961 1293 2073 1348 sola
2127 1305 2358 1362 vereque
2382 1291 2402 1322 °
2462 1300 2610 1357 sunt,
2639 1291 2690 1347 id
2719 1299 2804 1346 est
2831 1291 3088 1357 essentia,
3117 1292 3309 1356 virtus,
3333 1299 3389 1347 ct
3414 1306 3536 1361 ope.

1963 1383 2130 1448 ratio;
2159 1398 2298 1453 quae
2336 1397 2468 1436 vero
2498 1396 2640 1436 nunc
2679 1397 2709 1436 a
2741 1397 2826 1436 me
2851 1381 3032 1436 addita
3055 1393 3198 1446 sunt,
3234 1382 3284 1436 id
3314 1390 3398 1436 est
3415 1381 3544 1437 sub—

1961 1475 2160 1530 stantia
2225 1488 2349 1528 cum
2409 1473 2810 1539 accidentibus,
2874 1473 3227 1542 possibilitate
3293 1473 3538 1528 videlicet

1961 1564 2192 1636 agendi,
2241 1564 2514 1634 ipsiusque
2563 1564 2935 1633 possibilitatis
2985 1562 3211 1630 eti‘ectu,
3262 1565 3406 1634 quod
3457 1572 3539 1620 cst

1961 1669 2137 1726 agere,
2169 1653 2435 1724 superﬂua
2457 1669 2578 1712 esse
2607 1657 2626 1689 ⁷
2677 1654 2929 1724 nullaque
2955 1655 3165 1711 ratione
3217 1666 3427 1726 reperta
3455 1671 3542 1710 ar-

1961 1746 2302 1812 bitraudum;
2336 1754 2430 1804 aut
2470 1759 2500 1800 e
2534 1746 2850 1813 contrario;
2895 1753 2988 1801 aut
3029 1747 3216 1812 etiam,
3263 1747 3406 1816 quod
3451 1761 3538 1801 re-

1962 1841 2102 1898 ctius
2129 1840 2415 1896 dicendum
2463 1840 2594 1910 mihi
2633 1840 2866 1907 videtur,
2908 1849 2962 1896 et
3013 1840 3148 1896 haec
3173 1849 3225 1893 et
3265 1839 3354 1894 illa
3381 1840 3401 1870 τ
3437 1844 3453 1861 ⁶
3485 1839 3539 1893 in

1963 1944 2154 1991 natura
2183 1949 2364 1990 rerum
2389 1943 2538 2001 sunt,
2559 1935 2778 2005 suisque
2801 1934 2822 1966 ⁸
2869 1935 3205 1990 naturalibus
3229 1933 3543 1991 diﬁ‘ercutiis

1963 2028 2362 2082 discernuntur.
2390 2024 2498 2081 Sed
2545 2035 2725 2081 utrum
2754 2026 2827 2081 ita
2849 2025 2871 2056 ⁰
2897 2025 3322 2090 concedendum,
3350 2039 3540 2090 necne,

1962 2129 2054 2177 tuo
2074 2119 2281 2188 judicio
2299 2119 2697 2176 decernendum
2719 2118 3018 2174 committo.
3035 2117 3177 2173 Mne.
3192 2116 3344 2184 Quod
3365 2117 3544 2171 novis-

1961 2215 2097 2270 sime
2109 2213 2355 2286 pesuisti,
2373 2221 2556 2266 rectae
2572 2212 2613 2242 ¹⁰
2634 2211 2827 2266 rationi
2841 2210 3054 2264 videtur
3067 2207 3373 2264 convenire.
3393 2206 3544 2274 Quis-

1962 2307 2084 2378 quis
2114 2307 2255 2360 euim
2288 2305 2508 2370 dixerit,
2537 2301 2881 2359 cssentialem
2914 2301 3230 2366 trinitatem,
3255 2299 3543 2375 essentiam

1961 2397 2194 2462 scilicet,
2222 2395 2505 2460 virtutem,
2535 2394 2926 2464 operationem,
2958 2392 3335 2448 inconcussam
3362 2390 3541 2444 incer-

1963 2490 2385 2561 ruptibilemque
2428 2488 2680 2543 omnibus
2722 2487 2922 2555 inesse,
2957 2495 3012 2541 et
3043 2486 3083 2516 ”
3113 2483 3348 2539 maxime
3375 2482 3543 2536 ratio-

1961 2582 2232 2640 uabilibus
2273 2579 2831 2649 intellectualibusque
2861 2579 3094 2644 naturis,
3130 2592 3160 2633 ε
3205 2575 3453 2642 veritate,
3488 2579 3546 2628 ut

1961 2676 2170 2746 opinor,
2199 2689 2304 2729 non
2353 2673 2578 2728 recedit.
2612 2670 2760 2739 Quae
2787 2670 3002 2726 trinitas
3027 2670 3079 2725 in
3107 2668 3378 2732 omnibus,
3423 2666 3543 2737 qui-

1961 2768 2062 2822 bus
2088 2767 2247 2830 inest,
2282 2779 2382 2820 nec
2401 2763 2584 2835 augeri
2614 2779 2712 2820 nec
2741 2763 2906 2818 minui
2936 2769 3130 2832 potest.
3160 2759 3401 2830 Sequens
3417 2771 3545 2812 vero

1962 2855 2172 2910 trinitas
2198 2853 2363 2909 veluti
2390 2854 2762 2926 praecedentis
2792 2853 3045 2907 trinitatis
3076 2851 3297 2906 eﬁ‘cctus
3326 2849 3543 2918 quidam

1963 2943 2278 3013 intelligitur
2316 2957 2454 2998 esse.
2488 2941 2604 2996 Non
2643 2942 2788 2996 enim
2815 2941 3032 2996 veritati
3062 2941 3336 3009 obstrepat
3362 2938 3425 3004 ¹¹,
3486 2943 3548 2992 ut

1963 3033 2211 3100 aestimo,
2245 3032 2289 3088 si
2327 3033 2588 3100 dicamus,
2623 3048 2690 3088 ex
2717 3032 2833 3102 ipsa
2862 3032 3114 3096 essentia,
3160 3045 3298 3102 quae
3341 3044 3447 3084 una
3489 3035 3545 3084 et

1961 3121 2284 3177 universalis
2307 3121 2361 3177 in
2393 3121 2643 3177 omnibus
2679 3130 2858 3177 creata
2886 3131 2987 3188 est,
3018 3121 3373 3191 omnibusque
3397 3134 3545 3176 com-

1966 3212 2165 3278 munis,
2209 3219 2372 3281 atque
2403 3211 2542 3276 ideo,
2583 3212 2707 3281 quia
2737 3211 2974 3266 omnium
3005 3225 3062 3266 se
3105 3209 3545 3280 participautium

1965 3312 2068 3369 est,
2109 3302 2304 3359 nullius
2331 3303 2546 3376 propria
2575 3303 2774 3358 dicitur
2797 3317 2934 3366 esse,
2964 3302 3295 3372 singulorum
3323 3315 3381 3356 se
3424 3315 3548 3370 par-

1964 3395 2304 3466 ticipantium
2353 3395 2620 3466 quandam
2661 3393 2933 3465 propriam
2976 3393 3356 3460 substantiam,
3406 3405 3546 3464 quae

1963 3489 2160 3544 nullius
2182 3486 2410 3558 alicujus
2433 3496 2540 3555 est,
2562 3487 2665 3542 nisi
2693 3487 2858 3558 ipsius
2882 3485 3240 3552 solummodo,
3266 3482 3419 3554 cujus
3440 3493 3545 3551 est,

1963 3580 2193 3634 naturali
2222 3580 2600 3652 progressione
2613 3592 2886 3634 emanare.
2911 3576 3008 3634 Cui
3037 3576 3199 3632 etiam
3213 3575 3548 3632 substantiae

1963 3671 2180 3742 propria
2209 3671 2536 3741 possibilitas
2570 3669 2731 3736 inest,
2761 3683 2899 3740 quae
2927 3667 3144 3723 aliunde
3171 3683 3277 3722 non
3326 3667 3551 3723 assumi-

1967 3772 2074 3830 tur,
2103 3763 2206 3819 nisi
2235 3778 2301 3818 ex
2330 3764 2444 3834 ipsa
2488 3762 2780 3818 universali
2818 3763 3015 3817 virtute
3042 3761 3208 3832 ipsius
3241 3761 3548 3833 praedictae

1966 3855 2286 3911 universalis
2315 3864 2370 3910 et
2400 3855 2667 3911 essentiae
2689 3864 2744 3909 ct
2770 3855 3001 3908 virtutis.
3035 3852 3298 3908 Similiter
3328 3853 3394 3908 de
3425 3868 3548 3923 pro-

1964 3948 2082 4020 pria
2121 3949 2434 4018 operatione
2459 3947 2881 4018 specialissimae
2914 3956 2968 4002 et
3007 3946 3342 4003 substantiae
3369 3955 3424 4000 et
3456 3960 3550 4016 pe.

1965 4040 2177 4096 testatis
2219 4036 2527 4106 dicendurm,
2573 4054 2679 4094 non
2709 4037 2926 4094 aliunde
2965 4038 3313 4103 descendere,
3347 4036 3450 4092 nisi
3481 4037 3548 4091 ab

1966 4130 2081 4202 ipsa
2109 4129 2401 4185 universali
2431 4129 2744 4200 operatione
2769 4129 3009 4199 ejusdem
3037 4127 3358 4184 universalis
3383 4136 3438 4183 et
3460 4142 3551 4184 es-

1965 4223 2173 4279 sentiae
2203 4231 2257 4278 et
2290 4221 2526 4277 virtutis.
2567 4219 2677 4275 Nec
2700 4220 2916 4284 mirmu,
2945 4219 2988 4274 si
3016 4220 3148 4274 haec
3175 4218 3298 4285 tria,
3325 4232 3462 4288 quae
3492 4218 3546 4272 in

1966 4315 2192 4388 singulis
2219 4315 2649 4380 considerantur,
2697 4311 2848 4382 quasi
2879 4310 2924 4342 ¹³
2947 4312 3210 4382 quaedam
3246 4309 3547 4365 accidentia

1965 4407 2276 4480 praedictae
2305 4403 2628 4461 universalis
2673 4402 2931 4458 trinitatis
2960 4402 3209 4457 dicantur
3248 4415 3391 4467 esse,
3429 4400 3544 4471 pri-

1969 4513 2195 4570 maeque
2250 4496 2643 4569 apparitioucs;
2685 4493 3116 4566 quandoquidem
3182 4492 3295 4562 ipsa
3332 4505 3429 4562 per
3487 4505 3548 4549 se

1971 4603 2135 4644 unum
2168 4587 2238 4642 sit
2268 4585 2331 4654 “,
2360 4595 2414 4643 et
2440 4585 2494 4641 in
2523 4584 2790 4651 omnibus,
2811 4598 2947 4654 quae
2973 4597 3039 4638 ex
3063 4595 3126 4637 ea
3154 4589 3208 4637 ct
3245 4581 3299 4636 in
3341 4595 3402 4637 ea
3431 4581 3548 4637 exi-

1969 4687 2118 4736 stunt
2139 4679 2206 4747 ",
2237 4674 2746 4733 iucemmutabiliter
2767 4680 3064 4745 permanet,
3105 4686 3205 4728 nec
3234 4672 3414 4742 augeri
3445 4685 3546 4726 nec

1968 4770 2156 4836 minui,
2187 4784 2287 4825 nec
2309 4767 2604 4838 corrumpi,
2634 4780 2734 4822 nec
2759 4764 2936 4836 perire
2975 4770 3168 4835 potest.
3214 4760 3359 4818 llaec
3394 4775 3542 4824 vero,

1967 4877 2107 4937 quae
2149 4860 2535 4932 specialissime
2562 4859 2613 4914 in
2649 4855 2875 4928 singulis
2897 4855 3326 4922 considerantur,
3363 4852 3542 4923 augeri

1966 4962 2189 5026 possunt
2217 4961 2271 5010 et
2299 4952 2490 5019 minui,
2519 4949 2991 5020 multipliciterque
3019 4947 3238 5002 variari.
3258 4946 3374 5002 Non
3401 4947 3544 5002 enim

1966 5062 2154 5106 omnes
2184 5044 2431 5100 similiter
2458 5042 2748 5115 participes
2779 5052 2903 5096 sunt
2930 5038 3251 5097 universalis
3279 5037 3546 5094 essentiae

1971 5147 2027 5196 et
2049 5137 2263 5194 virtutis
2293 5146 2347 5192 et
2371 5135 2719 5207 operationis.
2747 5133 2850 5190 Alii
2877 5135 3019 5189 enim
3045 5133 3185 5203 plus,
3209 5131 3299 5185 alii
3344 5129 3542 5185 minus.

1971 5229 2160 5287 Nullus
2193 5238 2368 5285 tamen
2409 5227 2819 5300 participatione
2860 5227 3025 5298 ipsius
3050 5225 3260 5297 penitus
3281 5224 3541 5294 privatur.

1971 5322 2090 5392 Ipsa
2115 5334 2325 5390 quoque
2349 5320 2402 5374 in
2424 5321 2674 5375 omnibus
2702 5318 3148 5390 participantibus
3177 5331 3235 5372 se
3260 5331 3362 5370 una
3385 5324 3547 5384 atque

1973 5413 2160 5468 eadem
2189 5420 2489 5482 permanet,
2518 5411 2756 5482 nullique
2781 5410 2849 5466 ad
2890 5406 3317 5482 participandum
3344 5419 3404 5463 se
3427 5405 3550 5476 plus

1553 5547 1806 5604 VAHIAE
1840 5546 2241 5606 LECTIONES.

364 5685 380 5714 ‘
409 5682 496 5739 ΒΕ
542 5699 793 5754 personae
841 5693 952 5748 est;
996 5681 1291 5754 estom.D.
1367 5685 1386 5714 ⁸
1413 5683 1504 5738 Sic
1533 5681 1653 5750 CD;
1682 5681 1943 5754 AEuut,
1979 5680 2017 5754 ξ
2037 5679 2128 5754 Sic
2149 5679 2272 5749 AD;
2322 5679 2412 5754 QE
2454 5678 2556 5735 vel.
2626 5674 3382 5754 δῦθι-ιςηςῂᾼϐξκίεψαείῃῐ)
3425 5677 3548 5733 istic

283 5756 311 5788 ⁸
343 5754 435 5809 Sir.
463 5746 628 5819 CDE;
650 5757 694 5807 Α
718 5763 795 5808 ut.
866 5755 887 5787 ⁸
916 5746 1008 5810 Sic
1035 5752 1196 5818 CDE;
1239 5753 1280 5808 Δ
1313 5770 1448 5820 rere,
1489 5746 1648 5824 quae.
1717 5755 1736 5786 ⁷
1768 5752 1859 5808 Sic
1886 5751 2120 5824 CDEtA
2152 5746 2420 5824 superﬂua
2443 5767 2544 5805 non
2573 5764 2712 5824 esse.
2730 5749 2803 5824 __'
2829 5746 2972 5824 ‘ASig
2994 5747 3110 5813 CE;
3139 5749 3181 5802 A
3200 5757 3263 5824 et
3281 5748 3392 5824 illa,
3411 5765 3542 5824 quae

287 5827 365 5898 iu.
386 5825 448 5898 il)
480 5834 536 5898 et
569 5817 766 5895 illaque
788 5825 880 5898 in.
915 5817 1236 5898 H'_Sic
1270 5825 1361 5879 Al)
1387 5817 1516 5898 suis:
1573 5825 1678 5898 _’_A
1708 5825 1901 5898 itaque.
2051 5817 2580 5898 Sic‘tijADErrcr-te.
2725 5817 3076 5898 Sic-‘CUEQGI
3103 5835 3212 5873 Om-
3239 5819 3302 5874 Λα
3382 5817 3430 5852 ¹¹’
3453 5819 3546 5876 Sic

289 5895 456 5963 CDE;
490 5896 534 5950 Δ
571 5889 837 5964 obstrepit.
911 5896 956 5927 ¹³
983 5895 1072 5950 Sic
1100 5895 1215 5961 (SE;
1245 5897 1396 5966 quasi
1420 5903 1530 5952 em.
1558 5895 1666 5951 AD.
1745 5889 1910 5951 u"Sic
1935 5893 2051 5959 CE;
2096 5892 2187 5946 AD
2216 5896 2336 5947 sint.
2416 5893 2461 5922 ⁸⁵
2492 5891 2584 5944 Sic
2609 5889 2725 5956 CE;
2757 5891 2848 5946 All
2866 5890 3176 5946 consistunt.
