4028 6280
503 470 608 528 ΞΟῚ

1887 463 2168 524 JOANNIS
2209 467 2405 525 SCOTI

3680 467 3799 526 508

503 591 596 636 aut
642 582 819 636 minus
862 579 1034 636 adest.
1082 577 1234 636 Sicut
1290 580 1379 635 lux
1428 581 1620 637 oculis.
1662 579 1798 637 Tota
1852 581 1996 637 enim
2042 582 2094 635 in
2124 587 2170 645 Α
2201 599 2432 653 namque
2474 585 2577 640 loci
2609 591 2981 656 temporisque
3005 582 3232 651 auxilio,
3262 595 3324 640 ut
3351 585 3631 653 subsistat,
3675 603 3799 643 non

503 673 728 745 singulis
759 682 861 739 εει,
889 683 944 727 et
987 673 1037 726 in
1072 673 1267 743 seipsa.
1299 672 1495 743 Augeri
1534 681 1735 740 autem,
1777 672 1860 728 vel
1903 672 2092 738 minui,

506 766 722 836 quidam
777 765 1018 820 defectus
1076 780 1168 819 seu
1242 765 1514 836 profectus
1589 774 1668 820 est
1726 765 2098 836 participatio-

507 856 624 923 nis;
662 855 889 927 ideoque
917 871 1022 910 non
1063 854 1506 910 irrationabiliter
1535 857 1786 913 accidens
1816 871 1936 912 esse
1955 854 2098 924 judi-

508 955 630 1004 catu
640 963 683 1000 Γ.

578 1038 669 1092 63.
698 1037 831 1092 Nam
859 1037 1002 1108 quod
1029 1051 1240 1108 semper
1265 1037 1317 1093 id
1341 1038 1514 1108 ipsum
1541 1047 1644 1104 est,
1684 1053 1813 1093 vera
1841 1039 2094 1094 substan-

511 1130 585 1186 tia
616 1137 762 1184 recte
790 1129 1014 1195 dicitur;
1056 1129 1196 1198 quod
1227 1144 1354 1184 vero
1379 1129 1640 1194 variatur,
1687 1138 1780 1184 aut
1810 1144 1875 1185 ex
1915 1139 2095 1186 muta-

511 1220 721 1277 bilitate
768 1218 1035 1275 instabilis
1075 1219 1428 1286 substantiae,
1461 1229 1554 1275 aut
1589 1235 1657 1276 ex
1684 1221 2096 1292 participatione

509 1312 898 1378 accidentium,
945 1312 1058 1368 sive
1087 1312 1416 1368 naturalium
1447 1312 1561 1368 sive
1604 1329 1710 1368 non
1742 1313 2094 1382 naturalium,

506 1402 768 1474 procedit.
798 1401 865 1456 Et
888 1416 957 1457 ne
983 1401 1218 1468 mireris,
1243 1401 1510 1472 quaedam
1525 1402 1824 1458 accidentia
1847 1404 2096 1459 substan-

508 1497 613 1552 tias
639 1495 766 1562 dici,
789 1476 1044 1567 quoniam
1071 1494 1191 1550 aliis
1220 1495 1591 1552 accidentibus
1619 1495 1938 1560 subsistunt,
1966 1495 2096 1550 dum

509 1593 676 1659 vides,
690 1591 1000 1664 quantitati,
1017 1606 1156 1663 quae
1169 1590 1287 1646 sine
1300 1589 1466 1646 dubio
1488 1588 1739 1645 accidens
1761 1589 2098 1644 substantiae

505 1694 607 1753 est,
637 1685 740 1740 alia
769 1683 1072 1740 accidentia
1099 1683 1371 1748 accidere,
1404 1690 1464 1735 ut
1491 1690 1577 1737 est
1617 1679 1786 1748 color,
1824 1679 1917 1751 qui
1947 1680 2095 1735 circa

504 1779 861 1854 quantitatem
894 1785 1141 1849 apparet,
1192 1784 1248 1831 et
1277 1783 1544 1845 tempora,
1576 1786 1716 1844 quae
1764 1771 1818 1827 in
1864 1771 2096 1827 morosis

506 1884 686 1927 rerum
726 1869 962 1924 motibus
1009 1864 1402 1935 intelliguntur.
1437 1863 1531 1919 Est
1553 1863 1700 1919 enim
1731 1870 1940 1931 tempus
1978 1876 2095 1916 mu-

2197 683 2338 744 eget,
2383 676 2508 729 dum
2556 691 2656 747 per
2700 677 2933 748 seipsam
2981 685 3108 731 ante
3156 693 3427 749 supraque
3475 689 3686 749 tempus
3731 688 3802 736 et

2196 763 2372 819 locum
2399 767 2726 822 conditionis
2761 781 2891 822 suae
2912 767 3172 838 dignitate
3198 769 3418 824 existat.
3455 769 3561 825 Sed
3589 785 3798 826 novem

2142 880 2155 894 ο
2196 870 2413 926 genera,
2445 873 2582 928 quae
2607 858 2736 914 solis
2763 859 3136 915 accidentibus
3165 861 3558 925 attribuuntur,
3594 861 3670 916 ita
3716 863 3800 920 ab

2197 950 2510 1005 auctoribus
2536 950 2707 1006 divisa
2737 959 2884 1014 sunt,
2915 961 2973 1006 ut
2997 951 3111 1021 ipsa
3140 951 3464 1017 accidentia,
3493 969 3633 1024 quae
3674 955 3800 1025 pri-

2197 1040 2532 1095 mordialiter
2560 1042 2611 1096 in
2653 1041 2904 1097 essentiis
2930 1043 3365 1112 conspiciuntur,
3410 1059 3532 1097 mox
3567 1053 3799 1100 vertan-

2199 1139 2289 1186 tur
2325 1130 2379 1184 in
2407 1130 2766 1196 substantias,
2795 1132 3051 1202 quoniam
3096 1132 3218 1188 aliis
3255 1133 3626 1189 accidentibus
3652 1134 3798 1191 sub-

2196 1221 2414 1277 sistunt.
2451 1220 2632 1276 Prima
2678 1222 2944 1292 siquidem
2980 1237 3162 1278 rerum
3190 1222 3431 1305 omnium
3465 1223 3657 1279 divisio
3701 1232 3799 1280 est

2197 1315 2251 1370 in
2311 1315 2577 1372 essentias
2629 1323 2684 1370 ct
2729 1315 3069 1382 accidentia,
3119 1315 3358 1371 secunda
3425 1315 3798 1372 accidentium

2198 1407 2252 1461 in
2284 1406 2637 1462 substantias.
2667 1407 2819 1474 Quae
2866 1406 2978 1462 fere
3025 1407 3081 1462 in
3115 1406 3384 1462 inﬁnitum
3425 1408 3795 1477 protenditur,

2197 1499 2342 1562 dum,
2365 1500 2508 1569 quod
2533 1514 2675 1554 nunc
2703 1499 2955 1554 accidens
2977 1509 3061 1555 est
3083 1499 3284 1569 prioris
3312 1515 3387 1562 se,
3420 1516 3542 1554 mox
3557 1516 3800 1570 sequen-

2199 1591 2266 1646 tis
2288 1605 2349 1653 se
2387 1591 2689 1646 substantia
2716 1589 2967 1645 eliicitur.
2999 1589 3105 1646 Sed
3135 1591 3202 1646 de
3231 1590 3316 1645 his
3353 1591 3478 1645 alibi
3509 1591 3802 1661 disputan-

2199 1685 2359 1750 dum;
2393 1700 2538 1740 nunc
2563 1700 2690 1739 vero
2732 1685 2775 1739 si
2809 1684 2904 1739 tibi
2935 1684 3172 1749 videtur,
3212 1685 3355 1754 quod
3405 1685 3558 1740 nobis
3586 1701 3803 1755 propo-

2197 1777 2359 1833 sitmn
2400 1786 2504 1844 est,
2553 1791 2866 1848 sequamur.
2931 1775 3071 1832 MAG.
3123 1776 3262 1843 Quid
3312 1775 3511 1845 igitur?
3553 1775 3798 1833 Putasne

2198 1873 2498 1929 accidentia
2531 1886 2634 1927 non
2663 1871 2761 1927 nisi
2789 1871 3090 1941 cujuspiam
3120 1870 3388 1926 essentiae
3416 1878 3508 1924 aut
3538 1871 3798 1926 acciden~

505 1963 749 2018 tabilium
774 1976 958 2018 rerum
983 1967 1463 2027 moraemowsque
1486 1965 1635 2012 certa
1653 1953 2094 2024 τειὶοηδῢὶιίεψιθ
2125 1957 2175 2022 Β
2202 1965 2273 2019 ιὶε
2296 1963 2448 2019 esse?
2473 1964 2627 2046 _Dtsc.
2668 1961 2856 2016 Nullus
2897 1963 3092 2017 artium
3120 1962 3328 2033 peritus
3372 1962 3534 2018 aliter
3565 1963 3793 2017 dixerit.

505 2056 788 2113 dimensio.
821 2053 968 2108 Dtsc.
1001 2051 1059 2107 In
1086 2052 1189 2107 boc
1231 2058 1450 2106 nostrae
1490 2049 1806 2104 intentionis
1837 2063 1942 2102 non
1973 2047 2093 2103 dis-

505 2154 693 2219 crepat
737 2145 880 2210 ﬁnis,
925 2154 985 2198 ut
1028 2142 1284 2198 arbitror.
1315 2139 1423 2196 Sed
1462 2141 1699 2196 breviter
1717 2139 2002 2208 lucideque
2029 2139 2098 2195 de

507 2239 609 2294 bac
652 2252 830 2293 rerum
865 2241 1140 2306 postrema
1165 2231 1600 2289 consideratione
1629 2229 1853 2286 detinias
1880 2229 2092 2285 vellem.

508 2327 648 2384 Msa.
665 2327 888 2382 'l'rinam
913 2322 1538 2394 rerumintelligentiam,
1573 2322 1675 2378 hoc
1698 2331 1781 2376 est
1805 2323 2094 2388 essentiae,

507 2414 1089 2488 virtutis,operationis
1117 2411 1508 2469 immutabilem
1532 2412 1938 2466 subsistentiam
1956 2412 1972 2442 ¹
2001 2396 2094 2466 fir-

511 2525 764 2581 mumque
809 2507 1218 2564 fundamentum
1259 2521 1442 2561 rerum
1471 2522 1502 2560 a
1531 2506 1813 2561 conditore
1851 2507 2094 2562 omnium

509 2603 862 2662 constitutum
911 2614 1194 2671 ponamus,
1245 2597 1292 2654 si
1339 2597 1532 2669 placet.
1591 2597 1737 2653 Dtsc.
1780 2597 2094 2653 Ponendum

511 2695 767 2751 arbitror.
800 2691 944 2748 MAG.
979 2690 1183 2746 Deinde
1209 2689 1298 2745 illa
1333 2689 1566 2756 trinitas,
1606 2703 1745 2760 quae
1777 2689 1830 2744 in
1875 2688 2099 2758 singulis

510 2785 844 2845 considerari
884 2792 1083 2856 potest,
1131 2792 1186 2839 et
1237 2782 1480 2852 ajprima
1530 2782 1772 2836 trinitate
1824 2781 2099 2838 essentiali

511 2877 828 2952 procedens,
857 2875 1025 2931 veluti
1057 2873 1656 2945 praecedentisgcausae
1680 2872 1921 2936 ellectus,
1953 2874 2100 2944 ejus-

508 2989 616 3046 que
643 2969 1024 3046 primordiales
1060 2976 1260 3032 motus,
1299 2968 1676 3038 quaedamque
1731 2966 2099 3037 primordialia

511 3066 812 3122 accidentia
839 3062 1113 3135 pensanda
1139 3069 1248 3128 est,
1277 3070 1334 3116 ut
1363 3062 1537 3117 video.
1590 3060 1736 3116 Dtsc.
1772 3059 1884 3116 Hoc
1915 3062 1935 3089 ²
1965 3075 2100 3130 quo-

511 3174 616 3231 que
657 3158 952 3215 latendum.
997 3155 1136 3210 Msa.
1165 3153 1433 3225 Quicquid
1473 3165 1656 3208 autem
1681 3152 1787 3208 illis
1821 3153 1990 3208 tribus
2015 3168 2100 3208 se-

512 3251 828 3322 quentibus,
868 3248 984 3302 sive
1012 3247 1240 3302 interius
1279 3247 1392 3301 sive
1439 3245 1701 3310 exterius,
1734 3245 1848 3300 sive
1875 3253 2096 3300 natura-

2201 2056 2314 2111 Non
2361 2057 2504 2111 enim
2539 2056 2698 2110 aliam
2735 2057 2803 2109 ob
2839 2056 2881 2087 ¹⁰
2914 2072 3135 2110 causam
3165 2057 3419 2112 accidens
3446 2055 3632 2111 vocari
3677 2072 3798 2112 mc-

2201 2147 2327 2212 ruit,
2377 2147 2480 2202 nisi
2527 2147 2651 2217 quia
2697 2155 2788 2201 aut
2837 2148 3124 2211 essentiae,
3159 2155 3255 2202 aut
3287 2149 3646 2213 substantiae,
3695 2159 3798 2203 aut

2200 2237 2357 2292 alicui
2388 2237 2653 2292 accidenti
2682 2238 2966 2310 contingit.
3011 2238 3149 2293 MAG.
3179 2240 3354 2308 Agere
3400 2250 3455 2294 et
3495 2241 3602 2310 pati
3647 2243 3798 2295 acci-

2200 2329 2442 2384 dentium
2488 2345 2714 2384 numero
2769 2330 3154 2385 continentur?
3200 2331 3346 2385 DlSC.
3395 2331 3590 2384 Etiam.
3644 2330 3792 2386 MAG.

2199 2417 2510 2491 Cujuspiam
2573 2419 2739 2490 igitur
2794 2419 3132 2475 substantiae
3180 2420 3341 2475 sunt?
3386 2419 3528 2475 llaec
3584 2421 3794 2476 ctenim

2200 2513 2434 2584 propriis
2473 2511 2725 2567 accidunt
2767 2513 3120 2577 substantiis;
3153 2527 3275 2567 nam
3323 2513 3666 2583 generalibus
3706 2529 3795 2568 es-

2202 2604 2391 2659 sentiis
2437 2603 2570 2658 nihil
2595 2603 2814 2658 accidit.
2873 2602 3018 2657 DISC.
3055 2600 3164 2657 Nec
3193 2603 3292 2657 hoc
3340 2603 3608 2674 negarim.
3647 2601 3792 2659 Msa.

2201 2696 2319 2762 Dic,
2356 2710 2578 2765 quaeso,
2631 2711 2759 2750 num
2791 2710 3033 2750 summae
3086 2710 3150 2750 ac
3200 2695 3426 2766 simplici
3469 2695 3794 2766 divinaeque

2202 2800 2428 2843 naturae
2473 2789 2672 2858 aliquid
2718 2788 2912 2843 accidit
2953 2789 3032 2842 “?
3072 2789 3218 2844 Dtsc.
3251 2789 3424 2844 Absit.
3473 2789 3615 2844 Msa.
3648 2789 3794 2845 Num

2203 2879 2317 2948 ipsa
2344 2879 2542 2934 accidit
2565 2879 2762 2933 alicui?
2807 2879 2950 2933 DISC.
2984 2877 3094 2934 Nec
3123 2880 3225 2934 hoc
3255 2881 3472 2948 quidem
3515 2881 3748 2936 dixerim
3774 2898 3792 2946 ;

2203 2971 2440 3039 alioquin
2465 2969 2753 3040 passibilis,
2783 2971 3185 3042 mutabilisque,
3210 2972 3541 3043 alteriusque
3561 2984 3795 3030 naturae

2203 3077 2375 3134 capax
2401 3077 2521 3118 esse
2567 3062 2862 3117 videretur.
2917 3061 3056 3117 illac.
3090 3061 3304 3117 Nullum
3356 3077 3486 3134 ergo
3535 3063 3796 3118 accidens

2205 3154 2418 3225 recipit,
2473 3152 2716 3224 nullique
2774 3153 2988 3207 accidit.
3048 3147 3191 3207 Disc'.
3243 3151 3454 3207 Nullum
3505 3153 3792 3223 profecto,

2206 3246 2466 3317 nullique.
2506 3245 2646 3302 ΜΑο.
2675 3246 2850 3316 Agere
2895 3253 2948 3299 et
2975 3245 3083 3314 pati
3113 3245 3412 3300 accidentia
3437 3245 3598 3300 sunt?
3641 3245 3790 3300 Dtsc.

512 3342 657 3408 liter,
685 3341 800 3395 sive
845 3337 1166 3408 quibusdam
1195 3335 1568 3391 evenientibus
1597 3335 1619 3366 ³
1671 3334 1949 3400 acciderit,
1986 3335 2095 3389 vel-
2124 3327 2168 3389 C
2203 3337 2266 3392 Et
2296 3338 2397 3393 hoc
2425 3338 2609 3393 datum
2637 3349 2740 3394 est.
2768 3338 2907 3394 MAG.
2928 3339 3148 3393 Summa
3179 3340 3344 3409 igitur
3365 3339 3606 3394 omnium
3626 3355 3791 3394 causa

511 3435 588 3490 uti
642 3431 894 3488 accidens
936 3429 1294 3485 accidentium
1342 3429 1457 3484 ﬁeri
1504 3429 1735 3484 videtur.
1781 3428 1926 3484 DISC.
1961 3428 2096 3484 Huic

513 3524 676 3579 etiam
705 3519 1038 3583 conclusioni
1070 3535 1177 3574 non
1209 3519 1423 3574 resisto.
1457 3517 1590 3573 Nam
1621 3534 1744 3574 cum
1770 3519 1878 3573 sint
1905 3535 2098 3574 secun-

513 3615 640 3670 dum
679 3611 1024 3668 Aristotelem
1073 3613 1258 3668 decem
1306 3627 1503 3684 genera
1549 3627 1752 3679 rerum,
1785 3627 1923 3682 quae
1952 3621 2097 3668 cate-

515 3707 720 3781 goriae,
744 3706 796 3761 id
820 3715 924 3774 est,
955 3705 1393 3776 praedicamenta
1416 3705 1692 3772 dicuntur,
1717 3714 1772 3760 et
1797 3706 1922 3762 huic
1955 3707 2092 3762 divi-

514 3801 652 3858 sioni
677 3815 858 3856 rerum
881 3800 933 3854 in
949 3815 1150 3870 genera
1175 3798 1381 3853 nullum
1395 3798 1728 3855 Graecorum
1744 3800 1828 3854 vel
1844 3799 1866 3830 ‘
1877 3799 2098 3855 Latino-

513 3910 634 3950 rum
684 3893 904 3950 obstare
953 3891 1251 3963 reperimus
1273 3891 1318 3959 ⁸,
1342 3892 1437 3948 sed
1464 3892 1484 3923 °
1507 3892 1606 3948 sub
1623 3907 1730 3948 uno
1760 3907 1957 3962 genere
1983 3909 2101 3948 om-

513 4002 610 4043 nes
653 3985 857 4058 primas
882 3985 1170 4050 essentias,
1199 3999 1336 4056 quas
1364 3983 1558 4040 Graeci
1609 3985 1784 4047 οὐσίας
1825 3984 2097 4055 appellant

514 4079 726 4142 merito,
755 4077 880 4148 quia
907 4091 1004 4148 per
1038 4091 1095 4132 se
1119 4085 1264 4141 sunt,
1296 4084 1351 4131 et
1375 4075 1569 4130 nullius
1591 4076 1832 4147 indigent
1859 4085 1916 4131 ut
1946 4077 2054 4131 sint
2079 4116 2096 4143 ,

514 4172 593 4228 sic
613 4171 756 4227 enim
787 4185 816 4224 a
839 4169 1119 4225 conditore
1145 4168 1384 4223 omnium
1412 4167 1576 4222 veluti
1603 4168 1865 4238 quaedam
1897 4167 2096 4222 immu-

515 4262 700 4318 tabilia
727 4261 1076 4316 fundamenta
1107 4259 1380 4315 stabilitae
1428 4259 1619 4325 sunt',
1645 4258 1928 4315 conclusas
1977 4273 2099 4315 esse

514 4355 762 4409 videmus
805 4367 820 4406 :
866 4361 922 4406 et
962 4351 1029 4406 ad
1061 4350 1476 4405 ‘similitudinem
1516 4348 1828 4420 principalis
1856 4349 2098 4404 omnium

515 4460 712 4504 Causae
741 4443 976 4498 mirabili
1004 4440 1535 4509 incommutabilique
1558 4455 1654 4495 sua
1703 4441 1942 4499 trinitate
1973 4439 2100 4494 sub-

517 4539 739 4602 sistunt,
771 4535 874 4591 hoc
897 4546 1004 4602 est,
1028 4544 1087 4590 ut
1119 4533 1418 4605 saepeiam
1446 4531 1666 4597 dictum,
1698 4532 1954 4597 essentia,
1987 4533 2098 4586 vir-

521 4637 634 4685 tute
658 4670 674 4694 ,
716 4626 1049 4698 Operatione,
1095 4635 1276 4680 cetera
1325 4637 1454 4678 vero
1491 4637 1680 4679 novem
1722 4637 1919 4692 genera
1949 4624 2094 4678 acci-

2200 3444 2582 3499 summumque
2630 3432 2977 3503 principium,
3010 3433 3152 3502 quod
3202 3433 3343 3489 Deus
3391 3443 3494 3498 est,
3546 3447 3711 3504 agere
3740 3444 3797 3489 et.

2198 3519 2309 3588 pati
2326 3533 2431 3572 non
2452 3519 2659 3589 recipit.
2679 3519 2828 3581 Disc.
2848 3519 3016 3589 Hujus
3033 3522 3461 3578 ratiocinationis
3478 3524 3520 3554 "
3538 3524 3794 3579 violentia

2201 3608 2424 3662 nimium
2453 3618 2689 3664 coartor.
2725 3609 2857 3664 Nam
2885 3612 2928 3665 si
2963 3613 3171 3678 dixero,
3203 3612 3396 3667 falsum
3424 3628 3547 3669 esse
3580 3614 3649 3680 ³³,
3683 3615 3796 3670 for-

2202 3701 2362 3756 tassis
2384 3701 2496 3772 ipsa
2525 3703 2663 3758 ratio
2691 3718 2776 3759 me
2801 3705 2843 3735 “
2869 3704 3156 3770 deridebit,
3179 3721 3470 3776 omneque,
3497 3709 3640 3778 quod
3664 3709 3798 3766 hac-

2200 3799 2356 3847 tenus
2381 3793 2534 3860 dedi,
2565 3794 2817 3850 vacillare
2852 3811 2958 3850 non
3003 3797 3146 3852 sinet
3183 3797 3244 3851 “’.
3281 3798 3338 3853 Si
3369 3813 3580 3863 verum,
3612 3815 3796 3868 neces-

2199 3888 2344 3944 sario
2374 3898 2649 3958 sequetur,
2680 3898 2758 3954 ut,
2806 3891 2950 3960 quod
2972 3891 3038 3947 de
3067 3905 3227 3962 agere
3254 3899 3309 3946 et
3358 3894 3470 3962 pati
3511 3908 3798 3947 concesse-

2201 3979 2325 4046 rim,
2368 3979 2420 4034 id
2453 3980 2626 4050 ipsum
2664 3981 2830 4036 etiam
2879 3982 2945 4036 de
2993 3981 3188 4037 ceteris
3230 3983 3422 4038 activis
3456 3983 3796 4053 passivisqne

2200 4073 2402 4138 verbis,
2452 4071 2821 4144 cujuscunque
2860 4075 3072 4146 generis
3101 4075 3390 4130 verborum
3419 4076 3547 4142 sint,
3595 4090 3798 4134 conce-

2201 4162 2346 4229 dam,
2371 4162 2473 4218 hoc
2501 4171 2608 4229 est,
2633 4178 2805 4233 neque
2833 4164 2974 4220 Deus
2995 4179 3199 4229 amare,
3222 4181 3396 4234 neque
3409 4166 3602 4234 amari,
3619 4182 3798 4237 neque

2201 4268 2454 4321 movere,
2505 4269 2680 4326 neque
2733 4256 2982 4322 moveri,
3037 4257 3341 4327 similiaque
3386 4258 3565 4324 mille;
3619 4275 3796 4331 eoque

2201 4345 2373 4416 magis
2400 4359 2574 4416 neque
2603 4361 2747 4412 esse,
2780 4361 2955 4417 neque
2983 4347 3296 4404 subsistere.
3324 4348 3396 4403 At
3422 4348 3464 4381 ¹⁶
3492 4350 3536 4404 si
3566 4351 3689 4416 hoc,
3715 4353 3796 4406 vi-

2202 4435 2387 4501 desne,
2439 4445 2571 4506 quot
2611 4447 2663 4493 et
2696 4439 2913 4508 quantis
2959 4437 3331 4510 frequentibus
3363 4441 3677 4512 Scripturae
3702 4458 3794 4498 sa-

2201 4543 2326 4584 crae
2347 4529 2545 4584 obruar
2568 4530 2723 4586 telis?
2753 4530 3002 4601 Undique
3015 4532 3159 4588 enim
3183 4531 3434 4588 videntur
3455 4533 3791 4605 obstrepere,

2201 4627 2364 4690 atque
2407 4619 2510 4676 hoc
2537 4619 2729 4678 falsum
2766 4635 2886 4676 esse
2924 4621 3285 4677 conclamare.
3314 4621 3423 4677 Nec
3451 4633 3501 4678 te
3529 4621 3684 4688 latet,
3733 4634 3795 4679 ut

517 4716 699 4774 tientia
727 4689 846 4775 esse
887 4718 1156 4791 dicuntur.
1208 4715 1318 4773 Nec
1365 4717 1482 4771 sine
1529 4715 1758 4770 ratione.
1791 4712 1906 4769 Non
1953 4715 2098 4770 enim
2125 4689 2178 4748 D
2204 4713 2411 4783 Opinor,
2442 4729 2602 4784 quam
2629 4713 2856 4768 arduum
2889 4713 3208 4784 diﬂicileque
3237 4713 3571 4784 simplicibus
3594 4716 3795 4782 animis

514 4825 614 4881 per
641 4823 720 4875 se,
746 4810 838 4864 sed
855 4808 909 4862 in
933 4808 1210 4879 praedicta
1227 4807 1498 4864 essentiali
1517 4806 1756 4861 trinitate
1777 4805 2094 4862 subsistunt.

518 4899 654 4956 Nam
701 4901 845 4971 quod
873 4916 902 4954 a
945 4899 1166 4956 Graecis
1204 4901 1354 4958 locus
1400 4909 1454 4957 et
1496 4909 1705 4970 tempus
1740 4900 2095 4972 appellantur,

519 4991 584 5050 ὧν
610 4990 748 5058 Eua,
781 4993 883 5050 hoc
909 5001 1012 5058 est,
1059 4993 1176 5048 sine
1224 4993 1418 5064 quibus
1450 5001 1630 5048 cetera
1673 5007 1794 5048 esse
1837 5009 1943 5048 non
1977 5009 2099 5063 pos-

518 5095 664 5152 sunt,
697 5099 803 5141 non
833 5085 908 5140 ita
930 5085 952 5116 '
985 5085 1413 5158 intelligendum,
1443 5093 1503 5139 ut
1546 5084 1689 5141 inter
1711 5101 1798 5151 ea,
1825 5101 1961 5156 quae
1982 5086 2099 5141 sine

521 5179 638 5236 loco
664 5187 721 5234 et
752 5187 992 5250 tempore
1015 5194 1141 5235 non
1172 5179 1352 5234 valent
1377 5179 1673 5234 subsistere
1699 5179 1741 5246 ',
1775 5180 2102 5236 substantia-

519 5270 586 5325 lis
636 5268 724 5324 illa
777 5269 994 5325 trinitas
1046 5270 1321 5340 praedicta
1372 5283 1553 5327 rerum
1608 5279 1968 5339 computetur.
2025 5269 2099 5324 Ea

2209 4805 2336 4858 talia
2381 4805 2635 4869 suadere;
2683 4803 3114 4875 quandoquidem
3161 4819 3372 4878 eorum,
3419 4805 3510 4875 qui
3541 4805 3797 4860 videntur

2205 4913 2325 4954 esse
2354 4900 2648 4969 sapientes,
2681 4899 2808 4954 dum
2833 4898 2967 4952 haec
2996 4898 3237 4960 audiunt,
3264 4913 3423 4954 aures
3445 4898 3790 4953 horrescunt.

2201 4989 2341 5045 MAG.
2374 4991 2491 5047 Noli
2527 4991 2565 5022 ¹⁷
2595 5005 2971 5061 expavescere.
3003 4989 3156 5045 Nunc
3207 4991 3353 5045 enim
3387 4991 3431 5022 “'
3459 4992 3617 5046 nobis
3657 4993 3795 5045 ratio

2203 5085 2473 5155 sequenda
2503 5093 2606 5148 est,
2657 5099 2797 5154 quae
2830 5084 2894 5152 ¹⁹,
2926 5097 3106 5138 rerum
3149 5084 3434 5139 veritatem
3481 5085 3791 5154 investigat,

2205 5178 2456 5248 nullaque
2500 5177 2823 5232 auctoritate
2866 5177 3218 5248 opprimitur,
3253 5175 3400 5230 nullo
3430 5178 3474 5208 ‘°
3506 5178 3668 5232 modo
3695 5179 3795 5230 im-

2205 5271 2439 5342 peditur,
2467 5286 2534 5327 ne
2555 5285 2642 5340 ea,
2673 5284 2812 5340 quae
2847 5279 2903 5325 et
2936 5269 3174 5326 studiose
3207 5269 3647 5325 ratiocinantinm
3678 5285 3794 5324 am-

1796 5405 2053 5463 VARIAE
2090 5405 2490 5463 LECTIONES.

596 5519 612 5551 ⁸
667 5519 756 5577 Sic
822 5521 985 5588 BHE;
1030 5521 1071 5576 C
1121 5521 1507 5588 substantiam,
1569 5521 1665 5577 sed
1717 5533 1861 5577 corr.
1923 5519 2332 5574 subsistentiam.
2392 5517 2438 5572 Α
2482 5517 2848 5571 substantiam.

597 5589 690 5644 Sic
745 5591 826 5644 C:
880 5593 920 5644 Ι)
956 5593 1254 5644 eventibus.
1311 5591 1353 5644 E
1408 5592 1670 5644 erratibus.
1783 5590 1806 5620 ⁸
1858 5588 1949 5644 Sic
2001 5588 2165 5644 CDE:
2211 5590 2256 5642 A
2311 5600 2379 5644 et.
2483 5588 2503 5619 ³
2543 5587 2631 5642 Sit
2686 5587 2848 5644 CDE:

1902 5606 1949 5646 tc
2001 5606 2165 5654 cura;
2211 5606 2256 5642 Α
2311 5606 2379 5644 ει.

522 5590 543 5621 ⁸
597 5589 690 5648 Sic
745 5591 826 5656 C;
880 5593 920 5646 Ι)
956 5593 1254 5653 eventibus,
1311 5591 1353 5644 E
1408 5592 1670 5645 erratibus.

2951 5517 2971 5546 ²
3031 5513 3122 5570 Sic
3173 5513 3355 5580 (ΖΒΕ,
3406 5514 3446 5567 Α
3535 5513 3600 5567 Et
3672 5514 3789 5567 hoc.

2483 5588 2503 5619 ⁸
2543 5587 2631 5642 Sit
2686 5587 2857 5651 CDE;
2905 5587 2951 5640 A
2998 5586 3334 5654 reperiamus.
3446 5585 3468 5616 ⁸
3521 5586 3612 5639 Sic
3655 5586 3789 5651 Al);

520 5663 611 5715 sed
647 5678 756 5717 om.
797 5655 904 5719 ΟΕ.
976 5665 994 5694 ⁷
1035 5663 1128 5717 Sic
1159 5661 1322 5728 CDE;
1366 5662 1409 5716 A
1436 5661 1710 5718 stabiliter.
1787 5660 1808 5691 ⁸
1836 5660 1927 5716 Sic
1952 5660 2122 5726 ADE;
2159 5660 2201 5716 C
2227 5660 2420 5730 itaque.
2495 5658 2516 5689 ⁹
2627 5655 3356 5730 εοηείειενεηνβέοῄυυέἦ
3411 5656 3455 5709 Α
3500 5657 3570 5730 ab
3605 5656 3792 5730 aliam.

527 5732 660 5803 ‘j_D.
691 5733 801 5787 Nec
838 5734 934 5786 hoc
957 5733 1475 5803 negarim—accidit
1497 5748 1605 5788 on].
1639 5732 1702 5786 D.

1783 5732 1824 5762 "
1853 5732 1943 5786 Sic
1972 5731 2136 5796 CDE';
2163 5733 2209 5785 A
2237 5733 2474 5784 rationis.

2550 5729 2592 5760 ³³
2624 5731 2663 5783 D
2688 5739 2785 5784 est.
2865 5730 2908 5760 “’
2937 5726 3030 5783 Sic
3056 5726 3219 5789 CDE;
3247 5743 3327 5782 me
3347 5742 3458 5780 om.
3484 5726 3551 5780 Α.
3636 5727 3678 5756 ¹³
3701 5726 3798 5781 Sic

525 5800 692 5867 CDE;
726 5819 826 5855 non
857 5817 966 5857 om.
1000 5798 1063 5867 Ᾰ;
1092 5803 1133 5859 C
1157 5805 1223 5857 ad
1251 5820 1419 5876 marg.
1444 5805 1621 5860 adscr.
1653 5802 1825 5858 literis
1847 5803 2085 5857 miniatis
2111 5803 2309 5858 haecce
2333 5820 2345 5856 :
2384 5801 2510 5856 Dedi
2545 5802 2706 5866 enim,
2734 5798 2934 5853 nullam
2961 5799 3282 5878 catagqriam
3305 5798 3513 5920 proprie
3534 5806 3796 5878 etsecun-

529 5871 653 5920 dum
669 5874 906 5920 accidens
935 5890 1082 5920 nosse
1107 5874 1171 5920 de
1192 5890 1246 5920 se
1269 5876 1583 5920 nraedicnri-
1615 5875 1753 5920 mmd
1786 5890 1889 5920 non
1907 5874 2030 5920 sinit
2060 5873 2196 5920 ratio
2225 5872 2487 5920 vacillare.
2571 5872 2613 5902 ιθ
2638 5871 2702 5920 At
2729 5886 2839 5920 0m.
2889 5871 2950 5920 D.
3020 5869 3058 5899 ⁸⁷
3094 5867 3185 5920 Stc
3212 5867 3298 5920 CD
3323 5867 3378 5920 ⁴’;
3407 5867 3450 5920 Α
3475 5865 3594 5920 NOII
3633 5882 3793 5920 nunc.

3323 5882 3332 5904 1

529 5871 657 5946 dum
669 5874 906 5946 accidens
935 5890 1082 5946 posse
1107 5874 1171 5927 de
1192 5890 1246 5946 se
1268 5871 1753 5946 pragcfdicari,iquod
1786 5890 1889 5928 non
1907 5874 2030 5928 sinit
2047 5873 2196 5946 ratio
2221 5872 2487 5946 uacillare.

2571 5872 2613 5902 ιθ
2638 5871 2702 5924 At
2729 5886 2839 5924 om.
2889 5871 2950 5925 D.
3020 5869 3058 5899 "’
3086 5865 3185 5923 Sic
3212 5865 3378 5935 CDE;
3407 5867 3450 5921 Α
3475 5865 3594 5924 Νοιί
3633 5882 3793 5924 nunc.

516 5938 577 6026 “'
603 5939 693 5999 Sic
715 5940 878 6010 CDE;
910 5938 1045 5996 enim
1071 5959 1180 6000 om.
1209 5938 1278 6002 Δί
1355 5944 1398 5976 "
1427 5944 1517 6001 Sic
1543 5938 1703 6012 CDE;
1729 5946 1772 5999 A
1798 5959 1934 6017 quae
1963 5944 2078 6000 etsi.
2156 5943 2200 5973 "
2216 5941 2305 5999 Sic
2329 5943 2496 6010 CDIC;
2525 5942 2566 5996 Α
2594 5941 2741 5998 nullo
2768 5951 2962 5996 tamen.
