4028 6280
250 455 363 511 509

1155 458 1243 514 DE
1284 458 1621 516 DiVlSlONE
1662 457 2011 515 NATliRAE.
2053 487 2123 498 -
2151 455 2353 512 LIBER
2389 455 2667 514 PRIMUS.

3422 462 3531 522 510

245 567 399 624 bitus
429 566 667 639 inquirit,
703 576 757 623 ct
800 568 1068 625 laboriose
1103 570 1326 639 invenit,
1356 572 1585 631 ‘uublicc
1628 575 1837 645 aperiat
1864 583 1910 641 Α
1937 589 2072 643 quae
2107 582 2226 627 sunt
2252 572 2307 625 in
2344 572 2592 642 ﬁgmento
2616 580 2664 626 et
2699 572 3039 630 similitudine
3072 578 3282 648 simpla,
3313 591 3362 634 et
3388 581 3557 646 simia

249 670 420 734 atque
443 662 775 733 pronuntiet.

328 754 419 810 64.
453 753 655 811 Sacrae
683 756 947 827 siquidem
1007 755 1318 829 Scripturae
1367 757 1419 812 in
1459 760 1711 817 omnibus
1757 775 1843 816 se-

244 848 465 918 quenda
496 857 580 904 est
612 849 927 916 auctoritas,
956 850 1210 920 quoniam
1242 850 1296 905 in
1338 865 1402 906 ea
1427 850 1594 907 veluti
1620 852 1841 923 quibus-

243 939 371 994 dam
394 938 508 995 suis
526 938 753 993 secretis
782 938 1002 995 sedibm
1030 940 1233 996 veritas
1262 940 1502 1012 possidet
1531 940 1572 995 ⁸.
1620 940 1735 996 Νοη
1764 950 1841 997 ta-

241 1045 370 1086 men
395 1030 467 1086 ita
494 1029 821 1087 credendum
850 1038 951 1099 est,
980 1039 1040 1086 ut
1066 1032 1182 1102 ipsa
1210 1047 1425 1103 semper
1446 1033 1683 1105 propriis
1712 1049 1838 1089 ver-

238 1121 439 1176 borum
465 1137 560 1177 seu
585 1122 862 1178 nominum
892 1121 1061 1193 signis
1084 1122 1296 1178 fruatur
1318 1102 1635 1193 ird‘ivinam
1682 1126 1839 1183 nobis

239 1221 497 1268 naturam
527 1212 838 1280 insinuans;
884 1192 980 1270 sed
1024 1192 1345 1286 quibusdam
1374 1215 1834 1286 similitudinibus,

235 1306 517 1376 variisque
544 1306 928 1362 translatorum
956 1307 1247 1363 verborum
1285 1322 1378 1364 seu
1406 1309 1687 1365 nominum
1715 1325 1835 1366 mo-

233 1396 323 1453 dis
339 1398 534 1464 utitur,
550 1397 852 1454 inﬁrmitati
878 1408 1095 1456 nostrae
1108 1401 1565 1469 condescendens,
1593 1412 1836 1460 nostros-

233 1503 345 1560 que
387 1488 566 1545 adhuc
593 1490 756 1547 rudes
786 1490 1168 1563 infantilesque
1215 1508 1405 1550 sensus
1458 1495 1691 1567 simplici
1739 1496 1836 1553 do-

232 1576 415 1632 ctrina
430 1578 666 1650 erigens.
697 1577 838 1635 Audi
862 1578 1180 1652 Apostolum
1217 1584 1485 1641 dicentem
1516 1600 1532 1641 :
1561 1586 1668 1641 Lac
1693 1588 1834 1644 vobis

228 1680 415 1740 potum
437 1671 578 1739 dedi,
612 1687 717 1728 non
761 1690 954 1729 escam.
981 1674 1040 1729 ln
1077 1675 1181 1731 ltoc
1207 1677 1352 1733 enim
1382 1678 1566 1734 divina
1614 1680 1836 1737 student

228 1760 471 1833 eloquia,
498 1771 560 1817 ut
583 1763 648 1819 de
670 1778 731 1819 re
751 1763 1034 1832 ineffabili,
1060 1766 1617 1839 incomprehensibili,
1648 1771 1835 1828 invisi-

1941 664 2165 718 litudine
2208 665 2466 729 carentia,
2496 674 2544 718 et
2585 665 2867 720 secundum
2890 683 3164 737 corporum
3190 670 3388 740 ﬁguras
3411 673 3526 742 for-

1941 757 2095 810 matis
2120 756 2527 826 incorporalium
2557 757 2777 824 intacta,
2809 767 2858 812 et
2883 759 3004 826 jnon
3030 760 3258 830 ﬁgurata
3288 762 3528 833 informi-

1940 859 2055 915 tas;
2085 849 2243 919 juxta
2287 849 2507 903 eandem
2562 849 2799 904 ueritatis
2835 850 3088 904 rationem
3127 864 3336 921 superat
3361 846 3529 910 essen-

1939 940 2039 995 tias
2066 939 2514 1011 superessentialis
2547 941 2876 1011 magnitudo,
2904 950 2954 996 et
2988 941 3189 997 animos
3229 936 3385 1014 super
3417 949 3526 1001 ani-

1937 1048 2081 1087 mum
2131 1033 2327 1088 unitas.
2362 1031 2428 1087 Et
2473 1033 2711 1087 omnibus
2760 1034 3035 1088 uirtutibus
3070 1035 3386 1105 impossibile
3424 1050 3519 1106 est,

1935 1122 2076 1191 quod
2120 1138 2280 1193 super
2325 1138 2535 1176 sensum
2581 1133 2656 1177 est
2688 1163 2704 1190 ,
2748 1139 3103 1196 arcanumque
3147 1126 3340 1182 rationi
3384 1129 3526 1182 omni

1935 1212 2403 1282 superrationabile
2427 1214 2640 1280 bonum,
2663 1216 2839 1270 unitas
2860 1217 3055 1287 uni/ica
3081 1217 3127 1249 ⁸³
3150 1218 3320 1273 omnis
3347 1220 3525 1274 unita-

1937 1306 2026 1372 tis,
2055 1316 2102 1360 et
2141 1305 2590 1376 superessentialis
2618 1307 2863 1373 essentia,
2891 1316 2939 1361 et
2969 1307 3262 1363 intellectus
3290 1307 3527 1364 inuisibi-

1935 1398 2024 1466 lis,
2053 1408 2102 1454 et
2125 1398 2339 1454 verbum
2364 1414 2638 1463 arcanum,
2666 1398 3124 1468 irrationabilitas,
3160 1412 3209 1456 et
3253 1400 3524 1457 invisibili-

1935 1499 2037 1557 tas,
2059 1499 2109 1545 et
2132 1489 2611 1555 innominabilitas,
2645 1490 2932 1545 secundum
2957 1491 3161 1546 nullum
3193 1510 3373 1549 eorum
3389 1512 3523 1566 quae

1933 1588 2055 1633 sunt
2104 1580 2354 1633 existens.
2392 1576 2462 1632 Et
2490 1577 2703 1633 causale
2745 1578 2956 1649 quidem
3003 1580 3208 1634 essendi
3258 1583 3519 1650 omnibus,

1930 1671 2106 1743 ipsum
2132 1680 2307 1727 autem
2351 1687 2455 1727 non
2493 1671 2547 1728 ὃν
2595 1672 2664 1739 ιδ,
2692 1671 2882 1742 quippe
2907 1675 3075 1727 omnis
3096 1674 3352 1729 essentiae
3375 1691 3524 1730 sum-

1932 1765 2109 1830 mitas,
2145 1779 2195 1818 et
2223 1775 2485 1834 utcunque
2526 1762 2640 1832 ipsa
2680 1761 2744 1816 de
2764 1763 2934 1841 seipsa
2968 1763 3177 1833 praprie
3219 1772 3266 1817 et
3297 1764 3520 1820 scienter

228 1850 440 1922 bilique
479 1851 679 1923 aliquid
707 1851 863 1910 nobis
883 1855 952 1910 ad
972 1857 1319 1912 nutriendum
1343 1868 1588 1915 nostram
1613 1859 1775 1916 ﬁdem
1808 1860 1831 1894 ³
1931 1855 2255 1926 manifestat.
2286 1854 2366 1909 De
2388 1855 2487 1909 hac
2512 1854 2693 1925 igitur,
2726 1862 2783 1907 ut
2822 1854 3022 1909 dictum
3064 1864 3162 1920 est,
3190 1871 3520 1926 superessen-
3560 1866 3571 1871 '

228 1943 578 2014 cogitandum
627 1943 847 2001 tradant
896 1954 1059 2016 atque
1105 1949 1387 2003 suadeant.
1431 1948 1709 2021 Siquidem
1758 1950 1827 2006 de
1855 1959 1903 2018 Β
1932 1948 2047 2002 Iiali
2073 1958 2121 2002 et
2152 1946 2357 2002 occulta
2384 1946 2668 2001 Divinitate
2690 1961 2794 2000 non
2808 1944 3111 1999 audendum
3138 1943 3328 2010 dicere,
3355 1961 3518 2016 neque

227 2032 343 2089 Deo
375 2032 450 2087 nil
500 2032 645 2090 aliud
689 2042 837 2090 caste
863 2035 1057 2107 pieque
1104 2034 1436 2105 viventibus;
1483 2038 1828 2110 studioseque
1929 2040 2216 2111 intelligere
2251 2039 2379 2110 quid
2423 2046 2629 2109 praeter
2667 2037 2916 2091 diuinitus
2956 2036 3103 2091 nobis
3125 2052 3390 2107 expressa.
3419 2036 3521 2091 Et-

225 2124 516 2181 veritatem
565 2126 951 2197 quaerentibus
992 2128 1281 2186 dicendum
1329 2129 1414 2185 vel
1456 2131 1821 2201 cogitandum,

226 2216 336 2271 nisi
388 2232 528 2288 quae
580 2217 636 2273 in
685 2234 844 2275 sacra
892 2218 1176 2292 Scriptura
1229 2223 1597 2294 reperiuntur,
1650 2239 1824 2295 neque

224 2309 349 2365 aliis
380 2312 484 2367 nisi
533 2310 703 2383 ipsius
731 2299 1219 2385 signiﬁcationibus
1271 2316 1823 2389 translationibusquc

224 2400 486 2459 utendum
511 2403 658 2472 ‘liis,
708 2405 800 2476 qui
825 2406 891 2461 de
941 2406 1053 2462 Deo
1094 2406 1209 2463 sive
1247 2407 1376 2478 quid
1429 2409 1674 2476 credant,
1707 2410 1821 2467 sive

224 2493 526 2563 disputent.
560 2494 691 2562 Quis
728 2496 873 2552 enim
912 2496 979 2553 de
1018 2507 1213 2554 natura
1243 2497 1497 2555 ineffabili
1543 2502 1815 2573 quippiam

225 2601 258 2640 a
310 2586 494 2658 seipse
541 2598 817 2660 repertum
854 2588 1037 2646 dicere
1074 2600 1404 2661 praesumat,
1429 2601 1646 2662 praeter
1672 2594 1817 2664 quod

223 2678 314 2733 illa
327 2678 444 2749 ipsa
460 2678 483 2711 ⁸
513 2678 580 2733 de
595 2680 770 2751 seipsa
791 2679 845 2735 in
859 2681 972 2737 suis
1002 2682 1206 2737 sanctis
1223 2683 1459 2754 organis,
1485 2682 1773 2757 Theologis
1793 2684 1831 2716 "

219 2771 368 2837 dico,
386 2771 660 2826 modulata
681 2772 798 2827 est?
814 2772 919 2829 Sed
939 2780 999 2827 ut
1027 2773 1130 2830 hoc
1153 2772 1362 2831 ﬁrmius
1383 2783 1437 2830 et
1455 2775 1647 2831 credas
1662 2787 1716 2833 et
1731 2786 1814 2833 te—

216 2862 390 2929 neas,
438 2862 612 2918 sancti
669 2862 911 2935 Dionysii
960 2861 1219 2936 Theologi
1265 2864 1636 2921 testimonium
1686 2866 1814 2923 huic

212 2953 339 3011 loco
364 2955 738 3021 inserendum,
767 2956 812 3011 si
846 2956 942 3011 tibi
970 2956 1205 3023 videtur,
1238 2956 1490 3012 arbitror.
1539 2957 1685 3014 Disc.
1721 2958 1816 3015 Vi-

212 3043 376 3098 detur
408 3042 589 3115 plane,
619 3052 672 3099 ct
696 3042 771 3100 nil
798 3044 1056 3102 libentius
1079 3046 1307 3117 accipio,
1339 3061 1503 3118 quam
1543 3049 1811 3106 rationem

214 3134 535 3191 ﬁrmissima
591 3137 914 3193 auctoritate
984 3139 1314 3195 roboratam.
1375 3138 1517 3195 Mss.
1564 3140 1813 3212 Capitula

217 3228 399 3299 primo
414 3229 481 3285 de
500 3229 697 3286 divinis
715 3228 1036 3287 Nominibus
1048 3226 1428 3289 auctoritatem
1454 3249 1645 3292 sacrae
1665 3236 1813 3292 Scri-

1925 2133 2063 2189 enim
2094 2133 2170 2187 sic
2190 2133 2301 2201 ipsa
2329 2133 2394 2185 dc
2419 2131 2699 2199 semetipsa
2730 2131 2784 2184 in
2808 2129 3028 2201 eloquiis
3056 2130 3247 2200 optime
3270 2130 3511 2186 tradidit.

1926 2223 2064 2295 Ejus
2091 2222 2326 2294 quidem,
2355 2221 2528 2294 qualis
2549 2229 2645 2289 est,
2669 2220 2892 2275 scientia
2932 2230 2981 2276 et
3007 2221 3376 2292 contemplatio
3405 2238 3515 2276 om-

1924 2318 2093 2382 nibus,
2118 2331 2253 2387 quae
2278 2325 2419 2382 sunt,
2448 2316 2592 2369 invia
2617 2324 2713 2381 est,
2739 2324 2988 2385 tanquam
3016 2312 3259 2367 omnibus
3277 2311 3322 2345 ³⁸
3340 2329 3515 2367 essen-

1922 2409 2118 2464 tialiter
2145 2417 2411 2479 separata.
2456 2407 2605 2462 llaec
2647 2406 2714 2462 de
2742 2404 3016 2476 sequenda
3050 2404 3374 2460 auctoritate
3421 2419 3514 2460 so-

1921 2502 2193 2558 lummodo
2234 2514 2423 2556 sacrae
2464 2498 2781 2569 Scripturae
2822 2496 2877 2553 in
2927 2494 3129 2552 divinis
3169 2496 3406 2553 maxime
3432 2496 3514 2552 di-

1919 2594 2321 2667 sputationibus
2351 2593 2643 2649 sullieiunt.

1981 2685 2069 2742 66.
2103 2685 2266 2741 Ratio
2296 2701 2425 2742 vero
2455 2686 2509 2741 in
2538 2686 2641 2741 hoc
2663 2684 3042 2741 universaliter
3068 2682 3269 2747 studet,
3294 2688 3355 2738 ut
3372 2695 3504 2738 sua-

1916 2777 2066 2843 deat,
2110 2778 2384 2848 certisque
2426 2777 2673 2832 veritatis
2715 2774 3225 2848 investigationibus
3249 2773 3293 2805 ¹⁶
3316 2789 3515 2846 appro-

1894 2864 2025 2935 'bet,
2049 2870 2126 2925 nil
2149 2871 2215 2925 de
2240 2870 2348 2925 Deo
2368 2868 2587 2940 proprie
2611 2869 2650 2901 "
2668 2882 2826 2937 posse
2852 2867 2979 2932 dici,
2997 2865 3255 2936 quoniam
3283 2872 3506 2933 superat

1914 2975 2132 3016 omnem
2162 2959 2838 3028 intellectum,'omnesque
2874 2955 3156 3012 sensibiles
3198 2953 3509 3024 intelligibio

1915 3052 2102 3125 lesque
2134 3050 2583 3123 signiﬁcationes;
2631 3050 2722 3119 qui
2767 3048 2962 3105 melius
2987 3044 3277 3102 nesciendo
3302 3045 3504 3110 scitur;

1915 3143 2069 3215 cujus
2094 3132 2399 3213 ignarantia
2425 3156 2557 3196 vera
2598 3149 2684 3197 est
2711 3138 3007 3211 sapientia;
3040 3138 3132 3208 qui
3155 3138 3337 3192 verius
3366 3134 3503 3191 ﬁde-

1913 3232 2126 3305 liusque
2142 3240 2371 3304 negatur
2385 3233 2439 3288 in
2459 3231 2730 3296 omnibus,
2746 3246 2909 3302 quam
2929 3228 3224 3284 aﬁlrmatur
3238 3227 3305 3282 ¹⁸.
3322 3225 3505 3294 Quod-

214 3329 414 3392 pturae
456 3322 766 3393 praedictus
794 3322 1099 3396 Theologus
1143 3323 1353 3396 magnis
1387 3323 1636 3382 laudibus
1663 3341 1813 3384 com-
1837 3300 2127 3395 chnque
2163 3300 2311 3378 enim
2339 3322 2406 3378 de
2441 3322 2559 3393 ipso
2597 3300 2905 3391 negaveris,
2936 3331 3063 3373 vere
3091 3316 3315 3389 negabis
3345 3332 3360 3369 :
3391 3330 3500 3371 non

211 3412 457 3469 mendat.
483 3415 584 3470 Ast
602 3415 624 3447 ⁷
663 3416 787 3487 quia
816 3430 968 3474 more
1013 3433 1112 3473 suo
1137 3416 1395 3489 perplexe
1438 3418 1809 3490 hyperbatice-

209 3520 319 3576 que
362 3504 620 3575 disputat,
660 3507 889 3580 ideoque
916 3508 1070 3565 valde
1112 3510 1414 3578 abstrusus,
1468 3510 1808 3585 diﬁicilisque

210 3596 280 3650 ad
306 3594 720 3668 intelligendum
743 3598 927 3655 multis
953 3599 1185 3667 videtur,
1215 3599 1416 3671 placuit
1446 3602 1576 3658 mihi
1609 3603 1676 3658 de
1702 3604 1804 3662 hac

211 3699 272 3739 re
317 3687 646 3742 sententiam
695 3688 863 3759 ipsius
910 3688 1141 3745 faciliori
1186 3690 1471 3747 verborum
1520 3694 1712 3749 ordine
1736 3696 1806 3752 ad

210 3776 641 3849 intelligendum,
673 3781 889 3851 quam"
934 3796 1034 3837 suo
1086 3781 1207 3837 loco
1233 3782 1434 3855 scripta
1465 3794 1569 3850 est,
1611 3786 1805 3856 depro-

207 3883 382 3926 mere.
429 3868 827 3939 Universaliter,
878 3873 1075 3944 inquit,
1124 3889 1226 3928 non
1267 3876 1568 3930 audendum
1610 3877 1801 3945 dicere,

209 3978 374 4032 neque
426 3964 714 4037 intelligere
755 3966 881 4037 quid
926 3967 991 4023 de
1028 3968 1451 4038 superessentiali
1497 3969 1799 4036 Divinitate,

206 4067 418 4128 praeter
452 4057 703 4114 divinitus
744 4057 891 4115 nobis
933 4074 999 4115 ea:
1053 4061 1220 4115 sacris
1272 4060 1493 4132 eloquiis
1534 4078 1798 4134 expressa.

208 4148 387 4219 Ipsius
417 4151 555 4204 enim
584 4166 740 4221 super
764 4152 1018 4207 rationem
1034 4161 1083 4206 et
1112 4151 1430 4207 intellectum
1450 4162 1500 4208 et
1524 4155 1799 4209 essentiam

206 4243 755 4314 superessentialitatis
781 4245 999 4300 scientia
1038 4245 1314 4316 referenda
1360 4257 1434 4303 est
1460 4248 1530 4303 ad
1564 4249 1802 4320 superio-

207 4349 289 4387 res
314 4332 603 4403 claritates,
633 4336 775 4390 circa
808 4335 984 4390 divina
1007 4338 1352 4409 temperantia
1397 4348 1445 4394 et
1472 4340 1751 4395 sanctitate
1778 4342 1801 4376 ⁹

204 4434 498 4493 coartatas,
527 4428 583 4482 in
606 4436 808 4482 tantum
833 4444 1043 4483 sursum
1079 4430 1431 4500 respicientes,
1461 4442 1717 4502 quantum
1744 4448 1801 4488 se

204 4518 366 4588 infert
390 4520 688 4575 divinorum
708 4519 1034 4593 eloquiorum
1063 4521 1262 4578 radius.

274 4609 368 4667 65.
414 4611 670 4682 Videsne,
710 4612 1167 4686 quemadmodum
1202 4615 1584 4674 universalitcr
1615 4619 1798 4690 prohi-

1912 3422 2092 3469 autem
2117 3427 2300 3481 (nunc,
2333 3412 2698 3484 quodcunque
2729 3408 3053 3472 ﬁrmaveris,
3076 3421 3210 3462 vere
3235 3403 3500 3461 ﬁrmabis.

1911 3504 2189 3576 Siquidem
2213 3506 2261 3561 si
2288 3497 2700 3577 approbaveris;
2730 3502 2833 3559 hoc
2858 3501 2943 3557 vel
2976 3502 3081 3556 hoc
3106 3498 3256 3554 illum
3281 3496 3325 3529 ¹⁹
3354 3509 3502 3564 esse,

1908 3593 2163 3652 falsitatis
2182 3597 2547 3672 redargueris,
2575 3594 2702 3666 quia
2726 3593 2990 3659 omnium,
3010 3605 3153 3662 quae
3180 3596 3327 3655 sunt,
3358 3601 3502 3660 quae

1906 3684 2012 3741 dici
2033 3684 2119 3741 vel
2140 3686 2367 3756 intelligi
2393 3696 2641 3757 possunt,
2664 3684 2799 3740 nihil
2820 3691 2905 3739 est
2921 3682 2992 3735 ⁸⁸.
3016 3679 3076 3737 Si
3095 3694 3226 3736 vero
3255 3693 3504 3750 pronun-

1906 3777 2150 3847 tiaveris,
2178 3795 2282 3836 nec
2307 3780 2428 3844 hoc,
2462 3794 2562 3835 nec
2585 3778 2738 3845 illud,
2768 3791 2872 3832 nec
2893 3774 3060 3831 ullum
3089 3772 3179 3830 ille
3201 3780 3305 3837 est,
3327 3785 3497 3827 verax

1902 3885 2024 3927 esse
2052 3872 2341 3937 videberis,
2374 3872 2501 3942 quia
2530 3871 2666 3926 nihil
2706 3871 2921 3936 borum,
2955 3881 3097 3938 quae
3124 3872 3251 3921 sunt
3271 3871 3326 3920 et
3353 3878 3495 3935 quae

1904 3979 2011 4020 non
2037 3973 2183 4031 sunt,
2209 3972 2325 4030 est;
2355 3964 2424 4020 ad
2447 3979 2609 4034 quem
2653 3977 2814 4019 nemo
2838 3968 3018 4033 potest
3061 3958 3340 4023 accedere,
3388 3958 3494 4013 nisi
3578 3978 3585 3985 ι

1901 4059 2054 4130 prius
2082 4060 2438 4115 corroborato
2466 4058 2664 4121 mentis
2692 4056 2885 4111 itinere
2910 4068 3103 4110 sensus
3128 4065 3318 4108 omnes
3345 4049 3496 4106 dese-

1902 4160 2010 4220 rat,
2069 4160 2124 4208 et
2142 4148 2546 4207 .intellectuales
2591 4148 2958 4221 Operationes,
3005 4153 3060 4201 et
3104 4141 3399 4208 sensibilis,
3439 4149 3495 4197 et

1900 4263 2082 4313 omne,
2117 4248 2261 4318 quod
2295 4252 2382 4303 est
2404 4254 2461 4302 et
2484 4243 2627 4317 quod
2659 4258 2765 4299 non
2795 4251 2909 4307 est,
2938 4249 2994 4297 et
3016 4239 3085 4296 ad
3117 4237 3404 4302 unitatem,
3432 4243 3493 4290 ut

1898 4340 2157 4415 possibile
2183 4350 2287 4407 est,
2331 4340 2537 4395 inscius
2564 4338 2884 4394 restituatur
2921 4335 3113 4406 ipsius,
3161 4331 3254 4403 qui
3287 4336 3374 4386 est
3401 4343 3495 4384 su-

1898 4450 1999 4508 per
2025 4449 2242 4490 omnem
2273 4431 2565 4489 essentiam
2611 4437 2669 4486 et
2711 4425 3152 4499 intelligentiam;
3196 4422 3351 4493 cujus
3391 4436 3491 4476 nec

1898 4545 2006 4601 que
2054 4529 2195 4584 ratio
2249 4535 2353 4593 est,
2395 4538 2571 4595 neque
2613 4519 2993 4594 intelligentia,
3048 4532 3224 4589 neque
3270 4515 3490 4579 dicitur,

1902 4636 2080 4691 neque
2103 4618 2439 4690 intelligitur,
2473 4631 2650 4687 neque
2670 4628 2868 4670 nomen
2893 4612 3011 4682 ejus
3039 4617 3142 4676 est,
3165 4621 3341 4678 neque
3369 4620 3492 4662 ver-

202 4703 318 4769 bet,
364 4718 434 4758 ne
464 4703 587 4775 quis
615 4703 681 4760 de
710 4683 920 4760 occulta
954 4702 1269 4772 Divinitate,
1317 4715 1535 4777 praeter
1559 4683 1699 4779 quae
1740 4709 1794 4764 in
1826 4683 1874 4742 D
1902 4683 2050 4770 1min.
2084 4712 2203 4769 Non
2247 4683 2427 4767 autem
2463 4683 2926 4773 irrationabiliter,
2958 4711 3016 4760 ut
3043 4717 3205 4773 saepe
3232 4701 3486 4764 diximus,

201 4794 380 4849 sacris
421 4793 651 4865 eloquiis
696 4794 841 4851 dicta
876 4804 1017 4852 sunt’
1051 4795 1116 4861 ιο,
1160 4797 1339 4854 dicere
1379 4799 1608 4855 audeat?
1646 4800 1797 4867 Quae

202 4884 462 4941 videlicet
495 4886 711 4959 eloquia
737 4887 1127 4961 gloriosissimo
1148 4890 1540 4962 verissimoque
1580 4893 1797 4949 nomine

198 4978 763 5051 appellatsuperiorcs
793 4981 1089 5049 claritates,
1120 4983 1175 5037 in
1204 4983 1549 5039 sanctitate“
1578 4992 1631 5040 et
1662 4992 1797 5040 tem-

1901 4806 2106 4869 omnia,
2134 4817 2272 4874 quae
2309 4817 2340 4858 a
2368 4817 2580 4858 summo
2645 4814 2817 4870 usque
2856 4798 3107 4853 deorsum
3138 4801 3285 4859 sunt,
3328 4794 3395 4848 de
3423 4807 3489 4848 eo

1903 4895 2008 4951 dici
2039 4901 2264 4964 possunt
2309 4893 2542 4962 quadam
2584 4889 2956 4954 similitudine,
3004 4894 3098 4942 aut
3144 4882 3485 4940 dissimilitu-

1901 4985 2048 5051 dine,
2095 4992 2187 5039 aut
2231 4984 2637 5049 contrarietate,
2685 4990 2778 5036 aut
2815 4978 3187 5051 oppositione,
3229 4974 3482 5045 quoniam

196 5071 451 5140 perantia
513 5072 663 5127 circa
719 5071 898 5127 divina
955 5080 1247 5128 coartatas.
1308 5072 1452 5129 ldem
1502 5074 1556 5129 in
1602 5075 1792 5131 eodem
1890 5077 1967 5133 ab
1988 5076 2107 5147 ipso
2134 5074 2701 5143 omniasunt“,qnac
2724 5073 2788 5128 dc
2812 5087 2875 5128 eo
2898 5068 3204 5143 praedicari
3231 5072 3480 5138 possunt.

195 5161 360 5233 paulo
405 5172 528 5234 post
559 5181 572 5218 :
607 5158 927 5220 Sicut‘enim
950 5165 1495 5237 incomprehensibilia
1537 5176 1584 5223 et
1612 5168 1794 5223 incon’

193 5253 527 5326 templabilia
583 5264 705 5327 sunt
754 5257 1086 5314 sensibilibus
1133 5257 1437 5327 invisibilia,
1490 5269 1537 5314 et
1586 5261 1666 5315 his
1723 5261 1787 5327 ¹¹,

1897 5167 2013 5223 Non
2054 5175 2233 5223 autem
2272 5165 2470 5222 similia
2494 5156 2611 5221 'sibi
2640 5164 2975 5221 solummodo
2998 5161 3261 5227 condidit,
3307 5157 3400 5213 sed
3427 5162 3486 5211 et

1891 5260 2008 5335 jam
2052 5260 2359 5327 dissimilia,
2391 5258 2645 5329 quoniam
2674 5257 2789 5329 ipse
2827 5255 3020 5313 similis
3044 5262 3126 5309 est
3147 5252 3194 5284 “
3227 5260 3285 5308 et
3319 5248 3482 5307 dissic

1492 5395 1744 5453 VARIAE
1781 5396 2181 5456 LEC'l‘IONES.
2890 5460 2899 5469 ο

267 5509 286 5542 ⁸
318 5507 414 5581 Sic
443 5507 661 5581 CDE;A
679 5509 992 5581 possidetur.
1067 5511 1089 5541 ¹
1119 5509 1211 5567 Sic
1234 5509 1434 5566 ACDE.
1512 5511 1535 5542 ³
1562 5487 1845 5579 85θὈῠΕς
1871 5513 1917 5567 Α
1940 5513 2097 5580 ﬁdem
2121 5522 2374 5568 nostram.
2450 5512 2473 5543 ‘
2525 5511 2619 5568 Sic
2656 5508 2822 5581 CDE;
2852 5509 2897 5564 Α
2915 5507 3179 5581 utendum
3216 5512 3344 5581 ρεξζ.⁵
3391 5502 3413 5533 ⁸
3438 5502 3478 5557 D

184 5578 472 5653 ipsailla.
496 5579 569 5653 _‘
610 5578 903 5653 SicCDE;
946 5582 994 5637 A
1040 5581 1361 5653 tlieologicis.
1441 5583 1460 5613 ⁷
1489 5581 1580 5638 Sic
1613 5583 1738 5649 CE;
1766 5585 1859 5638 AD
1887 5578 1999 5653 Et,
2043 5587 2065 5617 ⁸
2091 5583 2182 5640 Sic
2210 5583 2329 5650 CE;
2355 5583 2399 5638 Ι)

2444 5600 2583 5653 quo;
2644 5573 3003 5653 ’SiqﬂDE;
3029 5577 3074 5630 Α
3118 5573 3472 5653 simplicitate.

189 5651 235 5684 “
280 5650 537 5723 Sic_CD_E
565 5667 582 5719 ;
607 5652 650 5707 A
673 5652 800 5707 sint.
833 5644 919 5723 ﬂ"
953 5652 1043 5708 Sic
1069 5644 1243 5723 CDE';
1271 5653 1316 5707 A
1352 5644 1733 5723 simplicitatef
1792 5655 1834 5687 ι’
1857 5654 1948 5710 Sic
1973 5652 2108 5710 CDE
2137 5670 2151 5719 ;
2190 5655 2237 5709 A
2274 5644 2331 5708 in
2377 5644 2482 5710 his.
2553 5654 2597 5686 ’³
2634 5651 2726 5708 Sic
2760 5651 2845 5706 (ΖΕ
2877 5668 2891 5723 ;
2926 5648 3016 5704 AD
3054 5644 3249 5723 uni/ica
3275 5645 3473 5723 unitas.

188 5723 230 5755 ’⁷⁸
268 5721 359 5780 CE
383 5716 458 5786 ὃν,
485 5716 577 5777 DE
601 5738 726 5778 non.

826 5722 875 5798 ‘f’
904 5723 1012 5798 _S_ic
1031 5722 1170 5798 CDE
1195 5724 1287 5798 ;_A
1338 5724 1576 5798 omnibus
1606 5734 1893 5798 _tanquam.

2007 5724 2051 5756 ³⁸
2101 5714 2192 5781 Sic
2225 5725 2347 5791 CE;
2402 5724 2494 5779 AD
2545 5722 2990 5792 indagationibus.
3095 5714 3258 5792 {785.6
3303 5714 3469 5792 CDE;

185 5795 231 5849 Α
259 5795 474 5867 praprie
499 5793 566 5847 de
600 5792 735 5867 Dea1
791 5793 857 5867 Β
900 5794 991 5867 Sic
1014 5795 1090 5867 A7;
1120 5792 1162 5867 Ω
1197 5787 1465 5867 ﬁrmatur,
1514 5794 1557 5847 D
1594 5787 1898 5865 formatur;
1928 5797 1970 5851 E
2001 5798 2091 5867 qui
2132 5797 2300 5851 rcrius
2336 5787 2647 5865 Meliusque
2672 5787 2789 5847 cum
2841 5804 3061 5867 negatur
3098 5788 3176 5867 in_
3197 5787 3469 5867 cautibus,

184 5862 316 5919 tunc
344 5862 611 5932 ﬁrmatur.
696 5862 738 5895 ¹⁹
785 5862 877 5921 Sic
901 5864 1019 5932 CE;
1043 5866 1089 5923 Δ
1111 5862 1303 5933 ipsum,
1334 5866 1379 5920 D
1404 5865 1557 5923 illud.

183 5944 294 5999 est.
371 5934 418 5967 ⁸⁸
452 5933 546 5999 Sic
569 5933 671 6003 CD
694 5935 768 6006 E;
799 5936 1009 6013 Aﬁunt.
1086 5938 1132 5971 "
1155 5945 1231 5993 est
1260 5951 1371 5994 om.
1391 5937 1451 5999 Ι),

1662 5868 1708 5902 ¹⁰
1761 5868 1852 5929 Sic
1884 5856 2064 5935 'CDE;
2097 5869 2142 5930 Α
2185 5883 2319 5938 quae
2338 5856 2455 5921 'dici
2484 5856 2697 5937 possunt
2734 5874 2782 5922 et
2827 5856 3045 5936 imElligi
3103 5856 3232 5925 nillil
3279 5858 3468 5927 horum
