4028 6280
538 447 632 503 5H

1894 446 2172 503 JUANMS
2207 447 2403 504 SCOTI
2475 509 2477 512 ,

3683 442 3792 496 5.3

540 561 697 616 milis.
722 559 1120 616 Contrariorum
1148 573 1364 630 quoque
1394 574 1554 614 causa
1581 569 1682 616 est.
1713 561 1921 616 Virtute
1943 560 2109 631 siqui-
2138 566 2184 626 Α
2213 561 2414 626 lumba,
2438 560 2620 630 piscis,
2639 563 2768 622 κήτη
2791 558 2862 626 ’⁵,
2885 565 3171 629 ceteraque
3192 555 3626 620 innumerabilia,
3649 570 3792 626 quae

539 653 661 710 dem
716 669 922 720 eorum,
961 667 1096 722 quae
1142 667 1267 709 vere
1309 655 1376 707 ab
1422 668 1487 708 eo
1538 655 1753 708 comlita
1803 663 1946 716 sunt,
2003 653 2108 708 ea‘

537 744 724 811 etiam,
752 759 891 816 quae
917 744 1184 799 contraria
1222 743 1473 799 videntur
1519 759 1661 809 esse,
1713 752 1769 798 ct
1793 759 1891 814 per
1932 743 2110 813 priva-

539 834 739 890 tionem
763 836 784 867 '
825 834 1092 890 essentiae
1132 848 1238 889 non
1269 842 1415 900 sunt,
1465 848 1594 890 vera
1623 834 1756 888 ratio
1784 834 1804 865 ³
1845 829 2109 889 contineri

539 924 821 994 approbat.
849 921 1059 977 Nullum
1083 923 1225 978 cnim
1255 923 1445 978 vitium
1491 924 1786 990 invenitur,
1817 923 1961 993 quod
2002 939 2109 978 non

543 1017 616 1073 sit
636 1014 861 1086 alicujus
888 1014 1102 1070 virtutis
1135 1015 1345 1080 umbra,
1377 1022 1471 1070 aut
1494 1016 1728 1084 quadam
1757 1013 1932 1068 fallaci
1962 1013 2112 1069 simi-

539 1105 785 1173 litudine,
830 1114 923 1162 aut
954 1114 1134 1177 aperta
1161 1107 1565 1162 contrarietate.
1596 1105 1957 1160 Similitudine
1988 1106 2110 1176 qui-

542 1197 684 1262 dem,
726 1206 784 1253 ut
830 1197 1080 1270 superbia
1131 1211 1292 1253 verae
1323 1197 1601 1268 potentiae
1644 1197 1890 1252 umbram
1937 1197 2113 1267 gerit,

543 1291 752 1348 luxuria
779 1293 1005 1364 quietis,
1037 1292 1189 1347 furor
1233 1291 1566 1362 fortitudinis
1587 1331 1604 1357 ,
1647 1293 1728 1346 ira
1759 1289 2116 1346 correctionis

538 1380 901 1452 iustitiaeque,
931 1389 986 1436 et
1008 1381 1030 1412 ⁸
1057 1381 1272 1436 similia.
1303 1379 1701 1436 Contrarietate
1730 1395 1882 1447 vero,
1914 1388 1974 1434 ut
2001 1394 2117 1434 ma-

543 1473 657 1530 litia
699 1473 970 1529 bonitatis.
997 1472 1459 1540 Quemadmodum
1487 1473 1630 1527 enim
1658 1473 1874 1528 bonitas
1902 1487 1969 1527 ex
2008 1488 2116 1528 non

544 1564 896 1620 existentibus
947 1563 1229 1620 existentia
1279 1564 1448 1629 ducit,
1491 1572 1551 1618 ut
1601 1563 1742 1631 sint;
1793 1563 1868 1618 ita
1911 1563 2117 1618 malitia

543 1656 746 1728 appetit
768 1669 1114 1725 corrumpere
1137 1655 1320 1710 omnia
1343 1669 1484 1725 quae
1513 1664 1662 1722 sunt,
1690 1663 1744 1710 ct
1766 1655 1984 1726 penitus
2011 1654 2119 1709 sol~

543 1762 690 1815 vere,
717 1756 776 1802 ut
821 1763 928 1803 non
953 1747 974 1779 ⁸
1003 1747 1127 1802 sint.
1156 1746 1224 1802 Et
1262 1747 1309 1802 si
1345 1747 1446 1802 hoc
1470 1754 1633 1812 esset,
1665 1747 1718 1801 id
1740 1755 1841 1811 est,
1870 1747 1914 1802 si
1938 1745 2120 1801 omnia

543 1840 802 1912 perirent,
831 1838 989 1894 simul
1016 1847 1069 1894 et
1095 1839 1210 1910 ipsa
1253 1839 1477 1910 periret.
1515 1837 1650 1892 Nam
1695 1839 1739 1894 si
1783 1839 1987 1908 periret
2025 1851 2120 1893 ua-

2213 670 2281 710 ex
2308 662 2504 710 natura
2535 654 2745 709 condita
2769 653 2837 706 ad
2865 660 3113 707 naturam
3138 649 3489 706 conditricem
3521 647 3789 704 transfor-

2211 748 2447 802 matione
2486 747 2716 816 quadam
2763 743 3099 814 ﬁgurataque
3139 739 3528 812 signiﬁcatione
3563 739 3792 796 transie-

2212 848 2424 894 runtur.
2457 839 2640 907 quue
2665 836 2962 891 mirabilius
3006 850 3112 890 non
3143 833 3316 888 solum
3341 847 3408 888 ex
3444 841 3694 888 creatura
3721 831 3794 886 ad

2210 930 2527 986 Creatorem
2573 926 2866 984 artiﬁciosa
2915 924 3196 994 Scriptura
3221 922 3604 979 translationes
3641 921 3794 988 fecit,

2212 1036 2398 1077 verum
2426 1020 2590 1076 etiam
2617 1034 2684 1074 ex
2711 1025 2937 1072 naturae
2965 1015 3276 1079 contrariis,
3304 1029 3369 1068 ex
3412 1011 3619 1067 insania
3645 1011 3796 1066 vide-

2212 1112 2360 1178 licet,
2389 1112 2676 1175 ebrietate,
2703 1107 2940 1180 crapula,
2967 1105 3258 1170 oblivione,
3290 1105 3394 1170 ira,
3422 1103 3627 1167 furore,
3645 1103 3795 1168 odio,

2213 1203 2670 1273 concupiscentia,
2715 1199 3015 1269 ceterisque
3055 1196 3340 1262 similibus,
3383 1195 3580 1266 quibus
3617 1195 3797 1249 minus

2216 1295 2540 1366 simplicium
2605 1293 2773 1348 animi
2829 1291 3133 1357 falluntur,
3201 1303 3366 1358 quam
3427 1285 3800 1357 superioribus

2217 1385 2809 1458 transﬁgurationibus,
2853 1397 2992 1454 quae
3018 1396 3084 1438 ex
3127 1389 3316 1436 natura
3347 1378 3500 1433 ﬁunt.
3532 1376 3796 1430 Rationa-

2217 1480 2341 1536 bilis
2385 1477 2648 1548 siquidem
2676 1475 2880 1540 anima,
2925 1471 3172 1546 quamvis
3217 1470 3504 1526 admodum
3542 1467 3800 1536 simplex,

2219 1570 2544 1634 naturalium
2565 1582 2745 1624 rerum
2769 1565 2985 1622 nomina
3011 1565 3078 1619 de
3103 1564 3210 1620 Deo
3229 1559 3530 1632 praedicari
3551 1558 3802 1623 audiens,

2218 1665 2540 1736 proprieque
2569 1659 2636 1716 de
2680 1661 2796 1729 ipso
2824 1657 2931 1713 dici
2967 1655 3281 1720 aestimans,
3311 1651 3548 1715 fallatur,
3581 1664 3690 1704 non
3715 1658 3802 1702 ta-

2221 1770 2342 1812 men
2373 1754 2592 1810 omnino
2618 1749 2906 1820 decipitur,
2933 1758 2992 1803 ut
3027 1760 3236 1810 eorum,
3265 1758 3404 1815 quae
3430 1750 3620 1798 contra
3646 1749 3804 1794 natu-

2222 1863 2339 1903 ram
2380 1853 2526 1908 sunt,
2571 1843 2790 1900 nomina
2834 1842 2902 1897 de
2944 1839 3226 1897 conditore
3273 1851 3455 1893 rerum
3497 1833 3802 1904 praedicari

543 1938 684 1996 tura,
711 1928 916 1999 periret
953 1928 1114 1984 simul
1153 1926 1213 1983 et
1247 1928 1456 1983 vitium.
1491 1926 1600 1983 Sed
1628 1928 1832 1983 virtute
1860 1926 2120 1982 bonitatis
2150 1938 2196 2000 Β
2222 1938 2552 2003 auscultans,
2583 1943 2676 1990 am
2695 1932 2916 1989 omnino
2945 1930 3079 1987 falsa
3109 1944 3230 1986 esse
3249 1927 3454 1998 judieet
3473 1935 3530 1982 et
3561 1931 3803 1995 respuat,

540 2022 720 2080 atmiis
757 2030 950 2078 natura
993 2021 1317 2089 continetur,
1355 2036 1422 2076 ne
1468 2029 1674 2092 pereat.
1716 2020 1908 2076 Adhuc
1937 2029 2116 2076 tamen

544 2114 748 2172 malitia
774 2114 1106 2186 permittitur
1127 2113 1182 2169 in
1219 2127 1306 2179 ea,
1338 2113 1586 2169 videlicet
1628 2121 1840 2175 natura,
1889 2113 1957 2169 ad
1997 2113 2117 2167 lau-

544 2206 668 2263 dem
697 2203 954 2259 bonitatis
999 2217 1065 2260 ex
1097 2202 1372 2258 contrario
1393 2201 1414 2232 ⁶
1443 2203 1850 2274 comparatione
1884 2210 1940 2258 et
1967 2215 2121 2258 exer-

544 2295 802 2353 citatione
820 2294 873 2326 ⁶⁶
891 2294 1149 2350 virtutum
1173 2293 1481 2349 rationabili
1497 2293 1828 2364 operatione,
1851 2303 1908 2349 et
1926 2306 2122 2364 purga-

547 2388 746 2444 tionem
773 2385 942 2457 ipsius
972 2394 1219 2453 naturae,
1241 2385 1456 2457 quando
1484 2383 1866 2441 absorbebitur
1893 2400 2038 2440 mors
2068 2385 2122 2439 in

545 2478 796 2546 victoria,
829 2487 884 2536 et
911 2477 1023 2534 sola
1063 2477 1278 2533 bonitas
1305 2478 1360 2534 in
1408 2477 1778 2533 omnibuset’
1819 2476 2120 2548 apparebit,

545 2581 602 2630 et
625 2571 888 2643 regnabit,
924 2579 979 2628 et
1006 2570 1385 2627 universaliter
1426 2579 1510 2626 est
1539 2569 1560 2603 ³
1606 2569 1846 2640 peritura
1895 2568 2119 2626 malitia.

549 2659 660 2720 Sed
697 2661 762 2718 de
789 2661 874 2718 his
899 2661 955 2716 in
997 2660 1185 2731 quinto
1225 2659 1390 2716 latius
1417 2658 1439 2691 '
1482 2659 1844 2730 disputabitur
1873 2658 1939 2713 ¹⁰.
1969 2656 2123 2712 Nulla

550 2754 731 2825 itaque
752 2753 1047 2810 auctoritas
1071 2762 1124 2808 te
1165 2760 1367 2809 terreat
1393 2753 1462 2808 ab
1486 2754 1595 2822 his,
1632 2767 1771 2824 quae
1797 2762 1977 2810 rectae
1997 2768 2126 2807 cono

549 2845 910 2918 templationis
953 2843 1292 2900 rationabilis
1332 2845 1514 2901 suasio
1557 2845 1766 2902 edocet.
1798 2843 1941 2901 Vera
1980 2844 2125 2898 enim

550 2938 842 2994 auctoritas
885 2947 1066 2995 rectae
1099 2937 1299 2993 rationi
1331 2952 1436 2993 non
1483 2937 1718 3002 obsistit,
1764 2951 1938 3007 neque
1977 2945 2127 2992 recta

551 3032 690 3088 ratio
736 3045 899 3088 verae
947 3029 1277 3087 auctoritati.
1347 3028 1520 3086 Ambo
1575 3029 1839 3100 siquidem
1895 3042 1962 3083 ex
2021 3042 2129 3084 uno

550 3123 722 3190 fonte,
770 3123 948 3180 divina
991 3121 1247 3179 videlicet
1292 3121 1579 3192 sapientia,
1638 3135 1861 3178 manare
1905 3119 2126 3176 dubium

550 3230 657 3272 non
689 3223 791 3271 est.

2220 2039 2314 2085 aut
2341 2030 2568 2100 ﬁgurate
2606 2026 2750 2083 dicta
2777 2032 2834 2081 et
2873 2021 3133 2088 concedat
3170 2028 3228 2076 et
3263 2018 3468 2075 credat.
3502 2016 3654 2072 Dtsc.
3686 2014 3803 2070 Non

2200 2122 2296 2194 .ita
2341 2128 2458 2174 su‘m
2503 2116 2724 2173 territus
2775 2113 3118 2178 auctoritate,
3162 2117 3258 2165 aut
3309 2109 3487 2164 minus
3523 2106 3803 2176 capacium

2221 2211 2522 2266 animorum
2546 2220 2846 2277 expavesco
2871 2205 3153 2274 impetum,
3191 2209 3251 2256 ut
3276 2215 3364 2268 ea,
3389 2214 3531 2272 quae
3552 2214 3684 2254 vera
3712 2212 3805 2251 ra-

2223 2303 2298 2358 tio
2348 2302 2496 2359 clare
2547 2299 2781 2372 colligit,
2832 2297 3302 2366 indubitanterque
3354 2292 3565 2359 deﬁnit,
3618 2300 3805 2362 aperta

2223 2397 2400 2453 fronte
2446 2393 2799 2466 pronuntiare
2845 2389 3176 2455 confundat;
3202 2385 3523 2459 praesertim
3572 2399 3698 2440 cum
3741 2384 3807 2438 de

2223 2489 2420 2545 talibus
2443 2503 2549 2543 non
2577 2486 2682 2542 nisi
2707 2485 2848 2540 inter
2875 2483 3148 2554 sapientes
3178 2481 3518 2536 tractandum
3559 2477 3648 2541 sit,
3681 2477 3802 2547 qui-

2222 2582 2324 2638 bus
2352 2581 2428 2638 nil
2457 2579 2677 2636 suavius
2701 2586 2786 2634 est
2814 2577 2881 2632 ad
2923 2574 3252 2630 audiendum
3293 2585 3423 2627 vera
3450 2569 3691 2635 ratione,
3730 2567 3804 2622 nil

2223 2672 2594 2731 delectabilius
2637 2670 2705 2726 ad
2750 2667 3200 2739 investigandum,
3235 2664 3451 2736 quando
3502 2662 3804 2733 quaeritur,

2223 2765 2302 2822 nil
2327 2762 2603 2836 pulchrius
2641 2761 2708 2815 ad
2737 2757 3225 2829 contemplandum,
3252 2755 3466 2826 quando
3512 2753 3801 2808 invenitur.

2227 2855 2334 2911 Sed
2383 2853 2514 2925 quid
2565 2851 2841 2924 praedicta
2889 2847 3302 2906 ratiocinatione
3357 2845 3596 2912 moliris,
3649 2859 3808 2900 nosse

2226 2953 2439 3016 expeto.

2307 3038 2398 3095 68.
2439 3036 2510 3093 Μ.
2561 3034 2699 3104 Quid
2743 3033 2839 3092 tibi
2875 3029 3091 3090 viderer
3122 3030 3208 3088 his
3243 3027 3807 3102 argumentationibus

2231 3127 2562 3195 machinari,
2588 3126 2692 3183 nisi
2722 3134 2782 3181 ut
2810 3125 3078 3195 intelligas
3097 3163 3114 3191 ,
3143 3122 3600 3194 quemadmodum
3637 3119 3806 3190 signi-
3833 3190 3836 3198 ι

2233 3221 2449 3278 ﬁcativa
2487 3235 2669 3276 rerum
2708 3217 2971 3274 vocabula
2995 3257 3011 3284 ,
3049 3215 3163 3271 sive
3196 3213 3623 3271 substantiarum
3662 3212 3810 3277 sint,

625 3306 714 3362 67.
757 3304 874 3361 Una
919 3303 1135 3376 quidem
1172 3305 1216 3340 “
1252 3304 1319 3360 de
1365 3312 1557 3359 natura
1599 3302 2130 3375 incomprehensibili
2159 3301 2203 3366 C
2235 3314 2348 3370 sive
2400 3311 2793 3376 accidentium,
2844 3309 2962 3363 sive
3013 3307 3403 3371 essentiarum,
3457 3303 3810 3367 translative,

554 3397 915 3467 ineﬂ‘abilique
963 3396 1050 3467 pie
1098 3397 1485 3467 quaerentibus
1539 3397 1703 3451 multa
1750 3396 2019 3451 concessit
2065 3411 2129 3452 ac

554 3489 778 3548 tradidit
821 3497 877 3543 et
913 3488 1151 3558 cogitare
1197 3497 1253 3544 et
1296 3489 1496 3556 dicere,
1539 3503 1607 3544 ne
1651 3503 1811 3544 verae
1857 3489 2130 3560 religionis

557 3581 790 3638 studium
819 3581 871 3634 in
897 3580 1147 3634 omnibus
1170 3578 1348 3644 sileat,
1379 3587 1438 3633 ut
1462 3587 1517 3635 et
1539 3580 1699 3633 rudes
1723 3579 1899 3634 adhuc
1930 3580 1979 3634 in
2009 3579 2132 3633 ﬁdei

557 3671 896 3742 simplicitate
938 3670 1184 3727 doctrina
1207 3669 1250 3701 ²¹
1293 3670 1516 3736 nutriat,
1569 3679 1623 3724 et
1676 3668 1975 3725 catholicae
2006 3668 2132 3724 ﬁdei

559 3761 784 3818 aemulis
822 3763 1082 3818 instructa
1107 3771 1442 3832 armataque,
1492 3761 1685 3817 divinis
1718 3761 2133 3833 propugnaculis

557 3854 764 3908 munita
791 3855 1130 3925 respondeat.
1161 3853 1345 3910 Altera
1374 3868 1526 3919 vero,
1557 3863 1617 3909 ut
1642 3853 1914 3923 simplices
1934 3854 2130 3921 adhuc,

559 3944 613 4000 in
636 3943 917 4000 cunabulis
943 3943 1215 4000 Ecclesiae
1239 3943 1468 4000 nutritos
1493 3943 1562 4012 ⁸³,
1583 3942 1669 4015 pie
1689 3951 1943 4014 casteque
1965 3945 2135 3999 corri-

558 4048 667 4109 gat,
715 4053 783 4096 ne
809 4039 938 4110 quid
978 4040 1257 4111 indignum
1289 4039 1330 4071 ιδ
1359 4040 1425 4096 de
1475 4040 1587 4096 Deo
1631 4041 1716 4097 vel
1758 4041 2004 4105 credant,
2053 4039 2136 4096 vel

570 4134 876 4201 aestiment,
900 4148 1000 4191 nec
1026 4134 1229 4198 omnia,
1249 4149 1386 4203 quae
1411 4146 1600 4189 sacrae
1623 4133 1934 4206 Scripturac
1952 4143 2136 4190 aucto-

561 4227 694 4284 ritas
729 4227 796 4282 de
835 4241 998 4282 causa
1041 4227 1280 4282 omnium
1311 4227 1615 4298 praedicat,
1659 4227 1874 4296 proprie
1917 4225 2135 4297 praedi-

559 4317 676 4374 cari
725 4317 1038 4373 examinent
1085 4316 1167 4384 ¹⁸,
1219 4316 1332 4372 sive
1380 4315 1764 4388 gloriosissima
1819 4323 1876 4370 et
1927 4330 2139 4372 summa

565 4408 808 4466 omnium
851 4407 982 4474 sint,
1022 4417 1080 4462 ut
1117 4407 1251 4474 vita,
1277 4408 1470 4472 virtus,
1515 4418 1929 4478 ceterarumque
1965 4409 2139 4463 virtu—

569 4509 686 4557 tum
714 4499 962 4567 nomina;
993 4499 1105 4556 sive
1129 4500 1327 4567 media,
1359 4507 1416 4556 ut
1439 4499 1538 4566 sol,
1569 4499 1681 4565 lux,
1709 4500 1886 4566 stella,
1919 4510 2140 4556 cuncta-

565 4606 670 4666 que
718 4592 782 4659 “,
840 4605 980 4662 quae
1029 4605 1096 4648 ex
1153 4592 1397 4664 partibus
1447 4592 1853 4650 sublimioribus
1895 4596 1934 4627 "
1981 4596 2140 4666 hujus

2233 3417 2340 3458 non
2370 3409 2551 3456 autem
2580 3399 2830 3470 proprie,
2873 3398 2946 3454 ita
2985 3396 3148 3453 etiam
3189 3395 3547 3466 signiﬁcativa
3593 3400 3811 3448 natura

2231 3498 2360 3553 lium
2389 3512 2485 3552 seu
2514 3511 2621 3551 non
2651 3493 2977 3550 naturalium
3025 3499 3250 3547 naturae
3290 3489 3539 3546 conditae
3567 3496 3813 3544 motuum

2234 3589 2401 3645 verba
2430 3589 2497 3643 de
2528 3596 2720 3641 natura
2749 3584 3048 3642 conditrice
3088 3580 3438 3647 translative,
3481 3593 3591 3636 non
3631 3588 3815 3634 autem

2233 3681 2450 3754 proprie
2475 3694 2634 3752 posse
2660 3676 2996 3748 praedicari?
3021 3674 3078 3732 Si
3102 3673 3245 3730 enim
3266 3673 3312 3704 ”
3335 3672 3697 3728 essentiarum
3724 3684 3815 3723 vo-

2235 3773 2458 3839 cabula,
2493 3785 2589 3827 seu
2623 3769 3046 3827 substantiarmn
3069 3807 3085 3834 ,
3119 3781 3214 3823 seu
3267 3764 3627 3821 accidentium
3652 3803 3668 3830 ,
3708 3776 3814 3817 non

2236 3881 2426 3922 revera
2451 3904 2466 3933 ,
2503 3864 2600 3920 sed
2634 3863 2869 3935 quadam
2905 3859 3230 3917 necessitate
3262 3856 3551 3914 ineﬁ‘abilis
3587 3863 3817 3910 naturae

2237 3957 2620 4030 signiﬁcandae
2681 3955 2743 4010 in‘
2783 3955 2896 4010 Deo
2944 3961 3257 4026 ponuntur,
3311 3966 3442 4007 num
3508 3947 3816 4005 necessario

2237 4050 2504 4120 sequitur,
2543 4055 2604 4102 ut
2637 4056 2693 4103 et
2725 4045 2890 4103 verba
2911 4085 2929 4113 ,
2967 4058 3106 4114 quae
3139 4042 3495 4100 essentiarum
3515 4079 3532 4107 ,
3567 4039 3819 4094 substan-

2242 4143 2440 4198 tiarum
2467 4181 2483 4208 ,
2521 4139 2878 4197 accidentium
2913 4135 3220 4209 signiﬁcant
3253 4143 3462 4198 motus,
3500 4130 3721 4204 proprie
3754 4129 3818 4185 de

2238 4235 2350 4290 Deo
2397 4233 2504 4288 dici
2554 4247 2662 4289 non
2709 4230 2947 4302 possint,
2991 4229 3085 4301 qui
3133 4227 3180 4261 "
3225 4241 3444 4284 omnem
3490 4223 3817 4289 essentiam,

2242 4324 2600 4382 substantiam
2626 4364 2644 4392 ,
2692 4336 2959 4394 omneque
3006 4320 3288 4388 accidens,
3337 4330 3658 4386 omnemque
3705 4330 3819 4371 mo-

2243 4424 2392 4482 tum,
2457 4415 2835 4484 actionemque
2876 4421 2932 4469 et
2975 4412 3313 4483 passionem,
3359 4418 3416 4466 et
3460 4409 3819 4480 quodcunque

2243 4509 2310 4564 de
2338 4507 2534 4562 talibus
2561 4506 2760 4562 dicitur
2785 4513 2840 4560 et
2867 4503 3204 4577 intelligitur,
3233 4511 3288 4558 et
3325 4501 3688 4572 quodcunque
3722 4511 3820 4553 nec

2244 4598 2445 4654 dicitur
2472 4610 2574 4653 nec
2602 4595 2940 4666 intelligitur,
2973 4603 3029 4651 et
3057 4601 3237 4651 tamen
3279 4591 3360 4647 eis
3398 4591 3569 4657 inest,
3615 4588 3820 4644 incom-

565 4683 751 4741 mundi
776 4682 999 4740 visibilis
1024 4681 1067 4714 ¹⁸
1095 4680 1163 4738 de
1205 4681 1318 4740 Deo
1357 4685 1774 4755 praedicantur;
1819 4686 1932 4744 sive
1958 4702 2021 4742 ex
2059 4687 2144 4743 in-
2168 4669 2218 4731 ί)
2247 4689 2598 4761 prehensibili
2646 4687 3009 4760 inefl‘abilique
3052 4701 3185 4756 suae
3232 4693 3458 4742 naturae
3498 4681 3818 4740 excellentia

567 4772 854 4830 ferioribus
897 4774 1118 4831 visibilis
1163 4784 1442 4832 creaturae
1488 4776 1747 4845 motibus,
1795 4787 1855 4832 ut
1893 4779 2138 4850 spiritus,

557 4866 726 4922 nubis
765 4865 1038 4938 splendor,
1063 4876 1236 4935 ortus,
1271 4869 1522 4938 tonitrus,
1552 4885 1662 4938 ros,
1701 4871 1894 4941 imber,
1921 4873 2138 4945 pluvia;

569 4957 696 5014 item
751 4973 914 5029 aqua,
957 4959 1178 5028 ﬁumen,
1231 4968 1397 5029 terra,
1445 4969 1618 5032 petra,
1674 4963 1900 5035 lignum,
1958 4967 2137 5034 vinea,

567 5047 730 5119 oliva,
781 5048 993 5118 cedrus,
1047 5066 1270 5122 ysopum
1298 5051 1363 5120 ι’,
1395 5051 1584 5119 lilium,
1631 5055 1811 5122 homo,
1863 5056 1968 5126 leo,
2018 5057 2138 5125 bos,

568 5153 760 5213 equus,
796 5155 976 5212 ursus,
1003 5140 1238 5213 pardalis
1263 5142 1335 5212 ⁸ο,
1366 5143 1600 5214 vermis;
1627 5143 1758 5202 item
1799 5146 2000 5217 aquila,
2046 5162 2138 5204 co-

2247 4783 2700 4855 superasceudit?
2730 4781 2870 4850 Quid
2895 4782 3084 4838 enim?
3114 4779 3174 4837 Si
3218 4779 3360 4836 Deus
3402 4791 3501 4850 per
3541 4775 3822 4846 metapho-

2248 4891 2365 4934 ram
2388 4890 2541 4932 amor
2567 4875 2785 4943 dicitur,
2812 4875 2937 4931 dum
2961 4875 3035 4931 sit
3060 4873 3341 4946 plusquam
3371 4884 3545 4937 amor,
3575 4882 3818 4924 omnem-

2246 4984 2351 5039 que
2381 4977 2602 5040 superat
2627 4983 2890 5033 amorem,
2939 4981 3037 5023 cur
3063 4982 3168 5023 non
3211 4966 3400 5021 eodem
3445 4963 3607 5020 modo
3641 4974 3823 5016 amare

2247 5059 2536 5127 diceretur,
2567 5060 2695 5116 dum
2732 5073 2950 5116 omnem
2974 5058 3026 5091 ⁸⁸
3049 5066 3252 5113 motum
3275 5055 3478 5112 amoris
3500 5058 3790 5124 exsuperat
3805 5090 3820 5116 ,

2249 5149 2374 5220 quia
2400 5149 2535 5206 nihil
2563 5156 2784 5223 praeter
2809 5149 3047 5221 seipsum
3075 5147 3317 5220 appetit,
3344 5146 3474 5202 dum
3513 5143 3664 5201 solus
3705 5156 3820 5199 om-

1840 5323 2096 5381 VARLAE
2132 5324 2532 5384 LECTIONES.

645 5467 670 5503 ⁸
713 5465 807 5524 Sic
863 5463 1045 5532 CDE;
1101 5480 1164 5518 ea
1214 5475 1323 5519 om.
1377 5460 1444 5516 Α.

571 5541 596 5574 ⁵
651 5537 745 5594 Sic
787 5533 949 5603 CDE;
980 5531 1037 5592 Α
1072 5544 1225 5603 atque
1273 5532 1292 5603 (
1304 5531 1640 5603 iustitiaeque
1683 5541 1791 5603 om.
1824 5533 1912 5603 A).

574 5678 692 5745 AE;
742 5678 830 5733 CD
876 5671 1172 5747 disputatur
1193 5674 1246 5747 ᾼ
1277 5672 1432 5747 addit
1465 5671 1622 5747 libro.
1663 5673 1732 5747 λ’
1763 5673 1814 5747 ιζ
1827 5673 2106 5747 siquidem.

577 5819 742 5880 CDE;
773 5819 832 5885 ¹Α
882 5815 1250 5885 superioribus.

2209 5675 2252 5706 ι’
2285 5673 2373 5730 Sic
2403 5676 2475 5741 C;
2501 5676 2636 5730 ADE
2665 5677 2953 5731 doctrinae.

575 5741 738 5805 nutri.
813 5750 855 5780 ³⁸⁵
884 5741 976 5801 Sic
998 5745 1159 5808 ACE;
1193 5743 1238 5798 D
1271 5743 1499 5813 indigne.
1580 5743 1624 5776 "
1659 5741 1750 5797 Sic
1776 5743 1940 5810 CDE;
1971 5744 2016 5798 Λ
2061 5745 2361 5811 aestiment;
2393 5747 2430 5800 f.
2463 5747 2793 5802 existiment?
2867 5748 2909 5780 ¹⁶
2953 5745 3115 5813 CDE;
3149 5746 3193 5800 A
3235 5758 3282 5800 et
3332 5755 3542 5799 cuncta.

577 5819 742 5879 CDE;
792 5819 832 5872 A
882 5815 1250 5879 superioribus.
1351 5815 1394 5846 ⁸⁸
1417 5811 1510 5868 Sic
1537 5813 1706 5879 ADE;
1750 5813 1962 5869 visibilis
1996 5828 2104 5871 om.
2138 5815 2197 5870 ϐ.
2301 5816 2342 5851 ¹⁹
2381 5817 2471 5872 Sic
2509 5816 2680 5878 CDE;
2724 5818 2768 5871 Α
2794 5819 3066 5879 hyssopus.
3167 5817 3213 5848 "
3237 5817 3327 5872 Sic
3352 5815 3474 5879 CD;
3528 5823 3542 5868 Δ

1545 5460 1568 5495 ³
1616 5457 1709 5517 Sic
1767 5459 1937 5527 CDE;
1995 5462 2040 5517 Α
2091 5464 2406 5545 privationes
2467 5463 2602 5536 (per
2649 5464 2836 5592 σημεῖ.
2933 5464 2957 5499 ⁸
3001 5463 3095 5522 Sic
3154 5463 3333 5552 ρΙΠΞξξ
3389 5466 3434 5518 Α
3481 5463 3619 5518 ratio
3683 5477 3819 5542 vera.

1545 5547 1640 5592 que
1683 5541 1791 5586 0m.
1824 5533 1912 5592 Α).
2000 5532 2023 5566 ⁸
2067 5532 2158 5588 Sic
2205 5534 2334 5592 AD:
2377 5549 2474 5592 pro
2505 5546 2558 5590 ut
2610 5553 2713 5591 non
2811 5535 2853 5590 E
2892 5552 2976 5591 ne.
3050 5535 3072 5568 ⁸
3113 5535 3204 5590 Stc
3247 5535 3364 5592 (ὥς
3411 5533 3506 5589 ΔΙ)
3533 5541 3819 5586 contraria.

2110 5534 2334 5605 icAD;
2377 5534 2558 5605 prout
2610 5553 2713 5591 non
2765 5534 2853 5592 CE
2892 5552 2928 5605 n

572 5547 596 5574 .
651 5547 745 5594 δίο
787 5547 949 5603 gms;
980 5547 1026 5592 Α
1072 5547 1225 5658 argue
1273 5547 1640 5656 Uusmmergue
1683 5547 1791 5586 om.
1824 5547 1912 5603 Α).
2000 5547 2023 5566 ·
2067 5547 2158 5588 Sic
2205 5547 2228 5588 λι

572 5611 596 5643 ⁸
624 5611 644 5634 ⁶
673 5607 765 5664 Sic
791 5607 945 5672 ACD;
983 5606 1026 5660 E
1056 5622 1120 5659 ea.
1159 5613 1433 5658 ortalronc.
1475 5603 1528 5672 77
1599 5615 1647 5656 te
1687 5600 1804 5666 CE;
1858 5611 1905 5657 et
1952 5617 2060 5658 om.
2114 5603 2228 5658 AD.

2929 5553 2976 5591 ε.
3050 5535 3072 5568 ⁸
3113 5535 3204 5590 Sic
3247 5535 3364 5600 (Ἐς
3411 5533 3506 5589 ΔΙ)
3533 5533 3823 5586 contraria.

2895 5603 2918 5639 ⁶
2958 5606 3002 5661 D
3046 5606 3204 5660 huius
3243 5606 3298 5659 in
3344 5607 3546 5675 quinto.
3649 5600 3825 5675 ‘V°ASi_c

3072 5676 3115 5708 ¹³
3138 5676 3317 5741 Corn,
3349 5669 3484 5728 ᾸΟΕ
3533 5673 3750 5737 nutriti;
3781 5669 3823 5723 υ

3072 5745 3115 5797 ἰε
3149 5746 3193 5797 Α
3235 5758 3282 5797 et
3332 5755 3542 5797 cuncta.
3643 5745 3684 5777 "
3734 5741 3823 5797 Sic

3167 5817 3213 5848 "
3237 5817 3327 5872 Sic
3352 5815 3474 5880 CD;
3528 5815 3573 5868 Δ
3603 5813 3822 5884 pardus,

2324 5605 2345 5638 ⁸
2392 5616 2464 5659 est
2496 5620 2605 5660 om.
2647 5605 2800 5662 CDE.

2301 5816 2342 5851 "
2381 5817 2471 5888 Sic
2509 5816 2698 5888 CDE;
2724 5818 2768 5871 Α
2794 5819 3066 5888 hyssopus.

578 5889 623 5943 E
651 5879 956 5952 ρανάαιιιε(
1010 5884 1057 5921 ³⁸
1081 5883 1173 5940 Sic
1194 5883 1367 5949 CDE;
1398 5883 1444 5940 Δ
1471 5894 1595 5940 cete.
1697 5886 1743 5920 ³⁸
1772 5884 1862 5939 Sic
1887 5884 2060 5951 ACE;
2096 5885 2136 5938 Ι)
2162 5894 2355 5940 autern.
2433 5887 2478 5918 ’³
2511 5886 2601 5941 Sic
2629 5887 2760 5941 ΑΒΕ
2787 5906 2800 5954 ;
2831 5879 2874 5944 ἶ)
2903 5879 3043 5957 quia.
3123 5887 3169 5920 "‘
3211 5903 3410 5941 omnem
3448 5879 3539 5941 om
3571 5879 3635 5941 υ.
