4028 6280
556 434 662 489 515

1936 423 2217 481 JOANNIS
2260 422 2455 481 SCOTI

3704 422 3813 481 51H)

556 557 752 603 :eretur
772 547 899 614 jure
927 542 1220 614 plenum,et
1252 542 1494 597 similiter
1519 551 1565 597 et
1595 557 1630 596 a
1660 540 1802 607 nullo
1831 556 1940 606 esse
1969 539 2128 601 habe-
2154 541 2206 605 Α
2231 552 2333 617 que
2375 537 2528 608 quasi
2570 535 2799 593 alterum
2838 542 2896 593 el.
2939 534 3169 593 alterum
3214 533 3315 605 ipsi
3359 533 3465 589 duo
3511 532 3822 591 intellectus

554 651 663 705 ret;
688 654 779 709 per
800 653 854 692 se
878 636 1015 690 enim
1040 634 1325 705 perfectum
1347 675 1361 699 ,
1384 632 1821 703 quemadmodum
1844 643 1888 686 et
1918 632 2130 699 incaut—

554 744 695 787 sate.’
744 745 905 800 neque
946 726 1372 797 impassibilitas;
1414 725 1646 796 alioquin
1688 734 1734 789 et
1782 739 1996 781 manens
2021 762 2037 791 ,
2082 731 2129 787 et

552 824 846 894 inﬁnitum,
872 830 919 878 et
942 820 1449 887 incircumscriptum
1479 828 1630 872 esset.
1678 816 1802 875 Non
1842 817 1979 873 enim
2021 814 2131 884 pali

557 911 871 971 naturaliter
899 912 1059 974 inest,
1093 908 1233 980 quod
1266 906 1576 961 naturaliter
1602 907 1616 936 ¹
1668 904 1988 977 impossibile
2023 914 2127 970 est,

554 1002 693 1073 quod
719 1017 879 1072 neque
902 1008 1111 1053 amatur
1130 998 1192 1051 ab
1222 997 1350 1062 alio,
1374 1006 1465 1050 aut
1487 1006 1719 1052 movetur
1747 994 1815 1049 ad
1836 993 1982 1059 aliud
2006 994 2131 1065 quid

555 1114 646 1167 per
684 1111 933 1150 amorem.
969 1092 1147 1148 Solius
1173 1092 1310 1146 enim
1341 1090 1437 1145 Dei
1464 1100 1536 1144 est
1563 1090 1582 1119 ³
1632 1089 1753 1161 ﬁnis
1780 1104 1888 1142 esse
1926 1096 1973 1141 et
2011 1102 2130 1155 per-

556 1187 712 1256 fectio
764 1195 811 1240 et
856 1181 1283 1255 impassibilitas,
1346 1180 1528 1234 merito
1576 1176 2045 1245 incommutabilis,
2087 1185 2133 1230 et

560 1276 724 1346 pleni,
749 1285 795 1330 et
817 1271 1185 1344 impassibilis:
1211 1287 1391 1325 eorum
1414 1286 1552 1337 vero,
1573 1285 1707 1340 quae
1727 1268 1869 1337 facta
1895 1276 2038 1332 sunt,
2065 1265 2133 1319 ad

555 1369 713 1437 ﬁnem
740 1366 1001 1438 principio
1029 1372 1287 1419 carentem
1316 1362 1529 1417 moveri.
1560 1359 1751 1415 Omnia
1779 1357 1916 1412 enim
1936 1397 1949 1424 ,
1976 1372 2135 1435 quae-

557 1477 759 1531 cunque
789 1459 933 1529 facta
961 1466 1111 1524 sunt,
1144 1457 1421 1528 patiuntur
1450 1453 1674 1520 moveri,
1702 1452 1835 1506 sicut
1864 1468 1924 1519 ea
1942 1490 1958 1519 ,
2005 1465 2135 1533 quae

558 1566 662 1606 non
685 1559 935 1621 sunt,per
953 1564 1007 1604 se
1028 1548 1201 1619 ipsum
1222 1554 1413 1613 motus,
1431 1552 1520 1601 aut
1542 1559 1632 1614 per
1652 1558 1705 1597 se
1722 1541 1888 1613 ipsam
1907 1540 1928 1571 ³
1972 1540 2134 1593 virtus

557 1653 697 1699 sunt.
732 1643 793 1700 Si
827 1659 946 1714 ergo
976 1658 1039 1697 ea
1058 1682 1072 1707 ,
1101 1656 1234 1712 quae
1259 1638 1431 1711 genita
1459 1645 1578 1692 sunt
1602 1676 1617 1704 ,
1647 1633 1981 1699 rationabilia
2010 1632 2134 1687 sub-

563 1735 788 1800 sistunt,
818 1732 1030 1795 omnino
1058 1731 1217 1784 etiam
1247 1736 1537 1793 moventur,
1570 1733 1748 1795 utpote
1781 1740 1845 1783 ea:
1882 1721 2137 1792 principio

557 1824 845 1880 secundum
873 1833 1118 1877 naturam
1144 1836 1235 1897 per
1269 1836 1377 1879 esse
1411 1820 1478 1879 ad
1509 1816 1696 1886 ﬁnem,
1734 1816 2017 1871 secundum
2054 1831 2138 1867 co-

2239 627 2508 693 dicuntur,
2548 627 2676 683 dum
2710 626 2856 684 circa
2905 641 3072 685 unum
3117 625 3359 683 omnium
3396 624 3724 695 principium
3769 635 3827 683 et

2234 719 2393 777 tinem
2425 726 2732 785 versantur,
2768 718 2915 775 verbi
2946 716 3150 789 gratia,
3182 716 3349 783 veluti
3386 716 3431 773 si
3471 717 3593 786 quis
3623 717 3828 779 dixerit

2234 810 2302 869 ab
2333 810 2607 876 intellectu
2633 810 2886 885 principii
2915 810 2985 866 ad
3010 809 3339 875 intelleeuun
3373 809 3497 874 linis
3528 810 3579 873 in
3614 809 3751 873 Deo.

2306 904 2394 963 71.
2427 902 2629 959 Deinde
2657 902 2972 969 considera,
2999 902 3128 983 quia
3155 917 3316 963 omne
3334 944 3347 967 ,
3380 902 3523 971 quod
3555 902 3829 973 principio

2233 1003 2386 1061 caret
2416 1002 2470 1054 et
2498 993 2634 1061 line,
2661 992 2808 1053 omni
2832 1008 3047 1065 quoque
3071 1001 3220 1059 metu
3249 1008 3438 1051 carere
3464 1004 3689 1051 necesse
3716 1002 3824 1053 est.

2235 1085 2377 1151 Deus
2425 1093 2607 1151 autem
2657 1084 2923 1160 ἅηαρχας,
2968 1085 3071 1151 hoc
3099 1093 3207 1151 est,
3248 1085 3366 1151 sine
3406 1084 3677 1154 principio
3705 1094 3829 1151 est,

2234 1180 2362 1252 quia
2411 1179 2487 1239 nil
2534 1195 2661 1249 eum
2705 1178 3014 1250 praecedit,
3067 1192 3167 1245 nec
3219 1191 3344 1235 eum
3396 1176 3593 1243 cilicii,
3638 1189 3698 1237 ut
3731 1181 3822 1233 sit.

2236 1271 2347 1329 Nec
2382 1272 2546 1328 tinem
2587 1272 2781 1339 habet,
2825 1271 3082 1343 quoniam
3127 1269 3369 1333 inﬁnitus
3413 1278 3517 1327 est.
3558 1270 3647 1329 Nil
3674 1273 3829 1339 enim

2235 1372 2359 1436 post
2407 1378 2530 1421 cum
2576 1362 2916 1436 intelligitur,
2957 1362 3085 1425 dum
3126 1361 3393 1425 terminus
3432 1361 3681 1419 omnium
3713 1362 3826 1429 sit,

2238 1457 2381 1514 ultra
2411 1471 2571 1529 quem
2604 1454 2742 1521 nihil
2771 1453 3137 1526 progreditur.
3163 1452 3381 1513 Nullum
3406 1452 3572 1524 igitur
3613 1461 3829 1509 motum

2239 1546 2450 1619 recipit.
2505 1545 2622 1605 Non
2672 1546 2819 1615 enim
2848 1546 3047 1613 habet,
3074 1560 3183 1616 quo
3213 1545 3257 1583 ιθ
3287 1560 3348 1603 se
3392 1553 3644 1613 moveat,
3694 1547 3827 1602 dnin

2236 1638 2552 1715 plenitudo,
2606 1648 2661 1703 et
2702 1639 2854 1699 locus
2882 1679 2897 1707 ,
2941 1648 2998 1694 et
3040 1638 3338 1710 perfectio,
3386 1645 3443 1694 et
3491 1638 3659 1697 statio
3688 1679 3706 1703 ,
3772 1646 3830 1695 et

2240 1726 2413 1785 totum
2455 1729 2694 1785 omnium
2739 1730 2846 1785 sit:
2894 1730 3062 1788 immo
3098 1729 3263 1794 etiam
3292 1728 3335 1761 "
3379 1727 3672 1799 plusquam
3712 1727 3826 1798 [διο-ι

2240 1823 2428 1880 nitudo
2485 1831 2541 1878 et
2591 1820 2854 1894 perfectio
2880 1862 2896 1890 ,
2950 1822 3237 1894 plusquam
3293 1820 3443 1879 locus
3499 1830 3557 1881 et
3608 1821 3775 1880 statio
3805 1862 3821 1885 ,

557 1917 841 1990 gnitionem
876 1930 969 1985 per
1006 1915 1129 1971 bene
1169 1919 1278 1968 esse
1326 1921 1485 1969 mota.
1533 1907 1688 1964 Finis
1731 1909 1869 1967 enim
1922 1923 2137 1972 eorum,
2168 1910 2216 1979 Β
2241 1915 2525 1988 plusquam
2584 1925 2756 1972 totum
2798 1915 3039 1983 omnium
3083 1922 3186 1993 est.
3243 1912 3372 1973 Plus
3417 1913 3563 1971 enim
3611 1922 3697 1981 est
3754 1915 3823 1980 ",

554 2028 688 2082 quae
715 2017 1002 2076 moventur,
1026 2016 1196 2063 motus
1242 2007 1412 2077 ipsum
1462 2005 1517 2059 in
1541 2020 1622 2070 eo,
1652 2003 1787 2075 quod
1811 2017 2010 2073 semper
2035 2009 2132 2066 est,

557 2105 682 2160 bene
726 2118 835 2158 esse
882 2109 981 2156 est.
1035 2098 1186 2155 Sicut
1224 2107 1273 2152 et
1313 2095 1624 2167 principium
1665 2103 1738 2148 est
1778 2093 1949 2164 ipsum
1989 2107 2132 2156 esse,

554 2196 694 2268 quod
730 2193 940 2267 quidem
974 2200 1048 2255 est
1084 2189 1252 2255 Deus,
1291 2188 1382 2259 qui
1415 2196 1463 2241 et
1496 2202 1604 2242 esse
1640 2185 1752 2250 dat,
1790 2193 1839 2238 et
1870 2183 1997 2237 bene
2026 2198 2135 2238 esse

556 2289 749 2354 donat,
782 2285 904 2356 jure
930 2281 1242 2359 principium
1268 2289 1317 2335 et
1343 2279 1485 2350 ﬁnis.
1518 2277 1603 2332 Ea:
1636 2279 1747 2349 ipso
1785 2276 1924 2331 enim
1957 2286 2004 2331 et
2045 2276 2136 2329 ab-

557 2382 725 2439 solute
771 2378 965 2439 moveri
1014 2393 1135 2441 nos,
1190 2385 1303 2431 uta
1341 2371 1618 2446 principio,
1654 2381 1701 2425 et
1740 2386 1944 2442 quoquo
1982 2369 2135 2422 modo

556 2474 751 2531 moveri
779 2473 847 2527 ad
877 2487 961 2538 se,
1007 2478 1062 2523 ut
1104 2468 1170 2522 ad
1209 2467 1403 2537 ﬁnem,
1444 2474 1539 2520 est.
1583 2463 1645 2519 Si
1687 2472 1859 2517 autem
1907 2468 2138 2515 movetur

560 2560 1045 2621 conrationabiliter
1071 2558 1270 2613 sibimet
1298 2554 1705 2611 intellectualitei
1736 2552 1758 2585 ⁸
1813 2550 2136 2607 intellectua-

557 2657 637 2723 le,
669 2653 878 2709 omnino
908 2654 1064 2707 etiam
1090 2649 1353 2721 intelligit.
1397 2647 1454 2703 Si
1492 2658 1664 2702 autem
1709 2644 1985 2715 intelligit,
2027 2660 2136 2698 om-

557 2747 685 2803 nino
710 2753 890 2809 amat,
924 2742 1061 2813 quod
1090 2740 1350 2812 intelligit.
1390 2737 1450 2795 Si
1481 2746 1659 2802 amat,
1688 2736 1887 2808 patitur
1924 2736 2136 2790 omnino

558 2840 629 2894 ad
653 2838 822 2909 ipsum
843 2876 857 2902 ,
884 2818 941 2890 ut
969 2833 1223 2899 amabile.
1267 2849 1564 2893 excessum.
1598 2830 1657 2886 Si
1698 2841 1873 2885 autent
1916 2832 2134 2901 patitur,

558 2927 789 2999 profecto
816 2927 969 2982 etiam
1012 2926 1242 2997 festinat.
1280 2923 1338 2979 Si
1378 2924 1625 2995 festinat,
1666 2924 1875 2978 omnino
1915 2921 2139 2981 intendit

558 3016 788 3072 validum
816 3002 1030 3070 motum.
1064 3014 1120 3070 Si
1165 3026 1336 3070 autem
1380 3015 1599 3070 intendit
1640 3014 1871 3070 validum
1908 3024 2135 3078 motuin,

560 3125 667 3163 non
687 3118 824 3174 stat,
851 3124 1117 3180 quousque
1144 3108 1236 3176 ﬁat
1262 3117 1426 3162 totum
1454 3108 1506 3161 in
1536 3118 1642 3161 toto
1670 3119 1865 3173 amato,
1895 3119 1941 3161 et
1972 3125 2005 3161 a
2032 3116 2139 3161 toto

561 3198 1045 3270 comprehendatur,
1096 3198 1309 3253 libenter
1356 3208 1520 3252 totum
1568 3199 1852 3253 secundum
1900 3196 2140 3252 volunta-

2235 2021 2398 2079 quam
2443 2008 2585 2079 quod
2644 2009 2709 2063 de
2764 2022 2823 2077 se
2866 2008 3064 2064 dicitur
3109 2016 3166 2069 et
3216 2006 3571 2078 intelligitur,
3624 2008 3827 2077 quovis

2235 2098 2397 2155 modo
2458 2106 2513 2154 et
2560 2098 2772 2154 dicatur
2828 2098 2955 2173 quid
2984 2098 3052 2154 de
3078 2112 3144 2159 eo
3170 2104 3225 2155 et
3273 2096 3619 2167 intelligatur.
3671 2095 3822 2152 nisa.

2238 2187 2383 2246 Haec
2412 2189 2545 2245 mihi
2575 2189 2720 2246 clare
2745 2188 3045 2255 lucescunt,
3077 2197 3136 2247 ut
3165 2188 3375 2258 Opinor.
3403 2186 3545 2247 Mss.
3573 2185 3635 2253 Si
3657 2186 3824 2257 igitur

2234 2297 2448 2347 omnem
2479 2291 2682 2339 motum
2726 2290 3008 2339 creaturae
3048 2282 3346 2347 distribuis,
3382 2281 3555 2339 Deum
3594 2294 3732 2345 vero
3760 2278 3825 2339 li—

2234 2375 2425 2433 berum
2465 2375 2615 2430 omni
2652 2384 2802 2431 motu
2851 2374 3007 2442 facis,
3040 2383 3292 2435 tantaene
3335 2373 3610 2437 tarditatis
3646 2388 3729 2440 es,
3768 2381 3826 2428 ut

2237 2468 2305 2533 ei,
2338 2484 2370 2523 a
2413 2483 2522 2541 quo
2562 2481 2779 2527 omnem
2827 2476 3035 2531 motum
3065 2465 3358 2533 abstrahis,
3395 2464 3573 2527 facere
3599 2464 3687 2521 vel
3713 2463 3823 2536 pati

2236 2559 2466 2629 tribuas,
2499 2575 2621 2617 cum
2656 2560 2761 2617 ista
2787 2560 2892 2617 duo
2926 2558 3294 2623 indubitanter
3333 2572 3442 2614 non
3483 2558 3588 2617 nisi
3632 2557 3689 2617 in
3717 2556 3822 2623 his,

2238 2653 2436 2724 quibus
2456 2661 2635 2713 motus
2666 2653 2828 2720 inest,
2854 2651 2972 2709 ﬁeri
2999 2666 3159 2724 posse
3184 2650 3456 2723 prioribus
3493 2648 3825 2707 rationabili-

2235 2745 2338 2802 bus
2363 2745 2819 2811 conclusionibus,
2845 2753 2905 2799 ut
2933 2744 3189 2809 arbitror,
3236 2759 3346 2805 non
3398 2743 3621 2799 incaute
3668 2741 3823 2799 dede-

2237 2836 2347 2891 ris?
2362 2836 2509 2892 Dtsc.
2525 2835 2602 2891 De
2620 2835 2729 2906 pati
2754 2834 2903 2899 nullo
2923 2834 3082 2897 modo
3097 2833 3411 2901 dubitarim,
3439 2833 3826 2904 impassibileln

2238 2940 2472 2996 namque
2514 2925 2681 2982 Deum
2723 2938 2845 2983 esse
2876 2924 3097 2981 omnino
3140 2931 3195 2980 et
3239 2923 3403 2979 credo
3452 2931 3506 2979 et
3536 2921 3820 2993 intelligo:

2236 3016 2542 3087 passionem
2580 3014 2719 3082 dico,
2751 3031 2891 3087 quae
2918 3015 3206 3086 opponitur
3231 3014 3432 3080 facere,
3480 3013 3537 3070 id
3560 3023 3646 3070 est
3686 3013 3823 3070 ﬁeri.

2239 3106 2371 3175 Quis
2396 3107 2541 3163 enim
2581 3106 2779 3162 dixerit
2808 3116 2904 3165 aut
2932 3107 3246 3173 crediderit,
3289 3113 3497 3176 quanto
3544 3105 3717 3176 magis
3744 3105 3827 3161 in-

2242 3200 2527 3265 tellexerit,
2579 3200 2745 3255 Deum
2796 3199 2908 3270 pati
2957 3197 3099 3266 ﬁeri,
3142 3200 3270 3256 dum
3299 3198 3527 3256 Greater
3573 3198 3667 3264 sit,
3720 3213 3827 3255 non

561 3301 691 3360 tem,
714 3292 1001 3348 salutarem
1025 3292 1282 3361 accipiens
1310 3292 1837 3356 circumscriptionem
1856 3331 1870 3356 ,
1898 3301 1951 3344 ut
1976 3301 2139 3346 totum
2167 3295 2213 3360 ί]
2244 3292 2527 3351 creatura?
2565 3290 2700 3346 Dum
2724 3291 2891 3356 enim,
2917 3299 2978 3347 ut
3002 3290 3322 3362 jamdudum
3352 3290 3497 3349 inter
3520 3306 3621 3346 nos
3643 3289 3824 3347 confe-

563 3390 670 3436 toto
698 3382 957 3453 afﬁciatur
978 3382 1450 3448 circumscribente,
1491 3393 1545 3436 ut
1585 3383 1713 3438 nihil
1744 3384 1953 3439 omnino
1989 3393 2139 3437 restet

561 3475 688 3530 velle
717 3491 781 3529 ea:
810 3476 976 3545 seipso
1006 3475 1231 3546 seipsum
1261 3485 1425 3531 totum
1456 3492 1763 3546 cognoscere
1793 3475 2009 3531 valendo
2041 3476 2142 3530 cir-

565 3569 936 3639 cumscriptum
959 3608 974 3635 ,
1000 3568 1089 3623 sed
1118 3584 1181 3621 ea:
1208 3568 1662 3623 circumscribente
1687 3608 1702 3633 ,
1748 3568 1880 3631 sicut
1923 3584 2014 3623 aer
2054 3585 2144 3638 per

564 3667 730 3714 totum
753 3657 1085 3712 illuminatur
1110 3658 1305 3713 lumine
1328 3699 1342 3724 ,
1373 3668 1420 3714 et
1461 3659 1577 3729 igne
1618 3657 1815 3727 ferrum
1845 3668 2009 3721 totum
2036 3668 2143 3713 toto

567 3750 926 3821 liquefactum.
968 3749 1235 3816 Videsne,
1277 3750 1545 3822 quomodo
1578 3749 1891 3820 praedictus
1921 3734 2146 3805 venera-

566 3841 693 3899 bilis
725 3843 983 3916 magister
1016 3857 1233 3909 omnem
1262 3850 1463 3897 motum
1491 3840 1514 3871 ⁵
1572 3856 1677 3903 non
1714 3840 1817 3897 nisi
1852 3841 1971 3907 his,
2011 3855 2148 3913 quae

565 3947 599 3988 a
637 3931 907 4004 principio
951 3931 1244 3999 inchoant,
1291 3940 1346 3987 et
1386 3946 1482 4003 per
1522 3930 1818 3987 naturalem
1847 3939 2051 3991 motum
2080 3930 2148 3988 ad

561 4022 729 4081 ﬁnem
766 4040 922 4081 suum
959 4024 1214 4090 tendunt,
1254 4024 1444 4080 edocet
1478 4024 1694 4091 inesse,
1741 4025 2024 4096 ipsumque
2052 4041 2152 4081 na-

562 4115 794 4173 turalem
838 4125 1043 4172 motum
1092 4115 1654 4196 tripliciter’deiiniat
1698 4116 1817 4179 sic:
1854 4115 2024 4171 Motus
2074 4124 2146 4171 est

562 4208 734 4264 virtus
764 4208 1024 4262 naturalis
1054 4207 1122 4260 ad
1153 4223 1307 4271 suum
1332 4207 1487 4274 ﬁnem
1522 4207 1775 4277 festinans
1820 4206 1841 4237 ⁶
1866 4248 1880 4273 ,
1918 4206 2001 4262 vel
2037 4207 2145 4264 sic:

566 4298 750 4356 Motus
781 4310 857 4356 est
885 4301 1058 4371 passio
1087 4315 1150 4352 ea:
1178 4298 1343 4365 altero
1371 4301 1579 4361 veniens
1610 4300 1677 4353 ad
1709 4297 1933 4353 alterum
1951 4339 1966 4367 ,
1997 4299 2149 4369 cujus

566 4393 691 4462 ﬁnis
719 4402 793 4448 est
828 4390 1220 4462 impassibilitas
1244 4428 1263 4457 ,
1301 4398 1393 4444 aut
1431 4390 1553 4446 sic:
1591 4388 1768 4445 Motus
1806 4398 1881 4444 est
1917 4392 2147 4460 operatio

569 4488 773 4552 activa,
821 4485 972 4556 cujus
1014 4475 1136 4555 ﬁnis
1167 4493 1241 4549 est
1281 4499 1371 4555 per
1404 4483 1630 4553 seipsam
1667 4483 1914 4554 perfectio
1939 4484 1965 4536 7
1997 4482 2151 4551 Quod

572 4588 751 4635 autem
790 4578 963 4645 dixit,
1001 4586 1172 4634 motus
1210 4585 1284 4631 est
1322 4576 1496 4646 passio
1537 4575 1600 4631 ab
1641 4574 1805 4629 altero
1840 4575 2041 4631 veniens
2078 4576 2149 4631 ad

2247 3394 2394 3441 ctum
2428 3394 2530 3452 est,
2572 3383 2689 3440 ﬁeri
2718 3384 2860 3441 Deus
2899 3384 3117 3450 dicitur,
3155 3385 3387 3456 ﬁgurata
3412 3383 3649 3455 quadam
3675 3383 3828 3441 locn-

2247 3477 2392 3535 tione
2421 3475 2524 3533 dici
2546 3476 2895 3543 manifestum
2924 3486 3027 3533 est.
3054 3474 3196 3535 Fieri
3224 3475 3492 3545 siquidem
3513 3476 3831 3533 aestimatur

2248 3571 2304 3626 in
2342 3570 2604 3629 creaturis
2633 3571 2744 3629 suis
2774 3568 3181 3635 universaliter,
3206 3568 3333 3629 dum
3364 3568 3418 3624 in
3464 3568 3545 3629 eis
3584 3583 3696 3625 non
3741 3581 3828 3624 so-

2247 3662 2359 3717 lum
2410 3661 2727 3732 intelligitur
2770 3675 2912 3727 esse,
2959 3660 3076 3715 sine
3124 3674 3231 3730 quo
3267 3674 3388 3716 esse
3431 3674 3541 3717 non
3584 3667 3828 3729 possunt,

2250 3754 2344 3811 sed
2371 3754 2535 3812 etiam
2564 3754 2608 3785 ¹³
2636 3769 2827 3810 eorum
2851 3754 3085 3813 essentia
3114 3753 3204 3809 sit.
3248 3752 3381 3811 Esse
3411 3753 3551 3809 enim
3595 3754 3824 3807 omnium

2251 3853 2348 3912 est,
2375 3860 2638 3915 superesse
2657 3842 2917 3901 Divinitas
2963 3845 3033 3910 “,
3064 3852 3124 3899 ut
3157 3853 3376 3899 sanctus
3405 3843 3481 3899 ait
3524 3841 3827 3913 Dionysius.

2251 3935 2459 3992 Dicitur
2483 3936 2647 3992 etiam
2671 3936 2716 3968 ⁸⁵
2743 3935 2797 3990 in
2823 3934 3108 3992 animabus
3127 3933 3372 3990 ﬁdelium
3413 3934 3555 4001 ﬁeri,
3594 3934 3721 3991 dum
3742 3941 3833 3989 aut

2248 4043 2348 4101 per
2394 4028 2555 4084 ﬁdem
2594 4036 2651 4085 et
2674 4028 2929 4085 virtutem
2968 4028 3024 4085 in
3076 4028 3156 4085 eis
3208 4027 3538 4097 concipitur,
3589 4036 3684 4083 aut
3741 4040 3834 4096 per

2252 4119 2413 4185 ﬁdem
2436 4119 2670 4190 quodam
2695 4120 2855 4177 modo
2880 4120 3100 4179 inchoat
3126 4118 3377 4190 intelligi.
3410 4117 3496 4173 Nil
3522 4117 3668 4175 enim
3691 4116 3833 4172 aliud

2253 4220 2338 4268 est
2379 4211 2536 4278 ﬁdes,
2580 4219 2640 4266 ut
2668 4211 2880 4281 opinor,
2910 4209 3016 4266 nisi
3064 4209 3389 4280 principium
3430 4208 3721 4279 quoddam,
3767 4221 3835 4263 ex

2254 4318 2363 4374 quo
2396 4303 2635 4374 cognitio
2666 4302 2956 4360 Creatoris
3002 4302 3058 4357 in
3107 4310 3306 4361 natura
3365 4299 3671 4367 rationabili
3720 4299 3834 4355 ﬁeri

2257 4395 2468 4467 incipit.
2524 4395 2601 4452 De
2629 4396 2807 4452 facere
2840 4410 2969 4451 vero
3013 4393 3057 4426 “
3087 4394 3325 4450 nondum
3368 4392 3515 4449 clare
3536 4391 3718 4456 video,
3759 4399 3839 4445 to-

2253 4494 2369 4544 tam
2453 4502 2662 4555 sacram
2734 4486 3068 4558 Scripturam
3096 4527 3112 4553 ,
3176 4485 3608 4554 catholicamque
3681 4482 3836 4537 ﬁdem

2255 4577 2516 4636 factorem
2548 4580 2791 4643 omnium
2817 4579 2984 4635 Deum
3008 4577 3167 4635 lateri
3190 4578 3434 4639 audiens.
3469 4575 3608 4633 Mss.
3638 4572 3839 4632 Facere

572 4669 797 4725 alterum
823 4713 838 4739 ,
872 4671 996 4726 dum
1036 4669 1102 4724 de
1133 4668 1154 4700 ⁷
1210 4666 1441 4725 naturali
1481 4674 1628 4723 motu
1669 4666 2004 4738 intelligitur,
2041 4683 2151 4725 non
2174 4668 2231 4730 D
2256 4670 2374 4727 sine
2401 4677 2549 4726 motu
2580 4670 2826 4729 facientis
2855 4684 2975 4726 esse
3004 4684 3112 4725 non
3131 4683 3290 4739 posse
3310 4668 3426 4738 jam
3462 4665 3676 4725 dedisti.
3694 4667 3835 4722 Disc.

573 4759 652 4815 ita
702 4770 785 4815 cst
830 4758 1234 4831 intelligendum
1262 4798 1278 4826 ,
1314 4766 1374 4812 ut
1407 4757 1550 4817 aliud
1586 4757 1657 4812 sit
1698 4757 2055 4831 principium,
2085 4772 2154 4816 ex
2257 4760 2410 4818 Dedi.
2430 4759 2859 4832 Msc.Autigitur
2873 4754 3841 4827 motumDeodabis,sinequolacere

572 4870 683 4930 quo
721 4853 990 4928 passibilis
1028 4861 1240 4921 motus,
1285 4852 1339 4909 id
1376 4860 1489 4918 est,
1521 4859 1726 4919 motum
1759 4866 1915 4913 suum
1943 4854 2159 4924 patiens
2259 4869 2369 4913 non
2392 4854 2730 4929 intelligitur,
2774 4863 2869 4911 aut
2899 4853 3060 4910 simul
3085 4862 3142 4915 et
3163 4862 3373 4919 motum
3408 4850 3668 4912 etfacere
3690 4850 3843 4906 abeo

570 4952 811 5018 Inchoat,
832 4959 888 5004 et
912 4949 1055 5009 aliud
1086 4948 1237 5016 linis,
1268 4963 1429 5020 quem
1459 4947 1694 5021 appetit,
1727 4946 1853 5009 dum
1880 4947 2152 5015 omnium,

573 5060 715 5117 quae
763 5040 1086 5105 naturaliter
1134 5049 1416 5099 moventur
1445 5039 1495 5105 ⁸,
1551 5037 1877 5111 principium
1925 5046 1980 5094 et
2030 5036 2156 5094 ﬁnis

571 5153 743 5198 unum
774 5136 885 5203 sit;
917 5143 1003 5193 est
1026 5134 1171 5193 enim
1200 5134 1374 5199 Deus,
1405 5149 1438 5195 a
1463 5147 1605 5204 quo,
1635 5140 1690 5190 et
1729 5146 1825 5203 per
1868 5145 2035 5201 quem
2056 5170 2072 5197 ,
2100 5138 2157 5188 et

574 5232 647 5290 ad
674 5245 837 5304 quem
879 5236 1166 5297 moventur
1199 5225 1424 5287 omnia:
1468 5224 1566 5289 sed
1603 5224 1728 5297 quia
1770 5223 1907 5279 alius
1948 5221 2155 5285 intelle-

576 5333 700 5381 ctus
723 5330 811 5379 est
837 5321 862 5357 '
889 5318 1170 5391 principii,
1204 5325 1260 5375 et
1287 5315 1426 5372 alius
1455 5313 1760 5371 intellectus
1798 5313 1954 5379 linis,
2001 5312 2151 5367 ideo-

2264 4947 2498 5007 auferes.

2338 5037 2427 5096 '12.
2467 5040 2616 5099 Haec
2653 5041 2798 5099 enim
2841 5040 2947 5097 duo
2990 5040 3135 5098 inter
3174 5054 3260 5106 ea,
3310 5052 3454 5110 quae
3493 5035 3657 5095 simul
3700 5043 3842 5100 sunt,

2263 5140 2647 5203 computantur
2666 5172 2681 5199 ,
2712 5131 2978 5202 simulque
3002 5132 3255 5189 oriuntur
3281 5138 3334 5187 et
3375 5128 3649 5186 occidunt.
3696 5125 3840 5183 Dice.

2263 5221 2466 5279 Motum
2492 5224 2603 5281 Deo
2630 5223 2760 5281 dare
2780 5238 2888 5281 non
2921 5237 3166 5292 possum,
3195 5221 3290 5292 qui
3312 5219 3460 5278 solus
3497 5215 3845 5275 immutabilis

2264 5322 2368 5380 est,
2396 5328 2497 5370 nec
2520 5314 2705 5381 habet,
2733 5329 2859 5385 quo,
2884 5314 2970 5371 vel
3006 5313 3073 5369 ad
3111 5313 3240 5385 quid
3283 5327 3343 5369 se
3370 5319 3608 5377 moveat,
3644 5324 3765 5367 cum
3794 5307 3845 5363 in

1844 5466 2099 5523 VARIAE
2137 5467 2539 5527 LECTIONES.

698 5593 793 5653 Sic
837 5592 1008 5659 CDE;
1053 5591 1094 5653 A
1144 5584 1518 5659 universaliter.

698 5593 793 5653 Sic
837 5592 1008 5659 CDE;
1053 5591 1094 5653 Α
1144 5584 1518 5653 universaliter.
1647 5582 1785 5640 'Sic
1810 5581 1987 5647 ADE;
2039 5591 2114 5639 est
2168 5598 2277 5645 om.
2330 5584 2387 5641 Ο.
2503 5584 2524 5616 ³
2552 5584 2645 5640 S'ic
2700 5582 2899 5639 ACDE.

583 5668 772 5724 biliter.
837 5665 858 5697 ⁸
888 5665 981 5723 Sic
1008 5660 1176 5725 ADE;
1205 5658 1246 5730 (ζ
1275 5658 1328 5712 in
1354 5667 1543 5730 totum.
1608 5654 1629 5685 ⁸
1657 5653 1748 5711 Sic
1770 5652 1903 5730 CDE
1928 5653 2304 5730 ;_AAI_fest‘i_rtans_
2324 5656 2481 5723 ﬁnem
2502 5656 2649 5730 ;_(est
2675 5671 2785 5730 om.
2815 5654 2905 5730 D_._)

582 5721 715 5794 CDE
738 5721 832 5804 ;VA
871 5721 1089 5791 movent.
1136 5721 1185 5804 νδ
1218 5728 1310 5786 Sic
1340 5727 1511 5804 CDE;
1558 5735 1765 5804 testem.
1799 5724 1875 5804 Α...
1923 5724 1984 5804 ι
2017 5721 2248 5804 ΟΕξ;
2279 5721 2487 5797 Aqua;
2523 5721 2571 5778 Π
2588 5726 2745 5797 quod.

2503 5584 2524 5616 ³
2552 5584 2645 5640 S‘ic
2700 5582 2899 5639 ACDE.
3007 5583 3028 5615 ’⁵
3065 5582 3153 5639 Sic
3210 5580 3380 5649 CDE;
3431 5580 3476 5634 Δ
3529 5577 3849 5649 intellectua-

2980 5656 2999 5686 τ
3034 5653 3123 5709 Sic
3150 5652 3287 5708 ΑΒΕ
3308 5670 3324 5720 ;
3348 5651 3415 5707 de
3429 5665 3545 5709 om.
3566 5651 3635 5720 Ac.
3714 5650 3743 5720 ξ

2846 5718 2896 5757 ⁸³⁷
2919 5725 3011 5781 Sic
3037 5724 3208 5789 CDE;
3238 5724 3283 5778 Α
3309 5718 3377 5778 et.
3485 5722 3527 5753 ¹¹
3555 5718 3645 5776 Sic
3675 5718 3846 5779 ABE:

582 5791 784 5864 Ciﬁlus
812 5815 888 5862 est
912 5804 1049 5877 enim
1066 5821 1091 5877 A;
1123 5803 1216 5874 (est
1255 5791 1507 5877 oni.-l)_.)'
1563 5798 1605 5877 f'
1632 5798 1675 5853 A
1700 5807 1747 5852 et
1842 5793 1885 5828 “
1921 5795 2011 5851 Sic
2035 5793 2158 5861 CE;
2184 5794 2229 5851 A
2257 5791 2543 5877 superesse
2571 5791 2745 5852 autent
2774 5796 3103 5863 Divinitatis;
3135 5796 3179 5850 D
3199 5811 3396 5867 semper
3427 5810 3534 5850 esse
3555 5791 3848 5855 Divinitns;

585 5879 636 5922 ⁸⁸
659 5880 704 5937 D
731 5878 866 5933 enim
879 5894 899 5945 ;
938 5875 977 5932 C
1010 5871 1161 5929 etiam
1203 5883 1271 5927 et,
1352 5871 1395 5903 ¹⁶
1425 5871 1465 5925 D
1492 5871 1649 5926 enim.

2528 6032 2536 6036 .
2620 6024 2647 6041 κ
2674 6023 2690 6036 ιι
2755 6020 2767 6034 ο
