3988 5564
172 452 295 508 547

1080 452 1167 507 DE
1203 451 1543 509 DlVlSlONE
1593 449 1940 506 NATURAE.
1980 479 2050 492 —
2087 450 2285 507 LIBER
2324 452 2598 509 PRIMUS.

3350 455 3455 511 518

172 574 313 645 ipso
344 569 526 628 orunia
555 568 662 625 sint
696 566 737 636 ¹,
767 568 931 625 immo
959 550 1081 624 eum
1107 570 1180 624 sit
1199 567 1313 640 ipse
1338 568 1538 625 omnia.
1574 568 1780 624 Facere
1805 570 1855 631 Δ
1882 567 2317 624 etcoessentiale.
2352 568 2494 623 ῡιεα.
2511 566 2588 621 ita
2603 565 3097 638 credoetintelligo.
3115 565 3253 625 MAG.
3272 568 3456 627 Duone

172 678 328 720 vero
351 662 420 718 ab
445 676 511 719 eo
537 661 751 716 auferre
774 674 879 716 non
918 674 1161 731 possum,
1192 675 1316 717 cum
1344 660 1417 717 sit
1460 659 1635 718 iactor
1664 675 1775 716 om-

176 756 366 812 nium.
383 754 520 810 MAG.
538 752 859 825 Segregabis
882 766 1011 823 ergo
1035 762 1240 809 motum
1261 750 1525 808 etfacere.
1542 751 1688 808 Disc.
1703 749 1783 807 Ne

179 844 242 901 id
268 846 513 917 quidem,
543 844 671 901 dum
708 842 1084 915 inseparabilia
1107 859 1228 901 esse
1269 860 1300 899 a
1347 858 1406 900 se
1436 842 1669 899 invicem
1700 841 1782 896 vi-

180 939 319 995 deo.
346 938 486 993 Man.
500 936 641 1005 Quid
655 951 784 1008 ergo
798 936 1036 993 facturus
1050 935 1197 993 eris?
1218 935 1363 992 DISC.
1380 934 1602 1001 Nescio;
1622 941 1783 1005 atque

130 1042 133 1045 ‘
181 1031 324 1087 ideo
368 1033 508 1086 viam
546 1032 570 1064 ³
596 1029 865 1101 quandam
889 1030 1020 1085 mihi
1050 1028 1281 1100 aperias,
1313 1041 1631 1099 summaque
1678 1026 1782 1079 hac

182 1122 511 1179 diﬁicultate
543 1106 632 1179 me
659 1122 877 1189 liberes,
904 1122 1100 1179 obnixe
1124 1120 1384 1193 supplico.
1410 1119 1549 1174 Msa.
1582 1117 1784 1189 Accipe

183 1215 364 1287 igitur
389 1215 535 1271 hunc
578 1215 940 1271 ratiocinandi
983 1229 1351 1286 progressum.
1382 1212 1522 1280 Quid
1553 1210 1651 1266 tibi
1697 1209 1782 1265 vi-

184 1308 360 1363 detur
388 1308 414 1362 2
480 1304 621 1363 Num
689 1307 833 1363 Deus
890 1315 1027 1373 erat,
1106 1306 1422 1377 priusquam
1466 1304 1647 1359 omnia
1703 1301 1785 1357 fa-

184 1399 383 1454 ceret?
405 1398 551 1453 Drsc.
582 1394 811 1453 Videtur
834 1394 965 1452 mihi
990 1394 1175 1453 fuisse.
1197 1394 1338 1453 Mm.
1362 1394 1625 1451 Accidens
1654 1408 1782 1463 ergo

138 1518 143 1521 ν
184 1491 245 1548 ei
305 1491 331 1522 ⁸
376 1498 492 1546 erat
521 1488 718 1545 facere.
770 1487 905 1543 Nam
968 1486 1108 1557 quod
1166 1486 1216 1542 ei
1273 1494 1618 1543 coaeternum
1675 1499 1783 1539 non

184 1592 281 1641 est
332 1593 493 1655 atque
534 1580 923 1648 coessentiale,
972 1589 1064 1635 aut
1109 1578 1255 1635 aliud
1292 1586 1447 1635 extra
1502 1593 1626 1633 eum
1675 1584 1781 1642 est,

185 1685 292 1732 aut
350 1677 401 1732 ei
451 1675 720 1731 accidens.
747 1672 892 1729 DlSC.
920 1669 1080 1727 Aliud
1108 1679 1327 1743 praeter
1388 1684 1511 1725 eum
1535 1675 1591 1724 et
1628 1673 1784 1722 extra

184 1782 327 1823 eum
371 1780 492 1823 esse
543 1780 649 1821 non
696 1764 1023 1821 crediderim
1066 1780 1081 1830 ;
1133 1763 1186 1817 in
1242 1762 1359 1833 ipso
1411 1762 1556 1817 enim
1601 1760 1784 1815 omnia

181 1865 366 1923 sunt,
415 1860 470 1911 et
514 1853 543 1889 ⁵
596 1864 750 1912 extra
795 1854 969 1926 ipsum
1015 1852 1147 1909 nihil
1170 1862 1293 1921 est,
1351 1851 1784 1924 nullumque‘ei

1882 661 2145 732 quaedam
2192 670 2318 718 sunt
2363 661 2506 717 Deus
2549 668 2605 715 et
2652 674 2807 715 suum
2853 658 3050 727 facere,
3105 658 3209 716 hoc
3243 670 3326 718 est
3360 678 3458 718 sua

1883 753 2046 820 actio,
2107 769 2176 809 an
2238 767 2406 809 unum
2438 750 2667 822 simplex
2697 758 2859 823 atque
2888 751 3260 808 individuum?
3308 754 3453 810 DISC.

1850 842 2062 917 ,Unum
2103 860 2223 902 esse
2258 844 2433 901 video.
2481 844 2624 903 Deus
2668 844 2811 901 enim
2840 859 3121 899 numerum
3154 846 3209 900 in
3246 861 3306 902 se
3348 864 3456 903 non

1884 936 2096 1007 recipit,
2135 935 2390 1009 quoniam
2419 933 2565 991 solus
2607 934 3017 990 innumerabilis
3052 944 3157 1002 est,
3188 945 3242 992 et
3271 953 3458 995 numev

1884 1041 1978 1082 HIS
2009 1026 2125 1082 sine
2151 1041 2395 1090 numero,
2436 1033 2491 1081 et
2521 1041 2686 1097 supra
2726 1041 2940 1081 omnem
2968 1042 3252 1083 numerum
3294 1043 3463 1085 causa

1883 1120 2123 1177 omnium
2169 1134 2537 1176 numerorum.
2570 1120 2711 1177 MAG.
2761 1118 2878 1175 Non
2902 1136 3030 1192 ergo
3054 1121 3198 1177 aliud
3222 1131 3308 1178 est
3349 1121 3463 1177 Deo

1883 1228 2025 1279 esse,
2054 1221 2108 1268 et
2149 1212 2293 1268 aliud
2318 1211 2518 1279 facere,
2549 1212 2644 1268 sed
2672 1212 2721 1267 ei
2754 1227 2875 1269 esse
2912 1213 2967 1269 id
3017 1213 3190 1284 ipsum
3221 1223 3303 1271 est
3342 1214 3387 1247 "
3408 1223 3465 1271 et

1884 1304 2083 1362 facere.
2120 1304 2265 1361 DISC.
2289 1304 2425 1360 Huic
2455 1304 2786 1361 conclusioni
2815 1305 3069 1361 resistere
3114 1322 3220 1363 non
3266 1308 3458 1364 audeo.

1884 1396 2024 1454 Mm.
2043 1397 2177 1453 Cum
2202 1412 2328 1469 ergo
2345 1396 2614 1463 audimus,
2627 1396 2795 1452 Deum
2810 1399 2991 1453 omnia
3003 1397 3202 1465 facere,
3225 1398 3299 1453 nil
3318 1398 3464 1455 aliud

1885 1487 2141 1544 debemus
2170 1486 2485 1560 intelligere,
2525 1502 2689 1558 quam
2718 1488 2886 1544 Deum
2928 1489 2982 1543 in
3021 1489 3273 1553 omnibus
3323 1505 3463 1557 esse,

1884 1577 1990 1634 hoc
2013 1586 2120 1646 est,
2164 1579 2456 1635 essentiam
2506 1580 2746 1635 omnium
2789 1580 3102 1636 subsistere.
3154 1581 3272 1651 Ipse
3317 1583 3463 1638 enim

1886 1667 2033 1723 solus
2065 1682 2166 1739 per
2205 1684 2263 1723 se
2308 1682 2434 1725 vere
2477 1676 2578 1735 est,
2606 1677 2663 1725 et
2705 1683 2885 1738 omne,
2930 1670 3073 1741 quod
3100 1686 3228 1727 vere
3270 1673 3323 1726 in
3354 1672 3483 1739 his,~

1886 1775 2024 1831 quae
2057 1770 2201 1827 sunt,
2226 1760 2423 1818 dicitur
2467 1775 2608 1829 esse,
2651 1761 2767 1832 ipse
2797 1762 2941 1818 solus
2979 1773 3078 1820 est.
3131 1762 3277 1818 Nihil
3318 1765 3461 1820 enim

1885 1870 2092 1926 eorum,
2120 1872 2259 1928 quae
2284 1864 2429 1925 sunt,
2456 1872 2556 1929 per
2580 1872 2639 1913 se
2665 1857 2841 1927 ipsum
2880 1872 3008 1914 vere
3045 1866 3146 1913 est.
3176 1857 3465 1925 Quodcun-

185 1950 451 2009 aecidens
507 1960 711 2008 temere
765 1950 1028 2008 dederim.
1098 1948 1352 2021 Alioquin
1403 1949 1634 2022 simplex
1670 1959 1779 2005 non
1808 1956 1858 2021 Β
1886 1966 1991 2023 que
2045 1961 2223 2006 autem
2285 1949 2340 2005 in
2382 1964 2447 2006 eo
2492 1963 2621 2006 vere
2667 1948 3003 2022 intelligitur,
3049 1949 3462 2020 participatione

188 2052 310 2109 est,
340 2043 434 2100 sed
458 2058 526 2099 ex
556 2043 789 2100 essentia
828 2050 884 2099 et
921 2040 1292 2098 accidentibus
1329 2041 1597 2113 quaedam
1636 2054 1783 2097 cent-

189 2134 425 2206 positio.
456 2132 593 2189 Nam
638 2133 684 2199 si
733 2133 878 2190 aliud
918 2148 1042 2189 cum
1095 2133 1213 2205 ipso
1246 2132 1587 2205 intelligitur,
1639 2133 1783 2203 quod

185 2225 323 2297 ipse
345 2240 454 2283 non
500 2234 605 2293 est,
634 2233 730 2281 aut
759 2225 807 2281 si
855 2224 1129 2296 quippiam
1180 2224 1229 2281 ei
1275 2224 1495 2293 accidit,
1542 2225 1784 2297 proiecto

180 2330 375 2397 neque
400 2317 643 2373 inﬁnitus
672 2325 774 2385 est,
813 2331 989 2388 neque
1029 2317 1298 2389 simplex;
1344 2318 1491 2389 quod
1536 2317 1669 2374 ﬁdes
1692 2332 1783 2373 ca-

180 2408 421 2476 tholica,
454 2425 692 2482 veraque
725 2411 869 2467 ratio
906 2410 1222 2468 ﬁrmissime
1261 2412 1511 2484 denegat.
1561 2411 1784 2468 Fatetur

183 2500 347 2556 enim
390 2499 562 2557 Deum
591 2499 863 2558 inﬁnitum
912 2517 1051 2567 esse,
1096 2501 1487 2574 plusquequam
1517 2503 1539 2536 ⁸
1603 2504 1783 2559 inﬁni-

178 2597 317 2646 tum
342 2606 356 2658 ;
382 2590 623 2649 inﬁnitas
651 2593 796 2649 enim
824 2592 1156 2650 inﬁnitorum
1198 2604 1281 2651 est
1316 2612 1332 2650 :
1361 2603 1417 2651 et
1459 2595 1780 2666 simplicem,

180 2689 250 2738 et
311 2681 595 2754 plusquam
664 2684 1015 2757 simplicem;
1074 2685 1314 2743 omnium
1370 2686 1517 2744 enim
1556 2673 1785 2758 'simpli-

177 2773 343 2830 cium
395 2774 716 2846 simplicitas
766 2784 870 2832 est.
932 2775 1005 2831 Et
1060 2792 1183 2833 cum
1252 2778 1368 2849 ipse
1412 2776 1435 2812 τ
1479 2778 1615 2834 nihil
1662 2793 1783 2836 esse

176 2864 375 2920 credit
433 2866 521 2922 vel
583 2866 854 2941 intelligit,
898 2868 1155 2940 quoniam
1196 2870 1349 2941 ,ipse
1399 2878 1484 2927 est
1546 2872 1784 2929 ambitus

177 2956 462 3024 omnium,
509 2974 649 3030 quae
705 2967 849 3027 sunt,
888 2969 942 3017 et
990 2977 1133 3033 quae
1168 2978 1275 3018 non
1320 2972 1494 3031 sunt,
1540 2973 1597 3021 et
1641 2980 1782 3037 quae

175 3058 319 3101 esse
346 3056 592 3117 possunt,
627 3057 682 3105 et
709 3066 851 3120 quae
876 3066 999 3108 esse
1020 3068 1127 3109 non
1157 3062 1407 3125 possunt,
1451 3064 1508 3112 et
1548 3072 1691 3127 quae
1728 3057 1779 3113 ei

175 3149 289 3191 seu
313 3136 338 3168 "
363 3139 641 3195 contraria
668 3155 763 3197 seu
791 3143 1039 3214 opposita
1082 3145 1335 3203 videntur
1383 3160 1526 3214 esse,
1566 3157 1627 3203 ut
1670 3164 1780 3205 non

175 3227 373 3285 dicam
409 3229 605 3287 similia
642 3241 701 3289 et
724 3235 1023 3292 dissimilia.
1061 3237 1160 3293 Est
1188 3240 1334 3294 enim
1377 3240 1495 3310 ipse
1520 3240 1779 3297 similium

1882 2041 2067 2114 ipsius,
2098 2041 2257 2099 unius
2285 2043 2375 2113 qui
2402 2041 2551 2098 solus
2572 2056 2672 2113 per
2697 2041 2935 2113 seipsum
2961 2055 3088 2096 vere
3121 2039 3164 2073 ι’
3192 2050 3293 2108 est,
3319 2042 3463 2098 acci-

1880 2132 1979 2203 pit.
2002 2131 2147 2189 Disc.
2168 2130 2279 2188 Nec
2302 2134 2403 2189 hoc
2426 2148 2625 2205 negare
2668 2132 2853 2189 velim.
2877 2131 3014 2189 liae.
3039 2132 3274 2190 Videsne
3310 2148 3461 2207 ergo,

1882 2223 2331 2294 quemadmodum
2360 2239 2491 2280 vera
2532 2223 2673 2280 ratio
2709 2225 3038 2295 categoriam
3073 2224 3304 2282 faciendi
3336 2238 3361 2268 ι
3394 2240 3465 2283 ex

1882 2325 2077 2371 natura
2107 2315 2289 2372 divina
2331 2316 2547 2388 penitus
2596 2327 2861 2387 segregat,
2906 2315 3362 2389 mutabilibusque
3399 2332 3464 2373 ae

1882 2409 2289 2480 temporalibus,
2332 2407 2708 2481 principioque
2744 2423 2806 2465 ac
2856 2409 2964 2465 line
2997 2424 3186 2465 carere
3210 2424 3320 2467 non
3368 2425 3462 2465 va-

1882 2500 2116 2558 lentibus
2131 2501 2444 2558 distribuit?
2462 2502 2607 2557 Disc.
2636 2499 2750 2557 Hoc
2770 2516 2983 2574 quoque
3003 2500 3148 2558 clare
3166 2502 3462 2574 perspicio;

1884 2600 1938 2649 et
1969 2592 2082 2664 jam
2113 2594 2160 2627 “
2181 2609 2325 2649 nunc
2355 2592 2560 2649 nullam
2588 2592 2921 2665 categoriam
2949 2593 3006 2650 in
3036 2593 3205 2652 Deum
3252 2595 3464 2661 cadere,

1885 2683 2263 2741 incunctanter
2290 2676 2548 2757 intelligo.

1954 2858 2043 2915 73.
2084 2857 2225 2929 Quid
2250 2860 2451 2933 igitur?
2472 2859 2610 2919 Num
2645 2867 2837 2922 eadem
2866 2866 3075 2924 ratione
3098 2868 3355 2929 debemus
3383 2875 3463 2928 in.

1883 2952 2093 3024 spicere
2122 2954 2364 3011 omnium
2410 2957 2697 3013 verborum
2725 2998 2739 3025 ,
2784 2974 2925 3029 quae
2982 2975 3137 3018 sacra
3184 2961 3464 3037 Scriptura

1885 3044 1954 3100 de
1980 3045 2162 3101 divina
2211 3056 2407 3103 natura
2443 3049 2746 3119 praedicat,
2787 3051 3061 3120 virtutem,
3102 3064 3164 3110 ut
3204 3057 3281 3113 nil
3320 3058 3465 3117 aliud

1882 3151 1983 3207 per
2029 3150 2092 3192 ea
2122 3138 2472 3195 aestimemus
2497 3139 2813 3212 signiﬁcari,
2860 3153 3079 3214 praeter
3118 3146 3293 3217 ipsam
3333 3151 3463 3206 sim-

1884 3227 2100 3297 plicem,
2168 3229 2666 3288 incommutabilem
2695 3274 2711 3300 ,
2759 3234 3465 3315 incomprehensibilemque
3522 3224 3531 3233 ’

174 3319 581 3391 similitudo,“
601 3324 981 3385 dissimilitudo
994 3329 1356 3397 dissimilium,
1372 3334 1777 3404 opposimrum’
1809 3327 1855 3393 c
1885 3321 2033 3376 omni
2064 3319 2342 3377 intellectu
2378 3337 2443 3378 ac
2479 3323 2875 3396 signiﬁcatione
2908 3327 3145 3384 divinam
3168 3333 3460 3389 essentiam

173 3416 501 3487 oppositio,
575 3426 633 3475 et
703 3426 1103 3480 contrariorum
1174 3428 1550 3485 contrarietas.
1629 3428 1779 3486 Haec

174 3507 343 3563 enim
368 3509 551 3565 omnia
567 3512 792 3581 pulchra
815 3515 1183 3589 ineﬁ’abilique
1209 3519 1490 3577 harmonia
1528 3521 1581 3577 in
1613 3539 1778 3578 unam

178 3604 541 3660 concordiam
575 3606 619 3638 ¹⁰
646 3607 846 3681 colligit
872 3618 1034 3682 atque
1059 3614 1353 3687 componit.
1394 3613 1531 3671 Nam
1561 3632 1699 3687 quae
1724 3618 1779 3672 in

178 3695 443 3766 partibus
469 3699 841 3757 universitatis
887 3705 1131 3776 opposita
1170 3706 1386 3763 sibimet
1410 3707 1660 3764 videntur
1701 3718 1781 3766 at—

179 3801 302 3857 que
339 3790 614 3847 contraria
660 3800 716 3847 et
750 3808 781 3847 a
819 3809 878 3850 se
930 3797 1161 3853 invicem
1201 3799 1441 3866 dissona,
1492 3804 1618 3857 dum
1650 3803 1691 3834 “
1726 3803 1781 3859 in

178 3880 601 3950 generalissima
652 3884 820 3957 ipsius
862 3888 1231 3947 universitatis
1273 3892 1555 3948 harmonia
1604 3895 1785 3951 consi-

184 3968 461 4027 der-antur
506 3972 574 4040 ι’,
637 3976 1012 4034 convenientia
1087 3995 1428 4054 consonaque
1465 3991 1608 4038 sunt.
1639 3983 1777 4040 Man.

174 4061 368 4119 Recte
398 4064 673 4137 intelligis,
721 4077 776 4125 et
804 4069 944 4137 vide,
976 4086 1045 4127 ne
1066 4072 1196 4142 quid
1231 4074 1297 4129 de
1332 4073 1434 4139 his,
1474 4089 1611 4144 quae
1636 4091 1781 4133 nunc

180 4155 437 4224 dederis,
466 4157 533 4214 de
556 4167 738 4216 celem
768 4169 823 4216 te
852 4162 1063 4219 dedisse
1090 4164 1379 4236 poeniteat.
1414 4166 1559 4222 DISC.
1593 4167 1785 4241 ingre-J

182 4248 351 4315 dere,
368 4265 477 4320 quo
499 4252 608 4329 vis,
624 4252 851 4323 ordine;
879 4262 934 4313 te
955 4271 1174 4330 sequar,
1205 4264 1260 4312 ct
1288 4260 1644 4330 quodcunque
1667 4258 1782 4330 jam

184 4352 550 4404 concessero,
580 4358 689 4398 non
718 4354 980 4415 repetam.
1020 4348 1160 4404 MAG.
1185 4346 1327 4406 Deus
1348 4364 1475 4425 ergo
1502 4365 1609 4406 non
1640 4359 1778 4417 erat,

178 4429 513 4502 priusquam
534 4435 717 4489 omnia
730 4433 951 4493 faceret.
978 4437 1124 4494 Disc.
1140 4439 1258 4496 Non
1289 4450 1423 4495 erat.
1443 4436 1501 4496 Si
1526 4440 1671 4497 enim
1696 4456 1789 4497 es-

180 4532 294 4589 set,
331 4523 511 4581 facere
527 4527 710 4583 omnia
751 4529 799 4584 ei
835 4530 882 4562 “
906 4531 1195 4589 accideret.
1234 4533 1301 4589 Et
1342 4536 1386 4590 si
1419 4535 1467 4590 ei
1507 4536 1782 4592 accideret

179 4614 381 4670 omnia
422 4615 625 4685 facere,
666 4626 848 4677 motus
874 4631 929 4678 et
961 4630 1172 4695 tempus
1213 4624 1266 4680 in
1312 4641 1376 4682 eo
1406 4626 1777 4700 intelligeren-

1883 3420 1940 3468 et
1965 3412 2249 3483 plusquam
2268 3415 2599 3470 essentiam?
2626 3415 2788 3474 Verbi
2816 3420 3013 3492 gratia,
3046 3422 3173 3477 dum
3213 3425 3461 3481 audimus

1886 3505 2058 3560 Deum
2080 3505 2234 3573 velle,
2279 3516 2339 3561 et
2364 3522 2569 3574 amare,
2622 3516 2715 3565 aut
2740 3510 2986 3582 diligere,
3016 3514 3220 3584 videre,
3250 3520 3459 3589 audire,

1886 3604 2174 3669 ceteraque
2211 3599 2401 3666 verba,
2452 3615 2591 3671 quae
2640 3603 2708 3659 de
2748 3618 2816 3660 eo
2863 3607 3167 3676 praedicari
3214 3624 3459 3683 possunt,

1884 3691 1961 3746 nil
1990 3691 2136 3748 aliud
2177 3702 2393 3765 oportet
2436 3710 2536 3751 nos
2579 3698 2843 3768 cogitare,
2875 3699 3336 3762 nisi-ineﬁ'abiiem
3384 3709 3465 3779 ip-

1885 3779 1998 3836 sius
2020 3782 2311 3843 essentiam
2354 3792 2518 3856 atque
2536 3786 2793 3842 virtutem
2824 3794 3265 3853 connaturalibus
3306 3800 3464 3857 nobis

1883 3874 2369 3946 signiﬁcationibus
2394 3880 2626 3946 suaderi,
2670 3896 2740 3937 ne
2769 3882 2825 3938 in
2846 3892 3054 3942 tantum
3099 3904 3225 3946 vera
3271 3908 3337 3949 ac
3367 3896 3457 3965 pia

1830 3988 1833 3990 ·
1886 3965 2195 4024 Christiana
2233 3970 2422 4041 religio
2445 3972 2510 4027 de
2534 3971 2798 4031 Creatore
2818 3978 3064 4033 omnium
3092 3982 3264 4048 sileat,
3295 3993 3355 4039 ut
3383 3988 3461 4043 nil

1886 4059 1954 4114 de
1981 4073 2049 4115 eo
2073 4059 2177 4113 fari
2209 4061 2425 4129 audeat,
2464 4062 2533 4117 ad
2558 4064 2881 4135 simplicium
2912 4070 3215 4128 animorum
3261 4076 3465 4133 instru-

1885 4153 2140 4219 ctionem,
2175 4153 2682 4227 haereticorumque
2707 4172 2923 4231 semper
2947 4163 3163 4219 veritati
3197 4151 3458 4226 insidiati.

1887 4244 2042 4310 tium,
2067 4259 2296 4316 eamque
2339 4261 2530 4304 eruere
2566 4248 2947 4318 laborantium,
2993 4256 3278 4329 minusque
3317 4262 3371 4316 in
3396 4278 3460 4319 ea

1885 4336 2128 4393 eruditos
2178 4337 2364 4394 fallere
2401 4343 2795 4410 appetentium,
2838 4344 3161 4405 refellendas
3208 4354 3457 4412 astutias.

1882 4428 2005 4486 Non
2045 4430 2188 4487 aliud
2234 4432 2415 4504 itaque
2461 4434 2572 4491 Deo
2618 4452 2756 4503 esse,
2805 4449 2860 4495 et
2905 4442 3061 4510 velle,
3099 4455 3153 4504 et
3180 4447 3378 4520 facere,
3407 4462 3462 4510 et

1884 4537 2088 4590 amare,
2111 4535 2166 4579 et
2188 4524 2430 4595 diligere,
2463 4535 2520 4583 et
2552 4528 2752 4595 videre,
2796 4540 3083 4604 ceteraque
3128 4539 3457 4610 huiusmodi,

1884 4634 2025 4689 quae
2062 4619 2129 4675 de
2174 4634 2259 4686 eo,
2301 4626 2363 4673 ut
2403 4620 2658 4688 diximus,
2707 4634 2931 4692 possunt
2974 4632 3308 4700 praedicari,
3365 4638 3457 4692 sed

181 4716 281 4765 tur
315 4707 380 4761 “.
428 4708 667 4767 Moveret
692 4714 837 4768 enim
883 4729 943 4770 se
972 4715 1039 4771 ad
1078 4732 1143 4772 ea
1175 4717 1440 4787 facienda,
1484 4735 1623 4791 quae
1663 4720 1778 4791 jam
1803 4714 1858 4779 D
1884 4710 2221 4771 metm
2246 4710 2613 4781 inipsounum
2638 4714 3037 4788 idipsumque"
3060 4724 3455 4794 δεοίριθηάυῐῐι,

180 4817 299 4856 non
345 4801 395 4834 "
438 4802 664 4873 fecerat,
711 4813 1055 4879 temporeque
1111 4810 1460 4880 praecederet
1502 4813 1773 4870 actionem

182 4908 373 4961 suam,
419 4912 562 4967 quae
591 4913 696 4955 nec
741 4898 844 4956 sibi
882 4903 1255 4962 coessentialis
1293 4915 1431 4975 erat,
1483 4922 1589 4966 nec
1615 4920 1775 4965 eoae-

180 4991 372 5043 terna.
403 4986 543 5047 llas.
575 4989 939 5051 Coaeternum
957 4993 1123 5075 igitur
1144 5005 1231 5057 est
1268 4998 1557 5076 000.8110!!!
1590 5001 1775 5059 facere

1883 4824 2144 4879 suamque
2170 4803 2502 4865 ineﬁabilem
2527 4807 2815 4867 essentiam
2845 4826 2907 4869 ee
2935 4816 3093 4873 modo
3112 4858 3126 4886 ,
3152 4832 3259 4889 quo
3300 4836 3358 4877 se
3392 4823 3462 4877 si-

1882 4900 2128 4976 gniﬁcari
2151 4901 2304 4970 sinit,
2324 4898 2625 4959 insinuant.
2646 4900 2791 4959 Dtsc.
2807 4903 2923 4961 Non
2946 4909 3089 4964 aliud
3109 4910 3347 4981 quidem.
3362 4912 3463 4969 Ubi

1881 4999 2027 5058 enim
2049 5004 2140 5055 est
2162 5012 2298 5059 vera
2332 4998 2647 5059 «aeterna
2665 5003 2722 5054 et
2742 4995 3043 5058 insolubilis
3081 5017 3176 5073 per
3206 5018 3265 5059 se
3293 5006 3461 5074 ipsam

1476 5148 1734 5211 manu
1772 5126 2189 5212 mortemne;
2418 5126 2463 5185 ξ
2534 5181 2592 5201 ς.

228 5245 270 5276 ίι
305 5242 406 5299 Sic
448 5244 564 5315 cs;
604 5250 708 5306 an
753 5247 853 5306 sint
896 5255 1092 5312 ωηερε..

221 5427 321 5440 νη,
364 5427 440 5442 ..υ
464 5432 478 5456 ,
524 5427 613 5446 σοι.
640 5427 765 5448 νη..
797 5427 884 5447 ιιυ
924 5435 937 5455 ,

170 5455 495 5548 90E;dum
538 5477 623 5500 nm
700 5460 726 5484 ‘
837 5464 912 5476 ”⁴

1038 5397 1059 5428 ⁸
1092 5401 1180 5446 Sin
1208 5398 1374 5440 CDIP-
1427 5408 1454 5440 Α

1185 5259 1207 5291 ⁸
1231 5258 1529 5331 CDE;
1569 5265 1616 5320 A
1640 5261 1793 5331 ideo,
1834 5272 1895 5317 ut
1937 5261 2093 5324 viam
2114 5258 2256 5331 θ’ῖὲι

1241 5327 1377 5412 ί,ξο
1398 5327 1523 5412 CD:
1549 5335 1595 5390 Α
1619 5340 1665 5388 ει
1686 5327 1999 5412 Plusquam;
2026 5336 2075 5394 E
2106 5327 2391 5388 "una"...

2516 5330 2546 5368 ἡ
2575 5341 2657 5366 (περ
2696 5330 2767 5353 ΑΒ
2807 5331 2977 5356 “-:~-
3011 5330 3199 5368 :upa-F
3227 5344 3336 5362 num
3365 5331 3379 5357 ἓ
