4028 6280
571 354 674 412 519

1940 351 2461 425 JOANNISSCOTI

3706 418 3711 421 τ
3733 361 3842 416 520

568 448 906 533 simplicitas,
948 460 1022 516 ibi
1065 458 1249 527 aliud,
1303 467 1357 515 et
1387 460 1402 491 ¹
1452 460 1703 531 multum,
1773 460 2152 519 diversumoue
2180 467 2447 537 Agressu
2510 462 2823 530 revolvitur,
2875 463 3146 537 totiusque
3209 473 3493 523 creaturae
3543 473 3842 529 amatorios

567 553 683 609 ﬁeri
712 551 1047 622 impossibile
1085 561 1189 613 est.
1492 614 1498 619 λ
2104 618 2107 625 ἴ

635 644 967 723 74.'Vellem
993 652 1175 699 tamen
1205 645 1445 719 apertius
1482 646 1616 702 mihi
1639 647 1887 723 suadeas,
1918 655 1980 702 ut
2004 647 2150 704 clare

560 737 794 802 videam,
841 736 981 813 dum.
1016 735 1177 791 audio
1229 738 1398 792 Deum
1438 732 1770 795 ‘amare‘vel
1815 741 2010 806 amari,
2068 740 2148 794 nil

538 830 706 895 aliud
733 829 838 888 nisi
863 829 1031 900 ipsius
1056 836 1306 884 naturam
1337 829 1471 905 sine:
1488 830 1597 885 ullo
1620 840 1769 886 motu
1793 831 2031 886 amantis
2060 829 2147 887 vel

557 922 724 977 amati
766 920 1099 997 intelligam,
1129 920 1265 976 Cum
1308 922 1455 976 enim
1500 922 1605 978 hoc
1639 923 1772 977 mihi
1816 920 1981 977 fuerit
2017 938 2146 978 sua-

556 1029 697 1078 sum,
726 1011 874 1067 nullo
918 1011 1078 1067 modo
1128 1012 1433 1078 haesitabo,
1459 1012 1788 1089 ubicunque
1826 1011 2009 1084 legero
2050 1027 2146 1068 seu

554 1103 798 1169 audiero,
826 1103 1001 1173 ipsum
1042 1101 1201 1181 velle,
1230 1101 1326 1181 vel
1376 1102 1686 1159 desiderare
1734 1112 1789 1158 et
1821 1103 2141 1170 desiderari,

554 1193 779 1263 diligere
804 1202 860 1249 et
890 1178 1273 1266 diligi,'videre
1298 1200 1355 1248 et
1372 1194 1565 1261 videri,
1588 1204 1844 1266 appetere
1863 1203 1920 1250 et
1940 1195 2142 1265 appeti,

554 1300 771 1341 movere
813 1285 1067 1341 similiter
1107 1294 1163 1357 et
1207 1286 1431 1341 moveri.
1486 1285 1634 1341 Haec
1681 1272 1828 1342 enim
1860 1287 1897 1339 ,’
1962 1286 2145 1342 omnia

553 1392 658 1433 uno
687 1376 987 1447 eodemque
1022 1377 1338 1448 accipienda
1381 1387 1509 1434 sunt
1549 1380 1851 1435 intellectu.
1888 1379 1955 1435 Ut
1997 1380 2141 1435 enim

549 1467 831 1549 voluntas,
877 1477 934 1549 et
975 1483 1166 1535 amor,
1212 1478 1267 1523 et
1317 1470 1555 1537 dilectio,
1602 1471 1759 1538 visio,
1812 1472 2142 1528 desiderium

550 1575 765 1630 quoque
796 1546 851 1616 et
893 1546 1100 1629 motus,
1149 1562 1277 1616 dum
1321 1564 1387 1617 de
1416 1578 1482 1618 eo
1526 1564 1932 1633 praedicantur,
1972 1581 2139 1620 unum

546 1654 890 1725 idipsumque
917 1654 1075 1711 nobis
1115 1638 1425 1721 insinuant;
1465 1656 1543 1711 ita
1580 1657 1767 1724 verba,
1796 1674 1892 1713 seu
1937 1659 2137 1726 activa,

545 1761 639 1800 seu
688 1746 935 1815 passiva,
1004 1761 1099 1802 seu
1150 1746 1614 1827 neutraliatsint,
1667 1759 1724 1804 et
1771 1750 2139 1821 cujuscunque

2219 612 2227 617 .
2254 566 2434 613 motus
2472 556 2530 612 in
2561 557 2740 627 seipso
2772 557 3045 612 terminat.
3099 556 3218 628 Ipsa
3248 573 3463 628 quoque
3491 560 3707 617 divinae
3746 579 3845 617 na-

2215 696 2219 719 :
2253 657 2407 702 turae
2434 647 2487 702 in
2510 648 2711 712 omnia,
2745 662 2883 718 quae
2930 649 2986 703 in
3009 663 3072 703 ea
3128 657 3185 702 et
3229 648 3297 703 ab
3336 664 3399 704 ea
3430 660 3582 715 sunt,
3622 651 3843 708 diffusio

2250 739 2431 794 omnia
2456 754 2639 794 amare
2661 739 2883 804 dicitur,
2922 754 3031 793 non
3070 740 3197 809 quia
3234 738 3345 794 ullo
3389 741 3432 773 ¹⁶
3464 742 3626 797 modo
3647 743 3843 799 dilfun-

2250 828 2429 896 datur,
2460 829 2604 899 quod
2642 829 2975 904 omni‘motu
3006 839 3176 897 caret,
3215 830 3513 905 omniaque
3542 833 3708 887 simul
3733 836 3842 889 im-

2216 967 2219 972 .
2248 924 2383 995 plet,
2416 924 2511 980 sed
2535 925 2661 996 quia
2689 923 3026 980 rationabilis
3048 924 3247 980 mentis
3272 927 3572 982 contuitum
3594 942 3699 998 per
3718 944 3841 984 om-

2214 1016 2338 1070 ,nia
2366 1014 2618 1072 diffundit
2668 1026 2723 1071 et
2763 1026 2966 1081 movet,
3022 1018 3150 1072 dum
3202 1016 3506 1075 diﬂ'usionis
3556 1028 3612 1075 et
3659 1032 3843 1080 motus

2214 1161 2219 1165 _
2249 1106 2419 1161 animi
2458 1102 2763 1181 causaisit,
2788 1108 2856 1163 ad
2889 1123 3013 1164 eum
3046 1108 3428 1178 inquirendum
3474 1120 3529 1167 et
3559 1111 3841 1170 invenien-

2214 1255 2218 1259 ,
2248 1198 2375 1254 dum
2404 1206 2480 1265 et,
2529 1206 2791 1269 quantum
2821 1199 3080 1269 possibile
3108 1211 3214 1268 est,
3244 1201 3679 1274 intelligendum,
3708 1207 3837 1277 quia

2216 1291 2431 1355 omnia
2468 1291 2676 1362 implet,
2725 1300 2786 1346 ut
2817 1292 2947 1356 sint,
2974 1300 3031 1346 et
3066 1291 3388 1348 universalis
3417 1294 3584 1350 veluti
3634 1298 3840 1351 amoris

2245 1381 2472 1461 paciﬁca
2516 1382 2863 1453 copulatione
2908 1384 2964 1438 in
3032 1384 3296 1439 unitatem
3363 1385 3784 1456 inseparabilem
3820 1428 3836 1452 ,

2216 1544 2221 1550 ν
2246 1491 2387 1546 quae
2419 1484 2527 1543 est,
2552 1476 2696 1546 quod
2720 1475 2836 1547 ipse
2862 1484 2969 1540 est,
2999 1476 3253 1532 universa
3281 1475 3485 1547 colligit
3522 1487 3579 1532 et
3617 1479 3835 1549 insepa-

2218 1569 2491 1633 rabiliter
2515 1569 2554 1601 “
2577 1570 3005 1641 comprehendit.
3024 1570 3211 1624 Amari
3238 1571 3368 1626 item
3385 1571 3584 1627 dicitur
3611 1573 3683 1627 ab
3720 1588 3836 1628 om-

2216 1662 2424 1728 nibus,
2464 1678 2603 1734 quae
2640 1664 2711 1720 ab
2739 1677 2805 1718 eo
2846 1672 2990 1730 sunt,
3048 1677 3155 1718 non
3194 1664 3339 1732 quod
3380 1664 3450 1719 ab
3496 1665 3576 1719 eis
3626 1665 3835 1736 aliquid

2243 1756 2502 1825 patiatur,
2528 1756 2620 1825 qui
2668 1753 2814 1811 solus
2848 1753 3196 1824 impassibilis
3230 1761 3336 1819 est,
3384 1753 3480 1809 sed
3530 1754 3661 1824 quia
3706 1771 3832 1810 eum

542 1840 1117 1923 modi'signiﬁcatione
1163 1842 1532 1911 proferantur,
1564 1841 1709 1897 nulla
1743 1842 2136 1915 intelligentiae
2162 1839 2209 1898 B
2237 1852 2418 1907 omnia
2443 1859 2724 1922 appetunt,
2762 1851 3038 1922 ipsiusque
3078 1849 3424 1919 pulchritudo
3452 1850 3639 1906 omnia
3673 1852 3745 1907 ad
3774 1866 3833 1907 se

540 1932 845 1990 differentia
898 1934 1274 2007 intelliguntur
1299 1936 1630 2006 discrepare,
1658 1944 1719 1990 ut
1755 1938 1966 2008 opinor.
1989 1937 2129 1993 MAG.
2167 1928 2173 1935 ’
2216 1943 2462 1998 attrahit
2499 1943 2564 1995 ι’.
2604 1941 2725 2013 ipse
2754 1942 2897 1996 enim
2927 1940 3075 1996 solus
3101 1955 3232 1996 vere
3256 1941 3504 1997 amabilis
3543 1951 3654 2008 est,
3700 1944 3829 2013 quia

537 2024 650 2081 Nec
672 2027 728 2081 in
759 2026 954 2083 talibus
984 2028 1266 2098 deceptum
1293 2037 1344 2084 te
1384 2045 1540 2096 reor;
1571 2031 1645 2084 ita
1683 2031 1829 2085 enim
1857 2040 1984 2086 sunt
2004 2030 2043 2097 ³,
2073 2040 2134 2086 ut
2234 2035 2381 2091 solus
2402 2050 2613 2090 summa
2644 2049 2709 2089 ac
2736 2034 2781 2066 ¹³
2806 2048 2931 2088 vera
2978 2032 3194 2087 bonitas
3237 2042 3293 2088 et
3319 2032 3666 2101 pulchritudo
3691 2047 3781 2088 est
3810 2053 3825 2088 :

539 2120 845 2178 arbitraris.
905 2121 1147 2177 Primum
1201 2122 1368 2194 igitur
1430 2123 1571 2179 hanc
1611 2124 1813 2179 amoris
1863 2124 2131 2180 delinitio-
2214 2141 2391 2189 omne
2411 2123 3825 2196 siquidem,quodcunqueincreaturisverebonum,

534 2226 662 2265 nem
709 2211 938 2282 accipe:
970 2213 1139 2267 Amor
1184 2222 1271 2266 est
1330 2214 1596 2267 connexio
1644 2228 1708 2268 ac
1752 2212 1774 2244 ’⁵
1830 2214 2126 2283 vinculum,

536 2316 644 2369 quo
684 2301 928 2357 omnium
955 2318 1140 2358 rerum
1188 2303 1516 2359 universitas
1545 2304 1566 2335 ⁸
1595 2303 1852 2361 ineffabili
1888 2307 2123 2363 amicitia

533 2393 916 2465 iusolubilique
946 2395 1157 2450 unitate
1184 2395 1485 2467 c0pulatur.
1520 2396 1710 2452 Potest
1736 2409 1792 2452 et
1820 2396 1842 2427 ³
1871 2398 1951 2454 sic
1995 2398 2129 2455 deli-

534 2487 640 2543 niri
667 2502 681 2542 :
703 2488 871 2545 Amor
890 2499 974 2545 est
994 2489 1257 2544 naturalis
1284 2498 1465 2545 motus
1484 2491 1727 2546 omnium
1750 2506 1954 2559 rerum,
1983 2506 2126 2562 quae

534 2582 591 2638 in
613 2591 761 2640 motu
785 2593 929 2651 sunt,
946 2583 1069 2639 linis
1092 2583 1385 2655 quietaque
1404 2583 1584 2647 statio,
1603 2583 1745 2637 ultra
1765 2599 1925 2654 quam
1948 2583 2125 2640 nullus

531 2687 814 2734 creaturae
827 2678 1170 2749 progreditur
1183 2688 1382 2734 motus.
1400 2677 1496 2733 His
1519 2676 1923 2733 deﬁnitionibus
1935 2687 2124 2749 aperte

531 2780 750 2828 sanctus
784 2771 1072 2844 Dionysius
1107 2772 1430 2843 astipulatur
1471 2771 1527 2826 in
1567 2773 1847 2841 amatoriis
1884 2773 2120 2844 hymnis,

529 2862 609 2917 sic
621 2863 809 2918 dicens
840 2862 1115 2917 :Amorem
1135 2863 1240 2918 sive
1256 2864 1512 2930 divinum,
1544 2864 1650 2917 sive
1675 2863 1991 2934 angelicum,
2017 2864 2123 2919 sive

2229 2234 2462 2289 vereque
2488 2218 2776 2290 pulchrum
2797 2217 3135 2287 amabil'eque
3151 2217 3197 2249 ιδ
3216 2217 3556 2288 intelligitur,
3584 2217 3702 2287 ipse
3718 2220 3822 2272 est.

2231 2313 2388 2369 Sicut
2406 2312 2549 2368 enim
2583 2311 2790 2366 nullum
2823 2312 3025 2367 bonum
3055 2308 3346 2366 essentiale
3377 2317 3481 2375 est,
3517 2308 3594 2363 ita
3617 2307 3826 2363 nullum

2227 2406 2509 2475 pulchrum
2526 2420 2619 2459 seu
2633 2403 2867 2458 amabile
2881 2402 3190 2468 essentiale,
3206 2410 3421 2473 praeter
3432 2401 3608 2472 ipsum
3623 2400 3822 2456 solum.

2218 2562 2223 2570 η
2300 2497 2389 2552 75.
2430 2496 2585 2552 Sicut
2633 2511 2762 2567 ergo
2803 2495 2939 2564 lapis
2980 2494 3088 2561 ille,
3120 2493 3215 2565 qui
3256 2494 3456 2549 dicitur
3495 2507 3724 2563 magnes
3757 2492 3820 2558 ⁸⁸,

2226 2587 2474 2660 quamvis
2499 2586 2733 2640 naturali
2762 2600 2860 2639 sua
2891 2585 3095 2639 virtute
3120 2581 3328 2639 ferrum
3378 2584 3599 2639 sibimet
3624 2582 3669 2613 ¹⁶
3695 2599 3824 2654 pro-

2224 2681 2491 2751 pinquans
2530 2679 2598 2735 ad
2636 2694 2696 2734 se
2734 2677 2994 2745 attrahat,
3020 2677 3169 2734 nullo
3207 2677 3370 2733 modo
3395 2686 3602 2743 tamen,
3628 2685 3688 2730 ut
3718 2678 3821 2732 hoc

2224 2773 2410 2838 faciat,
2437 2787 2497 2827 se
2534 2772 2709 2841 ipsum
2753 2778 2956 2836 movet,
2985 2778 3079 2824 aut
3100 2785 3132 2823 a
3156 2767 3301 2824 ferro
3360 2767 3563 2837 aliquid
3588 2768 3818 2838 patitur,

2223 2864 2366 2936 quod
2388 2865 2455 2920 ad
2475 2879 2535 2920 se
2556 2864 2781 2918 attrahit
2805 2881 2818 2918 :
2851 2863 2926 2918 ita
2954 2877 3139 2917 rerum
3160 2862 3404 2916 omnium
3427 2875 3593 2916 causa
3612 2861 3816 2925 omnia,

2222 2974 2362 3030 quae
2409 2972 2477 3012 ex
2524 2971 2585 3012 se
2608 2965 2752 3022 sunt,
2783 2954 2851 3010 ad
2898 2954 3135 3025 seipsam
3190 2953 3427 3020 reducit,
3452 2953 3571 3009 sine
3600 2952 3711 3007 ullo
3736 2952 3821 3007 sui

2222 3060 2393 3118 motu,
2418 3052 2512 3107 sed
2528 3050 2639 3106 sola
2667 3064 2798 3105 suae
2819 3047 3238 3121 pulchritudinis
3257 3047 3478 3102 virtute.
3507 3045 3647 3101 Hinc
3673 3046 3817 3101 idem

516 2954 930 3011 intellectualem
948 2995 963 3021 ,
990 2957 1095 3011 sive
1117 2955 1441 3010 animalem"
1464 2995 1479 3022 ,
1504 2954 1608 3010 sive
1652 2955 1945 3015 naturalem
1972 2956 2122 3010 dica-

529 3062 669 3113 mus,
692 3048 947 3102 unitivam
973 3047 1240 3118 quandam
1263 3056 1310 3101 et
1329 3046 1739 3101 continuativam
1766 3047 2117 3117 intelligamus

524 3138 789 3206 virtutem,
833 3138 1332 3211 superioraquidem
1358 3147 1641 3193 moventem
1657 3138 1712 3191 in
1733 3139 2116 3208 providentiam
2154 3206 2186 3212 _
2221 3152 2440 3199 sanctus
2484 3141 2773 3212 Dionysius
2821 3140 2981 3205 inter,
3011 3148 3190 3195 cetera
3242 3139 3358 3194 ait:
3416 3136 3595 3203 Quare
3639 3147 3819 3191 autem

493 3285 505 3301 ε
522 3231 859 3301 inferiorum,
887 3206 936 3285 et
962 3206 1311 3303 aequiformia
1338 3232 1531 3285 iterum
1555 3232 1609 3284 in
1630 3206 1932 3285 sociabilem
1954 3233 2111 3287 vicis-
2142 3206 2186 3269 C
2219 3237 2466 3309 Theologi
2506 3206 2673 3291 Deum
2694 3235 2980 3309 aliquando
3007 3234 3218 3306 quidem
3248 3249 3498 3298 amorem,
3520 3230 3815 3303 aliquando

522 3324 831 3389 situdinem,
857 3334 905 3379 et
928 3325 1211 3379 novissima
1242 3323 1475 3392 subjecta
1516 3324 1585 3376 ad
1639 3322 1912 3377 meliorum
1948 3334 1996 3378 et
2025 3342 2114 3379 su-

2224 3346 2333 3385 vero
2380 3329 2735 3394 dilectionem,
2794 3326 3083 3395 aliquando
3141 3324 3368 3379 amabile
3413 3332 3461 3378 et
3514 3320 3817 3376 dilectabile

520 3418 901 3487 perpositorum
922 3417 1325 3471 conversionem.
1353 3415 1496 3470 idem
1520 3415 1573 3469 in
1588 3416 1821 3470 eisdem:
1849 3415 2114 3482 Quoniam
2212 3428 2399 3475 vocant
2431 3420 2472 3453 ιτ
2498 3420 2522 3473 ‘i
2545 3418 2824 3476 Conclusit
2854 3431 3160 3474 sermonem
3204 3417 3285 3472 sic
3322 3415 3546 3470 dicens:
3598 3414 3726 3485 quia
3751 3429 3812 3467 eo

521 3525 587 3563 ea:
599 3526 705 3563 uno
727 3510 920 3562 multos
937 3524 1141 3563 amores
1171 3508 1548 3574 ordinavimus,
1570 3524 1707 3562 nunc
1720 3508 1909 3562 iterum
1933 3525 2111 3563 ontnes
2210 3511 2421 3583 quidem
2444 3521 2698 3576 movetur,
2733 3527 2793 3564 eo
2821 3524 2939 3564 vero
2978 3516 3165 3562 movet.
3199 3505 3373 3574 Quam
3409 3503 3814 3561 conclusionem

519 3603 577 3657 in
606 3619 770 3657 unum
784 3611 838 3657 et
860 3601 1215 3673 complicitum
1237 3617 1491 3668 amorem,
1532 3612 1578 3655 et
1615 3602 1849 3655 omnium
1875 3602 2110 3672 ipsorum
2212 3604 2454 3674 apertius
2471 3602 2515 3633 ³⁸
2537 3600 2859 3657 venerabilis
2879 3598 3145 3655 Maximus
3158 3611 3432 3667 exponens
3452 3596 3564 3651 ait:
3587 3605 3644 3648 ut
3661 3610 3816 3648 αποι-

517 3704 719 3768 patrem
781 3693 1146 3752 convolvamus
1217 3694 1393 3755 simul
1431 3703 1480 3749 et
1536 3710 1904 3765 congregemus
1961 3694 1982 3725 ⁸
2044 3711 2110 3748 ea:
2208 3695 2418 3768 quidem
2439 3694 2723 3750 subsistens
2744 3692 2887 3748 Deus
2907 3701 2956 3748 et
2984 3691 3195 3746 dilectio
3223 3699 3456 3745 movetur
3487 3687 3554 3754 ",
3604 3698 3662 3741 ut
3693 3702 3812 3741 vero

518 3791 724 3857 multis,
747 3791 917 3861 primo
960 3790 1017 3843 in
1063 3789 1198 3844 duas
1239 3788 1725 3859 comprehendentes
1764 3804 1883 3842 eum
1905 3796 2108 3842 amato—
2210 3788 2437 3843 amabile
2464 3797 2512 3842 et
2531 3786 2777 3841 dilectum
2801 3793 2963 3840 movet
2992 3785 3061 3840 ad
3086 3786 3315 3855 seipsum
3336 3782 3514 3837 omnia
3536 3782 3741 3835 amoris
3762 3790 3813 3833 et

519 3882 627 3936 rius
650 3878 1018 3935 universaliter
1037 3881 1276 3945 virtutes,
1307 3895 1532 3951 quarum
1554 3888 1858 3950 potentatur
1877 3888 1924 3932 et
1960 3880 2107 3949 prin-
2208 3879 2569 3935 delectationis
2585 3877 2628 3914 ι’
2656 3879 2937 3948 acceptiva.
2967 3876 3033 3931 Et
3059 3875 3273 3947 planius
3298 3875 3494 3930 iterum
3520 3870 3805 3944 proferet»

518 3975 725 4044 cipatur
745 3974 956 4028 omnino
978 3988 1043 4027 ea:
1084 3973 1317 4026 omnium
1360 3971 1658 4025 summitate
1698 3971 1865 4025 omnis
1908 3970 2104 4023 amoris
2208 3970 2334 4025 dum
2367 3987 2381 4023 :
2424 3967 2667 4022 Movetur
2693 3968 2925 4039 quidem,
2948 3966 3099 4037 quasi
3128 3963 3543 4035 conjunctionem
3565 3963 3809 4030 ingerens

518 4064 959 4121 immensurabilis
994 4046 1361 4132 causa,,etad
1402 4080 1560 4135 quam
1586 4063 1885 4118 extenditur
1909 4078 2103 4115 conna-
2205 4061 2624 4137 inseparabilem
2644 4061 2840 4114 antoris
2875 4069 2925 4114 et
2951 4057 3244 4113 dilectionis
3273 4073 3454 4112 eorum
3482 4055 3807 4125 acceptivis;

518 4158 762 4214 turaliter
785 4159 1066 4230 unicuique
1107 4159 1443 4214 existentium
1471 4168 1518 4212 et
1550 4158 1892 4213 existentibus
1931 4157 2101 4211 omni-
2205 4165 2374 4210 movet
2395 4164 2592 4219 autem,
2605 4153 2758 4224 quasi
2770 4152 3038 4207 attraltens
3057 4168 3150 4222 per
3170 4160 3645 4228 naturameorum,
3670 4164 3813 4218 quae

518 4250 614 4307 bus
652 4251 960 4307 uuitwrsalis
986 4267 1155 4306 amor.
1197 4250 1384 4306 ldem’
1408 4250 1461 4305 in
1491 4249 1735 4305 eisdem:
1782 4249 1892 4319 Age
1940 4265 2102 4315 nunc,
2204 4249 2259 4303 in
2287 4250 2458 4319 ipsum
2509 4247 2553 4279 ²⁰
2611 4256 2903 4310 moventur,
2932 4245 3272 4311 desiderium,
3330 4255 3379 4298 et
3419 4243 3609 4297 iterum
3638 4249 3810 4296 movet

518 4353 567 4401 et
595 4343 690 4397 Itas
713 4343 924 4407 iterum,
948 4342 1045 4395 hoc
1077 4351 1174 4408 est,
1217 4341 1412 4396 amoris
1452 4341 1666 4395 virtutes
1705 4341 1761 4393 in
1791 4356 1954 4394 unum
1976 4356 2104 4394 con-
2204 4348 2252 4393 et
2281 4348 2515 4395 movetur
2542 4338 2587 4371 ’ί
2609 4378 2626 4405 ,
2656 4337 2807 4410 quasi
2833 4338 3014 4392 sitiens
3036 4336 3197 4401 sitiri,
3225 4344 3274 4390 et
3314 4351 3498 4390 amans
3530 4334 3726 4400 amari,
3755 4342 3811 4387 et

516 4445 789 4505 gregantes
832 4434 1093 4500 dicamus,
1146 4434 1272 4505 quia
1313 4449 1420 4486 una
1463 4432 1723 4502 quaedam
1765 4440 1840 4486 est
1881 4430 2103 4501 simplex
2205 4431 2426 4503 diligens
2455 4430 2626 4501 diligi.
2648 4428 2783 4485 Nam
2811 4439 2866 4484 ct
2885 4428 2976 4483 lux
3014 4429 3117 4484 ista
3137 4427 3432 4492 sensibilis,
3463 4441 3602 4496 quae
3625 4434 3809 4482 totum

516 4524 707 4589 virtus,
733 4524 956 4593 seipsam
991 4539 1195 4578 movens
1224 4522 1293 4575 ad
1332 4520 1587 4575 unitivam
1609 4521 1875 4590 quandam
1914 4530 2103 4591 tempe-
2128 4569 2180 4593 η
2205 4522 2473 4579 visibilem
2524 4522 2783 4577 mundum
2810 4520 2998 4592 implet
3019 4523 3087 4587 “,
3108 4520 3235 4576 dum
3265 4519 3339 4576 sit
3367 4532 3581 4589 semper
3605 4517 3807 4573 immo-

516 4616 747 4669 rantiam
769 4632 835 4669 ea:
876 4614 1069 4686 optimo
1098 4631 1258 4685 usque
1300 4612 1633 4668 existentium
1667 4613 2025 4682 novissimum,
2049 4623 2096 4670 et
2206 4615 2351 4681 bilis,
2393 4616 2642 4686 quamvis
2684 4613 2994 4670 vehiculum
3048 4613 3187 4684 ejus,
3217 4610 3362 4683 quod
3391 4609 3570 4665 solare
3597 4624 3808 4681 corpus

517 4707 581 4760 ab
607 4705 698 4759 illo
723 4707 912 4760 iterum
945 4715 1316 4777 consequenter
1336 4721 1429 4776 per
1464 4688 1655 4760 omnia.
1676 4721 1839 4775 usque
1865 4704 1934 4758 ad
1965 4706 2109 4779 opti-r
2205 4708 2453 4773 dicimus,
2468 4723 2564 4780 per
2586 4709 2760 4764 media
2780 4707 3018 4765 aetheris
3039 4706 3211 4777 spatia
3233 4706 3378 4761 circa
3401 4714 3601 4759 terram
3626 4712 3811 4759 aeter-

515 4817 695 4866 mm";
720 4816 783 4855 επ
811 4817 865 4855 δε
901 4801 1040 4871 ipsa:
1062 4810 1110 4854 ει
1147 4817 1240 4871 Ρεν
1262 4816 1317 4855 ⁸⁸
1358 4800 1549 4869 illum:
1577 4806 1624 4853 ει
1649 4798 1717 4851 ad
1749 4798 1972 4871 δείρδαηι
2017 4814 2099 4852 δε·
2205 4819 2278 4861 no
2308 4812 2456 4859 motu
2478 4802 2743 4869 volvatur,
2769 4802 2887 4872 ipsa
2905 4799 3153 4869 vero-lux
3174 4799 3243 4854 ab
3266 4798 3382 4870 ipso
3404 4796 3684 4862 vehiculo,
3712 4811 3809 4851 ve-

513 4893 685 4961 ipsam
727 4873 998 4958 reducens,
1030 4902 1079 4946 et
1123 4892 1179 4946 in
1218 4894 1443 4963 seipsam
1493 4907 1693 4961 semper
1734 4891 1911 4945 eodem
1942 4890 2096 4944 modo
2204 4894 2302 4952 luti
2324 4895 2560 4967 quodam
2589 4893 2738 4950 fonte
2770 4893 3145 4969 .inexhausto,
3198 4905 3447 4955 manans,
3499 4889 3573 4943 ita
3615 4896 3806 4942 totum

513 4982 769 5039 revoluta.
816 4982 1008 5039 Merito
1050 4998 1180 5054 ergo
1215 4999 1369 5039 amor
1403 4983 1545 5039 Deus
1576 4983 1795 5050 dicitur,
1826 4982 1954 5052 quia
1981 4996 2097 5037 om-
2203 4988 2464 5043 mundum
2490 4987 2765 5042 radiorum
2789 5000 3013 5041 suorum
3042 4980 3471 5041 immensurabili
3506 4978 3807 5035 diii'usione

513 5074 600 5131 nis
625 5076 828 5132 amoris
865 5090 1027 5132 causa
1059 5085 1161 5142 est,
1188 5085 1245 5133 et
1262 5091 1360 5148 per
1384 5076 1567 5132 omnia
1595 5074 1933 5140 dill'unditur,
1961 5082 2018 5129 et
2040 5072 2097 5127 in
2204 5077 2498 5149 perfundit,
2517 5075 2986 5133 utnullumlocum
3003 5074 3291 5146 relinquat,
3310 5070 3805 5144 quosemoveat”,

511 5184 681 5227 unum
713 5169 922 5242 colligit
965 5171 1170 5240 omnia,
1208 5180 1265 5228 et
1302 5171 1373 5227 ad
1414 5171 1655 5243 seipsam
1702 5166 1961 5228 ineffabili
2009 5181 2098 5223 re-
2205 5178 2496 5240 manetque
2540 5182 2758 5240 semper
2810 5165 3124 5225 immobilis.
3164 5165 3381 5238 Ubique
3427 5163 3572 5220 enim
3639 5163 3693 5217 in
3748 5162 3806 5194 ”

1806 5304 2063 5363 VARIAE
2098 5302 2502 5364 LECTIONES.

581 5438 837 5515 {SicCD
853 5456 878 5515 ;
896 5449 946 5496 et
970 5454 1079 5515 om.
1107 5422 1201 5515 Ατς
1278 5444 1300 5475 ³
1345 5436 1603 5515 Sic_CD;_
1639 5439 1776 5515 enim
1808 5456 1927 5515 om.
1964 5440 2045 5515 Α.
2138 5439 2169 5515 Α⁸
2192 5437 2289 5515 Sic
2325 5437 2450 5515 CD;
2478 5456 2576 5515 pro
2619 5449 2739 5496 sunt
2775 5440 3127 5515 A_possunt._
3199 5438 3222 5469 "
3254 5433 3345 5495 Sic
3572 5436 3647 5515 ,ᾗ
3667 5450 3801 5515 aut.

510 5510 536 5582 ξ
579 5510 670 5568 Sic
701 5512 820 5578 CD;
853 5509 1301 5582 Auniversalitas.
1371 5508 1402 5582 ξ
1433 5508 1523 5582 Sic
1564 5510 1643 5582 C;
1681 5512 1726 5582 Α
1751 5511 1931 5577 etiam,
1963 5510 2007 5567 D
2034 5512 2143 5567 ac.‘
2204 5512 2225 5543 "
2262 5512 2305 5567 D
2342 5508 2674 5566 anim—alium.
2787 5508 2875 5565 l’D
2919 5511 3267 5582 congerimus.
3312 5581 3317 5582 γ
3370 5508 3390 5538 ⁹
3429 5510 3520 5582 Sic
3557 5508 3699 5582 CD;
3748 5512 3802 5566 Α

510 5579 667 5639 Item.
748 5584 791 5614 ¹⁰
810 5577 853 5637 C
878 5582 1053 5644 nullo;
1078 5581 1124 5635 D
1152 5580 1302 5635 iullo.
1366 5580 1407 5611 ¹¹
1443 5580 1534 5634 Sic
1561 5580 1679 5645 CD;
1701 5581 2280 5653 Ainseparabiliterque
2340 5583 2382 5613 ¹¹
2412 5581 2503 5639 Sic
2520 5583 2635 5650 CD;
2658 5583 2703 5636 A
2727 5583 2910 5637 trahit.
2965 5577 3121 5637 "'Sic
3145 5581 3261 5646 CD;
3294 5581 3339 5635 Α
3360 5590 3428 5635 ct.
3488 5578 3531 5609 "
3552 5577 3643 5634 Sic
3664 5580 3800 5649 CD;

507 5672 555 5726 A
596 5683 644 5728 et
674 5672 917 5728 amabile.
1013 5672 1058 5704 "
1084 5654 1175 5729 Sic
1200 5673 1274 5738 A;
1315 5670 1403 5728 CD
1432 5680 1717 5741 magnetes.
1820 5671 1864 5702 "
1888 5672 1978 5725 Sic
2008 5672 2117 5738 CD;
2150 5673 2195 5727 Α
2217 5674 2334 5727 sibi.
2439 5674 2477 5704 "
2504 5673 2594 5729 Sic
2638 5674 2764 5738 AD;
2820 5670 2862 5726 C
2888 5682 3125 5727 evocant.
3205 5673 3277 5741 "'7
3305 5670 3349 5723 A
3380 5670 3575 5741 aptius.
3656 5670 3699 5703 "
3729 5688 3804 5726 eo

509 5759 628 5797 vero
655 5754 815 5799 movet
839 5755 1162 5799 —movetur
1179 5760 1290 5799 om.
1322 5744 1382 5798 D.
1492 5739 1553 5776 ’δ’
1584 5741 1677 5797 Sic
1700 5741 1742 5797 C
1770 5758 1785 5807 ;
1819 5741 1862 5794 D
1887 5742 2199 5797 dilectionis.
2308 5743 2352 5775 ‘°
2379 5742 2470 5799 Sic
2508 5743 2623 5806 CD;
2648 5743 2692 5795 A
2730 5744 2783 5797 in
2804 5760 2857 5796 se
2884 5744 3079 5810 ipsum.
3137 5755 3145 5761 '
3182 5742 3225 5772 "
3257 5740 3348 5795 Sic
3388 5739 3509 5804 CD;
3543 5741 3586 5793 A
3618 5757 3808 5794 move»

513 5827 718 5883 terque.
794 5816 838 5846 ²¹
867 5815 957 5869 Sic
984 5814 1061 5881 C;
1096 5815 1140 5869 Α
1166 5815 1341 5884 implet
1367 5814 1618 5871 mundum
1644 5813 1840 5885 (implet
1888 5828 1998 5869 om.
2028 5812 2115 5884 D.)
2191 5814 2237 5846 "
2282 5815 2373 5870 Sic
2417 5813 2611 5882 CD;A
2640 5823 2806 5894 movet
2854 5816 2926 5885 ,³⁵
2952 5814 3043 5868 Sic
3070 5813 3178 5879 CD;
3214 5813 3267 5865 in
3295 5826 3404 5867 om.
3449 5812 3512 5864 Α.
