4028 6280
278 464 381 523 52!

1204 449 1291 505 DE
1328 444 1669 505 DIVISIONE
1706 437 2058 498 NATURAE.
2099 465 2171 481 -—
2208 434 2409 491 LIBER
2446 432 2725 489 PRIMUS.

3456 428 3561 515 sua

277 576 483 635 mundo
506 581 591 629 est
616 572 775 644 plena
819 582 1033 640 semper
1066 574 1123 622 et
1176 563 1406 635 integra,
1458 560 1661 617 nullum
1692 558 1869 613 locum
1898 556 1951 619 Α
1975 559 2189 607 amatur
2210 566 2240 605 a
2266 548 2463 619 seipso,
2491 548 2544 602 in
2567 547 2720 603 nobis
2742 552 2798 601 et
2826 545 2879 600 in
2904 546 3101 616 seipso,
3133 542 3226 600 sed
3254 544 3374 614 plus
3395 558 3561 614 quam

278 671 536 726 deserens
555 665 641 722 vel
688 670 949 734 appetens
995 655 1648 732 praeter‘portiunculam
1696 668 1866 723 quau-

278 760 405 815 dam
433 755 709 813 inferioris
732 753 891 824 hujus
915 751 1058 807 aéris
1080 751 1225 805 circa
1245 756 1468 812 terram,
1498 759 1659 816 quam
1685 743 1753 798 ad
1777 757 1885 811 cae

276 853 531 926 piendam
547 850 791 906 umbram
814 847 1042 914 telluris,
1057 862 1198 917 quae
1221 859 1328 901 nox
1347 842 1562 907 dicitur,
1580 839 1863 909 relinquit;

276 946 522 1003 omnium
555 953 736 999 tamen
765 942 1079 997 animalium
1111 940 1289 993 lumen
1341 935 1542 993 sentire
1577 932 1866 990 valentium

277 1040 498 1095 obtutus
527 1045 725 1102 movet,
757 1044 814 1091 et
838 1034 906 1089 ad
928 1035 1181 1105 seipsam'
1219 1029 1468 1097 attrahit,
1517 1038 1577 1084 ut
1602 1043 1717 1100 per.
1746 1043 1864 1083 eam

278 1130 569 1202 aspiciant,
604 1138 865 1201 quantum
924 1127 1167 1197 aspicere
1199 1124 1214 1154 ⁸
1246 1131 1472 1195 possunt
1513 1123 1555 1186 ²,
1595 1119 1738 1192 quod
1781 1134 1868 1173 as-

276 1225 461 1295 picere
487 1231 715 1294 possunt
745 1222 791 1288 ³,
846 1221 1078 1290 ideoque
1106 1217 1311 1287 moveri
1339 1223 1579 1286 putatur,
1620 1214 1747 1284 quia
1774 1228 1883 1267 ra-.

279 1316 400 1372 dios
426 1315 729 1381 oculorum,
754 1320 815 1368 ut
840 1313 908 1368 ad
939 1328 999 1369 se
1023 1318 1364 1374 moveantur,
1388 1315 1664 1379 permovet
1692 1305 1738 1371 ³,
1762 1306 1867 1361 hoc

278 1419 382 1475 est,
424 1408 703 1465 oculorum
742 1405 998 1461 motionis
1038 1405 1107 1460 ad
1150 1402 1442 1459 videndum
1477 1415 1642 1455 causa
1670 1406 1773 1456 est.
1802 1400 1870 1455 Et

277 1516 345 1555 ne
381 1500 596 1555 mireris
643 1498 888 1565 audiens,
920 1506 1171 1553 naturam
1207 1495 1362 1559 lucis,
1411 1509 1549 1565 quae
1579 1503 1662 1550 est
1705 1494 1865 1566 ignis,

276 1601 451 1647 totum
498 1591 757 1647 mundum
792 1589 1104 1646 sensibilem
1146 1587 1394 1658 implere,
1434 1586 1868 1642 immutabiliter—

276 1699 383 1754 que
410 1683 434 1715 ⁸
457 1682 658 1752 ubique
707 1696 867 1747 esse;
898 1695 1023 1734 nam
1049 1688 1105 1734 et
1156 1687 1379 1734 sanctus
1428 1679 1716 1749 Dionysius
1764 1678 1868 1734 hoc

274 1777 435 1831 docet
463 1776 517 1830 in
567 1756 806 1830 libroode
845 1771 1064 1828 caelesti
1090 1770 1113 1803 ⁸
1160 1770 1465 1827 lcrarchia:
1494 1778 1716 1825 sanctus
1740 1771 1867 1824 item

271 1869 507 1924 Basilius
561 1869 614 1922 in
642 1868 906 1927 Exemero
955 1865 1143 1922 eadem
1182 1862 1464 1919 'aﬂirmat:
1517 1864 1867 1919 substantiam

271 1965 484 2037 quidem
513 1963 726 2017 luminis
755 1962 944 2033 ubique
958 1978 1087 2027 esse,
1118 1961 1174 2015 iu
1202 1956 1530 2015 vero‘mundi
1559 1957 1866 2012 'luminari-
1898 1945 1940 2003 Β
1967 1954 2090 1996 eum
2119 1954 2521 2009 essenegemus

272 2058 392 2121 bus,
423 2056 528 2111 sive
545 2055 775 2126 magnis,
800 2054 907 2108 sive
929 2054 1126 2124 paruis,
1151 2051 1385 2107 naturali
1434 2052 1663 2123 quadam
1691 2067 1876 2123 opera-

273 2149 415 2202 tione
437 2161 795 2217 prorumpere,
820 2160 925 2198 non
956 2152 1013 2197 ut
1039 2142 1211 2198 solum
1240 2142 1524 2207 illuminat,
1557 2142 1648 2196 sed
1671 2150 1725 2195 ut
1755 2158 1868 2195 mo-

272 2242 411 2297 tibus
439 2239 741 2296 caelestium
776 2254 1053 2309 corporum
1100 2253 1252 2292 omne
1282 2237 1304 2268 ⁸
1334 2245 1537 2306 tempus
1564 2235 1871 2305 distinguat.

271 2331 415 2400 Quid
450 2331 626 2386 dicam
656 2331 723 2385 de
756 2329 982 2394 artibus,
1020 2343 1157 2400 quas
1203 2327 1476 2398 sapientes
1504 2326 1754 2381 liberales
1783 2342 1877 2397 ap-

268 2410 475 2497 pellant
494 2414 833 2494 disciplinas,
850 2438 1008 2492 quae,
1022 2422 1148 2476 dum
1171 2422 1224 2476 in
1246 2421 1551 2490 semetipsis
1564 2437 1661 2491 per
1681 2428 1878 2476 semet-

271 2518 421 2587 ipsas
433 2515 643 2587 plenae,
658 2516 921 2585 integrae,
935 2512 1404 2583 immutabilesque
1414 2519 1753 2583 permanent,
1770 2526 1880 2565 mo-

268 2610 386 2664 veri
405 2617 584 2663 tamen
598 2607 869 2671 dicuntur,
883 2605 1097 2675 quando
1109 2604 1131 2635 ’
1148 2603 1484 2659 rationabilis
1495 2603 1659 2658 animi
1674 2604 1878 2658 contui-

270 2715 389 2760 tum
409 2704 476 2758 ad
499 2718 557 2758 se
579 2690 921 2774 quaerendas
942 2698 1398 2770 inveniendasque
1411 2707 1730 2769 permovent
1747 2700 1811 2763 ιο,
1824 2708 1879 2755 et

273 2800 345 2855 ad
369 2814 429 2855 se
460 2796 880 2855 considerandas
909 2795 1214 2861 attrahunt,
1242 2795 1316 2850 ita
1343 2802 1469 2848 utet
1500 2794 1541 2825 “
1563 2794 1733 2863 ipsae,
1749 2793 1876 2848 dum

272 2907 375 2963 per
404 2906 485 2956 se,
515 2898 576 2945 ut
596 2889 852 2955 diximus,
890 2888 1257 2944 immutabiles
1295 2896 1419 2943 sunt
1467 2886 1536 2953 η,
1561 2886 1765 2942 moveri
1797 2894 1881 2941 ta-

272 2999 403 3041 men
426 2985 480 3039 in
509 2983 785 3039 mentibus
807 2983 1111 3053 sapientum
1141 2982 1457 3045 videantur,
1477 2997 1600 3038 cum
1625 2982 1628 2988 λ
1654 2995 1747 3037 eas
1768 2995 1877 3036 mo-

274 3077 473 3132 veant?
509 3078 577 3131 Et
605 3075 777 3130 multa
802 3075 931 3140 alia,
963 3075 1018 3129 in
1066 3074 1262 3144 quibus
1295 3075 1509 3131 divinae
1544 3074 1762 3130 virtutis
1782 3074 1877 3129 ob-

276 3186 440 3227 scura
468 3168 801 3239 conspicitur
821 3166 1134 3223 similitudo.
1164 3166 1284 3237 Ipsa
1299 3167 1443 3222 enim
1473 3173 1558 3221 est
1579 3180 1743 3235 super
1760 3179 1878 3219 om-

275 3278 405 3319 nem
456 3259 884 3326 similitudinem,
943 3274 1214 3329 omneque
1280 3257 1497 3313 excellit
1545 3256 1872 3326 exemplum.

276 3355 433 3425 Quae
462 3355 588 3409 dum
614 3369 711 3425 per
758 3360 910 3410 seret
949 3354 1001 3408 in
1038 3368 1099 3408 se
1144 3351 1554 3407 immutabiliter
1582 3349 1872 3407 aeternali-
1901 3329 1946 3390 (ἶ

281 3459 476 3519 terque
503 3455 630 3513 stat,
679 3461 899 3503 movere
924 3454 1107 3501 tamen
1155 3445 1338 3501 omnia
1377 3444 1597 3510 dicitur,
1621 3442 1879 3514 quoniam
1938 3488 1947 3494 .

278 3553 384 3610 per
420 3553 540 3594 eam
571 3546 627 3595 et
672 3538 728 3594 in
755 3553 820 3593 ea
849 3537 1032 3592 omnia
1064 3536 1389 3601 subsistunt,
1427 3543 1483 3590 et
1530 3550 1595 3591 ex
1628 3551 1737 3590 non
1763 3549 1883 3590 esse

281 3633 341 3688 in
397 3647 519 3688 esse
572 3631 799 3687 adducta
833 3638 978 3686 sunt.
1006 3628 1249 3684 Essendo
1268 3629 1414 3684 enim
1459 3636 1545 3684 est
1581 3628 1625 3659 ¹³
1656 3646 1667 3682 :
1701 3629 1882 3684 omnia

281 3741 416 3781 vero
447 3724 496 3803 f‘
523 3724 588 3780 de
614 3718 791 3779 nihilo
818 3723 887 3778 ad
912 3736 1034 3778 esse
1057 3723 1357 3793 procedunt
1384 3720 1448 3803 “f.
1493 3720 1563 3775 Et
1587 3721 1654 3777 ad
1679 3737 1738 3776 se
1764 3735 1883 3776 om-

284 3819 374 3875 nia
400 3800 663 3873 attrahit:
696 3816 902 3872 moveri
934 3831 1153 3887 quoque
1174 3815 1395 3880 dicitur,
1417 3800 1696 3883 quoniam
1741 3814 1882 3884 seip-

286 3925 403 3965 sam
431 3906 498 3961 ad
537 3908 771 3976 seipsam
796 3916 1021 3986 movet,
1064 3920 1128 3961 ac
1156 3920 1253 3974 per
1280 3905 1384 3961 hoc
1414 3904 1652 3974 seipsum
1676 3913 1882 3971 movet,

286 4019 351 4058 ac
380 4002 543 4058 veluti
585 4016 614 4056 a
642 4000 815 4071 seipsa
845 4008 1110 4055 movetur.
1153 3998 1294 4053 Deus
1318 3998 1503 4067 itaque
1523 4011 1620 4068 per
1643 3996 1884 4066 seipsmn

288 4109 443 4149 amor
468 4101 573 4158 est,
595 4106 694 4163 per
729 4091 967 4161 seipsum
994 4088 1156 4153 visio,
1185 4102 1284 4158 per
1298 4076 1542 4159 seipsum
1568 4094 1795 4142 motus:
1824 4094 1882 4141 et

289 4197 470 4244 tamen
501 4201 675 4255 neque
697 4192 877 4240 motus
922 4193 1029 4249 est,
1079 4197 1253 4252 neque
1280 4182 1440 4247 visio,
1490 4195 1664 4251 neque
1706 4194 1883 4247 amor,

289 4278 384 4333 sed
412 4276 536 4346 plus
593 4290 754 4346 quam
805 4288 980 4341 amor,
1004 4272 1126 4345 plus
1172 4288 1333 4343 quam
1385 4271 1544 4337 visio,
1575 4270 1696 4341 plus
1724 4286 1886 4341 quam

1970 651 2116 701 amat
2167 651 2223 699 et
2243 650 2455 697 amatur
2492 640 2547 696 in
2566 640 2726 714 nobis
2748 638 2874 694 etin
2900 640 3095 710 seipso.
3128 638 3285 694 Videt
3325 638 3564 707 seipsum

1969 744 2023 790 et
2048 734 2260 790 videtur
2306 750 2338 788 a
2388 733 2585 804 seipso,
2619 732 2673 787 in
2713 730 2890 803 seipso
2922 739 2977 786 et
3016 731 3081 809 in
3109 730 3307 787 nobis:
3353 745 3452 786 nec
3481 741 3565 786 ta-

1970 844 2093 884 men
2122 828 2266 883 videt
2290 828 2548 897 seipsum,
2576 840 2674 881 nec
2702 826 2915 880 videtur
2941 839 2972 878 a
3000 824 3201 895 seipso,
3224 823 3280 877 in
3301 809 3480 893 “seipso
3508 829 3565 878 et

1969 919 2031 995 in,
2048 920 2228 985 nobis,
2262 919 2354 975 sed
2381 919 2424 950 ¹⁸
2444 918 2565 990 plus
2585 933 2749 989 quam
2770 916 2938 983 videt,
2963 923 3018 971 et
3042 915 3255 972 videtur
3281 914 3334 969 in
3360 915 3562 984 seipso,

1968 1021 2022 1069 et
2046 1013 2099 1068 in
2128 1012 2302 1068 nobis.
2338 1010 2515 1068 Movet
2537 1010 2775 1081 seipsum
2800 1018 2856 1066 et
2880 1018 3128 1066 movetur
3175 1024 3207 1062 a
3260 1007 3473 1077 seipso,
3506 1006 3563 1061 in

1969 1112 2146 1181 seipso
2160 1120 2214 1166 et
2239 1110 2293 1164 in
2320 1107 2504 1163 nobis:
2542 1122 2650 1161 non
2676 1103 2718 1137 ¹⁹
2749 1113 2927 1160 tamen
2954 1111 3136 1158 movet
3180 1101 3438 1171 seipsum,
3465 1114 3567 1153 nec
3618 1158 3636 1171 ,

1969 1212 2217 1259 movetur
2230 1218 2259 1256 a
2274 1202 2470 1271 seipso,
2496 1199 2550 1253 in
2571 1198 2771 1268 seipso,
2793 1206 2848 1252 et
2869 1196 2921 1251 in
2935 1195 3110 1261 nobis,
3128 1193 3251 1264 quia
3268 1192 3388 1264 plus
3401 1205 3565 1264 quam

1970 1304 2150 1352 movet
2175 1305 2230 1351 et
2259 1303 2505 1349 movetur
2532 1290 2795 1361 inseipso
2827 1297 2883 1343 et
2921 1287 2977 1342 in
3004 1286 3180 1343 nobis.

1992 1436 1995 1441 .
2041 1386 2127 1442 76.
2166 1387 2233 1441 Et
2258 1386 2393 1440 haec
2442 1392 2527 1441 est
2568 1390 2724 1439 cauta
2764 1389 2821 1437 et
2877 1379 3132 1436 salutaris
3188 1386 3244 1433 et
3303 1374 3569 1432 catholica

1969 1479 2036 1535 de
2088 1478 2198 1533 Deo
2250 1476 2607 1550 praedicanda
2662 1471 2948 1544 professio,
3022 1479 3085 1524 ut
3166 1469 3317 1539 prius
3381 1469 3447 1525 de
3498 1482 3562 1521 eo

1962 1572 2119 1645 juxta
2172 1571 2535 1639 catalaticam,
2572 1568 2645 1633 id,
2678 1574 2762 1621 est
2810 1563 3225 1635 allirmationem
3263 1560 3331 1626 ’°,
3360 1558 3569 1635 omnia

1970 1669 2082 1723 sive
2110 1662 2532 1728 uominaliter“,
2548 1663 2661 1718 sive
2680 1657 3371 1730 verbaliterpraedicemus,
3396 1663 3504 1709 non]
3525 1654 3570 1683 “

1971 1768 2149 1814 tamen
2195 1757 2432 1828 preprie,
2490 1755 2583 1809 sed
2647 1751 3015 1816 translative;
3079 1748 3273 1804 deinde
3347 1755 3408 1807 ut
3456 1760 3573 1800 om-

1971 1849 2084 1915 nia,
2124 1862 2262 1919 quae
2320 1847 2386 1903 de
2423 1861 2488 1902 eo
2533 1846 2579 1877 ³³
2614 1841 3153 1914 ρι-ιιθιιὶρειηῑιιι-’ρθιι
3201 1835 3570 1902 catalatic'am,

2566 1952 2666 2006 per
2706 1934 3053 2006 apolaticam,
3104 1931 3155 1986 id
3204 1939 3289 1984 est
3331 1928 3575 1998 negatio-

1979 2048 2125 2099 nem,
2152 2048 2258 2088 non
2285 2032 2331 2063 ἰ
2361 2041 2542 2098 tamen
2568 2030 2901 2094 translative,
2926 2028 3019 2084 sed
3039 2026 3255 2098 proprie
3279 2024 3348 2075 ’⁵.
3380 2021 3575 2091 Verius

1978 2126 2123 2182 enim
2157 2133 2386 2196 negatur
2426 2124 2568 2179 Dens
2590 2123 2718 2193 quid
2752 2121 2798 2153 ²⁶
2829 2135 3040 2185 eorum,
3065 2133 3205 2189 quae
3226 2116 3304 2183 de
3326 2129 3392 2171 eo
3417 2128 3575 2185 prae—

1980 2218 2231 2274 dicantur
2266 2231 2422 2280 esse,
2468 2230 2634 2285 quam
2679 2212 2982 2269 afﬁrmatur
3019 2225 3173 2265 esse:
3234 2206 3426 2263 deinde
3464 2219 3571 2273 sus-

1978 2326 2076 2380 per
2102 2323 2282 2374 omne,
2309 2308 2449 2378 quod
2474 2306 2540 2361 de
2559 2320 2625 2360 eo
2646 2306 2691 2372 ξ’
2715 2303 3085 2375 praedicatur,
3102 2295 3575 2370 superessentialis

1980 2410 2201 2467 natura,
2248 2414 2386 2470 quae
2432 2397 2611 2453 omnia
2648 2404 2797 2452 creat
2838 2402 2893 2450 et
2940 2409 3048 2449 non
3094 2399 3334 2454 creatur,
3384 2401 3575 2457 super-

1980 2491 2341 2549 essentialiter
2387 2487 2816 2559 superlaudanda
2873 2492 2975 2540 est.
3041 2482 3194 2549 Quod
3248 2494 3378 2551 ergo
3435 2476 3578 2530 Deus

1980 2586 2204 2639 verbum
2230 2596 2359 2637 caro
2389 2579 2590 2635 factum
2612 2579 2725 2634 suis
2749 2574 2999 2647 dicipulis
3020 2574 3133 2628 ait:
3167 2571 3291 2627 Non
3318 2585 3405 2624 vos
3428 2566 3573 2631 estis,

1980 2679 2068 2751 qui
2094 2675 2367 2747 loquimini
2377 2673 2493 2739 ,sed
2522 2673 2736 2743 spiritus
2752 2669 2932 2724 Patris
2955 2668 3133 2731 uestri,
3157 2666 3245 2735 qui
3267 2662 3499 2733 loquitur
3521 2660 3578 2713 in

1981 2770 2144 2836 vobis,
2170 2784 2298 2824 vera
2327 2767 2467 2821 ratio
2498 2766 2641 2837 cogit
2669 2757 2766 2819 nos
2812 2763 2878 2818 de
2909 2760 2954 2793 ’⁸
2983 2759 3100 2815 aliis
3120 2756 3387 2814 similibus
3421 2753 3572 2809 simi-

1979 2864 2103 2919 liter
2126 2864 2367 2928 credere,
2387 2861 2566 2916 dicere
2590 2858 2658 2924 ”,
2687 2856 3003 2928 intelligere.
3031 2852 3148 2908 Non
3177 2866 3274 2906 vos
3300 2849 3451 2912 estis,
3485 2847 3578 2915 qui

1981 2956 2177 3010 amatis
2201 2995 2214 3018 ,
2245 2952 2338 3023 qui
2375 2952 2595 3016 videtis,
2622 2950 2714 3020 qui
2747 2948 2990 3013 movetis,
3023 2945 3119 3001 sed
3147 2942 3372 3015 spiritus
3400 2938 3580 2995 Patris

1980 3050 2149 3105 vestri
2176 3047 2244 3113 ³ο,
2273 3046 2364 3118 qui
2405 3045 2644 3115 loquitur
2684 3044 2738 3097 in
2759 3028 2912 3097 vobis
2954 3037 3237 3093 veritatem
3288 3033 3355 3088 dc
3397 3046 3485 3086 me
3524 3037 3581 3085 et

1981 3143 2143 3196 Patre
2171 3155 2293 3196 meo
2326 3147 2381 3194 et
2412 3136 2607 3208 seipso,
2648 3136 2764 3205 ipse
2804 3138 2953 3188 amat
2977 3138 3034 3185 et
3063 3127 3213 3183 videt
3246 3140 3355 3190 me,
3385 3129 3439 3177 et
3468 3120 3576 3174 Pa-

1982 3239 2119 3287 trem
2149 3246 2331 3287 meum
2360 3238 2414 3285 et
2442 3228 2676 3298 seipsum
2727 3225 2783 3280 in
2812 3223 2984 3288 vobis,
3013 3228 3069 3275 et
3114 3223 3295 3274 movet
3339 3213 3578 3284 seipsum

1978 3327 2033 3382 in
2063 3324 2215 3381 vobis
2241 3324 2309 3392 “,
2326 3332 2387 3377 ut
2413 3319 2649 3392 diligatis
2678 3331 2766 3373 me
2796 3323 2852 3373 et
2876 3314 3092 3370 Patrem
3124 3323 3325 3366 meum.
3357 3305 3419 3361 Si
3447 3317 3579 3374 ergo

1982 3421 2215 3493 seipsum
2244 3425 2431 3475 sancta
2458 3416 2699 3472 Trinitas
2738 3413 2796 3468 in
2825 3409 2982 3466 nobis
3009 3416 3066 3463 ct
3099 3405 3153 3460 in
3181 3402 3361 3473 seipsa
3396 3403 3576 3462 amat,

1983 3517 2216 3586 seipsum
2243 3514 2288 3546 ”
2315 3525 2369 3570 et
2414 3512 2561 3567 videt
2610 3517 2667 3564 et
2712 3512 2939 3563 movet:
2981 3516 3081 3573 pro
3124 3504 3275 3555 certo
3326 3510 3356 3549 a
3404 3493 3578 3586 seipsa

1984 3582 2217 3672 amatur,
2260 3606 2498 3670 videtur,
2542 3608 2811 3664 movetur,
2857 3592 3153 3652 secundum
3183 3582 3578 3645 excellentissi—

1984 3715 2133 3755 mum
2161 3699 2399 3764 modum,
2430 3694 2561 3751 nulli
2592 3700 2876 3750 creaturae
2898 3685 3315 3759 cognitum,quo
3344 3679 3579 3749 seipsam

1984 3802 2041 3848 et
2068 3799 2215 3847 amat
2244 3801 2298 3847 et
2327 3791 2473 3845 videt
2494 3799 2549 3845 et
2574 3796 2774 3853 movet,
2804 3793 2861 3840 et
2899 3800 2932 3838 a
2969 3782 3175 3853 seipsa,
3210 3779 3263 3833 in
3295 3776 3492 3846 seipsa,
3523 3780 3580 3827 et

1985 3883 2041 3938 in
2066 3881 2344 3943 creaturis
2391 3880 2504 3936 suis
2550 3888 2783 3944 amatur,
2806 3875 3043 3939 videtur,
3065 3877 3334 3934 movetur,
3358 3881 3482 3921 cum
3507 3864 3580 3917 sit

1985 3987 2149 4042 super
2199 3971 2402 4035 omnia,
2454 3985 2592 4040 quae
2646 3968 2714 4023 de
2763 3981 2822 4021 se
2866 3966 3136 4020 dicuntur.
3188 3960 3266 4014 De
3321 3954 3581 4011 ineﬂ‘ahili

1987 4066 2133 4122 enim
2159 4065 2282 4135 quis
2311 4072 2367 4118 et
2392 4062 2519 4133 quid
2551 4067 2730 4132 potest
2757 4058 2892 4123 fari,
2923 4054 3076 4125 cujus
3100 4068 3203 4109 nec
3229 4064 3426 4107 nomen
3453 4061 3581 4118 pro-

1985 4156 2185 4229 prium,
2214 4168 2315 4211 nec
2346 4157 2594 4219 verbum,
2627 4167 2730 4206 nec
2755 4149 2861 4205 ulla
2886 4163 2993 4204 vox
3030 4142 3249 4217 propria
3281 4139 3576 4204 invenitur,

1987 4265 2088 4306 nec
2128 4258 2234 4315 est,
2259 4263 2363 4303 nec
2397 4246 2514 4302 ﬁeri
2544 4251 2742 4317 potest,
2791 4242 2879 4314 qui
2908 4239 3050 4296 solus
3080 4237 3231 4291 habet
3258 4231 3579 4289 immortali-

290 4379 488 4425 motus.
507 4369 575 4423 Et
595 4378 677 4424 est
698 4384 798 4439 per
818 4368 1053 4440 seipsum
1080 4383 1281 4432 amare,
1308 4366 1512 4434 videre,
1526 4381 1742 4422 movere
1759 4385 1771 4421 :
1788 4382 1888 4423 nec

1989 4352 2146 4397 tatem
2175 4351 2220 4396 et
2258 4339 2425 4395 lucem
2452 4338 2651 4393 habitat
2680 4331 3128 4391 inaccessibilem?
3157 4328 3457 4401 Quisenim
3484 4341 3575 4378 co-

293 4470 473 4515 tamen
489 4467 573 4514 est
591 4474 686 4530 per
707 4460 944 4528 seipsum
973 4474 1181 4524 amare,
1208 4456 1416 4523 videre,
1439 4472 1659 4514 movere
1674 4458 1742 4523 η,
1759 4459 1885 4528 quia

1988 4438 2161 4509 gnovit
2196 4433 2513 4490 intellectum
2548 4430 2798 4486 Domini?
2826 4428 2931 4483 Sed
2976 4428 3290 4498 priusquam
3320 4435 3578 4493 praesen—

291 4548 377 4609 est
403 4554 445 4585 "
467 4516 1012 4623 plus'quam'amm,
1065 4516 1273 4617 videre,
1312 4516 1551 4607 Inopem,
1603 4516 1739 4607 ιιθηί
1777 4516 1890 4621 ’ρετ
1991 4541 2099 4587 tem
2144 4528 2563 4602 disputationem
2612 4526 2984 4584 terminemus,
3014 4520 3187 4578 sancti
3235 4516 3475 4588 Dionysii
3515 4516 3581 4571 de

293 4609 545 4715 seipsum
575 4609 748 4701 amari
772 4653 876 4712 est,
933 4609 1234 4717 videi-ique,
1261 4609 1599 4717 ’ωονθιιίφιθ
1631 4663 1645 4700 ε
1676 4609 1889 4703 nou-ta-
1922 4699 1967 4717 ﬁ
1991 4626 2173 4682 divino
2216 4633 2362 4680 statu
2408 4629 2664 4692 motuque
2692 4618 2984 4691 capitulum
3019 4615 3064 4647 ³³
3091 4614 3266 4669 visum
3314 4620 3398 4667 est
3446 4609 3577 4665 mihi

294 4755 418 4795 men
447 4753 544 4810 per
563 4730 802 4810 seipsum
818 4737 1023 4793 moveri
1039 4745 1144 4805 est,
1167 4754 1269 4795 nec
1287 4738 1480 4805 videri,
1500 4699 1680 4810 neque
1693 4740 1887 4808 amari,
1915 4699 1970 4761 D
1996 4720 2121 4775 huic
2162 4718 2283 4773 loco
2308 4713 2653 4771 inserendum
2679 4711 2748 4777 “,
2776 4710 2821 4766 si
2856 4709 2948 4765 tibi
2976 4708 3206 4775 videtur.

294 4795 553 4902 quoniam
582 4795 704 4902 plus
731 4840 833 4896 est,
860 4846 1024 4903 quam
1046 4839 1107 4886 ut
1129 4795 1299 4902 possit
1327 4795 1809 4900 amari,et.videri,
1836 4795 1892 4889 ei
2065 4812 2154 4867 ⁷⁷·
2180 4813 2323 4867 θιεο·
2343 4808 2568 4903 Videt?”
2592 4807 2771 4903 Ριξιῐξθν
2788 4813 2953 4903 ξιιιιυθ
2978 4804 3081 4858 hac
3104 4798 3395 4857 ηονίεεῖπιεὶ
3416 4795 3581 4903 Pal“:

299 4921 528 4978 moveri.
555 4920 719 4977 Amat
741 4922 909 4995 igitur
935 4922 1173 4994 seipsum
1201 4931 1257 4978 et
1298 4932 1512 4979 amatur
1549 4940 1581 4980 a
1604 4924 1803 4995 seipso,
1832 4925 1887 4980 in

1991 4904 2262 4960 cinatione
2287 4903 2355 4958 ab
2393 4901 2538 4957 omni
2566 4898 2918 4970 ambiguitate
2944 4903 3232 4968 purgatum
3259 4907 3347 4948 me
3377 4906 3499 4947 esse
3533 4889 3579 4920 "

300 5014 460 5070 nobis
486 5021 544 5070 et
576 5013 632 5070 in
679 4983 860 5086 seipso
886 5031 902 5071 :
942 4983 1046 5072 nec
1097 5022 1282 5072 tamen
1307 5024 1457 5073 ama;
1481 4983 1719 5090 δείρευὼ
1787 4983 1887 5073 ᾗπερ
1991 4999 2166 5054 video.
2198 4993 2412 5053 Mthn
2437 4993 2577 5051 libro
2603 4993 2670 5051 de
2696 4991 2893 5049 divinis
2918 4989 3224 5046 nominibus
3255 4983 3579 5055 :Jleliquum

1588 5205 1846 5265 VARIAE
1881 5206 2288 5266 LECTIONES.

334 5442 350 5454 .
376 5367 402 5402 ¹
422 5366 661 5454 aspice-re
674 5368 866 5454 ΨΜ).
895 5369 1060 5454 ..⁸-⁸
1080 5368 1274 5454 δίορρ
1297 5368 1608 5454 ςρἣροξείηε.
1655 5370 1707 5454 ,⁸
1731 5369 1949 5454 SicCln);
1973 5373 2320 5454 Ahpromovet.
2399 5371 2420 5403 '
2456 5367 2679 5454 Sic.
2698 5355 3244 5454 Qimmutabilentque
3276 5361 3580 5454 ecf:qu-

300 5434 521 5497 siastica
562 5439 609 5514 _'
632 5439 1095 5514 ADAmundiyiet-o.
1118 5512 1123 5514 _
1171 5442 1193 5473 ⁸
1219 5434 1430 5514 SicCD;
1455 5441 1498 5514 ᾼ
1527 5443 1778 5499 omnium.
1845 5444 1867 5474 ⁹
1883 5434 1974 5499 Sic
1993 5434 2112 5511 CD;
2138 5444 2183 5498 A
2207 5444 2476 5514 quoniam.
2544 5442 2589 5514 ¹⁰ν
2616 5434 2706 5498 Sic
2722 5441 2808 5498 CD
2824 5459 2837 5507 ;
2854 5442 2899 5494 A
2920 5434 3437 5514 propiove'ntu‘LSic

303 5521 354 5567 et
398 5527 507 5585 om.
547 5507 593 5564 A
705 5511 750 5585 ff
774 5510 1051 5585 SicACD;
1099 5512 1147 5569 A
1183 5514 1307 5567 sint.
1386 5504 1431 5545 ¹³
1460 5513 1551 5571 Sic
1591 5516 1672 5580 A;
1705 5529 1805 5585 pro
1834 5525 1908 5569 est
1961 5515 2049 5570 CD
2088 5504 2230 5570 eam:
2326 5514 2370 5546 “
2427 5512 2652 5585 SicfA;
2697 5504 2951 5568 vero‘oni.
3206 5506 3266 5585 _“
3312 5505 3403 5585 Sic
3430 5504 3581 5585 Δ(Σςυ

302 5580 626 5657 producunt:
658 5653 667 5657 _
700 5581 867 5657 “__Si_c_
883 5577 1307 5657 AD;C_mouere,
1336 5585 1527 5651 uidere,
1561 5577 1761 5657 amare.
1794 5656 1805 5657 ί
1824 5586 1865 5617 ¹τ
1880 5585 1987 5641 Pro
2013 5588 2137 5657 quia
2158 5595 2232 5639 est
2249 5587 2303 5657 _D
2318 5586 2428 5641 sed.
2488 5584 2551 5657 Ἓξ
2574 5577 2667 5639 Sic
2688 5584 2748 5651 C;
2782 5578 3107 5657 prosediﬂ)
3129 5578 3315 5657 quia._
3352 5577 3392 5610 ¹⁹
3415 5578 3582 5657 Ani-rene

307 5645 441 5722 (non
463 5651 679 5727 σηιξη.)
749 5653 796 5686 ’⁸
812 5651 905 5709 Sic
933 5645 1095 5721 (ἒξΑο
1115 5645 1523 5725 αῇἱνηιὶιιίυαηιί
1585 5657 1627 5688 ²¹
1653 5656 1750 5712 Sic
1777 5656 1953 5717 CD;A
1972 5645 2397 5723 n6miuabiliter.,
2453 5656 2500 5688 ²¹
2525 5656 2692 5710 Dnec.
2737 5645 2745 5651 ’
2842 5652 2935 5727 Sic
2952 5650 3040 5705 CD
3069 5645 3169 5727 LA;
3182 5648 3399 5727 defleo.
3437 5645 3508 5727 _"
3541 5647 3582 5700 D

308 5718 453 5804 ξιξελ-
533 5718 769 5804 non
804 5718 1709 5804 tamen:propfiejed_t_ranslative._
1789 5727 1836 5759 ³⁸
1869 5718 2112 5804 Sic__C[_l;
2148 5743 2246 5804 pro
2292 5727 2432 5783 Deus
2467 5727 2592 5804 quid
2643 5727 2709 5804 A_
2736 5719 2962 5804 aliquid...
3138 5720 3227 5804 Sic
3256 5718 3343 5801 CD
3494 5733 3578 5770 ea.

310 5793 361 5865 τ’
399 5791 492 5846 Sic
537 5792 655 5856 CD;
692 5796 756 5850 de
802 5812 911 5851 om.
966 5789 1032 5851 ΑΖ
1107 5789 1186 5830 ’³⁸
1217 5797 1307 5854 Sic
1336 5797 1544 5865 AD;_C
1571 5809 1619 5854 et
1660 5798 1861 5855 dicere.
1957 5798 2003 5831 ³⁸
2035 5789 2123 5855 Sic
2148 5789 2289 5865 'AD;
2346 5789 2499 5853 vestri
2529 5813 2637 5852 om.
2670 5797 2729 5851 C.
2821 5789 2873 5825 ’³³
2907 5793 3000 5848 Sic
3026 5792 3146 5858 CD;
3177 5791 3222 5845 A
3248 5792 3309 5865 i_n_
3333 5789 3583 5865 uoltis}?-

312 5863 568 5991 ἒπῖἱῃ.
681 5866 774 5925 Sic
800 5866 923 5937 CD;
953 5867 1000 5926 A
1026 5869 1299 5939 seipsum.'
1349 5868 1396 5902 ³³
1434 5858 1527 5928 Sic
1581 5870 1657 5939 A;
1706 5871 1995 5943 capitulum
2017 5887 2125 5929 om.
2155 5858 2287 5925 ΟΒ(
2338 5869 2384 5901 ³⁸
2412 5868 2592 5938 Corr.;
2643 5867 2780 5925 ACD
2820 5865 3171 5937 inferendum.
3250 5862 3311 5935 _"
3343 5859 3433 5918 Sic
3460 5860 3579 5924 CD;
