4028 6280
465 443 571 501 525

1850 437 2132 498 JOANNIS
2171 439 2367 497 SCOTl

3616 448 3722 503 524

463 566 660 620 autem,
687 553 878 623 inquit,
906 553 983 608 ut‘
1013 553 1075 607 dc
1103 553 1276 608 divino
1309 562 1445 609 statu
1469 556 1572 610 sive
1597 569 1716 611 seae
1742 555 1763 588 ³
1785 555 2039 610 dicamus.
2071 561 2125 619 Α
2148 557 2412 610 continens
2439 562 2487 609 et
2508 553 2821 611 continenda
2844 554 3130 620 continere,
3156 565 3203 609 et
3233 572 3287 610 in
3314 558 3482 627 ipsum
3517 561 3581 613 ab
3610 563 3725 630 ipso

468 647 610 716 Quid
655 657 827 701 autem
873 646 1019 701 aliud
1062 655 1264 716 praeter
1307 664 1515 703 manere
1560 649 1728 720 ipsum
1770 648 1824 703 in
1878 650 2044 720 seipso
2144 649 2553 721 provenientium
2576 649 2858 704 conversio.
2887 646 3035 703 DIBC.
3067 647 3212 704 Ordo
3239 650 3426 721 exigit,
3453 660 3516 707 ut
3543 653 3724 719 video,

465 750 634 804 Deum
655 789 668 815 ,
694 756 745 803 et
780 744 1029 801 immobili
1060 745 1291 801 naturali
1320 745 1737 801 immutabilitate
1756 746 1929 801 animo
1956 747 2047 801 de-

468 840 634 911 ﬁxum
667 838 689 871 ³
737 854 882 906 esse,
923 847 969 892 et
1007 836 1412 908 supercollocari
1457 837 1739 893 secundum
1776 836 1957 893 eadem
1998 847 2046 892 et

471 934 611 986 circa
639 931 886 1000 idipsum,
915 938 964 983 et
992 927 1232 983 similiter
1261 931 1484 999 operari,
1512 938 1558 983 et
1574 930 1856 985 secundum
1884 928 2047 983 stabi-

471 1020 725 1075 lissimum
757 1021 927 1090 ipsum
962 1036 1028 1075 ea:
1071 1020 1237 1089 seipso
1265 1019 1309 1051 "
1332 1020 1473 1076 omni
1491 1021 1644 1076 modo
1668 1022 1961 1088 subsistere,
1998 1028 2047 1077 et

470 1112 752 1166 secundum
782 1110 1006 1182 idipsum
1052 1109 1556 1165 intransmutabilent
1601 1120 1649 1166 et
1692 1112 2050 1167 universaliler

469 1200 839 1256 immutabilem
862 1242 876 1268 ,
912 1211 959 1256 et
986 1202 1113 1256 haec
1150 1202 1685 1272 superessentialiter?
1712 1202 1915 1259 Etenim
1942 1205 2048 1275 ipse

390 1299 397 1306 ’
471 1306 545 1350 est
575 1297 807 1349 omnium
835 1296 1075 1350 stationis
1104 1306 1152 1350 et
1179 1297 1561 1366 aediﬁcationis
1587 1300 1834 1366 causalis,
1858 1301 1947 1370 qui
1974 1310 2050 1355 est

471 1403 628 1458 super
653 1402 854 1441 omnem
883 1387 1301 1456 aediﬁcationem
1332 1398 1378 1443 et
1408 1388 1703 1456 stationem,
1734 1401 1780 1445 et
1805 1392 1858 1445 in
1885 1392 2049 1462 seipso

476 1478 651 1532 omnia
700 1479 997 1546 constituit,
1049 1488 1096 1533 et
1148 1481 1475 1551 propriorum
1523 1481 1772 1536 bonorum
1830 1485 2051 1538 statione

472 1567 759 1622 immobilia
788 1568 812 1601 ’⁵
833 1579 880 1624 et
909 1568 1189 1625 custodita.
1222 1570 1361 1637 Quid
1388 1582 1560 1627 autem
1578 1573 1604 1626 7
1631 1572 1697 1626 Et
1723 1591 1838 1628 cum
1860 1576 2050 1629 iterum

478 1654 724 1729 Theologi
758 1666 805 1712 et
835 1659 891 1713 in
938 1660 1113 1714 omnia
1154 1663 1535 1729 provenientem
1564 1672 1610 1716 et
1640 1664 1939 1718 mutabilem
1965 1665 2049 1717 di-

475 1759 596 1803 cunt
629 1748 1023 1817 immutabilem,
1058 1769 1227 1807 nonne
1254 1754 1498 1809 divinitus
1532 1766 1579 1809 et
1617 1756 1714 1809 hoc
1756 1757 2050 1829 intelligen-

468 1838 645 1894 dum?
694 1839 893 1895 Moveri
954 1844 1091 1896 enim
1148 1845 1318 1915 ipsum
1366 1846 1447 1914 pie
1496 1845 1895 1913 arbitram/um,
1950 1865 2052 1902 non

2146 743 2362 799 brevem
2388 742 2411 775 ⁶
2439 740 2863 813 complexionem
2913 741 2981 796 de
3013 753 3102 807 eo,
3131 740 3276 812 quad
3318 757 3482 815 agere
3505 753 3562 799 et
3590 748 3724 814 pati,

2147 849 2239 890 seu
2276 833 2452 889 facere
2494 841 2548 886 et
2576 831 2691 887 ﬁeri
2720 832 2789 888 de
2813 830 2924 887 Deo
2950 831 3168 902 proprie
3205 833 3518 904 praedicare
3563 851 3730 894 nemo

2147 925 2345 990 valeat,
2374 924 2610 995 colligas,
2644 937 2707 979 ac
2748 922 2868 977 sic"
2916 922 3206 977 terminum
3236 923 3420 980 libello
3455 926 3727 997 imponas.

2148 1018 2285 1074 MAG.
2315 1016 2635 1073 iamdudum
2671 1017 2897 1082 dedisti,
2945 1017 2999 1071 ni
3049 1015 3227 1082 fallor,
3274 1032 3380 1073 non
3418 1018 3563 1075 aliud
3614 1021 3731 1077 Deo

2150 1127 2268 1167 esse
2294 1120 2349 1167 et
2391 1126 2549 1183 agere
2587 1126 2679 1167 seu
2730 1112 2929 1177 facere,
2976 1113 3070 1167 sed
3112 1128 3276 1167 unum
3305 1122 3465 1183 atque
3494 1115 3729 1184 ldipsum

2148 1207 2198 1260 ei
2246 1213 2331 1260 est
2373 1213 2591 1270 etesse,
2625 1212 2681 1259 et
2721 1218 2899 1274 agere,
2944 1203 3219 1260 etfacere.
3251 1203 3367 1260 Non
3408 1206 3552 1261 enim
3584 1205 3726 1261 reei-

2151 1296 2230 1364 pit
2272 1294 2496 1363 simplex
2539 1302 2730 1350 natura
2776 1293 3103 1350 intellectum
3132 1294 3462 1352 substantiae
3497 1305 3552 1351 et
3582 1295 3731 1351 neci-

2152 1387 2410 1442 dentium.

2220 1480 2308 1535 78.
2345 1478 2485 1534 DISC.
2511 1477 2830 1534 Inconcusse
2851 1477 3064 1548 quidem
3094 1477 3115 1509 ⁸
3142 1476 3282 1533 dedi.
3311 1476 3450 1532 ΜΑς.
3476 1475 3548 1534 Ut
3568 1477 3731 1548 igitut

2155 1577 2219 1629 de
2261 1588 2326 1628 co
2358 1573 2704 1643 praedicatur
2729 1585 2883 1637 esse,
2919 1571 3045 1627 dum
3084 1586 3190 1627 non
3235 1571 3306 1626 sit
3333 1572 3550 1642 proprie
3587 1586 3735 1653 esse,

2155 1664 2406 1733 quoniam
2436 1661 2554 1731 plus
2582 1669 2662 1716 est
2690 1675 2852 1731 quam
2879 1675 3031 1726 esse,
3062 1667 3118 1715 et
3147 1674 3307 1715 causa
3333 1661 3508 1716 omnis
3533 1670 3657 1716 ceae
3680 1670 3741 1715 et

2155 1755 2421 1809 essentiae
2462 1764 2515 1807 et
2564 1751 2893 1808 substantiae
2937 1751 2993 1816 ’,
3043 1750 3115 1805 ita
3158 1750 3321 1806 etiam
3349 1750 3417 1805 de
3443 1762 3510 1807 eo
3534 1752 3741 1808 dicitur

2159 1863 2317 1920 agere
2343 1856 2399 1902 et
2423 1847 2632 1912 facere,
2660 1847 2787 1900 dum
2814 1845 2884 1900 sit
2906 1844 3026 1914 plus
3054 1858 3217 1914 quam
3250 1855 3409 1915 agere
3441 1854 3500 1900 et
3528 1844 3739 1912 facere,

471 1933 758 1986 secundum
783 1932 1119 2001 delationem,
1148 1944 1237 1988 aut
1281 1935 1644 1991 alienationem
1662 1977 1677 2003 ,
1704 1947 1794 1991 aut
1830 1938 2059 1992 alterna-
2088 1931 2131 1989 B
2160 1947 2215 1994 et
2241 1954 2399 1993 causa
2425 1937 2663 1991 omnium
2694 1934 2920 1991 faciendi
2948 1942 3003 1989 et
3042 1935 3256 2006 agendi,
3284 1934 3400 1990 sine
3423 1934 3532 1991 ullo
3562 1946 3740 2003 motu,

474 2025 665 2080 tionem
687 2067 702 2092 ,
733 2037 824 2081 aut
872 2030 1256 2082 conversionem
1276 2070 1289 2094 ,
1322 2040 1411 2083 aut
1444 2029 1659 2084 localem
1690 2040 1881 2085 motum
1905 2072 1919 2097 ,
1951 2048 2054 2085 non

473 2124 673 2170 rectum
692 2157 707 2182 ,
733 2133 837 2171 non
865 2119 1193 2173 circulariter
1235 2118 1480 2188 ferentem
1500 2158 1513 2185 ,
1544 2136 1646 2174 non
1690 2137 1753 2174 ei:
1782 2122 2051 2187 ambobus,

474 2222 581 2262 non
604 2208 1001 2278 intelligibilem,
1033 2229 1134 2265 non
1163 2211 1464 2277 amabilem,
1492 2229 1594 2266 non
1619 2212 1931 2280 naturalem,
1962 2214 2052 2267 sed

474 2313 533 2352 in
575 2300 851 2357 essentiam
913 2301 1100 2356 (lucere
1158 2303 1325 2358 Deum
1371 2314 1419 2358 et
1459 2306 1718 2360 continere
1763 2308 1957 2374 omnia,
2005 2314 2054 2363 et

476 2389 839 2443 universaliter
867 2393 1101 2446 omnibus
1143 2396 1408 2464 providere
1431 2396 1451 2428 ⁸
1470 2436 1484 2463 ,
1510 2405 1556 2451 ει
1587 2399 1767 2452 adesse
1818 2401 2054 2456 omnibus

477 2482 710 2535 omnium
739 2485 1152 2540 immensurabili
1180 2488 1593 2555 circumstantia,
1624 2501 1671 2545 et
1703 2492 1757 2546 in
1783 2493 2053 2548 existentia

478 2573 654 2626 omnia
696 2575 923 2644 providis
965 2579 1374 2646 processionibus
1409 2590 1456 2635 et
1499 2584 1903 2652 operationibus.
1950 2584 2055 2641 Sed

479 2672 526 2716 et
556 2672 753 2718 motum
784 2665 879 2720 Dei
904 2667 1218 2723 immutabili
1254 2671 1499 2727 divinitus
1546 2675 1745 2729 ratione
1775 2676 2056 2730 conceden-

481 2753 605 2808 dum
633 2755 870 2824 laudare,
898 2768 945 2813 et
977 2770 1146 2815 rectus
1171 2763 1377 2833 quidem
1422 2766 1721 2835 inﬂexibilis
1765 2767 2054 2837 intelligen-

481 2848 601 2915 dus,
634 2858 680 2905 et
711 2850 1059 2910 irrevocabilis
1083 2859 1344 2927 processio
1384 2860 1761 2928 operationum,
1786 2869 1832 2915 et
1860 2877 1923 2916 ea:
1950 2862 2060 2933 ipso

480 2941 713 2994 omnium
759 2946 1028 3011 generatio
1052 2964 1071 3001 :
1099 2947 1369 3003 elicoeides
1421 2965 1560 3016 vero,
1596 2950 1651 3003 id
1696 2958 1792 3015 est,
1824 2950 2061 3021 obliquus

480 3030 792 3085 stateralistl
819 3037 1102 3104 processio,
1153 3045 1201 3092 et
1243 3038 1430 3109 fertilis
1476 3049 1676 3095 status:
1702 3041 1839 3111 quod
1888 3051 2060 3094 autem

463 3122 764 3179 secundum
809 3126 1032 3197 cyclum,
1077 3129 1132 3184 id
1176 3131 1378 3201 ipsum,
1424 3140 1470 3186 et
1502 3132 1695 3200 media,
1741 3142 1791 3187 et
1832 3141 2061 3187 extrema

2156 2032 2244 2101 qui
2277 2029 2570 2084 secundum
2598 2027 2848 2083 accidens
2876 2027 3044 2098 possit
3070 2026 3314 2097 intelligi,
3342 2041 3504 2100 super
3516 2043 3738 2085 omnem

2156 2132 2379 2177 motum.
2434 2120 2686 2176 Omnium
2748 2132 2979 2189 namque
3033 2126 3275 2175 motuum
3305 2154 3321 2183 ,
3384 2119 3740 2191 omniumque

2156 2213 2548 2277 accidentium,
2590 2211 2731 2267 sicut
2770 2219 2824 2264 et
2868 2210 3106 2267 omnium
3151 2209 3541 2277 essentiarum,
3572 2225 3741 2267 causa

2155 2314 2241 2360 est
2285 2313 2445 2372 atque
2485 2301 2828 2372 principium.
2884 2300 3029 2355 DISC.
3091 2299 3160 2355 Et
3215 2300 3319 2355 hoc
3372 2298 3742 2356 indubitanter

2156 2393 2536 2451 concesserim.
2576 2391 2715 2448 MAG.
2760 2390 2899 2459 Quid
2942 2391 3107 2462 igitur
3141 2390 3286 2446 aliud
3316 2398 3517 2455 restat,
3547 2391 3743 2447 nisiut

2156 2484 2443 2554 intelligas,
2470 2481 2690 2538 omnino
2718 2495 2937 2536 necesse
2975 2496 3125 2546 esse,
3172 2489 3262 2549 ut,
3288 2481 3740 2551 quemadmodum

2157 2578 2223 2634 ab
2246 2580 2360 2648 ipso
2387 2586 2442 2632 et
2461 2591 2600 2643 esse,
2631 2584 2688 2632 et
2716 2589 2894 2647 agere,
2926 2583 2981 2630 et
3014 2574 3196 2631 facere
3223 2575 3437 2646 proprie
3473 2574 3739 2640 aufertur,

2157 2672 2230 2727 ita
2271 2683 2322 2726 et
2356 2671 2468 2741 pati
2510 2680 2565 2726 et
2607 2670 2722 2725 ﬁeri
2764 2668 3056 2724 auferatur.
3102 2667 3254 2737 Quod
3297 2669 3441 2724 enim
3484 2682 3643 2740 agere
3688 2675 3743 2722 et

2160 2764 2337 2819 facere
2379 2779 2486 2818 non
2533 2762 2752 2831 recipit,
2783 2761 3051 2831 quomodo
3097 2760 3209 2832 pati
3240 2768 3294 2817 et
3338 2759 3454 2815 ﬁeri
3501 2759 3742 2828 recipere

2158 2858 2362 2926 possit,
2418 2871 2522 2913 non
2578 2855 2751 2910 video.
2808 2854 2952 2910 Dtsc.
3004 2853 3133 2926 Fige
3182 2852 3404 2908 limitem
3449 2851 3593 2906 libri.
3645 2850 3745 2906 Sat

2162 2951 2306 3007 enim
2342 2960 2423 3006 est
2470 2950 2524 3004 in
2572 2964 2636 3005 eo
2686 2947 3043 3021 complexum.
3095 2946 3323 3017 Explicit
3373 2945 3499 3001 liber
3542 2947 3741 3014 primus

2163 3057 2291 3105 nam
2338 3052 2564 3103 mzmn
2593 3046 2656 3097 ¹⁰.

1369 3467 1769 3548 INCIPIT
1846 3468 2144 3548 LIBER
2221 3462 2747 3548 SECUNDUS
2790 3452 2846 3545 ³⁵.

556 3680 613 3739 i.
641 3680 779 3741 Msa.
818 3682 1081 3753 Quoniam
1108 3684 1161 3742 in
1188 3687 1451 3757 superiori
1486 3688 1622 3744 libro
1648 3689 1713 3745 de
1746 3689 2062 3745 universalis
2087 3690 2375 3752 Ddicatur
2400 3698 2454 3746 et
2479 3704 2664 3762 genus,
2691 3697 2747 3743 et
2774 3695 2963 3755 totum,
2992 3693 3047 3742 et
3071 3684 3305 3757 species,
3325 3692 3379 3739 et
3397 3697 3556 3756 pars;
3583 3698 3746 3741 omne

477 3777 715 3835 Naturae
754 3779 1044 3837 universali
1095 3780 1373 3848 divisione,
1408 3798 1510 3839 non
1560 3784 1712 3853 quasi
1758 3784 1968 3859 generis
2005 3784 2057 3837 in

476 3871 707 3939 formas,
733 3887 827 3928 seu
854 3872 1017 3929 totius
1040 3873 1092 3929 in
1127 3884 1309 3945 partes
1335 3906 1405 3916 —
1426 3888 1531 3931 non
1555 3878 1696 3932 enim
1728 3877 1866 3934 Deus
1893 3892 2060 3949 genus

479 3972 563 4018 est
592 3972 892 4031 creaturae,
922 3979 1019 4019 nec
1050 3976 1300 4021 creatura
1343 3969 1551 4037 species
1583 3968 1700 4035 Dei,
1729 3969 1867 4024 sicut
1908 3976 2060 4023 crea-

479 4061 597 4108 tura
625 4070 729 4109 non
754 4065 837 4111 est
865 4070 1033 4128 genus
1060 4058 1183 4123 Dei,
1213 4073 1385 4129 neque
1417 4061 1557 4115 Deus
1601 4061 1808 4131 species
1849 4044 2060 4115 creatu-

476 4156 571 4197 rae
603 4143 643 4174 “
679 4158 693 4198 :
728 4146 915 4200 eadem
951 4147 1088 4201 ratio
1127 4155 1208 4202 est
1258 4148 1311 4202 in
1362 4157 1474 4204 toto
1507 4156 1562 4203 et
1610 4150 1885 4220 partibus:
1918 4149 2061 4205 Deus

473 4233 735 4302 siquidem
784 4249 888 4289 non
948 4243 1029 4290 est
1073 4245 1241 4292 telum
1271 4247 1582 4305 creaturae,
1615 4253 1787 4309 neque
1814 4249 2061 4295 creatura

473 4337 603 4393 pars
625 4323 743 4392 Dei,
774 4328 1041 4394 quomodo
1068 4343 1166 4384 nec
1190 4338 1438 4385 creatura
1484 4339 1569 4386 est
1603 4340 1770 4387 totum
1814 4333 1925 4399 Dei,
1970 4348 2065 4388 ne-

474 4430 581 4483 que
630 4415 771 4471 Deus
812 4433 936 4487 pars
981 4427 1298 4476 creaturae:
1344 4424 1589 4493 quamvis
1634 4425 1809 4481 altiori
1852 4425 2060 4481 theoria

468 4504 623 4574 juxta
648 4505 966 4577 Gregorium
1003 4508 1331 4580 Theologum
1354 4528 1476 4583 pars
1499 4512 1597 4567 Dei
1618 4514 1801 4580 simus,
1826 4516 1916 4586 qui
1956 4517 2025 4571 ltu
2042 4548 2058 4560 -

475 4609 692 4648 manam
728 4598 1114 4669 participamus
1154 4609 1424 4671 naturam,
1471 4606 1716 4675 quoniam
1742 4607 1800 4660 in
1843 4608 1953 4677 ipso
1980 4609 2057 4663 vi-

472 4684 662 4754 vimus,
691 4697 738 4743 et
782 4706 1066 4761 movemur,
1087 4703 1136 4750 et
1172 4711 1373 4765 sumus,
1401 4698 1874 4771 metapltoriceque
1916 4701 2057 4757 Deus

2167 3785 2331 3847 enim,
2358 3782 2500 3853 quod
2524 3782 2576 3836 in
2608 3780 2724 3853 ipso
2744 3788 2798 3836 et
2823 3795 2888 3835 ex
2906 3779 3020 3850 ipso
3034 3785 3139 3841 est,
3164 3778 3251 3849 pie
3272 3791 3337 3832 ac
3352 3775 3745 3832 rationabiliter

2167 3880 2232 3931 de
2255 3891 2321 3931 eo
2344 3873 2642 3945 praedicari
2662 3880 2922 3943 potest—
2936 3870 3031 3927 sed
3048 3867 3364 3940 intelligibili
3379 3867 3611 3939 quadam
3622 3868 3742 3923 uni-

2165 3965 2436 4021 versitatis
2455 3962 2907 4033 contemplatione
2920 3992 2990 4001 —
3008 3960 3415 4017 universitatem
3429 3959 3553 4016 dico
3571 3958 3745 4015 Deum

2156 4066 2219 4117 _et
2264 4067 2564 4113 creaturam
2619 4086 2689 4097 -—
2728 4054 2966 4111 breviter
3011 4054 3278 4120 diximus,
3327 4066 3469 4107 nunc
3513 4053 3746 4107 eandem

2156 4158 2390 4211 naturae
2439 4149 2754 4205 divisionem
2803 4148 2991 4214 latius,
3040 4148 3085 4203 si
3132 4145 3367 4211 videtur,
3411 4154 3736 4215 repetamus.

2166 4240 2310 4296 Dtsc.
2342 4239 2564 4296 Videtur
2585 4240 2821 4311 quidem,
2853 4255 2918 4295 ac
2944 4240 2989 4270 υ
3018 4238 3172 4295 valde
3200 4237 3582 4294 necessarium.
3607 4235 3744 4292 Nam

2149 4333 2212 4388 .si
2246 4333 2423 4401 latiori
2473 4334 2694 4390 rationis
2721 4332 3069 4403 inquisitione
3115 4346 3221 4386 non
3252 4330 3556 4401 aperiatur,
3594 4335 3742 4383 tacta

2168 4426 2524 4494 solummodo,
2564 4443 2672 4484 non
2713 4435 2892 4483 autem
2921 4426 2965 4458 ¹³
3001 4426 3245 4482 discussa
3281 4424 3546 4481 resedisse
3587 4422 3741 4476 vide-

2167 4518 2331 4573 bitur.
2363 4518 2501 4575 MAG.
2540 4519 2686 4575 Talis
2733 4521 2913 4590 itaque
2936 4528 3077 4585 erat,
3107 4526 3168 4573 ut
3191 4518 3413 4588 opinor,
3431 4513 3742 4584 supradicta

2167 4609 2484 4667 universalis
2533 4619 2756 4669 naturae
2806 4608 3187 4682 quadriformis
3241 4606 3432 4665 divisio
3485 4606 3539 4660 in
3597 4619 3740 4670 eam,

2166 4700 2375 4758 scilicet
2421 4701 2651 4758 formam
2695 4704 2778 4758 vel
2822 4702 2865 4735 “
2911 4703 3176 4774 speciem,
3208 4701 3255 4757 si
3303 4701 3408 4757 rite
3448 4698 3621 4755 forma
3656 4694 3741 4751 vel

2436 4806 2485 4827 χ--κ-
2876 4824 2903 4827 μ
2954 4802 3055 4815 ’Ἶ““””““-
3072 4812 3091 4819 ’ν

2494 4826 2499 4831 ι
2650 4826 2660 4834 ο

2876 4824 2903 4831 ι.

1751 4948 2008 5007 VARIAE
2048 4951 2451 5010 LECTIONES.

546 5091 576 5179 ξ,
595 5091 689 5179 δίς)
706 5093 879 5179 Αιςρ
905 5102 971 5150 εἰ·
996 5103 1007 5117 ⁹
1051 5094 1188 5179 _Sic
1212 5097 1330 5179 AC;
1429 5099 1492 5153 de
1510 5100 1676 5179 sede._
1733 5100 1860 5179 aSi_c
1881 5074 1988 5168 CD;
2016 5102 2057 5155 A
2085 5104 2242 5179 immo
2263 5106 2527 5179 deﬁxum:
2567 5107 2609 5138 ν
2632 5106 2672 5161 C
2697 5122 2766 5162 ex
2784 5108 2930 5179 ipso:
2994 5107 3015 5179 9
3044 5106 3133 5162 Sic
3156 5104 3276 5172 AC;
3306 5106 3349 5161 Ι)
3370 5106 3737 5179 immutabilia.

468 5161 613 5237 '“Sic
640 5164 716 5231 A;
764 5165 851 5222 CD
889 5168 1207 5236 praevidere.
1286 5161 1324 5200 ⁶’
1354 5168 1443 5224 Sic
1503 5170 1620 5237 CD;
1651 5172 1691 5225 A
1740 5182 1793 5224 ut
1824 5161 2059 5227 brevem.

468 5233 589 5300 CD;
639 5246 695 5291 et
723 5233 1043 5292 substantiae
1070 5254 1176 5293 om.
1205 5239 1272 5292 A.

472 5304 518 5337 “
558 5304 651 5363 Sic
677 5306 795 5374 CD;
828 5307 874 5362 A
895 5318 942 5362 et
985 5325 1107 5364 non.
1196 5310 1240 5342 ⁸³
1269 5308 1359 5366 Sic
1388 5311 1507 5378 AC;
1538 5304 1581 5365 Ι)
1617 5321 1688 5367 et.

2137 5174 2155 5205 τ
2189 5174 2230 5228 Λ
2261 5187 2309 5230 ct
2336 5179 2446 5242 sic;
2496 5176 2583 5233 CD
2612 5196 2671 5233 ac
2715 5174 2814 5233 si.'
2855 5179 2876 5208 ⁸
2902 5176 2947 5231 Ι)
2992 5178 3309 5232 inconcusse
3343 5178 3497 5231 enim.

1408 5240 1476 5315 _"_
1492 5242 1699 5315 explicit
1719 5271 1789 5283 —
1815 5264 2007 5315 φυσεων
2028 5258 2134 5298 om.
2165 5240 2224 5300 C.

3596 5179 3615 5207 ³
3646 5176 3735 5233 Sic

2336 5248 2373 5280 “
2401 5248 2491 5304 Sic
2517 5247 2635 5314 CD;
2686 5249 2731 5303 Α
2761 5256 3040 5305 creaturae
3063 5258 3157 5303 est.
3263 5248 3307 5279 ¹¹
3334 5248 3425 5303 Sic
3450 5249 3568 5314 (ID;
3596 5249 3637 5302 Α
3666 5258 3735 5306 et.

1976 5511 2225 5569 NOTAE.

538 5673 566 5703 ι
595 5660 717 5741 (ἱρά
744 5678 915 5741 marg.
941 5665 1119 5741 adscr.
1143 5667 1181 5720 i.
1213 5684 1259 5741 e_.
1275 5664 1597 5741 ponderalis,
1620 5674 1675 5723 et
1693 5667 1758 5724 ad
1784 5683 1955 5741 marg.
1977 5669 2050 5723 in-

472 5731 779 5811 fra_adser.:
800 5731 978 5789 (ilbsa.
994 5731 1412 5811 stat/teralemac
1433 5731 1654 5811 fertilem
1672 5731 2047 5811 processidnein

470 5799 609 5879 divit
644 5803 905 5879 obliquum
962 5815 1226 5879 molitm,‘
1255 5808 1375 5879 quia
1432 5799 1623 5877 partim
1672 5799 1822 5865 rectis
1875 5812 2044 5876 lineis,

2160 5676 2332 5724 autem
2376 5669 2513 5723 linea
2550 5676 2821 5740 propterea
2841 5666 3047 5807 [gerlilis
3075 5665 3288 5731 dicitur,
3314 5666 3559 5738 quoniam
3603 5664 3657 5718 in
3686 5680 3741 5721 se

2160 5742 2323 5807 ipsam
2364 5740 2549 5807 fertur,
2582 5754 2677 5807 nec
2706 5736 2760 5792 in
2785 5739 2839 5791 in
2885 5739 3049 5807 nitum
3073 5737 3417 5807 progreditur.

2158 5742 2323 5809 ipsam
2364 5736 2559 5811 fertur,
2582 5736 2681 5811 nec
2785 5736 3051 5811 inﬁnitum
3073 5736 3417 5811 progreditur.

2228 5811 2254 5851 Β
2283 5810 2323 5867 C
2364 5804 2575 5866 'litteris
2612 5804 2904 5881 tniniatis”:
2935 5804 3129 5881 Incipit
3168 5804 3438 5881 secundus
3483 5828 3598 5881 περι
3652 5822 3745 5875 γ)-

472 5873 661 5949 partim
692 5873 896 5941 rma,
924 5892 1053 5948 quas
1087 5873 1289 5947 fertiles
1321 5873 1488 5949 vocat,
1518 5882 1861 5953 componitur.
1888 5873 2057 5939 Curva
2157 5903 2307 5952 σίων,
2329 5883 2386 5938 in
2399 5899 2501 5957 quo
2518 5879 2682 5938 multa
2698 5878 2947 5953 deraditu
2964 5873 3323 5953 disputantur.
3343 5873 3612 5939 Dtituldm
3633 5873 3749 5935 eat.
