4028 6280
492 359 600 416 527
1858 364 2145 424 manuus
2185 364 2382 426 SCOTI
2996 351 3034 361 "’
3649 374 3756 430 5-33

491 472 608 527 rius
641 471 711 527 ab
734 484 796 525 ea
825 489 933 545 ,per
969 474 1372 546 generationem
1399 476 1518 533 loco
1551 486 1609 535 et
1644 487 1885 551 tempore
1913 495 2079 553 gene-
2101 486 2156 546 Α
2179 490 2350 548 creat,
2373 497 2507 554 quas
2533 482 2729 541 iterum
2751 483 2809 540 in
2833 500 2998 541 unam
3024 484 3254 543 formam
3278 487 3520 546 tlieoriae
3541 491 3756 563 videtur

488 574 639 628 ribus
680 582 728 627 el
786 572 978 633 formis
1033 578 1309 648 procedet,
1358 579 1620 651 quoniam
1668 580 1724 636 in
1776 597 1840 638 ea
1890 585 2073 639 omnia
2175 575 2437 646 redigere,
2480 576 2608 631 dum
2640 576 2708 632 de
2753 576 2981 648 simplici
3023 579 3235 636 divinae
3275 590 3500 638 naturae
3547 584 3755 640 unitate

489 673 879 743 quietaerunt,
909 684 964 732 et
987 692 1151 731 unum
1192 677 1524 733 individuum
1551 687 1712 750 atque
1740 681 2074 738 immutabile

2174 665 2361 737 incipit
2400 675 2655 723 tractare.
2707 667 3038 739 Principium
3083 671 3227 727 enim
3278 681 3334 726 et
3377 673 3501 729 ﬁnis
3538 676 3751 733 divinae

485 777 806 841 manebunt.
848 772 982 832 Nam
1020 792 1158 848 quae
1201 778 1254 832 in
1295 779 1727 848 processionibus
1759 790 2070 838 naturarum
2171 767 2398 814 naturae
2441 759 2657 829 Propria
2702 759 2917 814 “omina
2971 776 3075 831 ¹¹⁰ε¹
3118 772 3261 828 ⁵¹¹¹¹¹ν
3292 765 3384 820 δθδ
3421 764 3752 824 mmmam“

493 881 862 950 multipliciter
901 880 1073 936 divisa
1121 889 1284 951 atque
1328 883 1527 952 partita
1559 897 1679 939 esse
1720 884 1989 951 videntur,
2014 886 2068 940 in
2171 848 2385 958 Pius?“
2422 865 2508 958 φ’
2554 867 2694 958 ίμξίξθ
2729 853 2943 958 confli“?
2980 854 3255 958 _s"m'
3289 856 3403 927 ipsa
3445 859 3590 913 θ¹¹ί¹¹¹
3623 860 3753 958 ῘΪ¹⁰ί⁴

491 944 932 1045 primordialibus
978 974 1157 1031 causis
1195 944 1344 1031 unita
1392 983 1553 1047 atque
1590 991 1755 1031 unum
1800 985 1947 1034 sunt.
1974 944 2069 1033 ’Διί
2169 944 2343 1047 Ρίῗηην
2395 951 2559 1047 “Eque
2606 944 2729 1047 ίᾳθθ
2768 946 3086 1047 Ρνίηθίρίυξη
3132 947 3346 1047 dicam}
3386 959 3448 1047 ,⁸⁸
3493 954 3749 1047 ⁸1¹¹⁰¹¹Ῐ³Ἶ¹¹

474 1087 655 1143 .quam
688 1075 948 1131 unitatem
989 1089 1292 1140 reversura,
1331 1076 1386 1131 in
1413 1090 1477 1131 ea
1519 1076 1864 1132 aeternaliter
1908 1087 2070 1147 atque
2167 1036 2871 1147 ffgg"f‘ng_f?'Tf"‘_‘"“’_f:
2923 1048 2983 1142 Ψ
3141 1055 3204 1096 ea
3235 1040 3259 1073 ⁸
3288 1042 3555 1147 defluam:
3625 1045 3749 1101 ﬁms

643 1127 651 1128 “
991 1127 1292 1140 “”’“’”’”⁷
1420 1127 1477 1131 π
1521 1127 1851 1132 ”””“”“”“
1909 1127 2066 1189 “,’Ί“
2167 1127 2431 1183 vocabulo
2456 1129 2654 1184 meruit
2692 1128 2985 1201 appellari;
3015 1131 3154 1186 aliae
3179 1148 3306 1188 vero
3344 1134 3483 1191 duae
3516 1135 3747 1203 formae,

490 1172 903 1229 immutabiliter
927 1174 1237 1230 manebunt.
1271 1173 1375 1230 Sed
1406 1176 1472 1231 de
1503 1177 1604 1231 hac
1632 1185 1825 1248 quarta
1854 1191 2072 1232 umver-
2169 1218 2457 1248 “nudam
2488 1219 2606 1248 tu“
2633 1227 2682 1248 Δ,
2712 1220 2924 1248 “dum
2978 1236 3085 1248 mm
3126 1220 3294 1248 “Lm
3324 1223 3375 1248 ε,
3406 1234 3586 1248 nu.“
3625 1242 3716 1248 η*

2168 1218 2459 1273 secundam
2486 1219 2607 1276 dico
2632 1227 2687 1276 et
2712 1220 2946 1286 tertiam,
2978 1236 3086 1276 non
3125 1220 3296 1277 solum
3322 1223 3378 1278 in
3406 1234 3591 1280 nostra
3619 1242 3754 1281 con-

488 1272 665 1327 sitatis
693 1273 1145 1341 consideratione,
1176 1289 1314 1345 quae
1353 1275 1407 1331 iu
1444 1275 1557 1331 solo
1583 1276 1693 1332 Deo
1723 1263 2077 1348 intelligitur,

491 1373 942 1443 quemadmOdum
970 1384 1027 1431 ει
1059 1376 1255 1447 Prima:
1285 1391 1383 1433 suo
1422 1376 1541 1432 loco
1583 1376 1742 1431 Ῑτιῑίυε
1773 1377 2067 1448 ἀίδρυῑθδί·
2166 1373 2471 1455 creatarum
2510 1373 2700 1455 nalnra
2756 1373 3115 1470 reperiuntur,
3169 1406 3224 1460 in
3267 1422 3372 1477 qua
3407 1373 3621 1463 Icansae
3676 1411 3747 1464 ab

491 1488 598 1543 tur,
632 1487 891 1549 quantum
929 1480 1021 1535 lux
1060 1482 1322 1537 mentium
1360 1481 1657 1537 donaverit.
1700 1481 1852 1549 Quod
1884 1491 2065 1538 autem
2165 1488 2442 1547 effectibus
2471 1499 2811 1563 separantur,
2844 1501 2899 1547 et
2934 1492 3158 1551 effectus
3198 1497 3378 1553 causis
3415 1499 3743 1564 adunantnr,

486 1572 551 1626 de
590 1571 762 1649 prima
780 1580 846 1627 ’et
884 1573 951 1628 de
981 1581 1173 1644 quarta
1198 1575 1413 1636 dicitur,
1448 1574 1553 1629 lioc
1579 1583 1682 1640 est,
1717 1589 1817 1629 nec
1845 1574 1933 1629 illa
1964 1589 2066 1630 nec
2164 1582 2422 1653 quoniam
2472 1583 2526 1637 in
2580 1598 2687 1638 uno
2737 1598 2957 1654 genere,
2995 1585 3051 1639 in
3100 1598 3346 1643 creatura
3383 1588 3524 1655 dico,
3575 1606 3743 1645 unum

485 1662 585 1715 ista
637 1670 871 1729 creatur,
919 1677 1042 1719 cum
1096 1664 1199 1719 et‘
1250 1664 1339 1720 illa
1384 1674 1440 1720 ct
1488 1665 1587 1719 ista
1656 1681 1820 1720 unum
1873 1664 2064 1731 sint’,

2163 1685 2309 1729 sunt.
2338 1674 2476 1730 MAG.
2514 1675 2589 1731 De
2617 1685 2872 1745 quattuor
2904 1678 3067 1750 igitur
3089 1678 3224 1735 ﬁunt
3260 1682 3414 1736 duae.
3447 1683 3593 1739 Disc.
3627 1683 3740 1739 Non

416 1782 421 1791 ι
484 1761 743 1822 utraeque
789 1753 933 1808 enim
998 1753 1063 1809 de
1108 1752 1219 1810 Deo
1271 1755 1681 1825 praedicantur,
1732 1755 1860 1811 nulli
1917 1766 2062 1812 recle
2094 1839 2132 1845 __
2165 1767 2380 1822 resisto.
2403 1767 2543 1824 MAG.
2572 1767 2793 1841 Quid,si
2824 1780 3127 1827 creaturam
3144 1771 3385 1829 Creatori
3410 1775 3744 1845 adjunxeris,

485 1842 893 1915 iutelligentium
922 1844 1210 1902 obscurum
1239 1861 1361 1902 esse
1394 1848 1657 1912 arbitror;
1688 1864 1719 1903 a
1753 1847 1899 1903 nullo
1920 1850 2060 1904 enim
2168 1858 2241 1912 ita
2263 1867 2322 1912 ut
2344 1858 2418 1913 nil
2451 1858 2593 1913 aliud
2613 1860 2667 1914 in
2697 1839 2761 1914 ea
2791 1861 3078 1937 inieiiigas,
3108 1863 3213 1918 nisi
3243 1864 3438 1934 ipsum,
3469 1839 3561 1937 ίμιί
3591 1868 3739 1922 solus

484 1945 720 2003 creatur.
760 1937 902 2008 QUOd
930 1953 1091 1994 causa
1132 1940 1397 2010 superiori
1436 1954 1495 1995 se
1532 1940 1617 1994 vel
1656 1940 1759 1996 Sibi
1785 1940 2061 2011 coaequali
2162 1965 2290 2005 vere
2308 1950 2517 2016 est;nil
2540 1950 2685 2006 enim
2706 1936 2858 2006 extra
2884 1951 3056 2027 ipsum
3072 1967 3199 2008 vere
3218 1936 3504 2009 essentiale
3522 1955 3739 2022 dicitur,

481 2037 630 2084 caret
653 2040 699 2082 α.
741 2028 838 2083 Est
872 2029 1017 2084 enim
1061 2029 1232 2100 prima
1264 2029 1502 2083 omnium
1533 2045 1693 2085 causa
1721 2031 1878 2094 Deus,
1901 2045 2060 2100 quem
2162 2041 2288 2109 quia
2335 2041 2534 2107 omnia,
2582 2056 2722 2110 quae
2767 2041 2834 2097 ab
2875 2055 2940 2096 eo
2991 2052 3136 2107 sum,
3175 2043 3251 2097 nil
3289 2044 3432 2099 aliud
3485 2055 3627 2109 sum,
3688 2048 3740 2101 ίη

478 2117 613 2209 nihil
647 2119 949 2209 praecedit;
980 2119 1054 2173 nil
1095 2120 1142 2174 ei
1175 2120 1574 2192 cointelligitur,
1607 2122 1748 2191 quod
1774 2122 1874 2177 sibi
1908 2138 2063 2179 coes—
2161 2140 2420 2202 quantum
2452 2143 2599 2200 sunt,
2640 2134 2742 2190 nisi
2784 2136 3129 2205 participatio
3165 2137 3353 2209 ipsius,
3385 2138 3477 2209 qui
3507 2154 3537 2192 a
3562 2140 3742 2209 seipso

476 2207 703 2265 sentiale
728 2222 835 2300 non
869 2209 1209 2300 sit.;Yidc5iie
1240 2212 1440 2279 itaque,
1473 2210 1699 2279 primam
1728 2219 1784 2265 et
1808 2222 2059 2281 quartam
2161 2227 2305 2281 εοιυε
2326 2241 2422 2296 ρει-
2445 2227 2938 2296 seipsumsubsisiii
2965 2244 2980 2283 ε
3013 2244 3138 2283 "um
3162 2207 3737 2300 ,{egabis’breamicm

479 2306 704 2351 naturae
720 2296 947 2352 formam
972 2299 1024 2353 in
1049 2314 1213 2353 unum
1236 2299 1256 2330 ³
1276 2314 1394 2355 esse
1417 2301 1728 2356 revocatas?
1751 2301 1899 2358 Disc.
1916 2302 2059 2358 Satis
2158 2326 2215 2373 ει
2251 2326 2552 2374 creaturam
2583 2334 2749 2373 unum
2774 2319 2937 2375 esse?
2969 2318 3112 2375 Disc.
3139 2296 3257 2375 Non
3279 2320 3434 2376 facile
3459 2324 3734 2393 negarim;

477 2389 656 2454 video,
693 2405 934 2460 pureque
980 2390 1237 2461 intelligo.
1281 2391 1396 2446 Non
1439 2392 1581 2447 enim
1622 2393 1678 2448 in
1726 2392 1837 2449 Deo
1881 2395 2057 2464 prima

2159 2408 2285 2464 huic
2314 2410 2458 2464 enim
2487 2409 2786 2467 collectioni
2818 2410 3072 2467 resistere
3090 2411 3302 2468 videtur
3327 2412 3460 2469 mihi
3484 2389 3737 2470 ridiculo-

476 2480 653 2537 forma
702 2498 732 2537 a
772 2493 960 2552 quarta
1000 2484 1338 2539 discernitur.
1378 2484 1436 2539 In
1486 2486 1601 2556 ipso
1641 2486 1906 2557 siquidem
1950 2504 2055 2544 non
2159 2518 2275 2558 sum
2305 2517 2446 2557 esse,

479 2574 584 2629 duo
609 2575 895 2644 quaedam,
926 2574 1021 2630 sed
1042 2591 1205 2631 unum
1236 2585 1380 2643 sunt,
1415 2577 1467 2632 in
1495 2586 1680 2633 nostra
1695 2593 1824 2635 vero
1847 2581 2054 2636 theoria
2227 2594 2366 2649 Μλα,
2395 2594 2938 2666 Universitasiiaque,
2956 2612 3094 2667 quae
3121 2596 3233 2655 Deo
3258 2606 3315 2655 ει
3338 2607 3587 2655 creatura
3612 2615 3738 2655 οοιι-

477 2669 603 2723 dum
641 2667 799 2724 aliam
841 2669 1105 2725 rationem
1149 2670 1215 2726 de
1256 2671 1366 2727 Deo
1392 2671 1724 2742 concipimus
1762 2677 2052 2731 secundum
2158 2686 2375 2753 tinetur,
2419 2688 2569 2758 prius
2626 2689 2680 2743 in
2728 2698 2983 2759 quattuor
3037 2690 3201 2745 veluti
3275 2690 3479 2747 formas
3540 2692 3731 2757 divisa,

477 2759 959 2816 considerationem
1014 2761 1287 2834 principii,
1341 2762 1502 2817 aliam
1548 2778 1679 2819 vero
1722 2762 1877 2833 juxta
1931 2764 2054 2821 ﬁnis

2155 2780 2349 2835 iterum
2373 2782 2441 2835 ad
2472 2796 2635 2837 unum
2663 2781 3015 2848 individuum,
3040 2782 3365 2851 principium
3387 2783 3585 2854 quippe
3605 2800 3733 2839 cauo

475 2853 1002 2924 contemplationem,
1041 2854 1178 2910 duae
1206 2854 1369 2911 veluti
1397 2854 1664 2927 quaedam
1692 2854 1901 2913 formae
1934 2873 2052 2915 esse

2154 2886 2376 2942 sanique
2395 2872 2681 2943 ﬁnemque,
2697 2884 3002 2929 revocatur.
3029 2873 3172 2929 Disc.
3196 2873 3275 2930 De
3295 2875 3585 2930 universali
3616 2876 3722 2930 uni-

473 2945 745 3013 "ldeﬂllﬂ'.
795 2960 863 3002 εἰ
922 2962 1029 3002 una
1082 2949 1377 3020 eademque
1440 2948 1783 3019 SimpliCllale
1839 2951 2050 3007 lelﬂae
2153 2965 2379 3021 versalis
2403 2974 2626 3020 naturae
2647 2965 2906 3021 divisione
2927 2965 3569 3022 etadunationciuterim
3596 2967 3730 3021 satis

471 3046 702 3139 naturae
744 3048 967 3139 propter
1009 3040 1276 3113 duplicem
1320 3048 1537 3099 nostrae
1578 3042 2048 3115 contemplationis
2153 3062 2354 3119 dictum
2390 3063 2566 3119 video.
2610 3062 2744 3117 Nam
2787 3063 2854 3117 de
2904 3061 3358 3117 subdivisionibus
3395 3059 3727 3132 singularum

471 3129 822 3185 intentionem
846 3129 1130 3187 formatae.

2153 3151 2448 3208 formarum
2479 3154 2591 3209 suis
2626 3153 2758 3209 locis
2801 3153 3282 3218 considerabimus,
3320 3153 3588 3208 secundae
3608 3153 3728 3207 dico

2075 3201 2122 3264 C

538 3243 678 3300 Mac.
710 3245 1051 3303 Rectevides.
1073 3244 1213 3313 Quid
1228 3248 1425 3320 igitur?
1447 3248 1587 3305 Num
1606 3256 1661 3306 et
1681 3252 1969 3308 secundam
1994 3262 2048 3308 et
2077 3243 2122 3283 Ψ
2153 3256 2208 3303 ει
2230 3246 2447 3311 ῑθτιίθθς
2480 3245 2709 3316 Primam
2737 3244 2932 3316 quippe
2965 3253 3021 3299 ει
3058 3253 3308 3314 quam"!
3336 3245 3731 3301 SUbleiSlOﬂeS

468 3338 685 3393 tertiam
712 3339 767 3393 in
812 3355 976 3394 unum
1017 3339 1266 3395 similiter
1302 3340 1558 3398 debemus
1601 3344 1885 3416 redigere?
1928 3346 2046 3403 Non
2154 3340 2393 3411 recipere
2422 3355 2531 3393 non
2570 3338 2726 3395 facile
2768 3339 3015 3394 dixerim.
3051 3338 3283 3409 Ideoque
3324 3339 3391 3394 ad
3436 3338 3563 3405 alia,
3592 3354 3731 3409 quae

467 3428 612 3485 enim
639 3437 693 3484 te
714 3430 1203 3499 latet,utaestimo,
1223 3434 1390 3504 quod,
1416 3434 1555 3491 sicut
1577 3437 1749 3505 prima
1771 3448 1827 3493 et
1852 3448 2045 3508 quarta
2142 3430 2255 3500 jam
2294 3431 2519 3486 dicenda
2559 3440 2703 3495 sunt,
2726 3430 3109 3485 transeundum
3130 3430 3386 3485 arbitror.
3416 3428 3556 3485 Msa.
3590 3430 3728 3497 Quid

466 3520 526 3575 in
554 3519 829 3587 Creatore,
859 3522 932 3577 ita
962 3524 1195 3580 secunda
1223 3534 1279 3580 et
1318 3527 1476 3581 tertia
1512 3526 1565 3581 in
1600 3537 1847 3583 creatura
1874 3532 2045 3587 ratio-
2151 3524 2247 3579 tibi
2278 3523 2529 3579 videtur?
2565 3521 2702 3577 Num
2729 3522 2834 3577 alia
2861 3522 3092 3578 tenenda
3122 3532 3205 3578 est
3233 3524 3426 3579 semita
3446 3524 3514 3578 ad
3551 3524 3730 3580 iuves-

469 3610 720 3667 nabiliter
757 3625 1173 3683 cognoscuntur.
1213 3615 1457 3671 Secunda
1505 3617 1672 3683 enim,
1729 3628 1789 3674 ut
1831 3623 2044 3691 pracdi-
2150 3615 2461 3688 tigationcm
2486 3616 2880 3686 propositarum
2903 3616 3482 3687 quaestionum,quam
3506 3624 3731 3672 utnunc

470 3713 619 3761 etum
643 3714 745 3771 est,
775 3713 831 3760 et
870 3714 1087 3761 creatur
1124 3716 1180 3763 et
1215 3716 1388 3773 creat,
1428 3717 1483 3763 et
1526 3710 1577 3764 in
1604 3710 2043 3781 primordialibus
2148 3707 2441 3764 secundam
2469 3716 2697 3762 naturae
2735 3706 2963 3762 formam
3005 3723 3348 3778 quaeramus,
3376 3707 3631 3777 quoniam
3661 3707 3730 3762 dc

467 3795 647 3851 causis
695 3795 1032 3852 conditarum
1087 3813 1266 3853 rerum
1316 3799 1664 3871 intelligitur;
1709 3803 1865 3858 tertia
1915 3819 2044 3862 vero
2145 3800 2318 3870 prima
2348 3800 2400 3854 in
2425 3799 2589 3869 priori
2619 3798 2780 3864 libro,
2808 3808 3070 3869 quantum
3113 3797 3341 3860 facultas
3383 3800 3723 3870 suppetebat,

392 3920 401 3929 -
464 3886 640 3944 forma
666 3898 883 3944 creatur
910 3898 965 3943 et
992 3905 1098 3947 non
1137 3898 1305 3956 creat,
1345 3899 1505 3963 atque
1534 3892 1588 3946 in
1629 3891 1904 3951 eﬂ'ectibus
1927 3896 2041 3966 pri-
2146 3890 2622 3954 consideravimus,
2648 3889 2702 3943 in
2733 3904 2840 3958 quo
2876 3891 3047 3957 magis
3089 3890 3155 3945 de
3183 3891 3369 3946 decent
3398 3904 3580 3945 rerum
3608 3905 3727 3945 om-

463 3979 805 4036 mordialium
853 3995 1139 4037 causarum
1169 3982 1454 4053 reperitur.
1487 3982 1736 4040 Secunda
1781 3986 1961 4056 itaque
1989 3994 2044 4043 et
2143 3982 2291 4037 nium
2327 3982 2632 4054 generibus,
2664 3982 2808 4052 quod
2847 3983 3063 4054 proprie
3094 3983 3160 4038 de
3187 3984 3455 4039 creatrice
3479 3986 3723 4040 omnium

466 4071 623 4126 tertia
647 4086 755 4126 uno
782 4072 1078 4142 eodemque
1113 4086 1333 4143 genere,
1364 4082 1581 4130 creatae
1611 4075 1860 4131 videlicet
1886 4088 2044 4132 natu-
2143 4089 2303 4130 causa
2354 4074 2459 4130 dici
2522 4090 2631 4130 non
2682 4083 2909 4145 possunt
2936 4074 2977 4140 ⁸,
3028 4075 3355 4145 disputatum
3401 4086 3503 4143 est,
3558 4091 3725 4146 quam

461 4178 572 4230 rae,
606 4163 967 4229 continentur,
1015 4172 1178 4234 atque
1216 4164 1272 4220 in
1316 4178 1379 4220 ea
1417 4180 1585 4220 unum
1626 4174 1770 4223 sunt.
1813 4166 2041 4224 Formae
2144 4166 2210 4221 de
2264 4165 2378 4236 ipsa
2426 4166 2665 4220 omnium
2710 4163 3065 4220 causa?Nam
3107 4180 3246 4234 quae
3285 4166 3351 4221 de
3386 4180 3449 4221 ea
3492 4165 3720 4221 dicenda

460 4256 723 4327 siquidem
763 4257 818 4313 in
852 4271 1049 4329 genere
1084 4271 1249 4312 unum
1298 4266 1442 4313 sunt.
1486 4257 1623 4313 Num
1651 4258 1831 4329 itaque
1864 4259 2036 4325 vides,
2143 4265 2289 4323 sunt,
2326 4256 2393 4311 ad
2422 4266 2648 4327 quartae
2675 4254 2881 4312 formae
2918 4256 3403 4313 considerationem
3436 4272 3723 4313 reservan-

457 4357 713 4419 quattnor
748 4347 1045 4404 formarum
1084 4348 1477 4418 praedictarum
1515 4350 1648 4406 duas
1669 4350 1904 4420 quidem,
1934 4352 2041 4422 pt'i-
2141 4346 2210 4401 da
2261 4362 2379 4401 csse
2422 4344 2802 4414 indicavimus,
2852 4362 2958 4401 non
3006 4347 3149 4417 quod
3203 4356 3259 4403 et
3295 4346 3367 4402 ibi
3419 4347 3487 4402 de
3537 4346 3717 4402 divina

458 4456 604 4498 mam
654 4441 903 4497 videlicet
949 4451 1006 4496 et
1057 4449 1327 4511 quartam,
1376 4441 1431 4497 in
1484 4441 1817 4509 Creatorem,
1878 4443 2032 4510 duas,
2141 4446 2331 4492 natura
2371 4437 2587 4508 proprie
2615 4437 2741 4507 quid
2771 4446 2861 4492 aut
2882 4437 3040 4507 digne
3064 4452 3161 4493 nos
3182 4438 3423 4493 dicturos
3448 4452 3570 4493 esse
3597 4452 3723 4508 pro-

458 4532 750 4589 secundam
773 4532 893 4587 dico
919 4540 973 4588 et
995 4531 1233 4597 tertiam,
1261 4533 1316 4587 in
1345 4540 1649 4589 creaturam
1679 4533 2039 4592 recollectas?
2067 4598 2089 4600 ᾗ
2141 4530 2441 4595 mittamus,
2472 4529 2566 4585 sed
2593 4531 2735 4600 quod
2762 4531 2828 4585 dc
2876 4532 3050 4585 reditu
3094 4531 3334 4586 omnium
3360 4531 3413 4585 in
3455 4546 3574 4587 eam
3622 4545 3719 4599 per

455 4623 602 4678 Disc.
620 4621 785 4677 Plane
819 4621 997 4688 video,
1015 4621 1413 4693 admodumque
1438 4624 1679 4680 admiror
1699 4640 1881 4679 rerum
1910 4626 2041 4681 sub-
2063 4598 2116 4660 1)
2140 4620 2514 4695 primordiales
2544 4598 2758 4689 causas,
2793 4630 3053 4692 quantum
3096 4621 3211 4692 ipsa
3240 4620 3489 4690 (dederit,
3521 4598 3718 4676 dicturi

456 4714 723 4770 tilitatem.
751 4712 887 4770 Nam
926 4713 1066 4770 duae
1088 4714 1397 4785 praedictae
1422 4715 1627 4772 formae
1668 4732 1777 4773 non
1808 4717 1861 4773 in
1902 4716 2034 4785 Deo,
2142 4729 2347 4770 sumus.
2400 4700 2592 4769 Sicut"
2619 4715 2673 4770 in
2709 4716 2811 4770 liac
2854 4715 3087 4769 secunda
3128 4713 3508 4790 inquisitione‘
3537 4712 3717 4767 maxio

454 4809 548 4863 sed
588 4806 643 4861 in
679 4815 863 4862 nostra
902 4807 1353 4878 contemplatione
1388 4807 1793 4877 discernuntur,
1829 4819 1884 4866 ct
1927 4827 2034 4869 non
2139 4822 2226 4862 me
2272 4806 2586 4864 intentionis
2621 4817 2839 4865 nostrae
2886 4810 3240 4879 propositum,
3270 4806 3382 4863 Deo
3429 4805 3714 4878 largiente,

455 4900 694 4968 Dei,sed
722 4901 946 4957 rationis
972 4910 1189 4958 nostrae
1210 4901 1413 4957 formae
1445 4911 1589 4968 sunt,
1616 4912 1838 4975 propter
1861 4905 2035 4976 dupli-
2138 4901 2483 4959 constitutum
2532 4911 2631 4967 est,
2688 4901 2952 4971 quaedam
3000 4902 3179 4955 dicere
3241 4899 3306 4954 de
3368 4898 3716 4969 processionc

451 5009 567 5051 cem
601 4994 852 5066 principii
878 5001 1040 5064 atque
1060 4993 1183 5049 linis
1210 4995 1734 5066 considerationem;
1764 5011 1937 5069 neque
1972 4998 2026 5054 in
2136 5003 2506 5051 creaturarum
2552 4993 2621 5049 ab
2679 5007 2786 5047 una
2830 4992 2928 5047 et'
2975 4993 3148 5062 prima
3196 4990 3437 5046 omnium
3486 5005 3649 5046 causa
3672 4989 3713 5021 "

452 5087 564 5144 Deo
616 5087 691 5142 in
719 5101 884 5143 uuam
929 5083 1157 5141 formam
1203 5086 1539 5157 rediguntur,
1593 5088 1688 5143 sed
1737 5088 1790 5143 in
1842 5097 2026 5145 nostra
2093 5102 2229 5160 'per
2255 5085 2629 5157 primordiales
2647 5083 3339 5151 essentias“,anteomnia
3360 5084 3429 5136 ab
3451 5083 3710 5149 ea,inca,

450 5177 681 5243 theoria,
709 5190 850 5247 quae
878 5176 1003 5232 dum
1046 5176 1369 5247 principium
1402 5186 1458 5233 et
1500 5176 1662 5234 ﬁnem
1696 5181 2024 5247 considerat,
2131 5196 2230 5252 per
2267 5195 2386 5236 eam
2419 5180 2682 5245 conditas,
2713 5178 2767 5233 in
2820 5178 3035 5233 diversa
3081 5191 3264 5232 rerum
3297 5189 3496 5248 genera
3540 5173 3712 5228 diver-

447 5266 583 5325 duas
638 5268 897 5339 quasdam
950 5264 1153 5323 formas
1211 5268 1678 5339 contemplationis
1740 5271 1795 5325 in
1849 5271 2025 5341 seipsa
2135 5272 2401 5329 humanus
2430 5269 2643 5325 animus
2689 5268 2757 5325 ad
2787 5269 2956 5325 Deum
2993 5268 3294 5340 perveniet,
3323 5276 3438 5322 tum
3476 5265 3707 5321 divinum

1727 5359 1980 5417 VARIAE
2019 5359 2418 5419 LECTIONES.

518 5454 537 5488 ⁸
564 5452 655 5509 Sic
678 5453 758 5520 C;
803 5462 852 5508 et
876 5467 985 5507 om.
1011 5451 1127 5507 AD.
1201 5453 1224 5484 '
1255 5448 1347 5507 Sic
1369 5450 1486 5517 CD;
1515 5450 1556 5505 Δ
1581 5461 1722 5507 sunt.
1824 5454 1845 5485 ³
1875 5453 1966 5510 Sic
1988 5454 2114 5521 CD;
2146 5455 2189 5509 Α
2210 5472 2391 5510 unum.
2466 5453 2487 5485 ⁸
2512 5451 2604 5509 Sic
2628 5451 2669 5509 (Ξ
2699 5461 2755 5508 et
2782 5467 2922 5508 corr.
2957 5452 3035 5517 A;
3065 5449 3190 5506 Din
3211 5466 3333 5521 eo.__
3394 5446 3531 5521 "Sic
3578 5447 3703 5514 AD;

444 5524 487 5582 C
510 5524 564 5580 in
589 5540 724 5579 eam.
745 5518 767 5595 ί
801 5522 1121 5595 {SicuCDJ
1145 5522 1446 5595 Agpossiiit.
1503 5522 1523 5554 ⁷
1549 5521 1640 5579 Sic
1670 5523 1789 5589 CD;
1822 5524 1868 5579 Δ
1896 5527 2006 5580 sed.
2082 5518 2108 5558 ⁸⁷
2139 5525 2229 5582 Sic
2261 5526 2379 5593 CD;
2432 5524 2477 5580 Α
2503 5524 2825 5595 quaestione.
2899 5522 2920 5553 ⁹
2945 5521 2990 5576 D
3043 5538 3128 5578 ac.
3211 5520 3255 5553 ‘°
3280 5518 3373 5577 Sic
3397 5518 3515 5585 CD;
3544 5535 3709 5573 causa

443 5611 552 5652 om.
585 5595 651 5649 A.
728 5593 772 5626 “
801 5592 895 5649 Sic
917 5592 1034 5660 CD;
1064 5593 1110 5647 A
1136 5590 1511 5663 primordiales
1548 5609 1826 5649 causarum
1853 5596 2130 5652 essentias.

514 5770 539 5797 ι
576 5756 617 5811 C
670 5758 738 5814 ad
796 5773 965 5828 marg.
1025 5756 1202 5813 adscr.
1254 5754 1434 5813 Clara.
1487 5755 1601 5814 Hoc
1675 5757 1870 5815 dictum
1926 5687 2276 5829 εδῗρῖιῇξίρν
2318 5759 2523 5815 dwmae
2586 5750 2831 5812 bonitatis
2892 5765 2996 5811 tres
3044 5753 3406 5811 caessentialcs
3462 5752 3711 5808 substan-

446 5828 569 5881 tias.
