4028 6280
316 394 424 451 5⁴Ξ9

1118 385 1206 441 DE
1245 382 1586 441 DIVISIONE
1625 381 1978 442 NATURAE.
2010 410 2084 428 —-
2118 382 2321 440 LIBER
2357 384 2743 445 SECUNDUS.

3483 389 3587 445 550

315 522 515 591 easque
546 504 753 564 formas
787 515 1147 572 numerosque
1188 501 1242 555 in
1289 498 1677 556 inﬁnitum.‘Et
1705 513 1775 554 ne
1805 498 1909 553 mi-
1928 504 1988 567 Α
2009 501 2137 556 tiam
2157 518 2249 574 per
2271 504 2646 560 successionem
2674 521 2766 574 per
2785 521 2895 573 eos,
2917 506 3007 578 qui
3029 515 3148 564 ante
3174 524 3229 562 se
3253 516 3423 576 erant,
3452 509 3507 565 in
3533 528 3592 568 ω

315 604 475 669 reris,
506 601 552 656 si
600 596 865 669 quaedam
910 594 962 649 in
1006 595 1110 650 hoc
1146 593 1284 649 libro
1310 595 1327 625 ³
1376 594 1442 649 de
1484 593 1660 648 reditu
1697 601 1909 649 creatu-

316 710 501 751 rarmn
543 692 610 746 ad
663 688 989 761 principium
1045 686 1129 742 sui
1174 685 1446 755 ﬁnemque
1506 685 1646 740 dicta
1683 683 1907 740 videris.

313 784 597 843 Processio
641 797 875 852 namque
903 788 1278 835 creaturarum
1308 776 1731 846 earumdemque
1766 775 1910 831 redi-

315 888 402 933 tus
430 878 505 932 ita
542 878 562 906 ³
590 873 751 930 simul
802 870 1000 928 rationi
1040 876 1337 926 occurrunt
1362 883 1457 924 eas
1512 866 1821 938 inquirenti,
1850 871 1909 920 ut

311 990 341 1028 a
390 986 449 1026 se
478 969 711 1025 invicem
738 964 1126 1037 inseparabiles
1155 977 1275 1020 esse
1303 961 1621 1029 videantur,
1650 970 1704 1017 et
1749 975 1908 1017 nemo

310 1064 379 1119 de
407 1077 512 1117 una
543 1059 791 1116 absolute
814 1058 932 1115 sine
960 1057 1188 1113 alterius
1213 1055 1534 1120 insertione,
1574 1054 1677 1110 boc
1706 1062 1811 1121 est,
1840 1053 1907 1110 de

309 1153 663 1224 processione
693 1151 811 1207 sine
837 1127 1013 1206 reditu
1042 1157 1098 1204 et
1125 1148 1465 1214 collectione,
1498 1155 1554 1203 et
1576 1145 1905 1214 conversim,

308 1246 532 1316 dignum
548 1244 676 1314 quid
707 1250 992 1312 ratumque
1017 1250 1188 1312 potest
1208 1239 1520 1317 explanare.
1551 1239 1696 1295 DISC.
1716 1238 1908 1310 Dispu-

310 1338 535 1393 tationis
555 1337 727 1392 series
751 1336 826 1391 nil
855 1335 998 1390 aliud
1031 1334 1221 1406 exigit,
1259 1349 1420 1405 quam
1458 1343 1518 1388 nt
1543 1342 1665 1404 post
1695 1332 1907 1405 primae

305 1430 647 1507 quaestionis
682 1428 1173 1484 considerationem
1220 1427 1289 1482 ad
1326 1426 1619 1483 secundam
1660 1434 1906 1481 transea-

307 1540 450 1579 mus.
476 1523 617 1578 MAG.
649 1520 983 1576 Uuiversalis
1009 1521 1192 1592 itaque
1224 1528 1470 1584 naturae,
1489 1517 1668 1587 utjam
1698 1516 1901 1574 dictum

303 1622 409 1679 est,
442 1630 505 1669 ea
533 1613 711 1668 forma
746 1611 981 1668 secunda
1009 1612 1200 1678 enitet,
1226 1626 1366 1682 quae
1393 1618 1613 1667 creatur
1636 1619 1693 1666 et
1728 1619 1897 1677 creat,

303 1716 363 1762 et
408 1692 515 1763 non
568 1708 673 1763 nisi
733 1707 786 1762 in
841 1707 1283 1777 primordialibus
1339 1708 1520 1775 causis
1582 1723 1782 1772 rerum,
1844 1716 1905 1763 ut

303 1799 554 1864 aestimo,
579 1798 925 1871 intelligenda
947 1808 1048 1854 est.
1072 1799 1224 1871 Ipsae
1266 1807 1448 1855 autem
1470 1799 1498 1876 _’
1526 1800 1903 1871 primordiales

2008 592 2149 663 ipsos
2200 593 2532 650 distributum
2582 596 2865 667 accipiunt,
2918 598 3100 654 dicunt
3152 602 3405 668 omnium,
3456 619 3592 674 quae

2009 687 2150 758 facta
2192 695 2336 751 sunt,
2377 686 2604 758 quinque
2643 686 2984 742 divisionibus
3033 692 3296 761 segregari
3342 693 3590 749 substan-

2008 781 2157 835 tiam.
2214 778 2481 846 Videsne,
2536 789 2739 851 quanta
2790 781 3081 837 autoritate
3128 782 3408 841 divisionis
3444 789 3588 840 “uae

2007 872 2269 945 originem
2308 873 2684 929 commendat?
2713 872 2796 929 Ab
2824 873 2940 944 ipso
2967 875 3109 928 enim
3139 875 3327 943 verbo,
3350 876 3453 933 hoc
3479 890 3589 947 est,

2006 965 2103 1022 Dei
2128 965 2286 1033 Filio,
2315 966 2408 1037 qui
2447 976 2531 1022 est
2555 966 2676 1022 loris
2719 967 2880 1022 totius
2920 966 3192 1037 perfectae
3230 968 3588 1025 doctrinae—

2006 1058 2226 1124 merito,
2256 1058 2380 1129 quia
2404 1059 2517 1129 ipse
2554 1066 2640 1119 est
2667 1058 2949 1128 sapientia,
2975 1074 3134 1129 quam
3161 1074 3346 1115 omnes
3373 1059 3588 1131 sapien-

2006 1158 2089 1208 tes
2127 1152 2454 1223 participant
2496 1166 2593 1223 per
2624 1152 2944 1224 pedisequos
2986 1166 3134 1219 suos,
3168 1152 3272 1207 hoc
3297 1159 3401 1218 est,
3433 1151 3590 1208 disci.

2004 1244 2182 1317 pulos,
2212 1244 2303 1315 qui
2326 1259 2449 1300 eum
2476 1253 2533 1299 et
2565 1245 2605 1276 “
2647 1244 2700 1299 in
2738 1259 2901 1300 carne
2938 1242 3213 1300 "viventem
3233 1245 3507 1313 viderunt,
3536 1254 3591 1303 et

2007 1339 2290 1393 docentem
2339 1336 3028 1392 audierunt—inchoasse
3078 1346 3489 1403 commemorat,
3535 1346 3592 1393 et

2006 1445 2103 1501 per
2123 1429 2489 1501 apostolorum
2524 1444 2869 1485 successores
2890 1428 2944 1484 in
2975 1429 3224 1485 doctrina
3248 1438 3303 1484 et
3325 1429 3589 1500 sapientia

2007 1516 2337 1588 immediate,
2361 1523 2464 1578 hoc
2483 1530 2589 1590 est,
2613 1521 2758 1577 nulla
2780 1521 2882 1577 alia
2914 1522 3204 1578 autoritate
3247 1522 3588 1593 interposita,

2005 1629 2177 1684 usque
2201 1614 2268 1669 ad
2305 1629 2400 1668 sua
2431 1622 2670 1683 tempora
2702 1613 2953 1668 traditam
2988 1612 3175 1669 fuisse.
3206 1611 3444 1679 Quarum
3482 1614 3592 1684 pri-

2003 1724 2162 1772 mam,
2218 1707 2412 1777 inquit,
2445 1724 2553 1763 esse
2588 1707 2735 1761 aiunt
2760 1722 2897 1773 eam,
2924 1722 3057 1778 quae
3084 1723 3117 1759 α
3156 1702 3473 1760 ποηενεαια
3497 1722 3594 1760 ηα-

2005 1810 2126 1854 tura
2166 1810 2398 1854 creatam
2423 1800 2467 1831 ¹¹
2504 1797 2868 1854 universaliter
2901 1808 3168 1865 naturam,
3194 1807 3244 1852 et
3264 1814 3356 1869 per
3375 1814 3593 1869 genera-

303 1905 488 1945 rerum
544 1906 741 1946 causae
787 1906 819 1945 a
874 1889 1097 1946 Graecis
1133 1892 1472 1968 πρῳτὸτνπα,
1518 1892 1621 1947 hoc
1675 1901 1758 1947 est
1794 1893 1905 1963 pri-
1936 1882 1984 1945 Β
2011 1895 2200 1949 tionem
2240 1910 2349 1948 esse
2395 1893 2730 1964 accipientem
2771 1891 2953 1946 dividit
3000 1891 3077 1958 ¹³;
3130 1890 3310 1945 dicunt
3347 1905 3591 1960 namque,

301 1981 588 2037 mordialia
634 1981 905 2051 exempla,
930 1981 1016 2037 vel
1048 1985 1429 2062 προορίσματα,
1462 1983 1565 2038 hoc
1592 1991 1675 2039 est
1700 2025 1715 2050 ,
1751 1998 1908 2054 prae-

302 2074 697 2130 destinationes
748 2073 832 2128 vel
897 2074 1244 2129 deﬁnitiones
1303 2082 1609 2141 vocantur;
1659 2075 1789 2130 item
1838 2076 1906 2130 ab

302 2164 508 2220 eisdem
552 2167 668 2222 θιῖα
711 2166 968 2237 θελήματα
995 2206 1009 2231 ,
1044 2166 1149 2222 lmc
1189 2174 1305 2231 est,
1347 2166 1563 2221 divinae
1601 2167 1908 2223 voluntates

300 2254 591 2322 dicuntur;
638 2255 766 2313 ἰδέαι
806 2272 1038 2328 quoque,
1092 2259 1143 2314 id
1170 2267 1273 2325 est,
1318 2260 1528 2329 species
1558 2260 1642 2314 vel
1675 2260 1901 2329 formae,

304 2349 359 2404 in
424 2349 620 2419 quibus
678 2348 920 2403 omnium
992 2351 1225 2407 rerum‘
1266 2350 1639 2407 faciendarum
1670 2393 1685 2418 ,
1728 2353 1905 2422 prius-

301 2424 465 2510 quam
516 2451 744 2507 essent,
784 2440 1256 2497 incommutabilcs
1301 2443 1323 2474 ⁸
1369 2444 1606 2499 rationes
1652 2444 1904 2500 conditae

299 2543 449 2598 sunt,
488 2532 664 2588 solent
712 2533 918 2589 vocari.
953 2534 1028 2591 De
1071 2535 1268 2605 quibus
1297 2534 1459 2591 latius
1504 2536 1558 2591 in
1598 2539 1902 2607 proccssu°

299 2632 485 2702 operis
531 2631 800 2699 dicemus,
841 2632 1277 2704 testimoniisque
1316 2644 1629 2691 sanctorum
1679 2634 1901 2707 Patrum

299 2724 705 2781 roborabimus.
739 2724 807 2780 Et
839 2740 941 2781 nec
976 2727 1250 2782 immerito
1280 2727 1361 2782 sic
1382 2726 1743 2798 appellantur,
1767 2742 1901 2797 quo-

299 2819 448 2871 niam
478 2817 662 2881 Pater,
713 2817 817 2873 hoc
852 2826 936 2872 est
974 2818 1303 2889 principium
1329 2819 1592 2886 omnium,
1642 2820 1695 2874 in
1721 2819 1899 2876 Verbo

299 2924 421 2973 suo,
460 2908 740 2979 unigenito
769 2909 1022 2965 videlicet
1048 2908 1209 2976 Filio,
1232 2911 1474 2966 omnium
1510 2925 1690 2965 rerum
1732 2911 1899 2967 ratio-

299 3018 419 3068 nes,
474 3018 612 3073 quas
664 3002 941 3059 faciendas
987 3019 1109 3060 esse
1173 3003 1363 3070 voluit,
1410 3004 1562 3076 prius
1618 3019 1784 3074 quam
1838 3004 1894 3059 in

298 3108 500 3168 genera
547 3103 603 3150 ct
661 3095 873 3167 species
918 3110 1282 3165 numerosque
1327 3103 1490 3166 atque
1537 3094 1891 3163 diﬂerentias,

298 3203 612 3262 ceteraque,
638 3206 781 3263 quae
802 3191 857 3247 in
903 3193 1117 3248 condita
1145 3200 1398 3248 creatura
1428 3200 1524 3247 aut
1553 3192 1889 3249 considerari

295 3290 526 3355 possunt
595 3292 650 3339 et
702 3282 1143 3351 considerantur,
1210 3293 1305 3339 aut
1385 3283 1720 3341 considerari
1783 3301 1891 3341 non

296 3381 527 3445 possunt
564 3387 695 3444 prae
722 3375 806 3430 sui
835 3373 1138 3447 altitudine,
1175 3385 1230 3431 et
1257 3390 1365 3431 non
1399 3376 1813 3432 considerantur
1839 3384 1896 3434 et

298 3474 480 3521 tamen
509 3475 656 3534 sunt,
684 3465 1098 3536 praelormavit.

317 3598 329 3603 η
366 3557 422 3611 5.
466 3556 575 3613 Sed
630 3558 951 3630 priusquam
1004 3560 1072 3615 ad
1119 3560 1554 3630 primordialium
1603 3576 1894 3619 causarum

300 3649 567 3723 theoriam
604 3651 1010 3721 perveniamus,
1048 3652 1222 3708 visum
1265 3662 1351 3709 est
1379 3654 1537 3720 mibi,
1565 3654 1893 3711 sententiam

296 3741 627 3797 venerabilis
656 3741 872 3798 Maximi
899 3743 967 3800 de
993 3744 1259 3801 divisione
1283 3746 1548 3813 omnium,
1579 3762 1720 3818 quae
1751 3746 1896 3803 facta

297 3845 450 3903 sunt,
502 3836 631 3892 buic
676 3837 1029 3909 disputationi
1073 3845 1321 3906 nostrae,
1361 3840 1407 3896 si
1460 3840 1556 3896 tibi
1619 3841 1797 3912 placet
1847 3840 1894 3909 ',

297 3929 562 3984 inserere.
589 3927 646 3984 Si
677 3929 823 3985 enim
854 3930 1133 4003 multiplex
1178 3947 1357 3987 rerum
1388 3932 1631 3988 omnium
1674 3933 1890 4000 divisio,

297 4021 604 4091 iterumque
625 4021 903 4089 adunatio,
930 4022 1304 4095 multipliciter
1324 4024 1691 4079 demonstrata
1708 4022 1894 4092 fuerit,

297 4112 364 4166 ad
392 4112 757 4183 cognitionem
781 4113 1162 4185 principalium
1193 4130 1498 4180 causarum,
1533 4131 1673 4186 quae
1694 4116 1895 4186 princi-

295 4202 495 4273 paliter
535 4217 566 4256 a
607 4203 719 4259 Deo
761 4204 1009 4261 conditae
1038 4213 1187 4271 sunt,
1233 4205 1504 4276 patefacta
1554 4206 1641 4260 via
1684 4205 1897 4263 facilius

300 4292 619 4363 apparebit;
670 4294 996 4364 praesertim
1041 4311 1162 4350 cum
1208 4296 1376 4367 ipsius
1404 4297 1599 4354 divisio
1634 4313 1665 4354 a
1709 4307 1896 4356 nostra

298 4384 582 4456 praedicta
615 4387 639 4419 ⁸
665 4386 927 4443 divisione
971 4387 1026 4442 in
1083 4387 1232 4445 nullo
1277 4389 1587 4462 discrepare
1628 4391 1895 4461 videatur,

301 4484 531 4548 excepto
597 4478 740 4547 quod
799 4476 889 4533 ille
949 4478 1265 4535 sensibilem
1330 4489 1664 4548 creaturam,
1730 4497 1895 4554 quam

301 4567 521 4623 tertiam
567 4565 796 4625 formam
826 4578 1054 4626 naturae
1100 4572 1400 4642 posuimus,
1431 4575 1686 4644 quoniam
1728 4576 1782 4631 in
1825 4590 1890 4633 ea

298 4658 535 4713 maxime
564 4675 849 4716 causarum
887 4659 1110 4718 ell'ectus
1149 4674 1433 4735 apparent,
1488 4667 1542 4722 in
1602 4677 1714 4724 tres
1766 4683 1891 4741 spe-

298 4752 411 4806 cies
433 4752 752 4821 subdividit,
782 4762 1145 4826 quartamque
1189 4768 1434 4813 nostram
1487 4775 1518 4815 a
1559 4762 1732 4832 prima
1779 4777 1886 4818 non

298 4842 577 4909 discernit,
616 4845 774 4901 sicut
826 4847 1107 4917 sequentia
1174 4849 1644 4907 demonstrabunt.
1674 4853 1888 4921 Quam'

297 4935 719 4993 subdivisionem
744 4939 1018 4996 sensibilis
1046 4949 1330 5000 creaturae
1375 4947 1440 5001 ad
1472 4948 1888 5004 materiemma-

297 5037 444 5084 strae
487 5031 819 5100 quaestionis
846 5032 1059 5101 tertiae,
1087 5044 1249 5106 prout
1282 5036 1425 5093 Deus
1452 5039 1682 5107 dederit,
1712 5055 1893 5097 reser-

296 5120 567 5177 vabimus.
604 5120 1004 5199 Tricesimo‘et
1040 5126 1273 5198 septimo
1319 5128 1555 5200 capitulo
1604 5130 1672 5187 de
1708 5130 1895 5188 Ambi-

299 5212 463 5281 guis:
507 5211 711 5282 Sancti,
764 5216 959 5286 inquit,
1003 5218 1095 5289 qui
1144 5217 1313 5273 multa
1358 5219 1654 5276 divinorum
1703 5231 1896 5294 myste-

300 5306 502 5360 riorum
523 5322 588 5361 ea:
610 5307 714 5373 Itis,
737 5310 827 5379 qui
851 5309 1117 5382 pedisequi
1146 5320 1192 5366 et
1218 5311 1445 5367 ministri
1468 5311 1699 5384 fuerunt,
1720 5312 1899 5381 Verbi,

2008 1985 2177 2040 Deum
2197 2002 2290 2057 per
2315 1985 2592 2039 bonitatem
2615 1983 2797 2053 fecisse
2819 1984 3152 2037 emistentium
3174 1980 3331 2036 simul
3358 1981 3592 2036 omnium

2009 2079 2208 2133 claram
2232 2078 2651 2148 dispositionem.
2673 2076 2740 2131 Et
2760 2075 2917 2147 paulo
2937 2085 3091 2146 post:
3125 2073 3420 2128 Secundam
3445 2088 3591 2139 vero,

2005 2190 2099 2246 per
2132 2189 2290 2246 quam
2331 2173 2444 2244 ipsa
2473 2170 2630 2226 simul
2671 2171 2838 2225 omnis
2875 2180 3089 2235 natura,
3116 2185 3149 2223 a
3178 2167 3288 2221 Deo
3330 2184 3422 2237 per
3448 2183 3592 2221 crea-

2007 2268 2200 2322 tionem
2246 2282 2356 2320 esse
2405 2264 2685 2334 accipiens,
2730 2261 2984 2317 dividitur
3029 2261 3085 2315 in
3140 2257 3491 2328 intelligibilia
3543 2265 3593 2311 et

2005 2355 2309 2421 sensibilia;
2348 2354 2556 2409 tertiam
2587 2353 2850 2423 deinceps,
2886 2367 2978 2421 per
3005 2366 3160 2423 quam
3186 2350 3299 2420 ipsa
3332 2346 3593 2402 sensibilis

2006 2457 2201 2504 natura
2223 2445 2476 2499 dividitur
2494 2444 2548 2497 in
2568 2442 2770 2497 caelum
2792 2442 3070 2496 ac‘terram
3087 2457 3105 2506 ;
3125 2451 3367 2511 quartam
3387 2439 3589 2505 itidem,

2002 2554 2095 2611 per
2137 2553 2297 2608 quam
2344 2546 2483 2589 terra
2533 2534 2786 2589 dividitur
2833 2533 2888 2588 in
2938 2531 3261 2587 Paradisum
3324 2539 3371 2585 et
3418 2530 3593 2585 orbem

2003 2638 2300 2694 terrarum;
2352 2637 2399 2682 et
2443 2627 2679 2699 quintam
2707 2666 2722 2692 ,
2765 2641 2857 2696 per
2900 2641 3057 2697 quam
3096 2625 3205 2695 ipse
3250 2624 3306 2677 in
3353 2622 3593 2677 onmibus

2002 2721 2157 2776 ueluti
2208 2720 2469 2792 quaedam
2529 2728 2834 2774 cunctorum
2877 2717 3331 2773 continuatissima
3363 2716 3591 2786 officina,

2000 2812 2340 2883 omnibusque
2380 2828 2473 2882 per
2519 2823 2722 2866 omnem
2775 2810 3126 2879 di/ferentiam
3180 2807 3591 2862 extremitatibus

1999 2920 2091 2975 per
2109 2904 2335 2973 seipsum
2355 2901 2668 2956 naturaliter
2694 2901 3020 2955 medietatem
3050 2898 3245 2969 faciem
3287 2898 3411 2951 bene
3450 2913 3513 2951 ac
3547 2898 3589 2927 ¹¹⁶

1997 2991 2213 3068 pale/tre
2246 2993 2554 3049 secundum
2621 2993 3023 3064 generationem.
3100 2989 3221 3056 His,
3270 3006 3404 3061 quae
3445 2998 3590 3056 sunt,

1995 3087 2366 3159 superadditus
2385 3088 2539 3142 homo
2559 3086 2614 3140 in
2635 3083 2925 3141 masculum
2950 3084 3299 3155 feminamque
3319 3082 3589 3148 dividitur,

1997 3197 2201 3235 onmem
2237 3180 2431 3235 habens
2467 3179 2700 3250 profecto
2738 3176 3053 3233 naturaliter
3085 3186 3438 3232 extremorum
3486 3192 3593 3229 om-

1999 3276 2145 3329 nium
2166 3274 2531 3329 medietatibus
2557 3289 2651 3344 per
2671 3273 2841 3343 ipsum
2871 3271 2940 3325 ad
2966 3279 3199 3326 extrema
3220 3270 3397 3324 omnia
3432 3286 3591 3339 copu-

1995 3367 2210 3423 lativam
2230 3366 2566 3437 propriarum
2588 3364 2819 3436 partium
2843 3360 3225 3436 proprietatem
3253 3361 3590 3416 adunationis

1995 3461 2260 3515 virtutem.
2294 3457 2512 3514 Partem
2548 3457 2806 3528 siquidem
2850 3456 2969 3523 sui,
3032 3463 3092 3511 ut
3140 3455 3283 3510 idem
3331 3454 3592 3524 magister

1997 3551 2124 3607 alibi
2149 3551 2249 3617 ait,
2288 3565 2408 3605 cum
2436 3547 2766 3604 seusibilibus
2809 3546 3061 3618 possidet,
3098 3547 3155 3602 in
3180 3555 3436 3619 quantum
3462 3561 3591 3609 cor-

1994 3662 2093 3717 pus
2126 3653 2236 3711 est;
2272 3653 2473 3714 partem
2505 3657 2622 3696 cum
2654 3638 3088 3713 intelligibilibus,
3112 3639 3171 3693 in
3187 3647 3444 3708 quantum
3475 3637 3592 3691 ani-

1995 3751 2085 3789 ma
2106 3751 2125 3789 :
2161 3733 2380 3804 ideoque
2413 3732 2710 3786 universam
2744 3740 3042 3784 creaturam
3067 3729 3123 3784 in
3160 3745 3215 3783 se
3239 3729 3488 3783 continet.
3522 3726 3590 3780 Et

1996 3828 2158 3901 paulo
2179 3836 2336 3898 post:
2370 3824 2547 3896 Hujus
2582 3825 2655 3879 rei
2687 3824 2859 3895 gratia
2890 3823 3200 3878 novissimus
3235 3820 3594 3876 introducitur

1998 3921 2054 3976 in
2101 3921 2370 3990 his,qu
2400 3927 2541 3983 sunt,
2571 3918 2748 3980 homo,
2792 3915 2951 3970 veluti
2994 3914 3292 3984 conjunctio
3331 3912 3592 3983 quaedam

1999 4009 2260 4068 naturalis
2288 4008 2658 4064 universaliter
2683 4024 2776 4076 per
2792 4006 3034 4077 proprias
3057 4014 3231 4075 partes
3260 4003 3591 4058 medietatem

1998 4103 2196 4173 faciens
2225 4097 2657 4163 extremitatibus,
2705 4106 2753 4151 et
2785 4096 2853 4159 in,
2875 4110 3037 4149 unum
3065 4093 3260 4148 ducens
3292 4093 3347 4147 in
3395 4093 3590 4162 seipso,

1998 4193 2161 4248 multo
2187 4189 2475 4246 secundum
2496 4196 2745 4242 naturam
2768 4202 2802 4240 α
2822 4183 3095 4240 seinvicem
3123 4182 3376 4238 distantia
3397 4184 3586 4249 spatio.

1998 4285 2393 4343 Extremitates
2439 4281 2529 4337 hic
2578 4288 2741 4334 vocat
2794 4274 3592 4346 invisibilem;seusibilemque

1998 4389 2326 4443 creaturam,
2348 4389 2488 4446 quae
2515 4387 2546 4428 a
2572 4386 2633 4428 se
2653 4368 2884 4427 invicem
2905 4367 3069 4423 veluti
3092 4364 3403 4437 longissimo
3415 4364 3591 4435 spatio

1998 4472 2231 4532 naturali
2281 4467 2584 4527 differentia
2636 4467 2967 4536 discrepant.
3012 4461 3152 4519 Sunt
3182 4461 3326 4518 enim
3367 4469 3592 4517 natura-

2001 4582 2120 4622 rum
2148 4562 2493 4621 conditarum
2522 4560 2630 4615 duo
2662 4555 2893 4614 extremi
2930 4554 3147 4611 termini
3179 4553 3397 4610 sibimet
3423 4568 3591 4624 Oppo-

1996 4661 2130 4726 siti,
2158 4659 2255 4714 sed
2298 4657 2536 4712 humana
2574 4659 2767 4707 natura
2815 4648 3164 4706 medietatem
3204 4646 3285 4703 eis
3314 4654 3583 4718 praestat;

1997 4755 2050 4810 in
2089 4767 2153 4809 ea
2199 4751 2344 4807 enim
2375 4746 2480 4805 sibi
2521 4744 2754 4800 invicem
2799 4740 3143 4814 copulantur,
3188 4747 3245 4797 et
3288 4740 3356 4797 de
3404 4740 3588 4797 multis

1995 4860 2163 4901 unum
2190 4842 2346 4897 ﬁunt.
2690 4844 2691 4847 ‘

2065 4936 2120 4991 4.
2155 4933 2325 4991 Nulla
2361 4931 2499 4989 enim
2528 4938 2771 4986 creatura
2791 4935 2887 4992 est,
2921 4944 2955 4982 α
2984 4942 3201 4983 summa
3235 4942 3399 4998 usque
3434 4926 3592 4983 deor-

1995 5048 2130 5094 sum,
2164 5044 2299 5100 quae
2322 5027 2379 5081 in
2408 5022 2615 5079 nomine
2642 5038 2748 5076 non
2777 5021 3086 5092 reperiatur.
3111 5019 3341 5091 Ideoque
3367 5018 3585 5088 ofﬁcina

1992 5124 2225 5180 omnium
2276 5119 2401 5191 jure
2458 5116 2796 5180 nominatur;
2859 5114 2917 5168 in
2962 5128 3025 5167 ea
3081 5110 3338 5183 siquidem
3407 5110 3584 5164 omnia

1996 5219 2286 5289 con/luunt,
2313 5228 2447 5286 quae
2475 5227 2508 5264 a
2529 5208 2639 5264 Deo
2661 5207 2871 5262 condita
2900 5214 3048 5271 sunt,
3078 5218 3340 5274 unamque
3366 5203 3583 5256 hanno-

2000 5312 2140 5366 niam
2170 5323 2234 5363 ea:
2259 5303 2478 5361 diversis
2519 5300 2743 5365 naturis,
2778 5298 2939 5353 ueluti
2981 5295 3292 5367 quibusdam
3340 5293 3584 5348 distanti-

297 5408 349 5456 ct
393 5400 514 5456 inde
544 5401 587 5433 ²⁰
621 5401 920 5459 immediate
953 5420 1155 5471 eorum,
1183 5421 1317 5479 quae
1348 5415 1495 5474 sunt,
1522 5407 1715 5463 eruditi
1736 5408 1907 5463 scie-t-
2004 5404 2098 5458 bus
2127 5401 2293 5466 sonis,
2318 5402 2656 5470 εοτηΡοηίιητ·
2687 5390 2756 5450 υτ
2779 5391 2849 5447 σά
2894 5388 3086 5457 Deum:
3114 5391 3288 5459 αιροα
3317 5386 3582 5442 causam"

1555 5549 1812 5621 vanus
1845 5543 2248 5607 LECTIONES.

376 5663 396 5694 ⁸
426 5658 521 5718 Sic
550 5659 668 5727 CD;
716 5660 761 5717 Δ
789 5661 921 5718 loco.
954 5706 957 5711 .
998 5664 1019 5695 ¹
1048 5663 1124 5719 ita
1154 5680 1263 5721 om.
1291 5665 1359 5721 A.
1438 5664 1461 5698 ³
1489 5663 1581 5722 Sic
1605 5665 1676 5732 C;
1712 5676 1886 5721 autem
1932 5680 2043 5720 om.
2076 5662 2189 5717 AD.
2262 5661 2285 5691 ⁸
2329 5658 2420 5732 Sic
2443 5656 2566 5732 CD;
2598 5653 2836 5732 ᾼῙενυηι
2867 5650 3121 5732 ρτηηὶυπι-

300 5732 676 5808 inmutabiles.
733 5732 775 5808 ξ
803 5732 894 5808 Sic
913 5732 1020 5808 Cl);
1060 5734 1105 5808 Α
1132 5754 1429 5808 progressu.
1488 5738 1509 5808 7
1561 5730 1792 5802 8ἰδο1);
1824 5738 1868 5791 si
1896 5736 1986 5790 tibi
1999 5734 2165 5808 placet
2187 5747 2314 5808 tum
2314 5730 2377 5808 ᾼ.

1405 5810 1447 5844 ιι
1484 5807 1575 5867 Sic
1599 5809 1725 5878 cn;
1779 5816 1827 5865 et
1880 5823 1991 5866 om.
2050 5806 2114 5860 A.

299 5803 347 5858 Α
378 5806 649 5874 quoniam.
731 5803 773 5835 ³⁸
799 5803 890 5858 Sic
911 5804 998 5860 CD
1022 5822 1036 5871 ;
1065 5807 1107 5860 Α
1132 5803 1290 5865 unde.

295 5873 513 5931 viditur.
605 5874 649 5909 “
674 5873 767 5933 Sic
813 5874 901 5933 CD
931 5892 948 5940 ς
979 5876 1025 5932 Α
1046 5885 1115 5932 et.

3208 5648 3349 5706 'Sic
3387 5649 3507 5716 CD;
3538 5649 3583 5706 Α

2456 5730 2583 5784 ’Sic
2602 5725 2709 5789 CD;
2738 5722 3004 5792 praedicta
3030 5738 3138 5777 om.
3162 5722 3225 5777 Λ.
3285 5721 3306 5753 ⁹
3352 5722 3443 5777 Sic
3473 5723 3579 5786 CD;

2194 5806 2235 5837 ¹¹
2282 5802 2375 5859 Sic
2419 5800 2538 5869 CD;
2571 5800 2616 5855 A
2650 5798 2703 5851 in
2735 5802 2995 5849 creatam.
3085 5793 3127 5825 "
3157 5794 3251 5851 Sic
3275 5792 3396 5862 CD;
3434 5794 3476 5849 A
3509 5796 3585 5880 di:
