4028 6280
455 328 551 384 551

1838 330 2119 389 JOANNIS
2155 331 2349 389 SCOTI

3590 337 3694 395 532

452 414 625 503 omnia
645 452 842 500 unitate
854 454 1194 517 congregante
1272 458 1336 501 ea:
1362 449 1573 519 propria
1597 449 1742 520 prius
1765 448 2018 505 diuisione
2045 453 2094 514 Α
2120 449 2441 521 principium
2466 491 2479 514 ,
2525 450 2794 521 totiusque
2831 445 3170 504 adunationis
3224 449 3344 505 ﬁnis
3368 492 3382 516 ,
3434 448 3695 521 praedicti

451 537 723 601 inc/tonus,
746 552 809 590 ac
843 534 1028 591 deinde
1046 551 1136 605 per
1174 536 1346 591 media
1386 540 1704 594 conuentione
1746 540 2023 612 ordineqtte

451 626 800 698 progrediens,
827 626 880 681 in
899 625 1068 681 Deum
1100 629 1352 698 acciperet
1400 629 1556 698 ﬁnem
1586 630 1749 700 ipsius
1776 646 1841 685 ea:
1861 632 2026 685 omni-

453 719 547 773 bus
591 717 764 788 [actae
798 735 890 788 per
920 719 1170 772 unitatem
1199 719 1516 774 ascensionis
1548 720 1798 786 excelsae,
1837 723 1890 776 in
1924 734 2024 794 quo

425 826 556 880 non
584 817 658 864 est
688 809 892 864 diuisis.
934 808 1220 880 [lucusque
1258 810 1517 881 praedicti
1552 812 1876 869 venerabilis
1908 820 2023 867 mat-

451 901 606 971 gistri
631 916 737 956 non
764 900 1120 957 continuatim
1141 901 1184 967 ³,
1215 903 1309 957 sed
1332 902 1654 974 quibusdam
1680 901 2023 973 ititermissis,

427 994 618 1048 .verba
672 992 1110 1060 introduximus,
1162 993 1471 1064 incipientis
1530 996 1746 1066 quidem
1808 1006 2024 1064 eorum,

426 1098 593 1155 .quac
630 1083 771 1140 facta
815 1094 961 1151 sunt,
1000 1085 1333 1142 substantiae
1380 1086 1695 1151 divisionem
1743 1102 1774 1142 a
1819 1100 2030 1144 summa

453 1176 693 1233 omnium
739 1191 924 1243 causa,
971 1184 1025 1233 et
1069 1177 1125 1232 in
1167 1178 1405 1245 homine,
1432 1179 1523 1250 qui
1561 1181 1626 1235 ad
1665 1180 1949 1254 imaginem
1976 1191 2031 1239 et

454 1265 854 1322 similitudinem
889 1266 984 1321 Dei
1011 1265 1186 1322 factus
1210 1275 1314 1335 est,
1340 1267 1663 1325 universalis
1696 1271 2029 1327 substantiae

457 1356 784 1415 dilierentias
811 1358 1167 1415 terminantis.
1195 1358 1365 1415 Homo
1384 1360 1666 1432 siquidem,
1695 1370 1754 1417 ut
1773 1363 2028 1432 diximus,

436 1450 765 1520 iterumque
793 1449 1104 1520 saepissime
1126 1459 1431 1521 repetemus
1460 1450 1503 1518 ',
1550 1452 1604 1507 in
1636 1460 1783 1508 tanta
1806 1465 2030 1512 naturae

432 1542 705 1598 -couditae
746 1541 1002 1614 dignitate
1044 1550 1257 1599 creatus
1306 1550 1412 1610 est,
1452 1553 1511 1598 ut
1561 1542 1704 1598 nulla
1759 1554 2028 1613 creatura,

2102 540 2297 612 'patris
2322 538 2537 597 Maximi
2566 541 2726 598 verba
2752 540 3159 598 considerantes
3187 541 3483 598 videamus.

2199 636 2249 692 6.
2281 626 2395 691 Non
2426 636 2589 703 enim,
2620 640 2679 691 ut
2718 634 3105 708 praediximus,
3137 638 3282 692 recta
3305 635 3443 692 ratio
3472 636 3539 692 de
3567 636 3702 692 divi-

2128 728 2277 783 sidne
2305 727 2566 798 permittit
2594 726 2835 783 absolute
2874 734 3127 793 tractare,
3174 733 3230 782 et
3266 726 3589 799 anaiyticam
3615 726 3700 782 in-

2131 821 2444 884 termittere,
2489 818 2583 875 sed
2628 814 2694 875 de
2736 818 2781 851 ¹⁰
2810 818 3069 874 ambobus
3091 817 3374 873 connexim
3419 817 3702 872 veritatem

2125 910 2276 983 iubet
2314 911 2613 969 consulere.
2662 911 2750 966 Ait
2789 925 2917 981 ergo
2960 924 3024 965 es
3053 909 3269 981 prapria
3317 906 3581 965 divisione
3624 911 3704 963 iu-

2129 998 2352 1070 clioans,
2378 1018 2440 1057 ac
2465 1001 2509 1057 si
2535 1006 2718 1071 aperte
2745 1001 2975 1057 diceret:
3003 1002 3255 1071 quoniam
3283 999 3705 1056 substantiarum

2112 1090 2343 1161 'tiivisio,
2370 1102 2510 1166 quae
2550 1110 2580 1150 a
2607 1090 2721 1149 Deo
2766 1092 2997 1164 sumpsit
3020 1094 3322 1161 exordium,
3361 1102 3415 1148 et
3439 1094 3706 1165 gradatim

2132 1184 2479 1252 descendens,
2528 1186 2582 1241 in
2629 1178 2893 1241 divisione
2919 1185 3154 1240 hominis
3202 1185 3255 1240 in
3305 1185 3604 1241 masculum
3654 1188 3712 1239 et

2132 1276 2385 1332 feminam
2415 1275 2575 1331 linem
2597 1277 2903 1342 constituit;
2929 1275 3123 1331 iterum
3144 1275 3435 1331 earundem
3457 1276 3712 1331 substan-

2133 1366 2329 1420 tiarttm
2362 1365 2617 1422 adunatio
2645 1363 2713 1421 ab
2758 1365 2973 1421 homine
2998 1362 3179 1421 debuit
3225 1365 3499 1431 inchoare,
3532 1374 3589 1419 et
3612 1379 3713 1435 per

2133 1457 2350 1515 eosdem
2396 1459 2594 1530 gradus
2642 1474 2813 1529 usque
2847 1456 2914 1513 ad
2942 1458 3115 1528 ipsum
3165 1450 3331 1513 Deum
3377 1459 3712 1522 ascendere;

2134 1553 2188 1608 in
2216 1567 2342 1623 quo,
2369 1560 2428 1607 ut
2464 1552 2579 1623 ipse
2607 1553 2703 1617 ait,
2746 1564 2851 1606 non
2901 1558 2982 1607 est
3025 1548 3235 1618 divisio,
3263 1552 3515 1623 quoniam
3559 1552 3611 1605 in
3644 1566 3713 1605 eo

434 1637 573 1692 .sive
600 1636 821 1693 visibilis
859 1636 973 1692 sive
1010 1634 1296 1691 invisibilis
1336 1637 1357 1667 ’⁵
1395 1637 1485 1702 sit,
1537 1651 1676 1707 quae
1709 1637 1763 1692 in
1790 1651 1854 1694 eo
1878 1652 2033 1709 repe-
2135 1642 2317 1697 omnia
2342 1648 2507 1697 unum
2537 1650 2690 1698 sunt.
2722 1641 2944 1713 incipiet
2968 1656 3095 1712 ergo
3124 1640 3191 1697 ab
3237 1640 3455 1696 homine
3498 1644 3719 1695 natura-

464 1727 557 1781 riri
583 1743 687 1783 non
713 1729 886 1799 possit
913 1728 957 1782 '.
2136 1746 2256 1789 rum
2287 1734 2560 1801 adunatio,
2612 1742 2711 1805 per
2753 1733 3049 1789 salvatoris
3095 1733 3347 1804 gratiam,
3388 1733 3442 1787 in
3483 1746 3612 1803 quo,
3658 1739 3721 1787 ut

533 1819 586 1872 ὅ.
618 1820 710 1875 Est
732 1821 874 1876 enim
901 1835 965 1876 ex
994 1821 1201 1877 duabus
1232 1822 1478 1877 conditae
1505 1830 1732 1878 naturae
1759 1824 2037 1880 universa-
2066 1810 2110 1876 Β
2139 1826 2216 1881 ait
2261 1825 2548 1896 Apostolus
2574 1825 2642 1891 “,
2698 1833 2801 1879 non
2850 1833 2926 1879 est
2971 1822 3238 1878 masculus
3294 1838 3454 1893 neque
3499 1822 3718 1893 femina,

462 1912 602 1970 libus
646 1913 889 1985 partibus
928 1914 1159 1971 mirabili
1188 1916 1416 1985 quadam
1459 1916 1786 1972 adunatione
1822 1933 2039 1989 compo-
2122 1920 2355 1989 quando
2381 1919 2615 1973 humana
2639 1923 2830 1972 natura
2852 1916 2906 1970 to
2936 1913 3224 1987 pritttlnum
3254 1911 3643 1968 reataurabitur
3674 1905 3723 1943 ¹¹

464 2006 620 2083 situs,
670 2019 738 2060 ex
777 2006 1019 2062 sensibili
1049 2022 1280 2076 namque
1321 2016 1374 2062 et
1410 2007 1751 2079 intelligibiii,
1788 2009 1891 2065 hoc
1934 2018 2038 2076 est,
2142 2017 2357 2067 statuat.
2391 2007 2524 2062 Nam
2562 2008 2606 2063 si
2637 2008 2844 2079 primus
2864 2005 3027 2061 homo
3058 2020 3167 2060 non
3201 2007 3468 2074 peccaret,
3493 2006 3720 2058 naturae

2141 2112 2272 2164 sane
2294 2107 2638 2178 partitionem
2669 2106 2722 2161 in
2757 2103 3021 2176 duplicem
3059 2112 3245 2160 sexum
3296 2116 3399 2159 non
3427 2112 3718 2175 pateretur,

2140 2199 2236 2254 sed
2264 2199 2317 2253 in
2362 2196 2796 2270 primordialibus
2839 2196 2951 2253 suis
2983 2195 3298 2261 rationibus,
3329 2193 3380 2251 in
3423 2186 3617 2266 quibus
3651 2195 3723 2248 ad

2141 2290 2418 2361 imaginem
2474 2288 2568 2345 Dei
2600 2286 2847 2345 conditus
2900 2296 3005 2354 est,
3050 2282 3457 2343 immutabiliter
3511 2300 3728 2358 perma-

2142 2388 2364 2437 nere“.
2403 2379 2553 2448 Quod
2603 2379 2688 2435 his
2731 2379 2911 2435 verbis
2957 2378 3262 2450 praedictus
3313 2376 3566 2448 Magister
3593 2390 3721 2448 ape-

2143 2474 2243 2540 rit;
2311 2473 2442 2529 dicit
2480 2474 2623 2528 enim
2682 2471 2906 2544 :Hujus
2949 2473 3023 2528 rei
3064 2472 3234 2544 gratia
3285 2472 3592 2527 novissimus
3638 2472 3723 2524 iu-

2143 2566 2500 2621 trodaciturin
2512 2567 2758 2638 lti’s,quae
2769 2550 3086 2632 suntJiomo,
3101 2563 3558 2633 oeluticonjunclio
3573 2568 3726 2634 quae-

2145 2659 2266 2713 dam
2282 2648 2540 2712 naturalis
2562 2655 2918 2711 universaliter
2939 2670 3031 2733 per
3042 2656 3278 2727 proprias
3289 2662 3461 2726 partes
3478 2654 3726 2709 medieta-

476 2740 572 2796 tris
603 2740 761 2796 datur
800 2740 1038 2814 intelligi,
1085 2741 1376 2798 humanam
1418 2751 1668 2799 naturam
1711 2744 1874 2800 etiam
1923 2753 2046 2816 post
2144 2760 2246 2805 tem
2266 2750 2460 2820 faciens
2479 2748 3223 2814 ett-tremitatibus,elinumtnt
3238 2746 3430 2801 ducens
3451 2747 3507 2801 in
3532 2747 3720 2815 seipse,

473 2833 990 2904 praevaricationem
1016 2834 1331 2906 dignitatem
1377 2850 1529 2892 suam
1558 2851 1663 2892 non
1685 2837 1900 2908 penitus
1924 2852 2045 2908 per-
2143 2840 2307 2895 multo
2361 2840 2644 2894 secundum
2695 2847 2940 2894 naturam
3002 2848 3035 2891 a
3090 2853 3144 2892 se
3195 2837 3409 2892 invicem
3474 2835 3725 2890 distantia

451 2925 693 2993 ,didisse,
723 2928 816 2984 sed
853 2927 1030 2982 adhuc
1056 2927 1326 2984 obtinere.
1369 2926 1486 2985 Non
1511 2929 1658 2985 enim
1689 2930 1826 2985 dixit
1852 2934 2047 3002 magis-
2146 2932 2313 3003 spatio
2331 2948 2350 2998 ί
2379 2941 2432 2985 ut
2462 2931 2531 2985 ad
2559 2929 2747 2996 Deum,
2775 2937 2949 3000 utpote
2976 2927 3238 2983 causalem
3267 2927 3441 2981 omnia
3471 2926 3721 2980 unitatem

476 3024 578 3083 ter,
604 3017 751 3074 nulla
793 3019 1109 3091 interposita
1134 3029 1382 3077 creatura
1409 3029 1566 3087 erat,
1599 3022 1691 3077 sed
1721 3019 1865 3078 nulls
1888 3025 2047 3079 inter-
2148 3031 2513 3093 congregante,
2564 3022 2865 3100 exupropritt
2900 3020 3045 3090 prius
3087 3018 3335 3073 divisione
3362 3017 3635 3082 incdoans,
3664 3030 3725 3070 ac

474 3112 644 3181 posita
685 3123 781 3167 est.
823 3111 938 3168 Non
983 3128 1112 3184 ergo
1155 3114 1317 3170 etiam
1358 3114 1414 3168 in
1434 3112 1809 3184 danguoribus
1849 3117 2049 3171 nostris
2081 3179 2118 3184 _
2151 3113 2335 3169 deinde
2357 3130 2449 3184 per
2471 3112 2641 3167 media
2662 3112 2979 3166 cettnewlone
2999 3110 3282 3180 ordineque
3306 3108 3640 3178 pregrediens
3672 3108 3727 3160 in

477 3179 646 3259 Deum
689 3204 904 3274 penitus
950 3179 1251 3261 deserimus
1275 3205 1320 3272 ⁷,
1355 3219 1456 3261 nec
1491 3179 1706 3275 ab'ipso
1741 3204 1939 3261 deserti
1964 3221 2049 3262 stu
2074 3179 2119 3244 ο
2150 3203 2316 3259 Deum
2358 3179 2613 3273 acciperet
2657 3202 2813 3272 ﬁnem
2856 3202 3022 3272 ipsius
3048 3214 3113 3255 ea
3141 3179 3375 3255 omnibus
3421 3200 3593 3269 factae
3638 3210 3733 3267 per

480 3308 620 3362 mus,
660 3296 787 3353 dum
813 3296 956 3353 inter
988 3305 1220 3353 mentem
1259 3300 1501 3352 uestram
1524 3304 1580 3351 et
1605 3296 1755 3352 illum
1800 3297 1942 3352 nulla
1974 3299 2053 3353 in-
2149 3297 2400 3353 unitatem
2414 3294 2728 3351 ascensionis
2747 3293 2979 3349 excelsae
2999 3320 3014 3360 ,
3034 3293 3089 3348 in
3112 3298 3213 3364 quo
3238 3304 3341 3347 non
3361 3300 3436 3347 est
3457 3290 3726 3346 divisio“.

466 2113 535 2154 ex
583 2098 747 2152 totius
794 2106 1073 2153 creaturae
1114 2099 1543 2155 extremitatibus
1583 2099 1917 2169 conjunctus.
1955 2100 2042 2157 Nil

388 2182 394 2191 ’
440 2191 683 2261 quidem
709 2189 931 2247 inferius
975 2191 1136 2246 estin
1180 2198 1373 2245 natura
1402 2198 1605 2258 rertim,
1635 2207 1796 2262 quam
1823 2208 2037 2264 corpus,

469 2290 523 2337 et
550 2282 625 2337 nil
653 2282 919 2352 superius,
960 2297 1120 2353 quam
1168 2281 1489 2350 intellectus,
1531 2292 1668 2341 teste
1715 2294 1902 2340 sancto
1933 2285 2043 2341 Au-

471 2373 684 2443 gustino
729 2372 782 2427 in
834 2373 967 2429 libro
1019 2362 1083 2429 de
1128 2374 1270 2430 Vera
1313 2375 1590 2447 religione,
1634 2376 1714 2432 sic
1735 2374 1944 2433 dicente
1988 2377 2039 2432 ἐ

469 2462 618 2518 Inter
637 2473 855 2520 mentem
875 2474 1124 2534 nostram,
1139 2483 1243 2539 qua
1259 2467 1426 2537 ipsum
1450 2468 1785 2540 intelligimus
1809 2468 2040 2538 Patrem,

471 2566 518 2612 et
550 2557 834 2625 ueritatem,
859 2574 951 2629 per
996 2576 1151 2630 quam
1189 2560 1359 2630 ipsum
1385 2558 1747 2631 intelligimus,
1784 2560 1931 2616 nulla
1962 2562 2044 2617 in-

472 2650 716 2721 terptlsita
741 2659 980 2706 creatura
1008 2663 1102 2707 est.
1144 2650 1350 2720 Quibus
1386 2652 1566 2708 verbis
1593 2653 1916 2710 sanctissimi
1941 2651 2044 2710 Pa-

483 3390 739 3462 terposita
788 3397 979 3445 natura
1025 3399 1127 3446 est.
1178 3389 1353 3460 Lepra
1404 3388 1668 3459 siquidem
1708 3389 1921 3446 animae
1967 3391 2053 3446 vel

480 3482 723 3552 corporis
745 3496 851 3535 non
881 3480 1056 3537 aufert
1081 3480 1251 3537 aciem
1275 3479 1491 3546 mentis,
1509 3494 1615 3549 qua
1637 3478 1784 3534 illum
1804 3479 2054 3553 intelligis

489 3575 628 3643 mus,
650 3589 706 3634 et
732 3579 784 3635 in
815 3591 918 3651 qua
941 3579 1173 3635 maxime
1206 3580 1382 3652 imago
1409 3580 1684 3639 Creatoris
1710 3580 1925 3637 condita
1947 3586 2048 3635 est.

485 3672 718 3729 Videsne
767 3673 948 3745 igitur,
1008 3673 1277 3744 quomodo
1327 3673 1567 3728 amnium
1633 3671 2054 3729 substantiarum

482 3765 679 3822 divisio
720 3766 773 3821 in
812 3767 1046 3822 humana
1074 3774 1264 3822 natura
1308 3765 1669 3823 terminatur?
1717 3766 1863 3822 Dtsc.
1889 3764 2056 3822 Planc

483 3858 661 3925 video,
684 3857 1017 3931 multumque
1035 3866 1252 3915 nostrae
1279 3866 1504 3916 naturae
1528 3858 1670 3916 inter
1696 3859 1899 3927 omnia,
1918 3868 2056 3931 quae

484 3949 623 4004 facta
667 3952 813 4017 aunt,
859 3950 1173 4022 dignitatem
1215 3950 1472 4018 admiror,
1521 3951 1647 4007 dum
1687 3951 1742 4006 in
1784 3965 1847 4006 ea
1892 3948 2057 4006 veluti

2153 3388 2332 3459 Ipsam
2386 3385 2530 3441 nullo
2570 3384 2723 3439 modo
2766 3384 3069 3455 pendentem
3116 3382 3347 3438 uidelicet
3387 3381 3432 3413 ι’
3483 3382 3729 3437 adversus

2153 3476 2544 3549 primordialem
2568 3475 2824 3531 ratiunent
2860 3474 3023 3544 ipsius
3065 3474 3203 3527 circa
3229 3472 3608 3544 generationem
3628 3464 3732 3525 lto-

2154 3569 2309 3625 minis
2325 3567 2487 3622 divini
2511 3566 2761 3638 propositi
2780 3565 3062 3620 secundant
3076 3563 3366 3618 masculum
3386 3562 3732 3633 feminamque

2154 3660 2536 3730 proprietatem.
2566 3657 2636 3713 In
2676 3659 2791 3727 ipsa
2816 3657 2957 3711 circa
2980 3656 3209 3711 divinam
3237 3655 3475 3710 uirtutem
3493 3652 3737 3724 impossi-

2157 3752 2408 3808 uilissima
2451 3750 2638 3821 copula
2692 3750 2879 3820 ubique
2919 3756 3140 3804 naturae
3181 3750 3505 3810 cxtenturus,
3559 3746 3635 3800 ita
3678 3754 3738 3799 ut

2157 3843 2444 3900 ostenderet
2475 3842 2543 3909 ”,
2599 3842 2835 3911 futurum
2880 3840 3135 3895 hominem
3180 3839 3464 3894 secundum
3503 3837 3738 3891 divinum

2157 3936 2478 4009 propositum
2505 3932 2829 3990 solummodo
2867 3933 3153 3987 secundum
3180 3929 3472 3986 masculum
3495 3939 3543 3985 et
3589 3930 3741 3999 {emis

2159 4026 2750 4099 namﬁappellationem
2768 4026 2809 4059 "
2826 4042 2929 4081 non
2958 4024 3323 4089 diuidendum;
3345 4038 3436 4095 per
3458 4036 3613 4094 quam
3647 4038 3737 4075 ra-

2160 4122 2352 4176 tionem
2412 4119 2652 4190 primitus
2703 4119 2859 4173 etiam
2905 4118 3076 4187 factus
3125 4126 3251 4181 est;
3312 4116 3368 4170 in
3418 4116 3542 4187 ipsis
3603 4124 3738 4169 nunc

2160 4210 2497 4267 existentibus
2534 4209 2675 4264 circa
2694 4222 2813 4267 eum
2836 4207 3149 4263 sectionibus
3185 4222 3291 4262 non
3312 4206 3509 4263 diuisus
3531 4214 3741 4276 propter

486 4039 755 4109 quandam
802 4041 1043 4096 omnium
1081 4048 1389 4096 creaturam
1439 4039 1863 4096 substantiarttm
1909 4038 1932 4072 ⁸
1958 4039 2058 4093 mi-

470 4129 710 4186 rabilem
748 4130 1215 4203 compositionem,
1266 4131 1555 4202 praedictis
1602 4130 1902 4186 rationibus
1936 4138 2058 4185 sua.

486 4235 602 4286 sus,
647 4222 933 4293 perspicio.
977 4222 1116 4280 Mite.
1170 4223 1355 4293 itaque
1407 4222 1662 4293 quoniam
1715 4221 1862 4277 clare
1910 4221 2061 4278 vides

470 4310 806 4368 divisionem
830 4313 1125 4369 naturalem
1147 4306 1409 4379 omnium,
1437 4328 1467 4367 a
1492 4311 1749 4369 Creatore
1768 4321 1824 4367 et
1844 4321 2061 4368 creatus
2160 4306 2328 4377 ipsum
2347 4303 2629 4376 perfectam
2656 4301 3026 4358 adunatlonam
3046 4301 3113 4355 ad
3150 4300 3415 4370 propriam
3456 4297 3735 4362 rationem,

469 4417 552 4457 —ra
596 4402 959 4469 inchoantem,
1014 4413 1069 4458 et
1119 4404 1172 4459 in
1230 4403 1468 4471 homine,
1515 4404 1606 4474 (ιιιί
1656 4404 1710 4457 in
1754 4403 2062 4460 summitate
2163 4414 2255 4468 per
2278 4413 2435 4470 quam
2455 4396 2707 4452 subsistit.
2740 4394 2799 4449 In
2842 4394 2926 4450 his
2947 4394 3128 4451 verbis
3148 4390 3485 4463 apertissime
3509 4388 3747 4443 insinuat

489 4492 703 4549 divinae
745 4493 1074 4563 operationis
1119 4493 1283 4549 veluti
1318 4494 1373 4549 in
1418 4493 1627 4549 senaria
1666 4493 1897 4564 quadam
1936 4498 2136 4564 per~’__
2167 4487 2334 4543 divini
2361 4486 2571 4543 consilii
2600 4484 2932 4558 propositum
2953 4499 3079 4555 erga
3102 4480 3337 4538 hominis
3357 4478 3740 4541 conditionem,

490 4582 723 4641 factione
766 4553 1014 4642 conditus
1081 4594 1165 4642 est
1195 4585 1250 4653 ’,
1323 4583 1654 4641 desinentem
1756 4583 1869 4655 jam
1924 4553 2067 4640 nunc
2089 4553 2144 4615 D
2172 4580 2216 4636 si
2246 4594 2368 4634 eum
2398 4553 2743 4650 peccaturum
2771 4592 2877 4633 non
2892 4553 3292 4649 praenosceret.
3320 4571 3494 4627 Homo
3515 4581 3747 4639 namque

491 4676 914 4734 substantiarum
956 4679 1197 4735 omnium
1238 4678 1525 4734 adunatam
1570 4675 1941 4733 collectionem
1996 4676 2065 4731 ab
2172 4672 2509 4730 solummodo
2528 4679 2674 4728 esset
2706 4672 2760 4726 in
2788 4669 3134 4741 simplicitate
3175 4679 3307 4722 suae
3339 4668 3568 4720 naturae
3595 4675 3747 4716 cres-

492 4769 709 4826 homiue
746 4770 1107 4837 inchoantem,
1133 4779 1187 4826 et
1224 4783 1318 4842 per
1362 4770 1635 4826 hominem
1687 4768 2065 4825 ascendentem
2172 4773 2280 4830 tus,
2329 4779 2502 4835 eoque
2550 4764 2741 4831 modo,
2796 4770 2904 4832 quo
2954 4759 3127 4816 sancti
3174 4755 3362 4829 Angeli
3411 4750 3745 4825 multiplicati

472 4876 666 4934 .usque
711 4864 781 4921 sd
824 4864 998 4936 ipsum
1052 4864 1241 4933 Deum,
1283 4864 1376 4937 qui
1423 4872 1506 4920 est
1559 4861 1725 4920 totius
1785 4862 2065 4919 divisionis
2171 4870 2316 4928 sunt,
2348 4858 2798 4917 intellectualibus
2832 4854 3071 4911 numeris
3118 4850 3503 4921 multiplicatus
3526 4844 3591 4900 ⁸⁸.
3639 4843 3748 4899 Sed

1767 4976 2020 5035 VARIAE
2058 4974 2463 5033 LECTIONES.

569 5068 708 5143 {Sic
732 5068 859 5143 CD:
886 5067 932 5143 lt
973 5079 1383 5143 τρηρνεραηιεηι·
1464 5070 1518 5143 3
1569 5067 1663 5143 319
1690 5068 1817 5143 CD;
1845 5068 1887 5123 Α
1925 5068 2336 5143 commtet"-
2379 5138 2390 5143 -
2434 5064 2456 5097 ³
2485 5065 2577 5143 Sis
2603 5064 2724 5143 A9:
2757 5065 2801 5119 ι)
2836 5067 3229 5143 reuelauit“-..
3298 5055 3390 5143 33¢
3410 5046 3751 5143 ᾼίῗὶὲἓέίῖε

494 5140 710 5211 visibilis
761 5126 866 5196 sive
911 5126 1267 5211 intelligibilis.
1391 5142 1412 5174 ⁸
1458 5141 1547 5197 Sic
1595 5140 1720 5211 CD;
1784 5126 1827 5193 Ᾰ
1870 5148 2067 5211 posset.
2170 5138 2191 5169 ⁶
2232 5138 2321 5193 Sic
2365 5138 2467 5211 At
2493 5138 2580 5193 CD
2628 5126 2824 5211 ᾀίεέηοσ
2890 5126 2967 5211 ’,⁷
3000 5131 3109 5211 ,5Ῐο

1356 5191 1827 5281 δυὺᾶξῖηιὶἧῗίἀηίξ
1870 5191 1929 5262 θ
1952 5191 2343 5281 creaturarum
2370 5191 2814 5281 isubstan‘tiarum.
2927 5203 2947 5235 ’
2999 5200 3228 5281 Sic___C.[_)
3387 5205 3462 5252 est
3492 5191 3753 5281 ⁸εοιξςξὶξιιε

499 5280 544 5316 ⁸⁸
572 5282 663 5338 Sic
691 5268 815 5347 CD';
867 5281 930 5335 de
958 5297 1066 5336 om.
1097 5282 1161 5336 A.
1267 5284 1307 5316 ¹¹
1336 5276 1425 5337 Sic
1461 5276 1586 5346 Cl);
1618 5276 1661 5333 A
1697 5288 1755 5333 ut
1782 5268 1857 5333 ait
1881 5278 2124 5348 amplius.
2168 5288 2173 5295 ‘
2204 5270 2244 5310 ¹²
2293 5274 2385 5334 Sic
2411 5278 2528 5345 CD;
2582 5277 2997 5348 Agrestauratur:
3039 5270 3135 5348 _“
3167 5268 3338 5348 Veluli
3383 5268 3754 5348 conﬂatilis:

498 5328 682 5423 divisio
865 5328 1289 5417 addidi
1320 5328 1666 5423 εἶν]οέὶῆιῆἐῇ
1682 5328 2528 5423 sequimini;Ammgmﬁﬁd
2550 5328 2879 5423 SliMLtijdtgi.
2956 5338 3003 5375 ”
3038 5338 3143 5423 Pro
3176 5328 3755 5423 pendentem'wuidclifff

497 5422 540 5495 C
560 5424 741 5493 pendet
773 5424 977 5495 quippe,
1008 5410 1251 5495 D'pendit
1280 5424 1483 5495 quippe.
1564 5419 1959 5495 ”__Sig_CD;_A
1980 5434 2117 5495 corr.
2144 5410 2517 5495 ostenderetur.
2595 5419 2639 5450 “
2681 5418 2771 5473 Sic
2801 5416 2873 5481 D;
2922 5424 2978 5470 et
2999 5413 3174 5470 versit)
3201 5410 3243 5469 Ω
3271 5410 3519 5480 feminam
3550 5416 3755 5458 mascu-

498 5439 540 5481 u
560 5439 741 5493 pendet
773 5439 977 5549 qutpge,
1010 5439 1050 5477 υ
1081 5439 1251 5492 pendit
1280 5439 1483 5500 quippe.
1564 5439 1608 5452 "
1637 5439 1867 5500 Sient);
1916 5439 1959 5471 Λ
1980 5439 2117 5475 corr.
2144 5439 2507 5504 ostenaeretur.

498 5492 725 5565 tumque.
767 5564 778 5577 .
814 5495 855 5527 ¹⁷
930 5509 978 5549 lC
1001 5494 1071 5559 D;
1105 5493 1146 5549 C
1174 5492 1536 5565 appellatione.
1615 5489 1658 5522 ⁸⁸
1689 5487 1780 5545 Sic
1828 5484 1953 5556 CD;
1983 5488 2028 5544 Α
2057 5484 2507 5561 multiplicantur.

2023 5584 2273 5643 NOTAE.

574 5698 598 5725 ει
631 5686 728 5752 Ea,
756 5701 891 5757 quae
908 5684 1020 5753 jam
1047 5682 1114 5739 de
1142 5683 1390 5757 diuisione
1414 5687 1811 5757 sesuum_cct.,
1843 5678 2074 5757 Maximo
2178 5681 2503 5757 monuimus.
2538 5675 2718 5757 (itinde
2734 5674 2940 5757 lungite
2969 5666 3133 5731 Scoto
3169 5661 3552 5728 commentatio
3597 5658 3767 5731 stlpr

504 5758 659 5831 duce,
679 5742 1037 5831 disputantur,
1058 5756 1326 5810 averitate
1343 5751 1754 5831 _recedere,_jam
1782 5742 1943 5819 supra
1971 5749 2074 5831 cui.
2179 5753 2319 5822 typis
2346 5764 2531 5810 excus.
2563 5748 2592 5823 θ
2618 5742 2686 5802 50
2707 5748 2809 5805 col.
2826 5743 2914 5802 75.

503 5829 608 5883 509
635 5824 782 5899 sqq.,
820 5826 911 5884 ubi
933 5824 981 5882 J.
1006 5825 1199 5885 Scotus
1220 5826 1446 5883 eandem
1475 5824 1775 5882 doctrinam
1810 5824 2078 5896 exposuit,
2960 5836 2967 5841 ·
