4028 6280
299 446 402 501 555

1127 436 1214 492 DE
1252 431 1590 492 DlVlSlONE
1626 428 1975 488 NATUilAE.
2022 464 2090 474 α-
2125 433 2325 490 LIBER
2362 433 2721 490 SECUNDUS

3460 439 3564 494 554

297 566 450 614 reatu
501 566 630 612 suae
672 551 1156 625 praevaricationis
1197 550 1443 616 obrutus,
1484 538 1711 605 naturae
1756 562 1884 604 suae
1913 555 1962 614 Α
1989 552 2041 605 in
2060 551 2136 607 eis
2162 549 2275 617 fiat,
2300 551 2394 606 sed
2418 557 2563 606 totus
2588 550 2870 620 paradisus
2884 552 3025 607 eritm
3053 568 3255 609 ——nam
3280 554 3332 609 in
3358 556 3581 612 ratione

298 655 617 712 divisionem
656 651 712 707 in
748 649 1042 708 masculum
1087 657 1143 704 et
1187 647 1444 703 feminam
1470 650 1553 702 est
1579 658 1789 718 passus.
1822 645 1907 701 Et.

297 747 556 820 quoniam
592 742 683 800 ille
704 741 943 800 divinum
989 741 1206 797 modum
1254 737 1716 809 multiplicationis
1758 744 1893 794 suae“

297 840 593 897 observare
626 834 818 903 noluit,
848 834 901 891 in
930 834 1243 907 pecorinam
1275 824 1792 906 corruptibilemque
1821 844 1885 888 es

297 929 540 986 masculo
560 934 616 985 et
646 927 847 983 femina
895 925 1339 981 numerositatem
1379 924 1526 994 justo
1570 922 1776 993 judicio
1805 938 1889 980 res

298 1024 488 1078 dactus
514 1026 618 1075 est.
644 1018 793 1086 Quae
818 1017 1011 1073 divisio
1056 1016 1112 1071 in
1141 1014 1361 1071 Christo
1408 1015 1538 1069 Jesu
1561 1014 1577 1045 '
1610 1014 1892 1071 adunatio-

298 1116 384 1171 nis
422 1114 653 1186 sumpsit
682 1113 985 1179 exordium,
1012 1111 1103 1182 qui
1134 1112 1188 1167 in
1237 1124 1295 1167 se
1341 1109 1457 1181 ipso
1484 1110 1754 1167 humanae
1794 1127 1889 1167 na-

301 1214 458 1262 turae
519 1200 931 1261 restaurationis
980 1202 1287 1272 exemplum
1322 1198 1591 1257 veraciter
1630 1201 1887 1271 ostendit,

296 1310 353 1356 et
372 1300 586 1355 futurae
618 1295 1037 1354 rcSurreCtionis
1067 1294 1475 1351 similitudinem
1497 1290 1789 1366 praestitit.

340 1390 423 1446 ’7.
453 1388 521 1444 1η
554 1384 703 1459 ipsis,
731 1382 925 1458 inquit,
949 1401 1083 1458 quae
1115 1402 1252 1442 nunc
1296 1388 1437 1441 circa
1474 1402 1612 1453 eum,
1642 1382 1888 1441 sectioni-

297 1482 392 1537 bus
418 1496 523 1536 non
567 1476 783 1535 divisus.
812 1476 1091 1535 Sectioues
1122 1477 1250 1534 dicit
1276 1477 1422 1535 circa
1452 1478 1723 1534 hominem
1767 1482 1890 1550 post

295 1585 583 1648 peccatum
646 1590 751 1631 non
792 1574 964 1630 solum
1014 1574 1335 1631 divisionem
1383 1572 1437 1629 in
1490 1573 1785 1629 masculum
1834 1578 1890 1630 ει

297 1668 558 1725 feminam
608 1683 799 1723 verum
822 1666 1064 1724 etiamin
1090 1666 1413 1738 multiplices
1439 1666 1729 1722 varietates
1754 1681 1914 1736 quat

295 1761 509 1816 litatum
566 1768 622 1815 ει
678 1760 1044 1831 quantitatum
1117 1756 1652 1831 diil‘erentiarumque
1729 1758 1888 1816 unius

298 1852 528 1908 formae.
555 1850 835 1922 Siquidem
867 1851 1155 1907 diversitas
1177 1852 1458 1907 hominum
1480 1864 1511 1906 a
1537 1850 1749 1923 seipsis,
1780 1867 1887 1923 qua

1991 644 2332 700 adunationis
2371 644 2473 700 hoc
2499 656 2713 715 semper
2733 642 3011 701 observari
3058 644 3421 703 necessarium
3466 656 3567 715 est,

1992 734 2212 807 utquod
2250 736 2477 791 inferius
2518 750 2641 815 esse
2690 734 2923 804 videtur,
2957 736 3108 803 inid,
3131 734 3273 809 quod
3299 740 3569 811 superius,

1990 831 2096 886 hoc
2118 840 2223 897 est,
2255 824 2448 886 melius
2478 840 2781 897 moveatur,
2828 838 2936 887 non
2989 836 3168 887 autem
3197 830 3337 902 quod
3379 832 3574 890 melius

1990 918 2095 990 est,
2123 923 2179 979 in
2222 920 2459 980 deterius
2489 923 2743 989 transire,
2773 924 2875 980 hoc
2922 931 3024 991 est,
3064 918 3240 981 redire
3267 923 3320 979 in
3349 940 3577 982 renova-

1992 1018 2136 1072 tione
2182 1025 2519 1081 naturarum,
2568 1014 2800 1085 alioquin
2825 1010 3080 1070 adunatln
3104 1028 3207 1069 non
3235 1012 3339 1071 erit
3377 1013 3470 1072 sed
3496 1014 3576 1072 di-

1990 1108 2129 1166 visio
2158 1151 2172 1177 ,
2225 1125 2356 1166 vera
2399 1109 2528 1164 sinit
2577 1108 2716 1162 ratio
2744 1148 2759 1173 ,
2812 1108 2951 1163 sicut
2985 1105 3007 1140 ⁸
3039 1106 3310 1163 humanae
3353 1116 3577 1163 naturae

1990 1202 2248 1261 adunatio
2276 1200 2505 1273 duplicis
2538 1214 2702 1257 sexus
2727 1191 3045 1256 divisionem
3075 1199 3131 1255 in
3175 1199 3577 1272 simplicitatem

1906 1310 1911 1315 ’
1991 1299 2227 1355 iiomiuis
2255 1305 2492 1361 revocat,
2522 1294 2647 1365 quia
2675 1292 2836 1349 homo
2862 1293 3053 1348 melior
3072 1299 3155 1348 est
3188 1304 3351 1364 quam
3384 1308 3574 1360 sexus;

1991 1389 2265 1446 masculus
2292 1382 2560 1458 siquidem
2602 1396 2657 1441 et
2681 1383 2882 1441 femina
2927 1396 3034 1440 non
3065 1392 3193 1440 sunt
3231 1383 3451 1439 nomina
3482 1400 3578 1439 na-

1991 1486 2164 1546 turae,
2209 1479 2301 1535 sed
2351 1476 2659 1550 partitionis
2708 1474 2824 1545 ejus
2870 1482 2969 1545 per
3012 1474 3576 1544 praevaricationem;

1990 1575 2152 1631 homo
2195 1587 2324 1629 vero
2372 1569 2622 1643 specialis
2667 1566 2838 1639 ipsius
2885 1572 3112 1622 naturae
3155 1564 3445 1638 appellatio
3497 1568 3579 1622 est

1989 1680 2145 1723 —an
2168 1666 2245 1722 sic
2276 1663 2423 1721 orbis
2456 1672 2725 1717 terrarum
2753 1668 2807 1716 et
2830 1658 3115 1731 paradisus
3143 1657 3196 1713 in
3218 1670 3380 1713 unam
3428 1656 3579 1713 illam

1991 1775 2214 1827 terram,
2267 1772 2406 1828 quae
2442 1752 2613 1811 altera
2635 1753 2844 1824 species
2865 1760 2948 1807 cst
2973 1748 3242 1807 sensibilis
3270 1750 3575 1815 creaturae,

1990 1848 2045 1911 in
2071 1852 2277 1910 caelum
2307 1858 2361 1905 et
2389 1858 2590 1904 terram
2638 1844 2864 1912 divisae,
2912 1842 3344 1915 applicabuntur,
3373 1842 3432 1897 ut
3461 1841 3581 1913 ipsa

296 1943 722 2015 uniuscujusque
762 1943 970 2014 species
1014 1942 1083 1997 ab
1122 1942 1243 1999 aliis
1287 1942 1635 2009 discernitur,
1690 1951 1745 2000 ει
1773 1952 1884 1999 sta-
1915 1934 1961 1998 Β
1989 1956 2134 2003 terra
2165 1958 2270 2000 non
2302 1942 2475 1999 solum
2496 1940 2761 1995 varietate
2786 1937 3019 2009 partium
3059 1943 3264 2002 careat,
3294 1933 3388 1991 sed
3415 1931 3579 1991 etiam

301 2045 458 2091 turae
514 2035 704 2091 modus
743 2035 1007 2098 variatur,
1044 2048 1152 2089 non
1195 2050 1261 2090 ex
1325 2042 1516 2089 natura
1562 2034 1811 2106 provenit
1839 2044 1883 2105 ν,

297 2132 395 2187 sed
441 2145 508 2186 ex
549 2128 703 2195 vitio,
732 2135 788 2183 et
838 2127 1154 2183 diversitate
1195 2127 1437 2183 locorum
1479 2136 1532 2184 et
1584 2135 1885 2199 temporum

300 2232 593 2287 terrarum,
616 2234 904 2291 aquarum,
928 2221 1138 2287 aerum,
1172 2234 1441 2287 escarum,
1475 2230 1888 2293 ceterarumque

298 2314 581 2381 similium,
612 2313 666 2368 in
688 2312 885 2384 quibus
921 2320 1223 2368 nascuntur
1250 2320 1307 2367 et
1337 2311 1669 2368 nutriuntur.
1701 2314 1775 2369 De
1802 2314 1888 2369 di-

298 2409 558 2465 versitate
608 2418 820 2463 morum
896 2405 1391 2478 cogitationumque
1442 2404 1774 2478 superfluum
1805 2412 1891 2464 est

300 2503 505 2569 dicere,
545 2516 667 2557 cum
713 2499 965 2557 omnibus
1011 2498 1358 2555 manifestum
1408 2501 1501 2566 sit,
1530 2514 1595 2556 ex
1627 2496 1891 2556 divisione

300 2598 540 2653 Naturae
584 2600 709 2668 post
749 2603 1029 2666 peccatum
1060 2588 1276 2649 initium
1309 2593 1622 2664 sumpsisse.
1666 2590 1893 2665 Propter

298 2692 489 2761 ipsam,
532 2684 730 2758 inquit,
774 2680 1056 2758 perfectam
1089 2685 1463 2741 adunationem
1507 2680 1577 2739 ad
1622 2686 1891 2757 propriam

300 2782 576 2845 rationem,
604 2792 696 2852 per
724 2790 880 2850 quam
893 2777 1146 2833 subsistit.
1171 2779 1248 2834 Ac
1271 2778 1315 2833 si
1334 2777 1566 2833 diceret:
1593 2775 1714 2832 ideo
1728 2777 1891 2833 homo

300 2883 533 2932 naturae
595 2888 724 2930 suae
784 2868 1106 2928 divisionem
1166 2886 1270 2927 non
1330 2879 1628 2943 pateretur,
1685 2870 1730 2927 si
1764 2860 1905 2927 'non‘

300 2974 573 3041 peccaret,
598 2967 723 3039 quia
753 2963 1010 3036 perfectis
1040 2965 1061 2997 ⁸
1112 2964 1417 3020 rationibus
1448 2961 1582 3031 suis,
1614 2964 1669 3019 in
1692 2963 1888 3035 quibus

299 3056 597 3117 secundum
644 3056 931 3131 imaginem
971 3055 1065 3113 Dei
1115 3055 1364 3114 conditus
1389 3066 1493 3123 est,
1524 3054 1890 3127 primordiali-

300 3155 402 3211 bus
432 3148 681 3208 videlicet
728 3151 909 3206 causis
939 3149 979 3217 ",
1038 3148 1090 3205 in
1138 3150 1334 3221 quibus
1363 3148 1627 3215 subsistit,
1673 3147 1891 3220 insepa-

299 3247 547 3305 rabiliter
570 3244 908 3309 adhaereret,
957 3244 1003 3300 si
1031 3253 1220 3316 sponte
1263 3259 1360 3301 sua
1407 3245 1475 3300 ab
1518 3242 1598 3299 eis
1624 3256 1683 3299 se
1712 3243 1888 3314 ipsum

302 3357 415 3425 non
436 3339 708 3398 evelleret.
736 3336 853 3393 Non
879 3336 1024 3392 enim
1062 3337 1118 3392 in
1166 3334 1267 3404 his,
1301 3336 1356 3393 iu
1404 3335 1601 3406 quibus
1629 3310 1775 3390 nunc
1803 3333 1888 3388 viv-
1917 3310 1962 3381 (ἶ

302 3438 461 3493 detur
505 3450 626 3492 esse
667 3428 853 3501 homo,
886 3430 1152 3499 subsistit,
1184 3428 1279 3488 sed
1315 3431 1368 3486 in
1409 3430 1634 3487 occultis
1663 3436 1892 3485 naturae

304 3530 507 3597 causis,
540 3524 837 3585 secundum
884 3541 1021 3597 quas
1048 3524 1305 3597 primitus
1337 3520 1586 3581 conditus
1615 3530 1722 3591 est,
1743 3530 1798 3579 et
1825 3518 1893 3577 ad

304 3638 442 3697 quas
468 3635 785 3677 reversurus
822 3624 927 3685 est,
955 3617 1276 3682 continetur,
1311 3615 1363 3672 in
1394 3618 1654 3687 quantum
1682 3622 1785 3672 est.

376 3710 430 3772 8.
487 3714 553 3770 Et
591 3713 846 3785 quoniam
889 3720 1011 3784 post
1055 3708 1435 3766 adunationem
1484 3706 1743 3776 hominis,
1792 3708 1897 3771 hoc

304 3816 408 3875 est,
447 3804 674 3878 duplicis
705 3820 865 3861 sexus
904 3803 958 3859 in
999 3801 1282 3874 pristinam
1339 3809 1566 3857 naturae
1606 3799 1896 3867 unitatem,

308 3899 361 3955 in
392 3912 496 3969 qua
527 3911 701 3967 neque
730 3893 1000 3950 masculus
1023 3907 1197 3965 neque
1218 3890 1439 3958 femina,
1465 3890 1559 3947 sed
1577 3888 1898 3959 simpliciter

308 3992 472 4047 homo
516 3996 654 4054 erat,
704 3984 986 4042 confestim
1036 3984 1186 4042 orbis
1222 3992 1486 4039 terrarum
1537 3980 1793 4036 adunatio
1830 3979 1899 4035 ad

309 4078 625 4138 Paradisum
666 4088 922 4150 sequetur
964 4078 1029 4133 δε
1072 4075 1290 4143 deinde,
1339 4074 1531 4146 inquit,
1576 4071 1899 4127 Paradisum

309 4173 585 4243 orbemque
625 4181 885 4226 terrarum
914 4186 1005 4240 per
1037 4168 1302 4241 propriam
1347 4174 1582 4221 sanctam
1630 4181 1901 4219 conversa-

310 4266 505 4321 tionem
532 4262 843 4334 adjungens,
883 4276 1043 4315 unam
1086 4260 1278 4331 faceret
1315 4268 1507 4313 terram
1550 4274 1653 4311 non
1680 4255 1902 4311 divisam

308 4362 365 4414 in
399 4375 458 4413 eo
484 4356 769 4412 secundum
800 4341 1029 4426 partium
1067 4350 1179 4424 ejus
1212 4348 1584 4421 differentiam,
1617 4348 1706 4404 sed
1736 4344 1903 4419 magis

310 4457 701 4521 congregatam,
736 4457 792 4500 ut
842 4440 986 4500 nulla
1016 4444 1245 4514 partium
1296 4442 1412 4514 ejus
1461 4439 1624 4495 ullam
1668 4439 1905 4512 patiatur

308 4540 725 4596 subductionem.
746 4537 896 4607 Quae
927 4534 1195 4592 sententia
1225 4532 1379 4589 valde
1408 4532 1641 4588 obscura
1666 4530 1901 4586 videtur.

307 4634 426 4689 Non
477 4632 619 4688 enim
667 4630 824 4687 facile
870 4637 1035 4701 patet,
1066 4627 1192 4699 quid
1240 4624 1468 4683 suadere
1517 4623 1674 4691 velit,
1718 4632 1902 4680 utrum

1991 2036 2044 2092 in
2082 2030 2484 2104 simplicitatem
2530 2027 2800 2099 quandam
2850 2032 3077 2081 naturae
3107 2023 3474 2089 revocabitur,
3519 2026 3583 2077 ut

1990 2128 2111 2200 plus
2133 2120 2428 2196 spiritualis
2453 2135 2614 2193 quam
2639 2116 2933 2191 corporalis
2960 2128 3082 2175 esse
3109 2115 3382 2181 credatur,
3406 2110 3582 2185 qualis

1991 2218 2172 2275 futura
2199 2224 2365 2282 esset,
2395 2214 2437 2271 si
2475 2214 2639 2269 homo
2662 2228 2765 2268 non
2795 2211 3083 2284 peccaret?
3122 2206 3192 2265 Et
3218 2206 3582 2279 intelligamus

1991 2310 2133 2383 quod
2162 2308 2334 2364 dixit:
2383 2323 2487 2361 non
2515 2312 2840 2376 segregatam
2879 2302 2934 2357 in
2969 2310 3050 2367 eo,
3100 2298 3153 2356 ill
3182 2304 3286 2365 est,
3337 2297 3579 2354 homine.

1991 2404 2125 2460 Nam
2156 2400 2210 2457 in
2235 2399 2456 2457 homine
2478 2397 2659 2454 omnia
2686 2392 2993 2451 adunantur
3018 2392 3313 2449 secundum
3343 2390 3582 2461 partium

1990 2509 2235 2559 suarum,
2265 2501 2444 2547 terrae
2472 2486 2716 2545 videlicet
2741 2486 2785 2554 ⁷,
2808 2484 3198 2552 diii'ercntiam;
3231 2490 3287 2537 ut
3309 2482 3353 2550 ⁸,
3397 2492 3589 2553 quem-

1993 2580 2285 2642 admodum
2316 2580 2460 2637 nulla
2490 2579 2728 2650 partium
2758 2572 3045 2633 diversitas
3092 2574 3145 2630 in
3176 2572 3396 2630 homine
3450 2573 3583 2640 erit,

1990 2679 2250 2751 quoniam
2294 2673 2439 2731 nulla
2498 2668 2819 2743 compositio
2864 2670 2918 2725 in
2966 2683 3031 2725 eo
3081 2662 3446 2741 permanebit,
3508 2666 3585 2722 ita

1991 2768 2154 2827 etiam
2185 2776 2399 2824 terrena
2445 2771 2638 2820 natura
2681 2762 2782 2819 sibi
2829 2756 3187 2832 copulabitur,
3219 2768 3281 2815 ut
3326 2772 3494 2813 unum
3526 2759 3581 2813 in

1992 2876 2055 2921 eo
2082 2871 2133 2919 et
2159 2874 2281 2917 cum
2304 2875 2370 2916 eo
2390 2874 2509 2916 esse
2536 2856 2803 2913 videatur.
2835 2852 2925 2910 Ait
2943 2854 3087 2911 enim
3113 2873 3126 2909 :
3154 2845 3244 2908 sed
3266 2848 3432 2924 magis
3462 2862 3589 2907 cons

1990 2962 2256 3027 gregatam
2290 2992 2304 3019 ,
2362 2956 2628 3022 quatenus
2705 2945 2907 3003 nullam
2960 2942 3067 3001 ulla
3112 2938 3134 2975 '
3180 2941 3418 3014 partium
3466 2941 3585 3014 ejus

1990 3026 2425 3109 subductiouem,
2467 3043 2570 3098 hoc
2597 3042 2704 3107 est,
2753 3037 3151 3111 separationem
3190 3036 3445 3107 patiatur.
3481 3026 3585 3093 Ubi

1993 3136 2191 3211 quippe
2218 3148 2347 3193 vera
2376 3142 2463 3194 est
2486 3126 2822 3206 simplicitas,
2854 3130 2928 3188 ibi
2958 3128 3156 3186 nullius
3185 3124 3584 3195 subductitmis,

1994 3230 2047 3287 id
2076 3236 2160 3286 est
2184 3229 2227 3261 ¹⁰
2250 3226 2657 3301 segregationis,
2711 3220 2978 3295 reperitur
3019 3218 3274 3278 varietas.
3328 3214 3425 3277 Cui
3463 3233 3589 3276 sen-

1994 3321 2079 3378 sui
2104 3316 2384 3391 sequentia
2413 3316 2595 3373 favere
2616 3315 2959 3388 apertissime
2983 3306 3021 3346 “
3066 3312 3357 3378 videntur;
3402 3309 3585 3381 sequi-

1998 3424 2085 3473 ttIr
2120 3413 2298 3472 enim:
2326 3415 2447 3469 inde
2463 3412 2664 3468 caelum
2694 3421 2741 3466 et
2766 3419 2959 3465 terram
2982 3407 3276 3480 adjungens
3301 3420 3392 3477 per
3419 3396 3588 3477 ipsam

1997 3510 2195 3583 angelis
2228 3511 2359 3566 vitae
2403 3508 2614 3562 omnino
2652 3504 2938 3561 secundum
2973 3503 3016 3535 ”
3057 3500 3295 3556 virtutem
3326 3494 3397 3565 “,
3421 3508 3591 3570 quan-

1998 3612 2109 3657 tum
2170 3597 2466 3654 hominibus
2521 3590 2764 3666 possibile
2808 3601 2904 3658 est,
2955 3584 3372 3656 similitudinem,
3429 3594 3589 3641 unam

1999 3693 2191 3764 faceret
2224 3691 2270 3723 “‘
2312 3684 2711 3759 inseparabilem
2760 3680 2951 3755 ubique
2972 3681 3018 3715 "
3049 3698 3080 3736 a
3102 3681 3270 3751 seipsa
3294 3674 3589 3734 sensibilem

1998 3790 2318 3848 creaturam,
2350 3792 2453 3834 non
2492 3784 2789 3849 separatam
2825 3774 2881 3829 in
2925 3789 3009 3840 eo,
3055 3764 3303 3827 videlicet
3331 3764 3590 3837 homine;

1999 3870 2235 3931 localiter
2259 3872 2471 3927 omnino
2495 3871 2549 3924 in
2582 3866 2785 3942 spatiis,
2809 3860 2910 3920 levi
2950 3864 3089 3933 facto
3134 3860 3323 3933 spiritu
3352 3862 3399 3914 et
3443 3854 3594 3913 nulla

1999 3968 2252 4042 gravitate
2275 3961 2534 4034 corporali
2559 3961 2787 4024 detento,
2812 3972 2975 4027 neque
2997 3956 3067 4010 ad
3096 3952 3266 4009 caelos
3292 3950 3594 4005 ascensione

1999 4036 2256 4130 prohibito
2308 4050 2384 4117 ⁸⁸,
2439 4068 2530 4123 per
2579 4050 2747 4121 ipsam
2797 4046 2867 4101 ad
2919 4048 3046 4100 haec
3100 4041 3381 4114 perfectam
3430 4036 3593 4094 animi

1999 4152 2244 4228 ἀορασὶαν
2273 4148 2322 4214 b,
2376 4145 2478 4201 hoc
2517 4150 2637 4210 est,
2694 4139 3055 4196 erorbitatem
3100 4134 3184 4190 vel
3239 4132 3591 4196 caecitatem,

2001 4225 2201 4299 sincere
2221 4239 2288 4294 ad
2327 4237 2492 4292 Deum
2518 4230 2859 4306 pervcnientis
2883 4228 3143 4300 sapienter
3169 4226 3237 4281 ad
3279 4236 3397 4280 eum
3424 4225 3594 4278 inten-

2002 4336 2161 4394 tione.
2194 4333 2297 4392 Ubi
2321 4333 2480 4390 datur
2500 4324 2749 4401 intelligi,
2777 4328 2919 4400 quod
2965 4326 3146 4389 homo,
3193 4321 3408 4395 quando
3440 4331 3595 4376 revo-

2004 4424 2216 4487 cabitur
2265 4425 2318 4482 in
2348 4423 2637 4498 pristinam
2688 4429 2917 4476 naturae
2961 4432 3091 4474 suae
3120 4415 3372 4488 gratiam,
3428 4426 3593 4484 quam

2004 4518 2433 4597 praevaricando
2476 4512 2738 4582 deseruit,
2769 4528 2987 4571 omnem
3031 4508 3344 4569 sensibilem
3375 4505 3596 4563 inferio-

2008 4590 2124 4675 rem
2179 4634 2239 4674 se
2281 4617 2324 4648 ¹⁷
2380 4623 2682 4671 creaturam
2734 4611 2791 4666 in
2837 4609 3099 4664 unitatem
3149 4600 3251 4661 sibi
3298 4590 3594 4669 recolliget,

306 4728 459 4784 orbis
499 4735 787 4792 terrarum,
827 4684 951 4779 dum
974 4684 1162 4776 omnes
1204 4718 1539 4774 substantiae
1585 4716 1894 4773 adunabun-
1929 4684 1980 4744 θ
2006 4706 2242 4766 mirabili
2290 4707 2523 4780 quadam
2551 4704 2765 4761 divinae
2793 4700 3011 4757 virtutis
3056 4696 3316 4770 potentia,
3347 4694 3402 4749 in
3434 4690 3595 4748 resti-

309 4830 416 4885 tur,
445 4818 702 4891 paradiso
725 4813 1084 4887 copulabitur,
1113 4819 1173 4867 ut
1192 4806 1338 4867 nulla
1358 4807 1645 4867 diversitas
1658 4805 1892 4879 partium

2004 4802 2212 4860 tutione
2240 4802 2283 4834 ιε
2315 4798 2572 4858 hominis.
2599 4796 2738 4852 Dum
2777 4795 2922 4851 enim
2968 4792 3200 4857 sincere,
3241 4792 3299 4845 ut
3336 4786 3449 4860 ipse
3496 4784 3593 4854 ait,

1624 4961 1880 5019 VARIAE
1917 4950 2317 5017 LECTIONES.

388 5098 405 5129 ⁸
448 5093 540 5151 Sic
589 5092 716 5157 CD;
747 5090 875 5147 Iesu
905 5104 1014 5146 om.
1051 5087 1117 5150 Α.
1194 5084 1215 5116 ¹¹
1251 5082 1342 5140 Sic
1364 5082 1457 5138 AD
1485 5099 1499 5149 ;
1525 5079 1565 5137 C
1632 5082 1843 5137 ervenit.
1922 5078 1943 5111 ³
1966 5068 2058 5133 Sic
2105 5068 2230 5139 CD;
2267 5071 2311 5127 A
2333 5068 2576 5142 perfecte.
2655 5067 2677 5100 ⁸
2705 5066 2751 5123 Α
2774 5066 2946 5123 causis
2983 5060 3213 5122 videlicet
3236 5080 3254 5129 ;
3277 5059 3449 5117 causis
3480 5072 3592 5118 om.

457 5165 478 5197 ο
501 5164 590 5206 mn
624 5158 770 5206 'Cn‘:
813 5159 846 5206 Α
877 5158 1129 5206 serratim.
1226 5154 1250 5187 ⁸
1279 5154 1370 5206 Sic
1397 5152 1517 5206 CD:
1574 5100 1627 5206 ἐξ)
1648 5152 1723 5206 sic
1749 5151 1906 5205 enim.-
2007 5150 2039 5181 "
2062 5147 2103 5201 A
2145 5143 2381 5200 videlicet
2429 5151 2616 5196 terrae.
2712 5139 2735 5170 ⁸
2774 5138 2876 5194 διε
2923 5130 3081 5193 A00.
3153 5134 3175 5167 ’
3213 5133 3327 5187 ulla
3356 5147 3483 5206 pom.
3520 5130 3589 5185 Α.

1226 5154 1250 5187 ⁸
1279 5154 1370 5210 Sic
1397 5152 1517 5220 CD;
1574 5151 1613 5206 Α
1648 5152 1723 5207 sic
1749 5151 1906 5205 enim.-

308 5168 419 5241 D._
457 5165 478 5197 '
501 5164 595 5241 Sic
624 5158 773 5241 'CD“;
876 5158 1129 5241 sequitur.

308 5239 357 5273 ⁸⁸
387 5237 493 5293 Pro
541 5237 596 5290 id
620 5244 695 5289 est
729 5233 774 5287 A
803 5230 1057 5287 videlicet.

309 5309 363 5343 ¹⁸
407 5308 499 5365 Sic
541 5306 659 5372 CD;
692 5304 738 5359 Α
767 5303 938 5372 facere
962 5310 1063 5372 Aet,

308 5364 657 5450 inferiorem:
717 5364 882 5429 "'Sic
903 5366 989 5428 AC
1015 5388 1030 5439 ;
1132 5366 1524 5426 resurrectione.

1194 5227 1237 5259 ιι
1269 5226 1361 5282 Sic
1386 5224 1505 5290 CD;
1564 5225 1604 5278 A
1632 5223 1926 5292 aptissime.

1168 5300 1210 5332 "‘
1240 5296 1330 5353 Sic
1382 5295 1508 5378 QD;
1538 5296 1584 5349 Α
1610 5310 1753 5352 corr.
1814 5301 1861 5345 et
1911 5308 2064 5363 quae.

2007 5130 2103 5201 θῖΑ
2145 5130 2381 5200 videlicet
2426 5130 2616 5196 terrae.
2712 5139 2735 5170 ε
2774 5130 3081 5212 suam.
3153 5133 3327 5212 {sua
3354 5147 3483 5212 ,om.
3520 5130 3589 5185 Α.

2049 5220 2091 5251 ¹²
2118 5217 2219 5298 δίε
2350 5229 2508 5298 ;np‘ro
2552 5211 2838 5298 secundum
2877 5211 2920 5263 A
2950 5218 3034 5298 et.”
3070 5206 3589 5298 wji'né-vi‘rtutum:

2173 5284 2219 5319 “
2260 5273 2506 5351 Sic'C'D;
2540 5283 2583 5338 A
2622 5281 2902 5355 prohibita.
2995 5280 3034 5311 ιτ
3070 5278 3161 5335 Sic
3188 5275 3308 5341 CD;
3353 5273 3399 5327 A
3451 5280 3499 5327 et
3536 5287 3592 5327 se

1810 5464 2062 5527 NOTAE.

391 5590 417 5619 ι
447 5576 488 5632 C
520 5576 588 5631 ad
619 5588 792 5644 marg.
821 5570 999 5644 adscr.
1033 5566 1217 5623 Glosa.
1251 5564 1353 5620 Hic
1381 5566 1684 5644 ambiguam
1712 5562 1885 5644 ponit,

313 5659 500 5705 utrum
538 5632 827 5701 mutabil’ur
855 5642 994 5697 orbis
1021 5650 1279 5695 terrarum
1327 5632 1540 5691 omnino
1584 5636 1640 5688 in
1684 5632 1900 5705 paradi—

315 5702 458 5779 sum,
501 5719 634 5772 sicut
661 5731 815 5769 sexus
857 5714 913 5768 in
937 5711 1219 5775 hominem,
1266 5727 1328 5764 ea
1359 5708 1579 5771 ratione,
1613 5702 1717 5776 qua
1768 5702 1901 5773 infe-

317 5792 467 5847 riora
509 5786 810 5843 melioribus
857 5782 1216 5845 absorbentur,
1245 5798 1313 5836 an
1355 5780 1495 5843 orbis
1542 5787 1803 5847 terrarum
1855 5782 1904 5831 et

312 5842 602 5944 paradisus
626 5856 915 5932 ineundum
934 5852 1091 5914 veluti
1102 5842 1390 5929 spiritualis
1418 5858 1587 5909 terrae
1601 5842 1907 5929 qualitatem

2000 5556 2396 5621 adunabuntur,
2408 5570 2472 5609 ea
2484 5551 2708 5623 ratione,
2719 5558 2824 5623 qua
2835 5547 3036 5623 sibimet
3051 5546 3246 5602 similia
3259 5544 3590 5623 coaptantur.

2075 5628 2101 5669 ιι
2129 5626 2169 5683 C
2206 5625 2272 5681 ad
2322 5614 2492 5695 marg.
2516 5614 3592 5695 adscr;aerosiainterpretaturcaecitas,

2005 5700 2095 5756 sed
2122 5716 2225 5754 non
2255 5696 2348 5752 illa
2374 5685 2608 5767 quaeque
2652 5692 2874 5767 privatio
2906 5685 3114 5767 visionis
3141 5685 3351 5767 dicitur,
3383 5686 3474 5742 sed
3497 5685 3594 5767 illa

2008 5770 2201 5843 caligo,
2246 5758 2574 5842 quaerebas
2625 5758 2941 5843 visibilibush
2957 5758 3378 5843 circumvolvitur
3425 5767 3483 5817 ut
3512 5758 3596 5817 in-

2011 5829 2270 5900 tuentibus
2294 5855 2347 5897 se
2376 5829 2626 5912 apparere
2653 5840 2757 5891 non
2783 5832 3003 5907 possint.
