4064 6292
491 399 597 457 535

1864 398 2144 460 JOANNIS
2187 401 2384 460 SCOTI

3626 411 3728 462 536

485 514 752 595 ἆορασίαν,
776 508 878 565 hoc
899 517 997 574 est,
1030 508 1272 564 omnium
1300 517 1694 579 creaturarum,
1720 526 1855 584 quas
1882 513 2056 568 omni-
2080 523 2130 579 Α
2157 516 2349 573 bitror.
2381 515 2453 571 Et
2470 517 2612 587 ﬁnis,
2642 517 2833 589 inquit,
2864 518 2919 572 in
2942 516 3179 572 omnibus
3204 517 3285 571 Itis
3314 526 3544 572 creatam
3573 530 3729 576 natu-

483 619 555 661 no
606 600 1044 674 superascendet,
1099 600 1457 673 ignorantiam
1494 603 1749 673 patietur,
1791 604 1858 659 ad
1884 604 2058 675 ipsum

482 701 651 755 Deum
697 694 1034 765 perveniens,
1085 694 1367 766 ipsumque
1413 695 1469 751 in
1522 696 1774 752 omnibus
1819 706 2077 763 contema

481 789 654 861 plans.
682 786 850 844 Totus
871 802 1100 860 namque
1128 788 1314 855 homo,
1346 797 1406 843 ut
1442 788 1518 844 ait
1547 790 1683 859 ipse,
1719 789 1851 846 levis
1898 791 2057 861 spiri-

483 892 568 940 tus
594 882 809 938 l'uturus
832 890 934 947 est,
968 890 1023 936 et
1048 881 1192 936 nulla
1216 882 1481 953 gravitate
1507 882 1776 954 corporali
1825 881 1879 937 in
1916 892 2060 938 terra

480 973 829 1038 detinebitur,
884 988 1060 1045 neque
1105 973 1174 1029 ad
1222 974 1401 1030 caelos
1442 974 1762 1030 ascensione
1810 973 2061 1046 prohibe-

480 1069 643 1125 bitur.
701 1068 940 1136 Deinde,
991 1067 1210 1139 inquit,
1268 1067 1617 1138 intelligibilia
1687 1076 1737 1122 et
1795 1066 2061 1122 sensibilia

480 1176 599 1214 cum
643 1159 725 1213 his
770 1156 1041 1228 copulans,
1100 1157 1203 1213 hoc
1232 1166 1337 1222 est,
1368 1172 1492 1213 cum
1520 1156 1813 1227 praedictis
1842 1164 2063 1210 natura-

481 1266 603 1305 rum
660 1248 1097 1314 adunationibus,
1151 1265 1243 1319 per
1294 1250 1464 1318 ipsam
1510 1249 1580 1302 ad
1631 1246 1842 1319 angelos
1894 1250 2064 1304 scien-

479 1344 582 1397 tiae
668 1341 1034 1414 aequalitatem
1130 1342 1400 1411 uniﬁcabit
1478 1352 1818 1408 creaturam,
1904 1342 2062 1398 simul

482 1451 684 1490 omnem
763 1443 1056 1489 creaturam
1141 1450 1243 1489 non
1323 1443 1619 1505 separatam
1708 1435 1764 1489 in
1845 1451 1905 1490 eo
1980 1452 2062 1490 88·

416 1522 424 1529 '
480 1525 711 1579 cundum
733 1526 1000 1580 scientiam
1024 1535 1072 1579 et
1098 1526 1469 1596 ignorantiam,
1508 1524 1717 1596 aequali
1749 1527 1846 1581 sibi
1866 1526 1936 1581 ad
1966 1545 2062 1583 an-

480 1616 621 1687 gelos
641 1617 1000 1688 indifferenter
1022 1618 1223 1688 futura,
1249 1616 1511 1672 rationum
1542 1619 1597 1674 in
1624 1619 1725 1684 his,
1754 1636 1886 1691 quae
1917 1629 2057 1686 sunt,

479 1710 711 1779 gnostica
737 1710 982 1776 scientia,
1012 1727 1104 1781 per
1126 1727 1283 1782 quam
1305 1711 1418 1781 ipsa
1448 1727 1597 1766 verae
1621 1711 1832 1781 sophiae
1854 1711 2061 1781 inﬁnita

479 1802 734 1858 donorum
762 1803 947 1874 eﬁ'usio
989 1804 1370 1873 superveniens,
1404 1812 1655 1875 quantum
1684 1803 1768 1873 fas
1810 1812 1904 1869 est,
1933 1820 2062 1874 pure

479 1894 543 1948 de
571 1904 735 1949 cetero
762 1896 927 1963 ipsam
948 1894 1085 1949 circa
1123 1894 1289 1949 Deum
1319 1904 1367 1949 et
1396 1895 1693 1949 immediate
1717 1896 1887 1965 dignis
1909 1912 2062 1966 prae-
2090 1875 2137 1934 Β

479 1996 582 2040 stat
622 1987 939 2057 incognitam
962 1996 1009 2040 et
1032 1986 1520 2058 ininterprelabilem
1546 1987 1562 2018 ¹
1608 1988 1867 2042 notitiam.
1892 1984 2062 2056 Hujus

480 2077 782 2131 sententiae
811 2076 1037 2131 altitudo
1066 2075 1624 2146 incomprehensibilis
1654 2076 1784 2131 mihi
1827 2076 2058 2143 videtur,

478 2174 535 2223 et
561 2167 796 2223 maxime
829 2168 919 2223 ubi
950 2167 1044 2233 ait,
1079 2166 1362 2221 secundant
1434 2166 1703 2221 scientiam
1746 2176 1793 2221 et
1814 2166 2063 2237 ignoran-

479 2262 605 2316 tiam
634 2261 842 2333 aequali
860 2261 957 2315 sibi
985 2261 1053 2315 ad
1076 2260 1285 2332 angelos
1307 2262 1540 2331 gnostica
1563 2244 1798 2316 scientia.
1842 2260 1909 2317 Et
1950 2277 2063 2319 me-

480 2353 607 2408 rito.
634 2353 689 2406 in
716 2352 988 2423 prioribus
1011 2354 1155 2409 enim
1202 2353 1276 2407 nil
1321 2349 1777 2408 aliud'videbatur
1802 2354 2059 2421 suasisse,

481 2445 583 2500 nisi
613 2444 853 2499 omnium
880 2459 1059 2499 rerum
1088 2444 1421 2501 sensibilium
1454 2454 1510 2502 et
1552 2445 1964 2517 intelligibilium
2008 2449 2062 2503 in

482 2536 744 2590 unitatem
773 2534 1039 2604 quandam
1084 2535 1461 2591 adunationem
1482 2576 1496 2601 ,
1533 2536 1608 2589 ita
1638 2544 1699 2590 ut
1727 2537 1803 2591 nil
1846 2552 2065 2608 separa-

482 2624 609 2689 bile,
643 2624 715 2679 nil
738 2640 1081 2695 corporeum,
1111 2626 1187 2681 nil
1219 2627 1425 2681 varium
1458 2626 1509 2682 in
1536 2626 1615 2682 eis
1644 2637 1938 2693 remaneat,
1968 2630 2064 2684 sed

485 2721 545 2768 ut
573 2714 804 2769 mirabili
827 2715 1059 2785 quadam
1095 2717 1432 2787 regressione
1475 2716 1730 2775 inferiora
1771 2735 1983 2792 semper
2009 2722 2064 2778 in

483 2805 759 2875 superiora
782 2815 1075 2862 transeant.
1091 2806 1242 2863 Nunc
1265 2823 1391 2864 vero
1413 2807 1592 2865 dicere
1616 2812 1847 2877 videtur,
1866 2812 2067 2868 aduna-

487 2895 684 2950 tionem
711 2896 1037 2952 naturalium
1068 2898 1488 2954 substantiarum
1517 2898 1538 2931 ³
1567 2901 1623 2955 in
1669 2900 1944 2957 intellectu
1980 2918 2068 2959 so-

485 2985 777 3056 tummodo,
808 3004 913 3043 non
945 2997 1124 3045 autem
1155 2990 1208 3045 in
1238 2990 1368 3060 ipsis
1396 2992 1557 3047 rebus
1586 2990 1609 3023 ‘
1637 3009 1779 3060 esse,
1832 2994 1934 3051 hoc
1961 3007 2065 3064 est,

485 3094 591 3163 non
618 3094 711 3135 eas
735 3096 843 3147 res,
872 3096 1012 3151 quae
1033 3097 1129 3153 per
1168 3084 1567 3153 generationem
1612 3088 1663 3142 in
1712 3088 1924 3143 diversa
1978 3104 2069 3161 ge-

486 3185 636 3236 nera,
660 3170 1009 3243 diversasque
1034 3172 1256 3240 formas,
1285 3174 1627 3247 inﬁnitosque
1649 3179 2067 3249 numerosjuxta

485 3259 759 3318 Creatoris
786 3263 1216 3332 providentiam,
1260 3266 1645 3339 intelligibilem
1694 3270 2069 3328 sensibilemve

486 3364 812 3424 acceperunt
837 3355 1171 3412 varietatem.
1202 3358 1317 3413 Non
1343 3361 1487 3415 enim
1510 3362 1666 3417 aliter
1690 3365 2070 3423 adunationem

487 3453 792 3518 creatarmn
839 3448 1266 3504 substantiarum
1305 3450 1360 3505 in
1408 3452 1613 3523 angelis
1655 3469 1775 3511 esse
1819 3455 2071 3529 intelligi-

487 3555 630 3604 mus,
663 3539 764 3594 nisi
794 3540 904 3597 sola
934 3544 1174 3608 gnostica
1208 3543 1455 3611 scientia,
1481 3561 1584 3601 non
1617 3555 1798 3603 autem
1830 3549 2070 3618 ipsarum

487 3647 667 3688 rerum
682 3631 996 3688 collectione
1014 3635 1064 3688 in
1081 3651 1263 3690 unum.
1281 3635 1601 3692 Naturarum
1621 3640 1817 3711 quippe
1832 3643 2068 3698 omnium

488 3723 825 3779 conditarum
853 3726 1089 3781 rationes
1117 3726 1171 3781 in
1206 3728 1510 3799 semetipsis
1538 3732 1636 3786 sub
1685 3747 1793 3787 uno
1836 3735 2070 3802 quodam

488 3815 872 3887 intelligentiae
912 3827 1095 3873 tenore
1130 3830 1482 3891 cognoscunt,
1533 3824 1981 3890 quemadmodum
2017 3826 2069 3881 in

487 3910 718 3980 quadam
772 3911 1004 3966 humana
1027 3913 1418 3982 sapientissima
1453 3914 1475 3946 ⁸
1500 3915 1680 3971 anima
1736 3917 2069 3975 diversarum

488 4005 682 4058 artium
704 4019 810 4059 una
840 3995 1136 4076 eademque
1174 4014 1231 4062 et
1258 4006 1279 4038 ⁸
1307 4006 1681 4077 inseparabilis
1708 4010 1942 4080 cognitio
1963 4019 2067 4077 est,

486 4096 565 4169 ita
595 4104 653 4151 ut
697 4098 1018 4169 ignorantia,
1070 4102 1184 4155 sive
1220 4100 1273 4156 in
1314 4101 1607 4177 angelis—
1632 4117 1758 4157 nam
1803 4108 1857 4157 et
1881 4118 2068 4159 eorum

487 4191 745 4259 quosdam
776 4191 1010 4247 nondum
1039 4192 1186 4248 omni
1213 4203 1472 4264 purgatos
1506 4193 1811 4265 ignorantia
1840 4194 2069 4266 legimus

485 4313 557 4341 .-—
582 4282 695 4337 sive
722 4282 776 4338 in
814 4284 1146 4349 hominibus,
1169 4284 1370 4340 nullam
1413 4286 1842 4358 segregationem
1886 4302 2068 4343 rerum

486 4374 670 4438 faciat,
702 4374 923 4449 scientia
946 4389 1075 4431 vero
1104 4376 1345 4446 gnostica
1376 4377 1717 4433 adunationis
1744 4393 1911 4434 causa
1948 4376 2063 4434 ﬁat.

486 4465 791 4522 Intellectus
815 4466 959 4519 enim
990 4479 1170 4521 rerum
1204 4467 1473 4523 veraciter
1499 4469 1643 4538 ipsae
1680 4482 1767 4524 res
1804 4452 1950 4533 sunt,
1977 4469 2064 4524 di-

2159 625 2274 663 ram
2315 626 2418 664 non
2449 620 2653 666 creatae
2694 628 2784 681 per
2820 610 3142 665 dilectionem
3186 610 3465 681 uniﬁcans.
3501 610 3548 666 0
3573 614 3728 668 mira-

2157 701 2333 757 culum
2367 718 2488 773 erga
2513 719 2605 757 nos
2647 702 2851 757 divinae
2876 702 3209 767 clementiae;
3245 719 3408 757 unum
3443 704 3497 756 id
3538 705 3724 774 ipsum-

2156 809 2255 864 que
2280 793 2507 847 ostendet
2532 792 2553 825 '
2581 792 2864 847 secundant
2901 793 3136 846 habitum
3176 795 3377 864 gratiae
3414 804 3553 849 totus
3580 786 3731 851 homo

2159 895 2265 941 toto
2294 885 2653 941 universaliter
2671 887 2892 940 ambitus
2922 886 3055 952 Deo,
3084 897 3131 942 et
3159 888 3348 958 factus.
3384 888 3550 945 Omne
3573 892 3729 962 siqui-

2158 980 2274 1034 dem
2300 978 2439 1034 Deus
2481 979 2525 1044 ⁸,
2551 988 2757 1049 praeter
2789 979 3183 1034 similitudinem
3228 981 3515 1035 secundum
3559 999 3727 1037 essen-

2159 1068 2285 1123 tiam
2296 1108 2310 1132 ,
2326 1086 2372 1121 et
2386 1076 2550 1122 totum
2578 1068 2748 1137 ipsum
2760 1069 3016 1137 accipiens
3030 1084 3050 1132 ;
3064 1068 3128 1121 ab
3152 1069 3263 1139 ipso
3278 1069 3578 1134 ’,videlicet
3600 1071 3731 1136 Deo,

2158 1154 2326 1211 Deam
2348 1154 2503 1211 veluti
2551 1155 2870 1210 ascensionis
2895 1158 3189 1226 praemium
3222 1160 3390 1227 ipsum
3425 1160 3734 1230 singularis-

2159 1245 2350 1300 simum
2381 1260 2714 1315 possessurus
2741 1244 2925 1309 Deum,
2978 1255 3153 1316 utpote
3179 1246 3338 1315 ﬁnem
3371 1264 3569 1313 eorum,
3604 1266 3738 1318 quae

2157 1346 2446 1400 moventur,
2498 1335 2775 1401 motionis,
2806 1345 2853 1389 et
2875 1344 3065 1389 statum
3090 1336 3305 1406 ﬁrmum
3324 1337 3737 1394 immutabilem-

2155 1442 2257 1496 que
2275 1441 2471 1491 eorum,
2494 1442 2625 1497 quae
2656 1425 2898 1495 feruntur
2918 1427 2973 1480 in
3002 1427 3204 1497 ipsum,
3236 1436 3286 1480 et
3321 1428 3489 1482 omnis
3520 1428 3664 1497 ﬁnis,
3691 1439 3740 1483 et

2158 1518 2359 1581 statuti,
2392 1526 2439 1570 et
2469 1515 2618 1586 legis,
2645 1517 2959 1587 rationisque
2986 1504 3395 1588 intellectusque,
3420 1528 3481 1589 get
3520 1530 3740 1577 naturae

2157 1607 2315 1685 linem
2326 1607 2672 1661 acterminum
2685 1607 2945 1677 inﬁnitum
2957 1608 3406 1662 etinterminatum
3417 1609 3740 1670 existentem.

2230 1719 2281 1775 9.
2312 1719 2394 1773 Ad
2424 1720 2527 1775 hoc
2556 1720 2741 1791 igitur,
2777 1729 3035 1791 quantum
3073 1736 3140 1777 ex
3187 1722 3449 1791 praedicti
3492 1726 3739 1796 magistri

2162 1812 2504 1868 sermonibus
2525 1812 2684 1868 datur
2710 1813 2954 1885 intelligi,
2987 1816 3129 1870 inter
3152 1816 3529 1886 primordiales
3561 1836 3741 1876 rerqu

2164 1918 2357 1959 causas
2387 1904 2549 1959 homo
2580 1904 2646 1958 ad
2678 1904 2964 1975 imaginem
2991 1907 3083 1961 Dei
3115 1906 3291 1963 factus
3322 1917 3426 1975 est,
3459 1918 3520 1965 ut
3549 1912 3602 1965 in
3632 1927 3746 1967 om-

2162 1996 2247 2073 nis
2280 2003 2527 2049 creatura
2559 2003 2615 2050 et
2640 1995 2986 2067 intelligibilis
3023 2008 3079 2052 et
3124 2000 3418 2067 sensibilis,
3458 2016 3524 2056 ex
3551 2003 3746 2073 quibus

2160 2086 2325 2142 veluti
2377 2087 2605 2143 diversis
2636 2086 2679 2118 “
2720 2088 3152 2146 extremitatibus
3192 2094 3523 2162 compositus
3580 2110 3746 2151 unum

2162 2179 2520 2249 inseparabile
2572 2179 2744 2247 ﬁeret,
2791 2189 2845 2235 et
2890 2189 2951 2236 ut
2989 2189 3132 2238 esset
3182 2184 3442 2240 medietas
3495 2194 3657 2255 atque
3703 2188 3744 2220 “

2163 2272 2416 2326 adunatio
2449 2272 2690 2327 omnium
2718 2282 3108 2329 creaturarum.
3138 2274 3255 2330 Non
3284 2276 3431 2331 enim
3460 2277 3569 2332 ulla
3592 2293 3749 2334 crea-

2166 2373 2285 2419 tura
2310 2373 2410 2432 est,
2438 2380 2578 2435 quae
2608 2367 2663 2422 in
2694 2368 2912 2424 homine
2939 2368 3163 2438 intelligi
3205 2384 3312 2426 non
3350 2372 3553 2441 possit;
3604 2372 3749 2427 unde

2164 2457 2325 2510 etiam
2358 2456 2413 2511 in
2449 2457 2620 2514 sacris
2675 2457 2970 2530 Scripturis
2999 2460 3176 2515 omnis
3204 2468 3452 2516 creatura
3479 2460 3745 2515 nominari

2164 2547 2318 2602 solet.
2372 2547 2429 2602 In
2472 2549 2762 2620 Evangelio
2807 2549 3074 2620 siquidem
3119 2550 3381 2620 scriptum
3411 2559 3496 2607 est
3529 2576 3546 2604 .-
3572 2548 3747 2605 Prae-

2165 2636 2338 2692 dicate
2360 2636 2702 2709 Euangelium
2726 2641 2865 2694 omni
2892 2649 3163 2696 creaturae
3175 2657 3198 2708 ;
3224 2641 3353 2719 item
3375 2642 3431 2697 in
3450 2642 3707 2712 Apostolo
3729 2660 3742 2696 :

2168 2729 2351 2788 Omnis
2376 2740 2615 2786 creatura
2649 2733 2976 2804 congemiscit
3006 2742 3052 2798 et
3084 2732 3222 2788 dolet
3268 2733 3311 2764 “
3339 2750 3501 2804 usque
3550 2734 3746 2788 adhuc.

2098 2866 2113 2879 κ
2165 2820 2235 2875 Et
2265 2822 2308 2877 si
2346 2837 2453 2876 non
2481 2830 2746 2893 peccaret,
2776 2839 2882 2878 non
2913 2831 3058 2880 esset
3095 2826 3147 2878 in
3183 2839 3249 2879 eo
3277 2824 3470 2880 divisio
3495 2839 3746 2891 sexuum,

2168 2916 2261 2969 sed
2298 2914 2635 2971 solummodo
2664 2915 2824 2971 homo
2851 2924 3027 2982 esset;
3072 2930 3177 2971 non
3205 2923 3549 2986 separaretur
3591 2916 3645 2970 in
3683 2931 3751 2970 eo

2168 3008 2316 3061 orbis
2365 3016 2630 3063 terrarum
2660 3024 2690 3062 a
2718 3007 2995 3073 Paradiso,
3037 3009 3129 3063 sed
3158 3008 3334 3064 omnis
3377 3016 3595 3062 terrena
3648 3023 3749 3062 na-

2173 3105 2289 3151 tura
2312 3098 2365 3152 in
2395 3112 2461 3152 eo
2486 3105 2629 3152 esset
2654 3098 2954 3167 paradisus,
2986 3076 3089 3154 hoc
3117 3109 3228 3164 est,
3273 3097 3570 3167 spiritualis
3607 3104 3748 3152 terra

2172 3197 2334 3257 atque
2364 3185 2408 3253 ’ξ
2439 3188 2806 3253 conversatio;
2840 3187 3046 3242 caelum
3082 3195 3137 3242 et
3181 3196 3324 3242 terra
3351 3187 3402 3241 in
3438 3201 3505 3242 eo
3530 3201 3637 3241 non
3665 3202 3751 3242 sec

2171 3289 2541 3353 gregarentur,
2570 3287 2713 3335 totus
2738 3279 2883 3335 enim
2914 3280 3163 3336 caelestis
3195 3287 3355 3343 esset,
3389 3288 3443 3333 et
3469 3279 3546 3334 nil
3576 3288 3750 3334 terre-

2169 3387 2331 3437 num,
2364 3370 2440 3424 nil
2465 3385 2660 3441 grave,
2693 3369 2769 3424 nil
2797 3385 3114 3441 corporeum
3145 3370 3197 3424 in
3225 3382 3289 3425 eo
3325 3379 3643 3441 appareret;
3667 3384 3753 3425 es-

2170 3470 2251 3517 set
2270 3461 2412 3516 enim
2440 3468 2495 3514 et
2524 3459 2977 3530 multiplicaretur
3003 3460 3056 3515 in
3079 3475 3385 3526 numerum,
3414 3475 3445 3515 a
3471 3460 3752 3515 conditore

2171 3554 2251 3608 sui
2280 3552 2649 3623 praeﬁnitum,
2677 3552 2816 3608 sicut
2845 3553 3019 3623 angeli
3049 3562 3105 3607 et
3128 3561 3272 3618 sunt,
3306 3563 3362 3607 et
3411 3551 3752 3623 multiplicati

2170 3653 2325 3709 sunt;
2355 3643 2624 3698 sensibilis
2652 3651 2839 3697 natura
2880 3644 2948 3698 ab
2979 3644 3297 3713 intelligibili
3336 3644 3391 3699 in
3417 3657 3482 3698 eo
3506 3658 3612 3697 non
3637 3644 3752 3698 dis-

2169 3741 2436 3803 creparet,
2469 3740 2610 3788 totus
2638 3733 2781 3787 enim
2824 3742 2967 3788 esset
2999 3733 3330 3799 intellectus,
3375 3732 3620 3788 Creatori
3648 3747 3751 3787 suo

2169 3841 2382 3896 semper
2408 3835 2461 3881 et
2489 3826 2898 3882 immutabiliter
2920 3827 3242 3893 adhaerens,
3277 3835 3332 3883 et
3356 3828 3505 3883 nullo
3531 3828 3693 3883 modo
3720 3844 3753 3881 a

2167 3917 2603 3989 primordialibus
2630 3917 2741 3973 suis
2767 3917 2967 3984 causis,
3010 3918 3065 3972 in
3112 3916 3307 3987 quibus
3344 3917 3596 3973 conditus
3631 3925 3750 3981 est,

2169 4009 2473 4074 recederet;
2508 4008 2684 4063 omnis
2717 4017 2988 4074 creatura,
3023 4023 3160 4077 quae
3199 4008 3252 4062 in
3286 4024 3353 4064 eo
3381 4008 3600 4063 condita
3642 4017 3751 4073 est,

2168 4100 2369 4155 nullam
2416 4101 2733 4155 divisionem
2783 4100 2836 4155 in
2873 4115 2940 4155 eo
2986 4110 3279 4171 pateretur.
3337 4098 3444 4157 Sed
3491 4101 3751 4171 quoniam

2166 4194 2373 4261 primus
2397 4194 2559 4247 homo
2587 4193 2639 4247 in
2673 4192 2760 4247 tali
2785 4192 3039 4248 felicitate
3062 4208 3382 4265 permanere
3410 4193 3747 4265 neglexerat,

2167 4283 2316 4337 etab
2340 4297 2403 4337 ea
2438 4281 2797 4352 superbiendo
2840 4281 3067 4348 cecidit,
3116 4291 3172 4338 et
3210 4283 3265 4338 in
3296 4283 3535 4339 inﬁnitas
3578 4282 3752 4354 parti-

2168 4375 2342 4431 tiones
2389 4375 2785 4446 varietatesque
2835 4383 3061 4430 naturae
3107 4375 3376 4431 humanae
3419 4376 3599 4431 unitas
3638 4375 3753 4429 dis-

2165 4480 2324 4537 persa
2343 4476 2448 4532 est,
2480 4466 2657 4522 divina
2686 4466 2970 4523 clementia
2994 4467 3549 4538 assumpsit“novum
3574 4468 3752 4523 homi-

486 4564 643 4636 cente
671 4564 857 4611 sancto
880 4555 1171 4628 Dionysio:
1198 4558 1433 4629 Cognitio
1460 4576 1663 4626 eorum,
1688 4578 1821 4631 quae
1839 4569 1981 4626 sunt,
2002 4578 2064 4616 ea
2092 4587 2143 4647 Β
2168 4570 2314 4621 nem,
2346 4555 2399 4611 in
2423 4572 2530 4626 quo
2560 4556 2676 4628 ipsa
2708 4565 2922 4623 natura,
2954 4572 3093 4627 quae
3115 4557 3168 4612 in
3196 4557 3365 4613 veteri
3396 4556 3614 4613 homine
3636 4557 3750 4612 dis-

484 4663 619 4718 quae
642 4656 783 4711 sunt,
815 4658 922 4713 est;
970 4648 1064 4703 sed
1106 4648 1251 4719 ipsas
1281 4649 1655 4719 primordiales
1702 4667 1827 4707 suas
1872 4667 2066 4708 causas

489 4738 829 4809 rationesque
865 4741 917 4794 in
947 4738 1327 4798 adunationem
1379 4743 1649 4810 quandam
1675 4744 1885 4800 actione
1915 4744 2068 4800 intel-

488 4826 760 4900 ligentiac,
805 4844 909 4885 non
947 4839 1124 4887 autem
1155 4847 1215 4888 re
1251 4832 1365 4904 ipsa
1408 4832 1608 4903 colligi.
1657 4831 1855 4890 Verum
1882 4828 2069 4907 prius?

486 4934 648 4989 quam
686 4920 754 4974 ad
792 4919 949 4990 hujus
991 4923 1321 4992 quaestionis
1364 4925 1624 4981 theoriam
1662 4928 2061 4997 perveniamus,

487 5013 532 5067 si
561 5012 629 5068 de
662 5028 725 5068 ea
756 5014 884 5084 quid
919 5014 1237 5083 dicendum,
1265 5019 1572 5089 praedictae
1597 5020 1938 5078 adunationis
1979 5037 2064 5077 re-

488 5119 607 5165 rum
631 5106 925 5164 secundum
956 5106 1250 5167 Maximum
1289 5112 1504 5169 residua
1549 5113 1775 5172 dicenda
1816 5129 1939 5172 esse
1967 5129 2060 5169 ar-

2170 4651 2368 4723 pertita
2398 4660 2479 4706 est
2501 4691 2517 4716 ,
2564 4651 2631 4706 ad
2667 4650 2946 4721 pristinam
2977 4651 3241 4706 unitatem
3277 4658 3655 4705 revocaretur:
3693 4649 3748 4703 in

2170 4745 2369 4800 mundo
2397 4743 2463 4798 de
2493 4742 2712 4808 mundo,
2741 4743 2843 4799 hoc
2866 4752 2969 4809 est,
2998 4742 3160 4798 homo
3184 4757 3250 4798 ex
3278 4742 3588 4797 hominibus
3615 4756 3748 4810 pro-

2166 4844 2288 4908 pter
2336 4836 2584 4892 homines
2646 4834 2796 4890 nasci
2859 4834 3158 4890 constituit.
3210 4832 3347 4890 Hinc
3394 4833 3535 4889 idem
3579 4832 3750 4887 Maxi-

2166 4938 2329 4981 mus:
2362 4924 2622 4991 Quoniam
2647 4924 2841 4994 itaque,
2871 4923 3064 4993 inquit,
3098 4924 3430 4989 naturaliter,
3465 4932 3521 4977 ut
3541 4932 3748 4977 creatus

2164 5027 2265 5082 est,
2286 5016 2426 5071 circa
2446 5013 2768 5069 immutabile
2792 5015 3059 5087 proprium
3077 5014 3412 5087 principium,
3434 5014 3553 5068 dico
3572 5024 3746 5068 autem

2163 5110 2354 5174 Deum,
2383 5107 2538 5162 Itomo
2567 5122 2672 5161 non
2708 5113 2785 5161 est
2820 5114 3027 5172 motus;
3055 5107 3196 5162 circa
3224 5121 3343 5162 vero
3370 5121 3456 5173 ea,
3483 5120 3614 5178 quae
3650 5103 3747 5160 sub

1755 5225 2009 5284 VARIAE
2043 5218 2445 5280 LECTIONES.

562 5342 578 5374 ‘
615 5342 660 5429 Ρ
684 5340 1260 5429 {certaremus
1288 5341 1343 5429 Ρ
1365 5338 1899 5429 “intractabilem-

490 5412 834 5468 stantialium.

491 5484 808 5538 ostendetur.
882 5484 904 5517 ⁸
937 5483 1028 5539 Sic
1070 5482 1191 5547 CD;
1224 5470 1236 5478 ’
1289 5497 1349 5538 ro
1375 5479 1517 5536 Deus
1540 5470 1587 5535 Α
1619 5481 1830 5535 dicitur.
1905 5481 1927 5515 ⁸
1954 5470 2161 5535 εἰς’οΒ
2200 5492 2214 5542 ;
2243 5470 2292 5529 Ἀ
2315 5486 2457 5527 corr.
2484 5487 2517 5523 a
2555 5470 2744 5540 seipse.

491 5551 607 5608 CD:
639 5555 683 5607 Α
725 5563 793 5608 et.
906 5554 949 5586 ¹¹
982 5554 1072 5608 Sic
1094 5553 1212 5608 AC:
1245 5497 1288 5608 Β
1330 5552 1619 5608 inaemiscit
1660 5561 1709 5606 et
1735 5551 1979 5608 parturit.
2090 5548 2135 5580 ⁸⁸
2158 5546 2250 5603 Sic
2292 5544 2419 5608 CD;
2459 5548 2602 5596 terra
2647 5552 2744 5608 ath

2090 5548 2135 5580 ⁸³
2158 5538 2250 5603 Sic
2292 5544 2419 5609 CD;
2459 5548 2602 5596 terra
2632 5538 2800 5611 atque
2843 5553 2951 5594 om.
3001 5538 3071 5593 Α.

490 5551 607 5619 CD;
639 5555 683 5607 Α
725 5563 793 5608 et.

492 5639 602 5680 om.
635 5623 743 5680 CD.

906 5554 949 5586 ¹¹
982 5554 1072 5610 Sic
1094 5553 1212 5622 AC;
1245 5551 1288 5608 D
1330 5552 1619 5624 ingemiscit
1660 5561 1709 5635 et
1735 5551 1979 5624 parturit.

1999 5338 2022 5369 ⁸
2048 5335 2142 5392 Sic
2176 5334 2300 5395 CD;
2332 5330 2380 5385 Α
2407 5336 2457 5383 et
2492 5326 2807 5384 secundum.

933 5394 1329 5478 ‘WSicCDifA'
1368 5394 1533 5465 rebus
1557 5394 1735 5474 ipsis.
1780 5394 1811 5443 ‘7
1831 5408 1924 5464 Sic
1947 5406 2069 5474 CD;
2092 5406 2145 5478 _A
2180 5394 2565 5478 sapientissimo
2596 5399 2888 5478 Itumana.“
2919 5396 3020 5478 χιιι
3045 5398 3175 5478 gonm.

2902 5325 2926 5358 ³
2961 5325 3054 5381 Sic
3079 5324 3197 5390 CD;
3220 5325 3266 5378 Α
3287 5280 3598 5379 naturarum
3624 5324 3753 5377 sub-

2924 5396 3020 5448 ‘et
3052 5398 3175 5448 'om.
3222 5394 3286 5448 D.
3360 5395 3381 5426 ⁷
3412 5393 3503 5448 Sic
3551 5392 3668 5448 CD:
3704 5395 3748 5447 Α

486 5774 497 5781 ’
563 5801 591 5831 ι
619 5789 686 5843 Α.
722 5804 791 5846 aa
826 5802 997 5859 marg.
1045 5784 1225 5843 adscr.
1263 5782 1368 5842 Hic
1417 5783 1704 5860 approbare
1746 5683 2373 5838 adunatioljgrggnium
2397 5792 2501 5833 non
2529 5774 2699 5833 solum
2725 5773 3089 5847 intelligentia,
3126 5783 3216 5828 sea
3245 5782 3291 5827 et
3319 5773 3486 5842 reipsa
3506 5770 3751 5841 futuram

491 5861 691 5925 incipit.
