4064 6292
326 465 431 521 557
1162 466 1249 523 DE
1285 467 1623 526 DIVISIONE
1659 466 2010 527 NATURAE.
2048 498 2119 511 —
2150 467 2353 525 LIBER
2387 467 2770 526 SECUNDUS.
3477 471 3581 529 558

321 583 435 649 ipsa
463 589 603 645 sunt,
638 595 864 653 quorum
905 582 1012 652 ipse
1045 580 1290 637 divinitus
1316 582 1602 653 principari
1635 562 1923 637 ordinatus
1933 596 1983 655 Α
2010 599 2102 637 nec
2126 582 2513 637 masculus'nec
2536 581 2732 651 femina
2760 588 2857 647 est,
2906 581 3155 651 quamvis
3201 566 3265 637 in
3298 582 3415 652 ipso
3451 564 3593 641 sexu.

319 682 417 739 est,
448 682 633 729 contra
662 685 905 729 naturam
935 673 1106 728 volens
1126 673 1430 744 insipienter
1450 684 1525 729 est
1547 684 1754 740 motus;
1775 691 1835 729 ea
1858 674 1917 728 in

323 758 707 819 adunattonem
738 774 1100 834 separatorum
1129 764 1256 818 data
1282 763 1379 818 sibi
1406 763 1637 819 naturali
1662 765 1914 832 potentia,

322 869 415 924 per
437 857 825 923 generationem
863 855 917 909 in
963 856 1127 926 ipsam
1153 854 1557 910 adunandorum
1583 856 1751 928 magis
1783 856 1921 912 abu?

323 961 417 1001 sus
447 956 525 1001 est
555 946 953 1017 separationem.
970 943 1248 999 Novantur
1270 952 1508 1012 naturae,
1536 955 1584 1000 et
1602 945 1744 1000 Deus
1763 946 1916 1002 homo

328 1033 415 1106 ﬁt,
447 1045 504 1091 ut
528 1036 790 1092 hominem
827 1037 1087 1108 perditum
1118 1024 1317 1102 salvet;
1340 1046 1387 1091 et
1413 1037 1472 1091 in
1516 1045 1622 1091 toto
1653 1038 1953 1106 universa-O

329 1126 453 1180 liter
475 1136 695 1181 naturae
713 1143 804 1197 per
843 1128 1090 1198 seipsum,
1121 1142 1255 1197 quae
1274 1130 1476 1180 contra
1503 1136 1747 1181 naturam
1772 1137 1915 1195 sunt,

329 1217 548 1287 ﬁssuras
576 1217 890 1288 adjungens,
913 1227 961 1272 et
994 1206 1361 1272 universaliter
1393 1233 1592 1283 eorum,
1614 1233 1749 1287 quae
1789 1234 1914 1287 par-

332 1308 429 1362 tita
464 1318 606 1375 sunt,
639 1317 1081 1379 praemonstratas
1111 1307 1360 1374 rationes,
1388 1307 1575 1378 quibus
1604 1306 1719 1379 ipsa
1743 1324 1915 1379 segre-

330 1409 573 1470 gatorum
601 1399 718 1469 ﬁeri
748 1399 1007 1453 consuevit
1032 1398 1315 1460 adunatio,
1362 1399 1634 1453 ostendens
1669 1415 1917 1470 magnum

331 1491 608 1545 consilium
633 1490 843 1560 implere
873 1491 989 1557 Dei,
1012 1485 1076 1544 et
1105 1488 1285 1544 Patris
1315 1491 1370 1545 in
1411 1491 1634 1561 seipsum
1660 1493 1919 1562 recapitu-

333 1582 453 1637 lans
481 1583 682 1649 omnia,
709 1583 763 1637 id
782 1592 876 1647 est,
909 1582 1231 1653 recolligens,
1262 1600 1395 1653 quae
1433 1583 1487 1637 in
1511 1583 1657 1638 caelo
1693 1594 1837 1649 sunt,
1869 1595 1917 1638 et

332 1688 467 1743 quae
487 1673 543 1726 in
566 1681 742 1736 terra;
776 1672 830 1725 in
858 1687 958 1742 quo
980 1672 1137 1725 etiam
1176 1683 1351 1726 creata
1376 1681 1518 1726 sunt.
1546 1670 1672 1744 Ips’a
1699 1675 1874 1744 itaque
1900 1675 1915 1705 ¹

335 1760 704 1816 universaliter
732 1763 964 1817 omnium
996 1763 1065 1816 ad
1100 1763 1327 1831 seipsum
1349 1762 1692 1827 adunatione,
1726 1780 1791 1818 ex
1823 1780 1917 1818 no-

334 1864 445 1909 stra
475 1856 723 1910 inchoans
761 1856 1010 1911 divisione
1036 1865 1059 1896 ί
1083 1894 1100 1922 ,
1144 1856 1204 1924 ﬁt
1231 1856 1485 1926 perfectus
1516 1856 1690 1921 homo,
1727 1856 1791 1910 εδδ
1826 1856 1931 1911 no?

2015 674 2180 742 virili,
2206 675 2259 729 in
2288 689 2393 745 quo
2418 682 2577 730 natus
2610 681 2691 729 est
2719 688 2787 728 ex
2816 672 3045 744 virgine,
3085 682 3140 728 et
3174 674 3226 727 in
3257 688 3362 743 quo
3388 670 3597 745 passus

2015 776 2121 833 est,
2174 767 2422 837 apparuit
2459 765 2735 837 discipulis
2768 765 2882 821 suis
2938 773 3060 834 post
3110 764 3593 835 resurrectionem,

2017 856 2086 912 ad
2138 857 2560 912 conﬁrmandam
2615 851 3030 911 resurrectionis
3080 870 3208 909 suae
3239 855 3418 912 ﬁdem.
3468 856 3586 913 Non

2016 949 2161 1006 enim
2201 949 2359 1006 aliter
2397 963 2518 1005 eum
2572 954 2983 1019 cognoscerent,
3042 947 3086 1002 si
3114 958 3297 1002 notam
3345 948 3424 1003 eis
3477 947 3595 1003 for;

2016 1056 2159 1095 mam
2182 1056 2289 1097 non
2304 1039 2578 1106 viderent;
2605 1038 2839 1093 nondum
2856 1037 3119 1108 siquidem
3144 1037 3164 1068 "
3190 1036 3446 1107 Spiritum
3469 1053 3594 1093 san-

2018 1142 2161 1190 ctum
2204 1133 2434 1204 pleniter
2472 1134 2494 1167 ⁸
2533 1139 2856 1202 acceperunt
2891 1130 2936 1197 ’,
2976 1129 3066 1201 qui
3106 1145 3199 1188 eos
3251 1130 3431 1186 docuit
3472 1146 3591 1186 om-

2017 1224 2108 1279 nia
2159 1222 2361 1279 Deinde
2388 1231 2504 1295 post
2529 1222 2980 1278 resurrectionem
3008 1230 3248 1278 nostrum
3264 1220 3447 1277 orbem
3481 1231 3601 1295 ter-q

2016 1330 2202 1370 rarum
2229 1315 2477 1386 paradiso
2505 1316 2560 1369 in
2585 1314 2761 1385 seipso
2789 1313 3057 1383 copulavit
3085 1313 3149 1368 ιο.
3186 1311 3320 1367 Nam
3356 1328 3419 1368 ex
3444 1304 3603 1367 mori

2018 1404 2126 1460 tuis
2148 1404 2200 1459 in
2239 1404 2551 1475 paradisum
2576 1405 2810 1470 rediens,
2841 1404 2895 1459 in
2924 1403 3027 1459 hoc
3051 1404 3180 1459 orbe
3205 1418 3329 1458 cum
3362 1402 3596 1475 discipu-

2016 1497 2085 1552 lis
2112 1498 2222 1554 suis
2245 1506 2594 1554 conversatus
2615 1506 2717 1564 est,
2744 1497 3035 1553 ostendens
3057 1497 3463 1560 eismanifeste,
3489 1488 3603 1551 non

2019 1590 2161 1645 aliud
2198 1604 2317 1644 esse
2339 1587 2644 1657 paradisum
2666 1595 2883 1659 praeter
2909 1587 3322 1642 resurrectionis
3343 1585 3593 1657 gloriam,

2018 1696 2157 1752 quae
2180 1680 2413 1749 primum
2434 1679 2489 1733 in
2510 1693 2577 1735 eo
2590 1679 2856 1750 apparuit,
2879 1688 2933 1733 et
2957 1678 3401 1749 quam.omnibus
3426 1677 3595 1733 ﬁdeli-

2018 1774 2118 1827 bus
2154 1772 2265 1828 suis
2314 1772 2537 1826 daturus
2565 1780 2669 1837 est,
2720 1771 3058 1842 docensque,
3110 1778 3352 1825 nostrum
3406 1770 3592 1825 orbem

2020 1872 2286 1918 terrarum
2338 1861 2689 1918 differentiam
2725 1877 2756 1917 a
2785 1862 2829 1895 “
2857 1863 3109 1933 paradiso
3132 1862 3286 1931 juxta
3330 1862 3594 1918 rationem

335 1947 436 2013 bis,
462 1956 671 2018 propter
699 1964 814 2013 nos,
845 1948 1129 2002 secundum
1162 1963 1257 2001 nos
1281 1948 1456 2001 omnia
1481 1956 1659 2002 nostra
1687 1946 1918 2017 perfecta

2022 1963 2249 2009 naturae
2280 1969 2384 2008 non
2414 1954 2613 2009 habere
2642 1966 2700 2020 ll;
2728 1968 2832 2008 non
2859 1954 3002 2009 enim
3027 1961 3219 2008 natura
3244 1961 3586 2024 separantur,

335 2040 570 2104 habens;
598 2055 702 2092 non
726 2055 790 2093 ea:
814 2039 1037 2109 nuptiali
1065 2039 1432 2109 consequentia
1456 2055 1476 2102 ;
1501 2054 1593 2106 per
1622 2038 1719 2091 hoc
1750 2047 1917 2091 osten-

334 2131 481 2191 dens,
516 2140 573 2185 ut
601 2132 851 2197 arbitror,
888 2131 1148 2200 quomodo
1172 2140 1281 2184 erat
1315 2140 1363 2183 et
1395 2118 1748 2184 alius‘modus
1797 2114 1933 2199 pra--

334 2220 629 2290 pagationis
657 2221 924 2274 hominum
950 2221 1005 2274 in
1036 2219 1418 2275 multitudinem
1472 2220 1577 2274 Deo
1616 2220 1920 2290 praecogni-

336 2319 444 2375 tus,
491 2312 536 2363 si
564 2311 872 2365 mandatum
896 2310 1096 2380 primus
1127 2312 1281 2365 homo
1316 2311 1619 2376 custodiret,
1653 2312 1805 2381 inque
1830 2327 1918 2380 pe-

337 2401 676 2456 cudalitatem
720 2404 944 2472 seipsum
970 2419 1029 2457 eo
1063 2403 1235 2465 modo,
1266 2405 1353 2474 qui
1375 2412 1449 2458 est
1479 2420 1571 2473 per
1593 2403 1915 2468 abusionem,

337 2494 564 2564 propriis
608 2497 850 2566 potentiis
880 2514 985 2551 non
1031 2496 1292 2566 dejiceret,
1317 2497 1372 2551 in
1393 2498 1561 2567 ipsam
1587 2498 1870 2552 secundum
1894 2497 1917 2528 ³

339 2583 632 2638 masculum
679 2592 725 2640 et
784 2587 1032 2655 feminam
1072 2587 1421 2657 differentiam
1465 2596 1514 2643 et
1542 2588 1863 2643 divisionem
1894 2588 1917 2620 ⁸

341 2686 563 2731 naturae
603 2686 853 2732 retrusus.
900 2678 1062 2750 Cujus
1096 2689 1151 2734 ut
1195 2679 1372 2748 ﬁeret.
1420 2680 1551 2734 sicut
1578 2680 1709 2746 dixi,
1761 2681 1915 2735 homo

340 2782 445 2818 non
485 2767 696 2821 omnino
722 2767 1025 2839 indigebat,
1075 2768 1187 2822 sine
1234 2768 1420 2839 quibus
1447 2779 1620 2823 autem
1664 2787 1772 2824 esse
1807 2770 1917 2839 for-

340 2857 497 2910 tassis
521 2867 594 2911 est
607 2858 868 2928 possibile,
891 2860 1017 2914 haec
1040 2861 1097 2914 in
1123 2869 1424 2931 perpetuum
1451 2877 1553 2914 non
1583 2877 1784 2915 necesse
1804 2878 1917 2917 ma-

342 2959 494 3011 nere;
521 2946 577 3001 in
598 2945 804 3002 Christo
829 2949 965 3003 enim
990 2948 1142 3015 Iesu,
1189 2950 1355 3021 inquit
1386 2950 1589 3005 divinus
1614 2949 1916 3023 Apostolus,

344 3050 508 3106 neque
532 3037 795 3092 masculus
821 3048 895 3093 est
924 3055 1085 3110 neque
1113 3038 1328 3109 femina.

417 3127 504 3181 10.
547 3127 801 3195 Videsne,
853 3139 1110 3200 quantum
1138 3131 1416 3185 divisionis
1463 3131 1731 3186 humanae
1762 3139 1916 3186 nalu-

344 3234 439 3273 rae
465 3234 682 3275 causam
725 3222 790 3276 ad
822 3229 1102 3292 peccatum
1129 3222 1290 3292 primi
1316 3219 1915 3279 hominis'referendam

2023 2047 2115 2102 sed
2130 2042 2481 2116 qualitatibus
2501 2054 2555 2100 et
2571 2047 2612 2077 ¹²
2625 2044 3035 2115 quantitatibus,
3054 2045 3353 2114 ceterisque
3366 2044 3587 2099 varietau

2022 2138 2188 2205 tibus,
2215 2153 2354 2208 quae
2374 2146 2594 2209 propter
2617 2148 2896 2208 peccatum
2920 2136 3169 2208 generale
3198 2136 3464 2207 generalis
3490 2136 3593 2189 hu—

2020 2245 2214 2285 manae
2262 2238 2487 2291 naturae
2511 2231 2577 2284 ad
2628 2244 2854 2299 poenam
2886 2231 3019 2300 ejus,
3050 2229 3216 2285 immo
3244 2229 3406 2285 etiam
3455 2228 3505 2264 ¹³
3531 2227 3599 2282 ad

2020 2321 2412 2378 correctionem
2437 2329 2493 2376 et
2536 2322 2977 2381 exercitationem
3011 2321 3139 2376 huic
3175 2329 3355 2375 terrae
3382 2319 3594 2375 habita-

2017 2413 2111 2467 bili
2143 2413 2489 2483 superaddita
2523 2421 2648 2467 sunt
2700 2431 2713 2467 :
2744 2421 2798 2467 et
2824 2411 3079 2484 quoniam
3109 2428 3213 2467 una
3265 2418 3409 2464 terra
3429 2451 3444 2474 ,
3474 2409 3598 2463 dum

2019 2503 2086 2558 ad
2140 2504 2372 2572 seipsam
2428 2504 2799 2569 constituitur,
2856 2503 3231 2574 inseparabilis
3267 2496 3379 2567 est,”
3424 2502 3597 2572 ipsam

2018 2605 2243 2652 naturae
2276 2582 2576 2662 irationem,
2614 2597 2668 2651 in
2697 2612 2802 2667 qua
2837 2605 2943 2663 est,
2979 2595 3204 2651 liberam
3257 2593 3520 2649 divisione
3554 2594 3597 2625 “

2018 2689 2311 2745 secundum
2356 2687 2713 2744 differentiam
2744 2687 2996 2753 salvans;
3031 2702 3138 2742 non
3185 2686 3329 2742 enim
3358 2686 3497 2740 mole
3550 2685 3595 2717 "

2018 2781 2100 2836 vel
2131 2781 2321 2852 spatiis
2377 2781 2703 2836 discernitur
2750 2779 3036 2850 paradisus
3060 2778 3130 2833 ab
3158 2777 3262 2832 isto
3316 2770 3601 2831 habitabili

2018 2875 2150 2930 orbe
2181 2884 2474 2939 terrarum,
2505 2875 2597 2929 sed
2627 2874 2938 2929 diversitate
2972 2872 3420 2936 conversationis,
3453 2870 3625 2939 (haee

2017 2965 2298 3037 rentiaque
2326 2966 2691 3022 beatitudinis.
2717 2965 2851 3021 Nam
2882 2975 2936 3022 et
2970 2966 3177 3036 primus
3201 2964 3383 3030 homo,
3413 2965 3458 3020 si
3494 2980 3599 3020 non

2017 3067 2286 3128 peccaret,
2337 3057 2569 3113 feliciter
2619 3058 2675 3112 in
2721 3057 2851 3113 orbe
2884 3067 3152 3112 terrarum
3180 3056 3365 3111 vivere
3393 3066 3596 3125 posset,

2021 3152 2278 3223 quoniam
2323 3167 2431 3205 una
2476 3151 2773 3221 eademque
2828 3149 2966 3204 ratio
3000 3157 3084 3204 est
3124 3148 3179 3202 in
3219 3146 3606 3218 principalibus

2021 3244 2202 3301 causis
2224 3244 2373 3300 orbis
2401 3253 2667 3299 terrarum
2695 3250 2750 3299 et
2772 3242 3007 3313 paradisi
3032 3241 3098 3295 ³⁸.
3129 3238 3280 3307 Quod
3330 3239 3604 3310 apertissi-

342 3323 474 3405 esse
498 3309 771 3366 inculcat?
797 3310 1171 3405 Δᾲξξηεῌιιιιὶὸιω
1219 3313 1376 3380 enim,
1428 3313 1629 3383 inquit,
1657 3331 1768 3369 esse
1813 3314 1918 3383 for-
1947 3331 1990 3392 ρ
2023 3351 2108 3391 me
2139 3336 2181 3369 ιτ
2221 3335 2279 3392 in
2312 3334 2488 3405 seipse
2513 3309 2844 3390 Dominus'm
2876 3342 3059 3387 ηοειει.
3084 3339 3205 3402 post
3236 3329 3590 3386 νθδυηθειίο,

346 3401 503 3454 lassis
549 3412 623 3456 est
668 3402 910 3472 possibile
958 3402 1002 3469 ⁸,
1044 3405 1170 3458 haec
1220 3405 1275 3458 in
1326 3414 1627 3475 perpetuum
1680 3422 1783 3459 non
1836 3422 1925 3459 ne-

345 3508 485 3545 cesse
512 3509 738 3565 manere.
774 3493 853 3548 Ac
898 3494 943 3549 si
983 3504 1167 3564 aperte
1196 3494 1417 3561 diceret,
1446 3496 1719 3564 quoniam,
1752 3496 1795 3551 si
1820 3497 1919 3551 ho-
1952 3506 1956 3511 ‘

346 3601 436 3639 mo
490 3602 594 3640 non
640 3597 913 3658 peccaret,
962 3589 1164 3659 absque
1213 3590 1477 3645 divisione
1516 3606 1646 3647 suae
1698 3603 1923 3648 naturae

344 3694 663 3749 permanere
716 3691 948 3752 poterat.
1009 3682 1126 3738 Non
1161 3685 1305 3738 enim
1357 3686 1487 3747 hoc,
1520 3685 1569 3741 ei
1610 3698 1677 3740 ex
1732 3695 1924 3740 natura

343 3779 601 3845 accessit,
658 3781 752 3837 sed
778 3797 846 3837 ex
896 3781 1094 3838 delicto
1138 3782 1384 3852 contigit.
1425 3782 1573 3850 Quae
1624 3783 1790 3853 igitur
1828 3798 1922 3838 ne-

344 3873 576 3928 cessitas
629 3874 790 3947 cogit,
821 3882 877 3929 ut
905 3883 1028 3945 post
1055 3876 1435 3930 adunationem
1472 3885 1697 3930 naturae
1728 3876 1780 3929 in
1811 3875 1925 3945 pri-

347 3971 543 4027 stinam
579 3971 660 4026 sui
698 3971 1014 4042 dignitatem
1071 3972 1161 4027 illa
1215 3971 1409 4027 divisio
1440 3970 1802 4041 permaneat?
1850 3969 1923 4025 Ut

346 4063 492 4118 cnim
546 4071 671 4118 ante
723 4072 1003 4133 peccatum
1040 4064 1217 4135 potuit
1262 4079 1326 4119 ea
1374 4079 1582 4129 carere,
1615 4063 1688 4118 ita
1723 4062 1924 4134 poterit

345 4164 471 4225 post
494 4152 631 4222 ejus
660 4155 1168 4229 redintegrationcm
1199 4157 1542 4233 aeternaliter
1582 4170 1919 4228 permanere.

349 4244 455 4300 Sed
486 4262 553 4302 ne
577 4262 675 4317 per
699 4247 908 4320 singula
956 4249 1125 4319 ipsius
1163 4265 1457 4321 persequar
1485 4250 1507 4282 ⁸
1536 4266 1834 4316 sermones,
1867 4248 1919 4304 in

347 4335 544 4407 quibus
560 4334 899 4409 apertissime
914 4340 1105 4396 edocet
1126 4342 1507 4397 adunationem
1532 4343 1697 4396 totius
1713 4348 1925 4397 creatu-
1959 4358 1964 4363 ε

348 4444 465 4495 rae,
491 4445 628 4499 quae
654 4431 707 4485 in
736 4431 910 4500 primo
932 4431 1150 4488 homine
1177 4432 1348 4499 fieret,
1371 4433 1416 4489 si
1444 4428 1557 4489 non.
1571 4441 1844 4504 peccaret,
1868 4431 1922 4487 in
1960 4470 1965 4476 .

349 4520 566 4577 Christo
613 4533 925 4595 resurgente
960 4535 1084 4580 ante
1138 4542 1326 4583 omnes
1349 4542 1447 4597 per
1470 4527 1649 4583 omnia
1698 4525 1918 4591 factam,

349 4628 521 4683 pauca
549 4615 614 4670 de
640 4616 881 4686 pluribus
908 4619 1208 4687 praesentis
1237 4618 1615 4689 disputationis
1644 4618 1816 4690 gratia
1841 4618 1920 4672 in.

2024 3442 2147 3483 nem
2180 3425 2576 3492 manifestavit;
2629 3425 2789 3480 simul
2834 3423 2977 3480 enim
3006 3433 3061 3478 ct
3092 3424 3145 3479 in
3181 3422 3434 3494 paradiso
3461 3432 3602 3487 erat,

2024 3519 2161 3575 etin
2210 3519 2313 3575 hac
2342 3526 2488 3574 terra
2518 3524 2571 3573 et
2611 3532 2736 3573 cum
2791 3514 3063 3587 discipulis
3109 3516 3224 3571 suis
3266 3516 3307 3549 ¹⁹
3359 3508 3629 3569 moratus

2023 3608 2129 3667 est.

2095 3703 2182 3757 ll.
2215 3702 2330 3759 Non
2365 3703 2510 3759 enim
2540 3701 2866 3759 credendum
2894 3698 3003 3767 est,
3022 3699 3241 3755 aliunde
3285 3699 3500 3755 venisse
3534 3697 3605 3753 lo-

2025 3794 2231 3858 caliter,
2265 3805 2325 3850 ut
2360 3797 2473 3851 suis
2500 3784 2785 3864 discipulis
2805 3797 3111 3865 appareret,
3141 3800 3195 3847 et
3231 3790 3488 3847 aliorsum
3515 3804 3603 3844 re-

2024 3887 2271 3951 cessisse,
2306 3886 2520 3956 quando
2568 3885 2616 3917 "
2664 3901 2773 3940 non
2802 3885 3115 3955 apparebat,
3143 3883 3233 3954 qui
3275 3890 3400 3954 post
3422 3896 3604 3936 resur-

2024 3976 2321 4031 rectionem
2378 3982 2626 4029 naturam
2683 3972 2924 4029 locorum
2960 3988 3025 4028 ac
3073 3973 3116 4007 ²¹
3161 3980 3462 4039 temporum
3496 3984 3608 4023 non

2024 4062 2196 4120 solum
2249 4056 2549 4127 divinitate,
2604 4076 2793 4117 verum
2849 4061 3010 4116 etiam
3039 4059 3377 4115 humanitate
3427 4056 3605 4113 fuerat

2026 4168 2425 4224 supergressus.
2450 4152 2761 4223 Spiritualia
2779 4151 3045 4222 siquidem
3071 4165 3297 4221 corpora
3319 4149 3440 4204 loco
3469 4156 3609 4203 temo

2023 4260 2222 4317 poreve
2250 4246 2298 4278 "
2327 4238 2562 4300 coartari
2609 4258 2714 4299 non
2765 4241 2922 4298 facile
2950 4239 3294 4306 crediderim,
3341 4236 3606 4311 quemad-

2024 4340 2469 4410 niodum‘neque
2520 4337 2905 4410 qualitatibus,
2958 4332 3462 4407 quantitatibusve,‘
3509 4345 3605 4386 seu

2024 4430 2252 4501 alicujus
2278 4430 2483 4487 formae
2518 4429 2969 4499 descriptionibus
3007 4427 3241 4492 variari;
3267 4422 3608 4496 simplicissi-

2025 4540 2147 4581 mae
2197 4525 2343 4581 enim
2397 4532 2623 4579 naturae
2651 4531 2801 4578 sunt.
2833 4521 2986 4589 Quod
3018 4519 3254 4575 maxime
3291 4522 3609 4587 argumento

2024 4616 2145 4687 puri
2180 4615 2322 4686 ignis
2370 4614 2660 4684 colligitur,
2693 4612 2807 4682 qui,
2837 4611 2962 4666 dum
2992 4624 3089 4680 per
3111 4609 3292 4664 omnia
3338 4605 3609 4663 sensibilis

351 4706 651 4762 troducam.
683 4707 864 4764 Primo
892 4710 1056 4779 igitur
1084 4710 1367 4767 Dominum
1391 4708 1573 4765 Jesum
1604 4710 1919 4765 divisionem
1950 4700 2001 4758 D
2028 4707 2211 4763 mundi
2237 4721 2464 4777 corpora
2493 4704 2824 4768 dilfunditur,
2856 4711 3037 4758 tantae
3064 4700 3376 4757 subtilitatis
3412 4708 3515 4765 est,
3547 4708 3608 4753 ut

348 4805 597 4863 naturae,
653 4798 705 4853 id
759 4808 859 4866 est,
915 4800 1212 4855 masculum
1252 4810 1308 4856 et
1357 4800 1610 4855 feminam
1640 4802 1695 4855 in
1744 4801 1922 4870 seipso

350 4887 617 4944 adunasse
640 4890 827 4947 edocet
850 4907 866 4956 ;
893 4906 997 4947 non
1025 4892 1169 4947 enim
1195 4893 1250 4946 in
1279 4907 1408 4948 sexu
1434 4907 1717 4963 corporeo,
1747 4893 1839 4947 sed
1868 4891 1923 4945 in

350 4974 572 5036 homine
607 4989 812 5037 tantum
870 4984 1106 5040 surrexit
1147 5000 1214 5040 ex
1243 4984 1493 5053 mortuis,
1520 4985 1579 5040 in
1634 4985 1745 5054 ipso
1780 4982 1923 5037 enim

2031 4799 2176 4855 nullo
2207 4799 2324 4854 loco
2345 4798 2672 4862 detineatur,
2696 4804 2751 4850 et
2771 4803 2945 4850 tamen
2985 4796 3039 4847 in
3062 4792 3313 4848 omnibus
3340 4791 3611 4863 operatio-

2030 4904 2154 4945 nem
2177 4903 2328 4943 suam
2352 4885 2699 4942 manifestare
2724 4883 3072 4955 dignoscitur.
3122 4880 3228 4938 Sed
3250 4897 3358 4937 uno
3392 4881 3610 4937 eodem-
3639 4877 3641 4879 ’

2033 4995 2139 5049 que
2195 4987 2459 5051 tempore,
2496 4970 2609 5032 uno”
2631 4977 2931 5046 eodemque
2974 4974 3097 5031 loCo
3125 4974 3193 5030 ad
3219 4983 3431 5057 tempus
3460 4972 3540 5027 eis
3560 4971 3608 5003 "

1629 5116 1884 5173 VARIAE
1919 5113 2319 5173 LECTIONES.

389 5326 402 5338 .
432 5257 448 5288 ⁸
495 5254 587 5311 Sic
794 5257 868 5338 §_
888 5274 1127 5338 namque.

354 5341 519 5379 stone.

354 5393 401 5447 D
454 5395 689 5469 nandum
731 5399 881 5469 enim
905 5393 1198 5469 siquidem.

352 5480 464 5520 om.
491 5465 553 5520 C.
645 5468 687 5498 ¹²
723 5466 815 5522 Sic
859 5465 995 5534 AD;
1015 5478 1060 5522 et
1084 5485 1192 5523 om.
1220 5468 1286 5523 A.

354 5535 496 5609 mole
518 5535 619 5591 vel.
705 5538 759 5609 “7
775 5537 864 5592 Sic
888 5537 995 5604 CD;
1038 5539 1081 5592 A
1108 5539 1373 5609 paradiso.

354 5604 433 5671 C;
462 5605 505 5660 A
528 5624 707 5676 quum,
738 5608 781 5662 D
811 5610 1075 5679 quoniam.

622 5327 644 5358 ⁵
671 5327 761 5382 Sic
789 5328 876 5411 ᾳι)
902 5346 916 5394 ;
1022 5326 1292 5411 fortassis
1329 5338 1403 5409 est
1440 5326 1681 5397 possibile
1702 5344 1831 5381 esse.

622 5413 689 5450 Im
735 5414 871 5452 enim
925 5401 1198 5452 naualem.
1295 5397 1317 5428 "
1348 5396 1439 5452 διο
1465 5396 1583 5452 CD:
1612 5397 1656 5450 A
1682 5394 1831 5452 plena

1392 5415 1439 5453 lC
1465 5414 1583 5462 ιιυ;
1612 5414 1656 5450 Λ
1682 5414 1911 5467 plenum.

1238 5258 1260 5291 '
1296 5256 1386 5314 Sic
1431 5257 1551 5323 CD;
1610 5256 1657 5311 Λ
1713 5256 2018 5312 diversione.
2133 5256 2154 5286 '
2190 5256 2233 5309 Δ
2271 5256 2444 5323 ipsam
2492 5260 2539 5306 et
2588 5266 2723 5307 seem

1238 5329 1292 5382 :is
1329 5338 1403 5382 est
1440 5326 1681 5394 possibile
1702 5344 1831 5381 esse.
1936 5325 1958 5357 ⁸
1982 5324 2073 5380 Sic
2097 5324 2222 5391 CD;
2259 5323 2300 5394 Α
2332 5339 2723 5394 persequamur.

1382 5393 1448 5453 uic'
1465 5396 1583 5462 CD;
1612 5397 1656 5450 A
1682 5394 1911 5467 plenum.
2007 5395 2028 5426 ’
2056 5394 2145 5451 Sic
2179 5393 2361 5450 ACO.-

1382 5468 1427 5501 "
1455 5468 1546 5522 Sic
1590 5468 1720 5522 AD:
1753 5469 1909 5521 etiam
1939 5482 2046 5522 om.
2078 5468 2142 5521 A.
2224 5465 2265 5496 “
2291 5464 2361 5518 Sit

1469 5485 1546 5523 DIC
1590 5485 1720 5529 nu;
1753 5485 1909 5521 etiam
1939 5485 2046 5522 om.
2078 5485 2142 5521 Α.
2227 5485 2265 5496 ι’
2292 5485 2381 5519 alc
2409 5485 2469 5529 ω
2511 5485 2603 5518 au
2643 5485 2967 5516 αιυιδιυηεηι.
3067 5485 3107 5491 -ν
3161 5485 3250 5514 ou;
3274 5485 3392 5523 υυ,
3432 5485 3477 5508 n.
3536 5485 3608 5506 m

1469 5538 1510 5569 ¹⁷
1537 5538 1629 5593 Sic
1654 5537 1773 5602 CD;
1800 5538 1845 5592 A
1868 5539 2153 5605 aptissime.
2230 5537 2275 5567 "‘
2302 5535 2392 5589 Sic
2421 5535 2541 5601 CD;
2570 5532 2819 5613 βρέτει.
2895 5531 2936 5611 ξθ
2964 5531 3073 5583 suis
3098 5545 3206 5613 (nn.
3249 5526 3362 5582 AD.
3439 5524 3485 5556 ²⁰
3516 5521 3608 5611 Sic

1187 5610 1328 5665 “Sic
1356 5608 1474 5672 CD;
1500 5609 1545 5662 Α
1573 5618 1639 5663 et.
1712 5599 1869 5664 "Sic
1895 5599 2010 5672 CD;
2054 5608 2100 5661 A
2146 5617 2489 5678 temporeque.
2530 5599 2534 5601 ’
2567 5602 2612 5635 ³³
2640 5602 2732 5658 Sic
2752 5602 2833 5669 C;
2867 5600 2941 5657 eis
2966 5615 3076 5655 om.
3102 5599 3214 5654 AD.

2133 5252 2233 5326 fA
2271 5252 2444 5326 ipsam
2492 5260 2539 5306 et
2588 5251 2929 5326 secundan
2997 5249 3036 5326 ‘f
3076 5249 3167 5326 Sic
3212 5247 3329 5326 CD_;
3378 5243 3424 5300 Α
3469 5239 3603 5326 divi-

2823 5323 2844 5354 "
2875 5320 2966 5376 Sic
2988 5321 3029 5377 C
3052 5337 3068 5387 ;
3095 5320 3140 5374 A
3168 5319 3403 5374 nondum
3429 5319 3565 5387 enim
3588 5329 3607 5378 ;

2443 5385 2600 5447 “'Sic
2623 5391 2709 5447 CD
2754 5409 2768 5458 ;
2798 5392 2838 5446 A
2872 5385 3140 5461 colligant.
3166 5386 3385 5461 μηξο
3414 5385 3537 5461 AD;
3577 5401 3609 5461 a-

2224 5465 2265 5496 ιι
2291 5464 2381 5519 Sic
2409 5463 2469 5529 c;
2511 5463 2603 5518 AD
2643 5451 2967 5516 divisionem.
2998 5451 3025 5461 ν
3066 5460 3108 5491 ιε
3159 5458 3250 5514 Sic
3274 5457 3392 5529 QD;
3432 5456 3481 5529 et
3519 5451 3610 5529 re!

1873 5720 2108 5778 NOTAE

431 5826 453 5853 ιι
480 5812 599 5885 Cad
628 5827 799 5885 marg.
834 5814 1008 5869 adscr.
1043 5829 1057 5867 :
1091 5812 1191 5869 Hic
1213 5813 1370 5867 datur
1392 5811 1628 5882 intelligi,
1655 5810 1802 5866 aliud
1830 5827 1937 5866 esse

358 5884 665 5939 paradisum
700 5895 902 5941 praeter
927 5886 1212 5940 humanam
1252 5893 1495 5940 naturam
1523 5893 1642 5939 ante
1672 5894 1936 5938 peccatum

2044 5823 2092 5867 et
2115 5814 2423 5883 condignam
2449 5809 2549 5866 sibi
2574 5803 2886 5875 sensibilem,
2918 5804 2965 5861 si
2996 5821 3098 5862 non
3119 5810 3374 5875 peccaret,
3400 5809 3608 5857 creata-

2000 5884 2005 5889 ’
2043 5899 2174 5938 ram.

3168 6021 3203 6031 ,ρι-
