4064 6292
436 393 543 451 5'59

1811 383 1927 451 JOA
1935 383 2092 443 NNIS
2131 383 2326 442 SCOTI

3586 377 3691 432 5ιο

438 504 731 579 apparebat
760 520 816 565 in
843 519 921 562 ea.
947 504 1136 571 forma,
1163 509 1220 561 in
1265 518 1370 574 qua
1395 516 1582 577 passus
1617 502 1813 569 fuerat,
1843 509 1905 558 ut
1939 501 2003 559 li-
2027 500 2085 565 Α
2106 499 2163 555 in
2186 498 2355 555 Deum
2383 504 2443 553 et
2460 496 2515 552 in
2540 493 2915 566 primordiales
2940 508 3135 553 causas
3178 508 3313 553 suas
3336 498 3379 565 ’,
3411 495 3465 551 in
3497 496 3693 566 quibus

435 594 555 650 dem
588 593 800 659 illorum
830 596 1081 663 nutriret,
1133 595 1306 653 donec
1335 605 1496 651 verae
1526 591 1855 664 cognitionis
1902 593 2017 648 vir-7

437 693 602 740 tutem
648 686 689 752 ί,
742 701 846 758 qua
877 686 1216 759 postmodum
1272 682 1479 757 perfusi
1506 685 1528 717 ¹
1556 693 1703 751 sunt,
1743 682 2013 739 illumina-

435 786 643 835 rcutur.
673 777 741 833 Et
762 787 980 853 peracto
999 784 1407 837 momentaneae
1436 775 1792 849 apparitionis
1813 775 2009 847 spatio,

438 884 561 927 mox
619 864 673 923 in
704 868 725 900 ³
766 867 1181 950 intellectualem
1238 866 1669 939 invisibilemque
1716 865 2019 938 spiritualis

437 959 681 1031 corporis
724 960 970 1037 ἀορασίᾳν
990 998 1006 1026 ,
1037 959 1091 1015 id
1140 968 1223 1016 est
1251 956 1701 1041 iuvisibiiitatcm,
1732 972 1871 1028 quae
1896 970 2012 1011 om-

436 1066 503 1104 ne
526 1060 784 1121 itempus,
813 1058 874 1103 ut
900 1051 1286 1121 praediximus,
1336 1063 1661 1119 omnemque
1710 1044 1889 1101 locum
1919 1061 2009 1103 su-

435 1147 613 1211 pcrat,
665 1137 876 1195 redibat
908 1157 921 1193 :
953 1139 1037 1193 vel
1064 1142 1205 1212 quod
1270 1141 1587 1201 credibilius
1615 1152 1735 1195 esse
1776 1138 2014 1206 videtur,

438 1231 585 1288 nullo
619 1232 779 1288 modo
824 1246 891 1289 ex
916 1234 1325 1291 resurrectionis
1361 1234 1531 1307 gloria
1582 1233 1725 1299 loco,
1767 1231 1853 1288 vel
1880 1240 2015 1289 tem-

437 1336 590 1394 pore,
629 1320 714 1377 vel
739 1320 1061 1394 quantitate,
1088 1321 1412 1394 qualitateve
1426 1323 1703 1391 recedens,
1731 1322 1817 1385 his
1839 1321 2011 1393 siqui-

439 1414 561 1469 dem
589 1413 840 1473 omnibus
876 1411 1175 1485 spiritualia
1208 1427 1436 1485 corpora
1466 1428 1676 1481 carere.
1703 1427 1867 1471 nemo
1920 1412 2034 1485 qui

443 1503 651 1559 dubitat
667 1501 707 1573 ⁸,
738 1503 876 1559 inea
904 1501 1097 1571 forma,
1122 1519 1228 1575 qua
1250 1504 1451 1568 mundo
1462 1504 1713 1579 apparuit
1732 1504 1785 1563 in
1812 1503 2014 1560 mundo

436 1596 647 1661 vivens,
676 1611 775 1671 pro
800 1594 983 1653 mttndi
1024 1595 1197 1652 salute
1225 1606 1348 1668 post
1373 1594 1826 1657 resurrccﬁonem
1854 1594 2014 1652 disci-

438 1686 581 1759 pulis
600 1688 714 1743 suis
743 1688 982 1761 seipsum
1023 1686 1430 1747 manifestabat.
1459 1687 1577 1745 Non
1603 1689 1747 1747 enim
1779 1690 2015 1750 humana

438 1778 779 1834 ratiocinatio
823 1778 1119 1851 praevalet,
1172 1778 1265 1837 ubi
1305 1780 1487 1839 divina
1526 1782 1766 1854 potentia
1813 1783 2015 1840 solum-

2110 591 2433 653 naturaliter
2454 588 2719 656 subsistit,
2750 588 3005 644 reditum.

2128 754 2131 759 S
2180 682 2265 738 12.
2299 680 2534 747 Etenim,
2564 689 2624 735 ut
2644 680 2780 734 ratio
2806 679 3000 735 edocet
3025 678 3093 744 ιθ,
3127 676 3358 735 mundus
3388 678 3489 734 iste
3517 679 3574 733 iu
3598 695 3693 734 va-

2110 774 2220 831 rias
2254 772 2642 843 sensibilesque
2670 771 2891 841 species,
2922 771 3273 839 diversasque
3307 770 3545 840 partium
3574 786 3695 826 sua-

2111 880 2232 924 rum
2257 861 2684 934 multiplicitates
2718 878 2823 918 non
2869 870 3197 930 erumperet,
3242 861 3287 915 si
3336 860 3478 917 Dcus
3510 875 3696 917 casum

2111 964 2168 1019 et
2194 955 2472 1011 interitum
2512 953 2673 1025 primi
2717 952 2974 1017 hominis,
3004 953 3268 1011 unitatem
3309 967 3438 1009 suae
3468 960 3698 1008 naturae

2111 1045 2433 1123 deserentis,
2474 1060 2580 1101 non
2626 1043 2989 1115 praevideret,
3020 1051 3080 1098 ut
3104 1043 3294 1101 saltem
3335 1051 3456 1112 post
3483 1043 3695 1099 ruinam

2111 1152 2267 1197 suam
2296 1137 2364 1192 de
2388 1136 2759 1206 spiritualibus
2800 1134 2867 1190 ad
2911 1135 3232 1205 corporalia,
3260 1135 3329 1191 de
3359 1136 3601 1193 aeternis
3626 1136 3695 1191 ad

2111 1218 2454 1299 temporalia,
2487 1227 2557 1281 de
2588 1224 3087 1296 incorruptibilihus
3113 1227 3180 1282 ad
3207 1227 3430 1291 caduca,
3459 1227 3529 1281 de
3551 1241 3700 1281 sunt-

2113 1319 2217 1376 mis
2243 1319 2311 1377 ad
2336 1319 2467 1385 ima,
2493 1334 2524 1374 a
2554 1317 2823 1389 spirituali
2848 1318 3069 1379 homine
3098 1318 3153 1375 in
3179 1318 3488 1384 animalem,
3514 1334 3544 1372 a
3562 1319 3696 1372 sim-

2111 1412 2239 1483 plici
2293 1421 2486 1471 natura
2537 1412 2607 1467 ad
2654 1425 2882 1469 sexuum
2932 1410 3277 1477 divisionem,
3334 1426 3401 1466 ex
3454 1411 3698 1483 angelica

2113 1502 2373 1575 dignitate
2414 1512 2471 1561 et
2495 1501 2943 1574 multiplicatione
2970 1502 3041 1559 ad
3079 1503 3391 1573 pecorinam
3419 1511 3701 1559 contume-

2114 1592 2413 1663 liosamque
2439 1592 2953 1664 corruptibilemque
2975 1594 3272 1651 secundum
3308 1608 3508 1662 corpus
3536 1605 3702 1664 gene-

2112 1671 2400 1750 rationem,
2445 1698 2601 1739 suum
2648 1682 3010 1739 miserabilem
3058 1682 3334 1739 interitum
3378 1682 3472 1737 tali
3523 1696 3700 1752 poena

2116 1775 2422 1835 admonitus
2456 1783 2828 1848 cognosceret,
2855 1783 2912 1833 et
2944 1775 3013 1835 ad
3043 1790 3175 1833 suae
3207 1774 3486 1847 dignitatis
3516 1775 3704 1845 pristi-

436 1871 596 1925 modo
624 1870 808 1943 pollet.
854 1869 989 1937 Nam
1036 1871 1181 1943 quod
1227 1871 1344 1947 ipse
1372 1874 1448 1929 ait
1494 1891 1507 1928 :
1553 1872 1688 1930 Ecce
1714 1890 1807 1949 ego
1839 1873 2009 1932 uobis-

2115 1882 2244 1923 num
2273 1874 2474 1924 statum
2516 1866 2863 1939 paenitendo,
2908 1867 3323 1936 superbiamque
3350 1882 3507 1922 suam
3530 1865 3701 1936 depo-

436 1976 553 2015 cum
587 1978 704 2016 sum
742 1963 978 2017 omnibus
1007 1962 1190 2020 diebus
1216 1981 1376 2037 usque
1418 1964 1488 2021 ad
1517 1966 2014 2023 consummationem

435 2052 618 2120 seculi,
645 2054 775 2113 satis
796 2070 859 2111 ac
883 2054 1039 2129 plane
1060 2055 1283 2122 indicat,
1308 2056 1482 2127 ipsum
1505 2071 1610 2113 non
1631 2057 1803 2117 solum
1823 2072 2013 2115 secun-

436 2143 567 2201 dum
587 2143 826 2208 verbum,
861 2160 968 2217 quo
993 2146 1176 2203 omnia
1208 2146 1416 2219 implet,
1444 2155 1501 2203 et
1522 2132 1682 2219 super
1702 2149 1886 2205 omnia
1907 2159 2015 2217 est,

436 2246 625 2291 verum
661 2233 824 2289 etiam
858 2234 1151 2299 secundum
1182 2250 1421 2305 carnem,
1455 2250 1615 2307 quam
1658 2238 1713 2293 in
1752 2238 2013 2297 unitatem

437 2337 568 2379 suae
595 2320 929 2379 substantiae
950 2322 1033 2379 vel
1064 2340 1326 2397 personae
1349 2319 1579 2399 acccpit,
1599 2336 1655 2383 et
1674 2342 1739 2383 ex
1787 2328 2016 2386 mortuis

438 2411 741 2483 suscitavit,
759 2420 813 2467 et
832 2412 886 2467 in
910 2411 1075 2468 Deum
1094 2416 1489 2483 trausmutavit,
1514 2431 1726 2489 semper
1744 2425 1799 2474 et
1819 2418 2017 2488 ubique

437 2515 577 2567 esse,
607 2515 714 2557 non
753 2509 929 2559 tamen
953 2493 1195 2560 localiter
1222 2519 1318 2561 seu
1356 2505 1739 2577 temporaliter,
1780 2522 1882 2563 nec
1908 2508 2015 2564 ullo

438 2594 598 2659 modo
625 2594 1113 2671 circumscriptum.
1147 2596 1378 2655 Mirabili
1399 2598 1663 2671 siquidem
1683 2608 1738 2658 et
1759 2599 2017 2661 ineii‘abili

439 2689 598 2746 modo
649 2697 703 2746 et
756 2705 915 2766 super
958 2707 1148 2748 omnes
1176 2692 1436 2757 caelestes
1480 2694 1763 2763 essentias,
1811 2704 1867 2751 et
1892 2709 2015 2751 cum

437 2781 596 2843 Patre
623 2795 707 2841 est
734 2787 1026 2842 secundum
1051 2787 1462 2857 humanitatem,
1490 2803 1627 2861 quae
1653 2788 1830 2849 Verbo
1841 2787 2017 2845 Patris

441 2876 673 2938 adunata
703 2886 803 2943 est,
844 2886 898 2937 et
925 2879 1067 2937 Deus
1094 2890 1198 2948 est,
1228 2888 1283 2937 et
1318 2880 1514 2952 ubique
1548 2881 1688 2953 regit
1732 2880 2015 2949 mundum,

440 2979 495 3026 et
523 2971 866 3043 diligentibus
911 2986 992 3041 se,
1039 2973 1153 3030 sive
1199 2973 1562 3040 invisibiliter,
1594 2974 1708 3031 sive
1736 2974 2017 3033 visibiliter

441 3073 691 3137 apparet,
731 3066 937 3122 caelum
968 3082 1075 3127 non
1126 3067 1328 3125 deserit
1367 3076 1422 3125 et
1448 3069 1707 3127 mundum
1746 3070 1903 3143 regit,
1948 3070 2017 3126 ad

440 3156 683 3213 dextram
713 3156 887 3225 Patris
924 3159 1093 3227 sedet,
1128 3159 1182 3217 in
1220 3160 1443 3219 summis
1470 3161 1648 3217 omnia
1685 3161 2015 3230 gubernans,

2115 1958 2316 2025 uendo,
2346 1958 2663 2030 divinaeque
2707 1958 2874 2027 leges,
2918 1973 3055 2029 quas
3102 1967 3473 2029 transgressus
3498 1958 3698 2025 fuerat,

2115 2050 2387 2124 implendo
2406 2052 2583 2109 redire
2597 2052 2916 2124 postularet.
2940 2051 3059 2109 Non
3076 2052 3221 2110 enim
3244 2053 3570 2108 credendum
3592 2060 3698 2118 est,

2115 2141 2507 2201 divinissimam
2527 2143 2821 2203 conditoris
2839 2141 3179 2199 clementiam
3196 2149 3510 2211 peccantem
3525 2142 3701 2197 homi-

2115 2247 2239 2289 nem
2263 2232 2320 2289 in
2352 2232 2498 2291 hunc
2522 2232 2785 2293 mundum
2809 2232 3096 2291 remisisse
3123 2231 3279 2305 quasi
3301 2231 3534 2303 quadam
3562 2231 3701 2286 indi-

2115 2325 2371 2396 gnatione
2395 2333 2724 2385 commotam
2751 2326 2816 2391 “,
2847 2334 2940 2385 aut
2958 2324 3191 2395 quodam
3211 2323 3517 2380 vindicandi
3549 2330 3702 2379 motu

2115 2401 2365 2489 cupidam
2387 2417 2469 2485 u;
2512 2417 2601 2473 his
2642 2416 2788 2473 enim
2816 2416 3186 2473 accidentibus
3213 2416 3451 2473 divinam
3488 2416 3703 2473 bonita-

2115 2514 2227 2562 tem
2268 2521 2457 2567 carere
2510 2522 2637 2564 vera
2686 2507 2827 2565 ratio
2865 2507 3096 2564 indicat:
3141 2508 3237 2564 sed
3279 2507 3443 2563 modo
3461 2509 3699 2579 quodam

2116 2597 2403 2656 inell‘abilis
2452 2598 3437 2670 doctﬁnae'incomprehensibilisque
3483 2597 3701 2653 miseri-

2116 2692 2353 2759 cordiae,
2383 2699 2444 2749 ut
2483 2693 2665 2756 homo,
2697 2691 2793 2762 qui
2830 2690 3035 2749 liberae
3058 2690 3351 2749 voluntatis
3375 2689 3604 2746 arbitrio
3643 2691 3702 2745 in

2116 2800 2247 2842 suae
2273 2794 2499 2842 naturae
2526 2785 2789 2857 dignitate
2818 2800 2878 2841 se
2914 2785 3187 2842 custodire
3214 2783 3482 2850 noluerat,
3513 2782 3703 2838 condi-

2117 2877 2253 2932 toris
2296 2877 2380 2933 sui
2404 2877 2639 2948 gratiam
2667 2877 2782 2934 suis
2806 2876 2998 2949 poenis
3033 2876 3278 2933 eruditus
3302 2883 3608 2946 quaereret,
3647 2883 3703 2929 et

2115 2983 2214 3050 per
2235 2983 2353 3024 eam
2396 2968 2594 3025 divinis
2632 2969 2938 3039 praeceptis
2961 2967 3236 3034 obediens,
3266 2981 3405 3037 quae
3432 2966 3588 3036 prius
3611 2980 3705 3020 su-

2115 3061 2410 3130 perbiendo
2454 3062 2786 3133 neglexerat,
2840 3062 2910 3118 ad
2959 3076 3116 3118 suum
3167 3061 3455 3132 pristinum
3499 3067 3698 3115 statum

2119 3158 2309 3209 cautus
2361 3153 2723 3224 providusque
2745 3152 2791 3185 ³³
2836 3152 3097 3224 pristinae
3151 3166 3283 3207 suae
3343 3150 3703 3223 negligentiae

439 3244 707 3302 humanae
742 3253 968 3303 naturae
1004 3246 1235 3304 salutem
1262 3249 1317 3304 in
1358 3248 1481 3304 imis
1509 3249 1845 3315 ministrans.
1894 3248 2010 3309 Noli
2038 3233 2083 3297 C
2113 3248 2434 3319 superbique
2461 3262 2619 3304 casus
2640 3245 2857 3304 humilis
2883 3254 3048 3317 atque
3063 3259 3273 3303 memor
3302 3244 3524 3308 rediret,
3555 3241 3703 3297 unde

441 3351 570 3409 ergo
606 3338 660 3392 in
689 3337 809 3395 loco
838 3338 1036 3411 lingere
1061 3338 1262 3397 Christi
1284 3341 1693 3410 humanitatem,
1730 3357 1867 3419 quae
1894 3351 2017 3413 post

440 3428 895 3493 resurrectionem
929 3429 1187 3485 translata
1218 3438 1303 3484 est
1340 3429 1394 3485 in
1433 3430 1786 3497 divinitatem.
1814 3429 2015 3489 Divini-

447 3524 527 3573 tas
558 3517 763 3573 Christi
797 3519 850 3574 in
876 3518 994 3575 loco
1022 3535 1128 3576 non
1156 3527 1266 3586 est;
1297 3521 1458 3593 igitur
1486 3536 1663 3593 neque
1686 3522 1803 3593 ejus
1829 3523 2016 3577 huma-

443 3610 604 3664 nitas.
637 3608 838 3666 Eodem
866 3613 1024 3668 modo
1058 3626 1185 3679 sane
1226 3612 1463 3686 intelligo
1486 3613 1509 3646 ⁸
1541 3614 1607 3677 de
1660 3623 1917 3687 tempore,
1952 3615 2016 3672 de

442 3698 728 3768 qualitate,
772 3700 837 3757 de
877 3700 1176 3773 quantitate
1199 3701 1239 3768 ⁸,
1294 3703 1360 3758 de
1384 3701 1558 3760 forma
1586 3704 2012 3776 circumscripta.

444 3788 539 3846 liis
569 3790 712 3845 enim
743 3791 992 3849 omnibus
1035 3802 1145 3849 tota
1188 3792 1385 3850 Christi
1414 3794 1739 3864 humanitas,
1784 3797 1887 3853 hoc
1914 3806 2015 3863 est,

444 3895 640 3952 corpus
664 3888 719 3937 et
745 3882 923 3937 anima
963 3891 1019 3943 et
1046 3883 1350 3940 intellectus
1371 3899 1557 3945 carere
1580 3886 1821 3958 piissime
1844 3887 2017 3943 credi-

466 3991 531 4039 ur
588 3975 977 4048 purissimaque
1037 3977 1353 4051 intelligitur
1426 3989 1550 4055 post
1603 3981 2017 4038 resurrectionis

444 4065 704 4135 palmam;
743 4076 799 4123 et
844 4069 911 4122 ad
954 4069 1197 4125 eamdem
1230 4069 1455 4143 gloriam
1498 4071 1701 4129 electos
1727 4088 1856 4129 suos
1895 4083 2018 4144 post

444 4158 761 4217 catholicam
787 4152 1230 4219 resurrectionem
1261 4165 1538 4231 ducturus,
1577 4165 1715 4237 qui"
1747 4182 1912 4223 unum
1963 4167 2020 4221 in

445 4263 509 4305 eo
538 4259 591 4307 et
619 4266 740 4327 cum
760 4266 824 4308 eo
849 4250 1013 4308 futuri
1039 4262 1183 4309 sunt.
1215 4253 1460 4311 Christus
1488 4255 1650 4327 igitur
1690 4266 1746 4315 et
1776 4258 1828 4317 in
1862 4272 2020 4331 para-

447 4341 563 4396 diso
589 4350 709 4398 erat
733 4341 893 4397 simul
917 4351 973 4398 et
1015 4344 1068 4397 in
1099 4344 1317 4411 mundo,
1345 4346 1636 4402 ostendens
1676 4355 1730 4402 et
1755 4348 1940 4409 mundi
1967 4357 2025 4405 et

2115 3338 2312 3394 iterum
2342 3339 2515 3410 gratia
2536 3354 2599 3394 ac
2629 3332 2803 3395 libero
2846 3352 2977 3395 suae
3003 3336 3294 3394 voluntatis
3314 3336 3537 3392 arbitrio
3580 3349 3705 3390 eus-

2116 3431 2317 3486 toditus
2337 3430 2385 3463 “‘
2413 3446 2519 3487 non
2548 3431 2782 3497 caderet,
2814 3445 2915 3488 nec
2937 3430 3131 3488 cadere
3156 3430 3348 3495 vellet,
3376 3442 3476 3484 nec
3494 3434 3699 3499 posset.

2118 3521 2227 3578 Sed
2252 3522 2543 3579 redeamus
2560 3524 2617 3579 in
2642 3524 3027 3581 adunationem
3047 3531 3363 3579 naturarum
3379 3522 3435 3578 in
3463 3520 3698 3576 Christo.

2115 3612 2337 3679 Deinde,
2373 3615 2548 3684 inquit
2586 3614 2893 3685 praedictus
2921 3615 3199 3687 magister,
3246 3631 3340 3685 per
3379 3614 3697 3683 assumptio-

2117 3722 2233 3761 nem
2276 3706 2333 3762 in
2370 3706 2588 3771 caelum,
2626 3707 2858 3777 profecto
2898 3706 3098 3762 caelum
3142 3705 3470 3775 uniﬁcasit"
3510 3713 3559 3758 et
3593 3714 3703 3757 ter.

2118 3813 2253 3862 ram,
2286 3806 2332 3851 et
2360 3813 2478 3852 cum
2502 3806 2703 3853 terreno
2725 3799 2821 3853 hoc
2855 3814 3068 3868 corpore
3095 3797 3241 3853 nobis
3264 3794 3612 3859 connuturali,
3646 3796 3703 3848 in

2117 3887 2443 3958 spiritualem
2479 3889 2824 3943 substantiam
2865 3888 3096 3942 videlicet
3129 3895 3365 3952 mutato,
3404 3885 3606 3941 rediens
3646 3886 3703 3938 in

2119 3980 2341 4048 caelum,
2370 3997 2531 4035 unam
2574 3980 2875 4041 existentem
2901 3995 3103 4035 omnem
3124 3977 3422 4035 sensibika
3457 3986 3703 4031 naturam

2117 4074 2501 4144 maniIestavit;
2539 4074 2725 4129 deinde
2767 4072 3036 4129 sensibilia
3072 4082 3119 4128 et
3148 4071 3497 4143 intelligibilia
3524 4087 3709 4125 conse-

2118 4176 2338 4237 quenter
2358 4165 2404 4201 “
2437 4182 2531 4237 per
2550 4183 2726 4221 omnes
2751 4165 3017 4232 caelestes,
3037 4165 3358 4237 divinosque,
3382 4163 3709 4220 intellectae-

2120 4255 2194 4311 les
2233 4257 2441 4312 ordines
2472 4256 2755 4323 transiens,
2784 4273 2903 4312 cum
2931 4257 3109 4315 anima
3148 4266 3199 4313 et
3222 4271 3455 4326 corpore,
3481 4255 3579 4309 hoc
3605 4265 3703 4319 est,

2120 4350 2351 4421 perfecta
2392 4361 2572 4406 nostra
2606 4359 2797 4405 natura
2841 4350 3093 4405 adnuerit
3123 4350 3283 4407 totius
3318 4358 3591 4405 creaturae
3625 4364 3708 4402 ss-

445 4433 681 4504 paradisi
720 4449 880 4488 unam
913 4434 1176 4491 rationem
1222 4435 1518 4490 naturalem
1555 4451 1693 4503 esse,
1747 4438 1802 4497 in
1846 4439 2022 4508 seipso
2125 4443 2353 4497 cundum
2378 4441 2873 4513 principalissimam
2894 4442 3007 4512 ejus
3032 4441 3287 4497 rationem
3316 4439 3707 4495 concursantis

447 4522 705 4577 mundum
737 4531 791 4577 et
817 4524 1124 4594 paradisum
1146 4524 1407 4581 adunans.
1438 4525 1557 4581 Non
1577 4527 1721 4581 enim
1748 4527 1803 4582 in
1825 4529 2023 4587 mundo
2047 4590 2096 4607 ﬁ
2126 4552 2180 4591 se
2202 4536 2317 4605 ipso
2335 4536 2557 4607 perfecte
2586 4534 2984 4606 inseparabilem
3008 4546 3162 4606 atque
3196 4533 3510 4589 immobilem
3539 4541 3708 4587 osten-

449 4612 617 4669 molcs
643 4628 948 4685 corporeus,
980 4614 1271 4686 spatiisque
1287 4616 1566 4682 distentas,
1598 4617 2024 4689 multiplicesque
2051 4612 2100 4654 ν
2125 4626 2283 4693 deus;
2315 4636 2361 4683 et
2390 4626 2514 4695 ﬁnis
2546 4628 2603 4681 in
2630 4626 2869 4683 omnibus
2894 4626 2977 4681 Itis
3000 4626 3284 4681 secundum
3310 4623 3705 4694 intelligentiam

451 4706 782 4761 diversarum
811 4706 1043 4777 partium
1072 4705 1187 4775 ejus
1212 4706 1500 4763 varietates
1543 4721 1671 4764 vera
1717 4708 1857 4765 ratio
1899 4724 2025 4765 con-
2125 4718 2489 4784 humanitatis,
2519 4718 2617 4773 hac
2644 4727 2741 4784 est,
2782 4717 3066 4773 secundum
3098 4718 3266 4787 ipsam
3304 4714 3707 4779 humanitatem,

451 4797 655 4853 siderat
682 4806 738 4853 et
765 4798 1104 4866 lionorilicat,
1136 4799 1232 4855 sed
1271 4800 1545 4865 naturales
1574 4809 1630 4857 et
1655 4801 2028 4872 primordiales
2126 4808 2267 4881 apud
2307 4811 2476 4881 ipsum
2499 4809 2559 4879 ﬁt
2586 4809 2627 4842 ¹⁷
2674 4808 2862 4875 Deum,
2909 4824 3166 4880 apparens
3208 4824 3305 4879 pro
3349 4807 3528 4872 nobis,
3572 4806 3707 4860 sicut

450 4886 597 4945 illius
621 4904 831 4957 causas,
854 4890 909 4944 in
935 4889 1126 4960 seipsis
1141 4890 1318 4949 unitas
1338 4899 1498 4964 atque
1517 4892 1926 4964 pulcherrimas,
1972 4896 2028 4952 in
2126 4904 2378 4974 scriptum
2416 4911 2514 4969 est,
2562 4901 2729 4971 vultui
2762 4901 2862 4959 Dei
2904 4910 2953 4957 et
2988 4901 3198 4968 Patris,
3245 4911 3497 4972 quantum
3525 4900 3705 4963 Itonia,

451 4996 587 5053 quas
623 4980 751 5038 dum
791 4980 916 5038 ﬁnis
944 4998 1074 5040 suus
1114 4984 1346 5050 venerit,
1374 4999 1691 5042 reversurus
1717 4988 1840 5054 erit,
1871 4995 1927 5043 et
1966 4988 2023 5043 in
2120 4992 2212 5064 qui
2239 5007 2521 5062 numquam
2563 4990 2672 5046 ullo
2716 4992 2870 5046 modo
2914 5009 2945 5045 a
2974 4989 3156 5057 Patre,
3198 5000 3449 5064 quantum
3478 4988 3703 5053 verbum,

451 5070 531 5128 eis
557 5072 897 5129 aeternaliter
926 5088 1227 5130 mansurus.
1280 5073 1396 5130 Non
1440 5082 1619 5132 autem
1656 5077 1821 5132 alium
1859 5077 2027 5135 ﬁnem
2122 5091 2286 5154 potest
2300 5083 2555 5138 recedere.
2583 5084 2659 5137 Ac
2672 5083 2899 5155 primum
2927 5083 3172 5138 adunavit
3200 5100 3290 5137 nos
3315 5083 3356 5115 ¹⁸
3384 5080 3627 5137 nobismet
3653 5081 3703 5131 in

452 5164 636 5225 mundi
660 5163 821 5251 hujus
845 5164 1113 5237 sensibilis
1132 5163 1157 5199 ⁸
1183 5166 1454 5231 credimus
1475 5182 1596 5225 esse
1615 5166 1879 5237 futurum,
1919 5169 2024 5226 nisi
2122 5178 2291 5248 κείρω
2309 5192 2403 5249 με·
2421 5174 2737 5235 oblationem
2754 5174 3040 5237 secundum
3064 5174 3355 5232 masculum
3381 5183 3428 5230 et
3455 5172 3645 5243 festina
3656 5184 3701 5221 ηε

1722 5331 1981 5392 VARIAE
2023 5336 2426 5396 LECTIONES.

530 5443 547 5517 ε
586 5443 677 5502 Sic
717 5443 841 5517 CD;
890 5440 951 5500 A7
979 5446 1184 5500 uirtute.
1296 5441 1441 5517 'Sic
1479 5441 1597 5517 CD;
1640 5444 1695 5517 Α
1746 5446 1972 5517 profusi.
2081 5449 2103 5483 ³
2137 5452 2193 5507 in
2249 5467 2359 5508 om.
2411 5450 2475 5506 A.
2586 5449 2611 5485 ⁸
2654 5449 2745 5508 Sic
2790 5450 2947 5510 ACD.
3056 5451 3079 5486 ⁸
3120 5451 3211 5508 Sic
3245 5451 3317 5516 C;
3365 5450 3408 5504 Α
3451 5465 3581 5506 sane
3622 5451 3705 5504 in.

456 5515 744 5597 telligitur';
795 5511 855 5597 Ι)Δ
885 5516 1112 5597 intellige
1166 5531 1354 5597 sane”.
1422 5511 1443 5542 ⁸
1491 5511 1760 5597 Sic_.CD;;
1794 5511 2326 5597 A;_de_qnant_itate,
2361 5537 2365 5541 '
2403 5522 2467 5575 de
2514 5521 2793 5597 qualitate.
2860 5524 2914 5597 _'
2950 5520 3041 5597 Sic
3099 5525 3176 5591 A;
3231 5511 3510 5597 quimom.
3591 5521 3700 5597 QD:

456 5584 478 5618 ⁸
522 5583 614 5642 Sic
661 5587 781 5654 CD;
826 5586 871 5640 A
919 5583 1077 5657 hujus
1125 5583 1669 5657 sensibilisntundi.”
1718 5589 1760 5657 κ’
1824 5586 1915 5643 Sic
1964 5583 2084 5655 AD;
2135 5592 2175 5647 C
2241 5583 2365 5646 suas
2416 5583 2623 5646 causas.
2755 5593 2796 5623 ¹⁰
2845 5592 2889 5646 Δ
2936 5595 3102 5649 docet.
3164 5583 3175 5591 ’
3227 5583 3269 5624 ά
3325 5592 3415 5647 Sic
3459 5591 3553 5657 A;
3614 5590 3706 5646 CD

457 5666 804 5734 commotus.“
858 5658 900 5689 ι’
930 5654 1131 5734 SicA;
1177 5657 1269 5734 CD.
1298 5654 1536 5734 cupidus.
1574 5724 1583 5734 l
1631 5654 1675 5687 ¹⁸
1706 5656 1797 5713 Sic
1823 5659 1943 5724 CD;
1988 5654 2127 5734 Audet
2149 5664 2415 5734 prouidus.
2452 5731 2468 5734 4
2492 5662 2561 5734 7”
2600 5661 2692 5734 Sic
2740 5662 2863 5729 BC;
2913 5664 2958 5716 A
2998 5680 3090 5733 per
3117 5663 3341 5734 gratiam
3377 5662 3467 5734 lib.
3508 5654 3702 5734 s.__vol.

457 5728 574 5801 arb.
602 5727 899 5801 custodito;
929 5727 972 5781 D
997 5729 1217 5797 gratiam
1252 5728 1366 5796 (per
1394 5724 1679 5801 om.)_l._s.
1710 5745 1767 5801 9.
1792 5746 1843 5783 a.
1873 5724 2161 5786 custodito:
2229 5732 2273 5763 ¹⁸
2303 5731 2392 5787 Sic
2439 5731 2558 5799 CD;
2590 5732 2635 5786 A
2664 5724 2956 5801 viviﬁcauit.
2990 5724 3008 5761 τ’
3037 5736 3078 5769 ⁸⁸
3101 5724 3190 5789 S‘c
3230 5733 3341 5788 r‘D'
3383 5733 3415 5788 Α
3451 5731 3673 5799 iutelhgi

455 5796 583 5855 bilia
609 5796 894 5863 constituit,
915 5796 1308 5867 consequenter
1334 5803 1435 5851 cct.
1510 5796 1557 5830 ‘7
1589 5799 1678 5854 Sic
1699 5799 1819 5866 CD;
1865 5801 1908 5857 A
1934 5802 2021 5858 sit.
2098 5802 2141 5835 ¹⁸
2163 5801 2253 5859 Sic
2277 5803 2393 5867 CD;
2422 5796 2575 5858 Anus
2606 5796 2873 5858 adunavit.
