4064 6292
354 324 452 387 5M

1173 321 1259 376 DE
1296 320 1631 379 DIVISIONE
1670 317 2014 374 NATURAE.
2056 346 2124 357 -—
2162 314 2356 385 LIBER
2400 313 2778 371 SECUNDUS.

3504 311 3608 366 542

352 440 701 509 digerendae,
748 445 795 493 et
839 452 932 513 pro
968 437 1090 491 viris
1151 446 1198 492 et
1229 452 1323 509 pro
1352 438 1366 467 ί
1402 435 1725 500 mulieribus,
1749 434 1935 505 quibus
1962 434 2015 495 Α
2040 429 2232 494 tinent,
2270 429 2479 498 sibique
2522 428 2750 483 invicem
2780 435 3004 496 cognata
3045 433 3200 493 sunt;
3240 439 3450 480 sursum
3479 440 3607 481 vero

352 530 623 585 aivisienis
654 528 880 583 maxime
915 527 1188 600 inspicitur
1214 527 1423 595 modus,
1468 527 1699 583 homines
1740 524 1937 580 solum-

351 619 510 673 modo
543 618 848 690 propriequc
891 633 1104 690 vereque
1150 617 1396 682 ostendit,
1439 616 1686 671 mundam
1715 615 1935 685 ferentes

349 711 657 782 imaginem,
702 727 859 782 quam
901 708 1044 764 nullo
1086 709 1240 763 modo
1286 707 1630 779 corruptionis
1666 706 1933 761 notamina

350 812 597 874 tangunt.
629 800 889 867 Videsne,
924 807 1188 872 quantum
1219 807 1402 872 aperte
1431 798 1731 866 denuntiat,
1764 799 1934 853 homi-

348 908 477 949 nem
529 893 597 949 ad
642 890 933 963 imaginem
985 898 1039 947 et
1078 888 1484 945 similitudinem
1514 888 1611 944 Dei
1657 887 1931 944 conditum

348 998 516 1038 sexus
554 968 856 1041 diiferentia
902 980 1122 1036 omnino
1159 979 1414 1047 caruisse,
1452 988 1507 1035 et
1534 977 1729 1045 adhuc,
1765 994 1931 1051 quan-

350 1078 465 1126 tum
500 1071 552 1125 in
578 1086 642 1126 eo
681 1070 859 1141 imago
884 1078 941 1126 et
965 1068 1259 1125 similitudo
1288 1067 1582 1125 conditoris
1625 1078 1925 1145 permanet,

347 1176 559 1227 carere,
585 1161 863 1237 ipsamque
906 1159 1223 1216 divisionem
1274 1167 1495 1230 propter
1531 1168 1812 1231 peccatum
1845 1174 1929 1217 sc-

345 1253 586 1309 cundum
640 1268 836 1324 corpus
881 1253 1216 1310 solummodo
1260 1252 1541 1309 accidisse.
1589 1253 1927 1325 Quamquam

346 1344 494 1400 enim
524 1344 577 1400 in
611 1345 791 1401 anima
820 1344 1092 1417 spiritales
1120 1361 1282 1402 sexus
1315 1344 1690 1417 intelligantur
1713 1345 1757 1414 ·,
1808 1353 1926 1407 νοῦς

343 1436 615 1509 siquidem
636 1436 939 1494 intellectus
955 1438 1118 1494 veluti
1140 1437 1356 1509 quidam
1380 1438 1651 1495 masculus
1671 1440 1725 1494 in
1745 1440 1925 1496 anima

344 1535 452 1594 est,
482 1525 720 1599 αἴσθησις
741 1542 893 1596 vero,
925 1529 980 1584 id
1007 1537 1092 1585 est
1112 1543 1323 1596 sensus,
1349 1528 1515 1585 veluti
1540 1529 1807 1601 quaedam
1845 1530 1925 1587 fe-

343 1621 514 1687 mina,
539 1637 643 1677 non
668 1631 845 1677 tamen
865 1622 938 1677 ibi
963 1622 1337 1696 cognoscimus
1356 1630 1584 1682 naturae
1609 1624 1919 1691 divortium,

341 1712 439 1767 sed
460 1710 661 1769 Christi
707 1720 761 1770 et
789 1713 1053 1772 ecclesiae
1098 1717 1432 1788 mysterium,
1466 1717 1737 1790 uniusque
1762 1716 1922 1774 intel-

2035 537 2229 579 versus
2292 520 2517 576 alteram
2571 528 2851 575 creaturae
2904 519 3149 574 obtinent
3208 518 3606 573 extremitatem

2033 629 2220 672 omnes
2240 612 2628 669 intellectuales
2654 611 2943 677 essentiae,
2968 625 3105 680 quae
3124 610 3265 665 inter
3290 624 3347 666 se
3376 610 3603 665 invicem

2032 705 2281 764 similiter
2312 713 2573 777 cognatae
2612 712 2759 760 sunt.
2812 703 3045 775 Singulis
3083 717 3214 775 ergo
3240 703 3608 773 partibus‘hu-

2032 813 2230 854 manae
2258 807 2491 853 naturae
2516 805 2743 867 cognata
2778 806 3049 860 extrema,
3086 796 3191 853 hoc
3217 806 3318 863 est,
3347 806 3608 852 connatu-

2032 889 2174 945 rales
2198 898 2426 945 naturae
2453 889 2507 944 in
2530 887 2745 944 Christo
2774 888 3009 944 sociatae
3030 897 3175 945 sunt.
3208 878 3415 958 Corpus
3442 889 3606 959 siqui—

2031 980 2152 1036 dem
2201 979 2512 1052 accipiens,
2560 988 2810 1050 quartam
2864 979 3027 1036 veluti
3093 980 3326 1036 hominis
3373 990 3604 1053 partem,

2028 1084 2244 1126 omnem
2269 1070 2605 1141 corporalem
2633 1079 2941 1127 creaturam
2963 1072 3063 1128 sibi
3088 1072 3347 1141 adiunxit.
3376 1072 3604 1129 Sensum

2027 1176 2159 1218 vero
2196 1178 2479 1219 assumens
2504 1204 2519 1230 ,
2576 1162 2885 1218 universam
2914 1163 2937 1195 "
2985 1163 3294 1218 sensibilem
3339 1177 3607 1234 sensuque

2028 1262 2267 1310 utentem
2291 1256 2507 1313 sibimet
2528 1254 2814 1325 copulavit.
2840 1254 2976 1322 Quid
3000 1255 3066 1309 de
3084 1254 3261 1308 anima
3283 1253 3609 1310 dicendum?

2026 1342 2216 1402 Nonne
2240 1345 2294 1401 in
2326 1360 2412 1414 ea,
2443 1361 2604 1416 quam
2634 1346 2861 1416 accepit,
2893 1360 2999 1401 non
3032 1345 3204 1401 solum
3232 1345 3603 1402 rationabilem

2026 1436 2285 1503 animam,
2316 1453 2505 1495 verum
2529 1438 2692 1495 etiam
2713 1441 2737 1479 ⁸
2764 1453 2977 1494 omnem
3020 1440 3185 1494 vitam
3216 1439 3527 1496 nutritivam
3551 1450 3606 1496 et

2025 1528 2293 1583 auctivam
2323 1528 2371 1568 ιθ
2396 1529 2451 1584 in
2481 1544 2541 1587 se
2572 1529 2687 1599 ipso
2707 1529 3120 1585 associavitibe
3142 1529 3414 1587 intellectu
3444 1546 3604 1587 nemo

2025 1620 2327 1691 sapientum
2404 1621 2449 1660 ιι
2503 1620 2753 1688 dubitat;
2811 1623 3049 1677 humane
3095 1622 3240 1678 enim
3287 1623 3601 1691 intellectui,

2024 1724 2184 1781 quem
2211 1710 2461 1767 Christus
2474 1711 2785 1784 assumpsit,
2801 1726 2988 1769 omnes
3010 1712 3395 1769 intellectuales
3420 1729 3605 1770 essen-

340 1803 515 1863 lectus
547 1805 614 1860 ad
662 1804 979 1863 Creatorem
1028 1816 1084 1863 et
1128 1808 1195 1863 ad
1243 1816 1548 1866 creaturam
1598 1809 1919 1866 centuitum.
1952 1800 2003 1864 B
2028 1803 2137 1858 tiae
2169 1802 2603 1874 inseparabiliter
2635 1804 2951 1860 adhaerent.
2999 1802 3189 1860 Nonne
3225 1804 3385 1876 plane
3426 1807 3599 1872 vides,

340 1891 413 1946 Et
454 1896 742 1963 nobiscum,
792 1897 986 1967 inquit,
1037 1907 1087 1952 et
1130 1908 1341 1971 propter
1381 1916 1476 1955 nos
1522 1899 1681 1955 simul
1718 1915 1920 1955 omnem

339 1994 635 2041 creaturam
681 2000 774 2059 per
807 1989 1106 2044 medietates
1138 1990 1291 2045 veluti
1327 1992 1659 2063 proprian
1692 1993 1920 2063 partium

338 2088 571 2134 extrema
591 2084 1048 2153 comprehendens,
1067 2094 1115 2139 et
1140 2086 1279 2141 circa
1298 2103 1353 2141 se
1377 2088 1548 2157 ipsum
1576 2088 1922 2145 insolabiliter

337 2168 646 2237 paradisum
675 2171 950 2244 orbemque
993 2183 1254 2230 terrarum
1281 2176 1578 2246 conjunxit,
1624 2177 1823 2233 caelum
1871 2189 1921 2234 et

254 2246 267 2259 “
337 2270 557 2328 terram,
604 2263 869 2321 sensibilia
897 2275 946 2320 et
987 2266 1374 2339 intelligibilia;
1404 2285 1593 2339 corpus
1623 2271 1828 2341 quippe,
1871 2282 1917 2326 et

336 2369 581 2422 sensum,
633 2365 683 2409 et
734 2358 964 2412 animam
1004 2359 1287 2414 secundum
1331 2376 1424 2415 nos
1455 2362 1647 2417 habens
1682 2371 1729 2416 et
1768 2361 1920 2416 intel-

336 2441 548 2509 lectum,
578 2445 765 2516 quibus
794 2448 946 2518 quasi
988 2449 1224 2519 partibus
1262 2466 1356 2520 per
1396 2450 1602 2521 singula
1641 2452 1921 2521 unicuique

335 2534 703 2590 universaliter
760 2548 1038 2609 cognatum
1083 2540 1351 2595 associans
1402 2549 1721 2606 extremum,
1760 2542 1918 2612 juxta

332 2626 480 2693 prius
524 2625 786 2681 redditum
825 2628 1038 2684 modum
1066 2631 1314 2687 divinitus
1349 2633 1525 2687 omnia
1551 2632 1606 2687 in
1625 2650 1680 2687 se
1703 2634 1872 2704 ipsum
1896 2634 1921 2667 ³

333 2716 721 2787 recapitulauit.

410 2807 495 2863 i5.
526 2807 647 2866 Vim
664 2810 956 2868 verborum
985 2821 1223 2870 intentus
1245 2813 1267 2847 ⁸
1314 2815 1588 2888 perspice;
1633 2831 1738 2872 non
1772 2818 1916 2873 enim

337 2909 532 2956 vacant
560 2902 778 2958 virtute.
823 2903 1022 2975 Corpus
1059 2908 1265 2978 quippe,
1320 2908 1512 2978 inquit,
1549 2919 1599 2964 et
1634 2909 1657 2943 ⁸
1706 2926 1913 2965 sensum

334 3002 383 3047 et
403 2993 634 3049 animum
661 2995 945 3050 secundum
973 3014 1069 3052 nos
1093 2998 1306 3065 habens,
1358 2998 1611 3057 Christus
1637 3001 1909 3067 videlicet,

334 3095 384 3141 et
426 3085 762 3143 intellectum.
817 3087 912 3144 liis
957 3091 1101 3144 enim
1147 3092 1311 3147 veluti
1357 3102 1610 3163 quattuor
1667 3095 1911 3166 partibus

2027 1906 2246 1948 omnem
2290 1901 2597 1949 creaturam
2620 1933 2634 1957 ,
2682 1892 3045 1965 intelligibiles
3071 1893 3192 1950 dico
3216 1893 3607 1966 sensibilesque

2023 1981 2337 2052 mediasque
2402 1990 2665 2049 naturas,
2710 1982 2766 2038 in
2820 1982 3037 2039 Christo
3085 1984 3409 2040 adunatam?
3452 1985 3606 2055 Quod

2022 2076 2259 2132 breviter
2303 2076 2569 2132 conclusit
2616 2076 2661 2109 “
2703 2078 2967 2149 magister
3001 2079 3187 2136 dicens
3223 2098 3237 2135 :
3269 2078 3442 2137 Unam
3476 2083 3601 2137 sub-

2022 2171 2284 2226 sistentem
2311 2171 2468 2226 simul
2494 2187 2696 2226 omnem
2724 2181 3040 2239 creaturam,
3071 2175 3225 2245 quasi
3258 2174 3481 2246 aliquem
3507 2176 3601 2230 Ito-

2022 2261 2236 2327 minem,
2269 2262 2499 2332 partium
2525 2277 2739 2316 suarum
2773 2261 2842 2316 ad
2870 2278 2925 2318 se
2958 2263 3175 2319 invicem
3206 2265 3345 2319 coitu
3376 2265 3600 2336 comple-

2023 2361 2132 2407 tam
2161 2352 2206 2387 “
2236 2353 2510 2408 ostendens
2531 2396 2548 2419 ,
2587 2364 2639 2408 et
2673 2353 2743 2408 ad
2783 2355 3006 2427 seipsam
3041 2356 3324 2412 intuentem
3366 2374 3458 2428 per
3486 2359 3606 2413 uni-'-

2021 2446 2282 2503 uersitatis
2308 2447 2697 2502 subsistentiam
2721 2447 2798 2513 υς
2830 2448 2989 2519 juxta
3016 2466 3174 2504 unam
3204 2459 3252 2505 et
3286 2449 3527 2522 simplum
3560 2451 3604 2491 1⁸

2022 2544 2073 2591 et
2101 2536 2473 2604 indeﬁnib-ilem
2499 2554 2564 2592 ea:
2585 2553 2647 2593 eo
2666 2538 2738 2606 7“,
2767 2539 2907 2609 quod
2940 2555 3044 2595 non
3072 2550 3148 2595 est
3174 2541 3518 2609 deductionis,
3553 2551 3601 2597 et

2020 2620 2406 2697 iudiﬁ'erentem
2437 2630 2712 2696 notitiam;
2760 2647 2857 2703 per
2897 2648 3055 2701 quam
3095 2648 3253 2687 unam
3286 2634 3605 2705 eandemque

2022 2718 2189 2776 omnis
2225 2731 2464 2777 creatura
2497 2724 2724 2794 recipere
2755 2733 2919 2795 potest
2961 2740 3172 2780 causam
3211 2725 3419 2795 penitus
3459 2726 3601 2779 indi-

2018 2823 2263 2869 scretam.
2305 2813 2625 2871 liactenus-t
2656 2816 2725 2872 de
2751 2817 3102 2874 divisionibus
3125 2857 3140 2883 ,
3183 2818 3354 2888 deque
3395 2819 3599 2873 aduna—

2020 2904 2258 2961 tionibus
2324 2906 2749 2963 substantiarum
2822 2908 3186 2965 venerabilem
3256 2910 3597 2981 magistrum,

2017 2994 2310 3052 Maximum
2337 2997 2478 3066 dice,
2504 2999 2696 3066 secuti,
2729 3011 2988 3071 quantum
3014 3001 3082 3056 ad
3104 3002 3405 3071 praesentis
3433 3016 3600 3072 quae-

2018 3086 2212 3144 stionis
2238 3088 2434 3145 attinet
2462 3090 2762 3162 negotium,
2793 3091 3047 3147 diximus.
3076 3090 3145 3146 Et
3164 3091 3278 3160 iam
3307 3092 3377 3148 ad
3400 3107 3599 3163 prope-

333 3178 569 3235 humana
616 3189 806 3236 natura
861 3183 1207 3239 constituitur
1251 3185 1293 3238 ι.
1342 3186 1486 3252 Quas
1533 3196 1715 3258 partes
1749 3204 1910 3245 verus
1936 3174 1984 3239 C
2014 3183 2605 3251 situm,idest,adeam
2625 3184 2857 3240 formam
2877 3184 3602 3257 universalisnaturae,quae

334 3270 530 3341 quippe
562 3271 725 3327 homo
769 3270 1017 3330 Christus
1059 3284 1115 3329 et
1167 3278 1497 3348 assumpsit,
1551 3288 1605 3334 et
1639 3279 1693 3334 in
1731 3281 1909 3352 seipse

334 3360 621 3429 adunavit;
669 3363 831 3421 homo
858 3365 1122 3437 siquidem
1159 3368 1427 3437 perfectus
1451 3370 1625 3427 factus
1649 3374 1791 3429 est'.
1822 3374 1910 3430 Nil

334 3451 479 3508 enim
510 3454 743 3511 hominis
786 3456 1001 3528 reliquit
1041 3467 1259 3529 praeter
1305 3471 1587 3531 peccatum
1609 3504 1625 3532 ,
1677 3467 1822 3535 quod
1852 3468 1906 3522 in

332 3543 595 3601 unitatem
631 3547 962 3605 substantiae
996 3565 1126 3605 suae
1165 3566 1272 3608 non
1308 3554 1595 3625 acciperet,
1625 3556 1790 3627 inque
1818 3573 1908 3614 se-

332 3635 564 3705 metipso
605 3651 713 3694 non
742 3639 1035 3707 adunaret,
1067 3642 1169 3699 hoc
1195 3652 1310 3712 est,
1346 3629 1513 3701 unum
1544 3663 1650 3703 non
1682 3648 1904 3705 faceret.

331 3716 448 3781 Non
470 3728 615 3783 enim
654 3730 709 3785 in
737 3730 830 3787 illo
857 3741 977 3803 post
1005 3736 1451 3793 resurrectionem
1476 3748 1732 3811 quattuor
1759 3754 1905 3811 sunt,

330 3816 426 3873 sed
445 3834 641 3887 unum;
672 3830 728 3878 et
747 3838 855 3879 neu
879 3826 1237 3897 compositum
1265 3844 1449 3897 unum,
1473 3832 1565 3887 sed
1592 3832 1909 3903 simpliciter

328 3923 496 3965 unum
548 3927 746 3984 corpus
783 3926 838 3972 et
894 3932 1084 3974 sensus
1121 3919 1300 3975 anima
1324 3927 1381 3976 et
1418 3922 1740 3980 intellectus.
1772 3926 1906 3992 Qui-

328 4000 442 4068 bus,
473 4002 666 4074 inquit,
691 4008 845 4077 quasi
861 4010 1118 4080 partibus,
1143 4028 1235 4083 per
1257 4012 1463 4083 singula
1485 4016 1761 4087 unicuique
1788 4020 1908 4073 uni-

324 4094 593 4156 uersaliter
618 4110 896 4170 cognatum
917 4106 1187 4160 associans
1210 4116 1517 4162 extremum.
1542 4108 1622 4163 Ac
1646 4109 1692 4165 si
1721 4120 1908 4181 aperte

324 4181 571 4241 diceret:
602 4190 855 4258 quoniam
884 4192 1131 4250 Christus
1156 4205 1412 4267 quattuor
1440 4198 1705 4255 humanae
1750 4210 1909 4256 natus

323 4289 422 4332 rae
442 4286 629 4347 partes
655 4282 864 4354 accepit
905 4294 960 4341 et
987 4286 1045 4341 in
1084 4287 1261 4360 seipse
1292 4290 1568 4357 aduuavit,
1596 4292 1909 4353 universam

322 4377 653 4438 creaturam,
680 4370 785 4430 hoc
806 4384 911 4442 est,
938 4376 1355 4437 intellectualem
1385 4390 1441 4439 et
1466 4383 1783 4441 sensibilem
1808 4399 1903 4440 asc

321 4461 618 4530 sumpsisse
641 4503 657 4529 ,
704 4466 842 4522 etin
871 4469 1053 4539 seipse
1085 4472 1354 4530 adunasse
1396 4474 1744 4535 manifestum
1795 4485 1904 4537 est.

2015 3286 2069 3333 et
2088 3286 2306 3333 creatur
2318 3286 2373 3333 et
2385 3286 2555 3344 creat,
2571 3287 2624 3334 et
2648 3277 2701 3333 in
2727 3277 3167 3349 primordialibus
3191 3280 3372 3335 causis
3396 3279 3598 3335 consti-

2012 3375 2129 3426 tuta
2154 3380 2258 3438 est,
2289 3369 2700 3437 discutiendam,
2728 3372 2795 3426 de
2829 3371 2932 3427 hac
2963 3370 3111 3427 enim
3139 3358 3196 3425 in
3231 3370 3337 3427 hoc
3374 3370 3415 3401 "
3457 3369 3594 3425 libro

2015 3462 2199 3519 dicere
2235 3463 2654 3533 proposuimus,
2704 3462 2751 3517 si
2803 3462 2899 3518 tibi
2946 3462 3187 3530 videtur,
3243 3461 3594 3519 redeundum.

2013 3556 2159 3613 Disc.
2217 3556 2505 3613 Videretur
2552 3553 2710 3627 plane
2737 3596 2751 3620 ,
2794 3557 2839 3611 si
2883 3556 2950 3611 de
2978 3556 3333 3626 quibusdam,
3367 3570 3507 3626 quae
3544 3555 3597 3609 in

2011 3645 2310 3716 praedictis
2333 3645 2633 3702 rationibus
2653 3645 2798 3701 dicta
2820 3653 2963 3710 sunt,
2989 3647 3242 3715 quoniam
3264 3643 3488 3699 multum
3512 3659 3597 3700 me

2012 3749 2231 3796 movent
2256 3782 2270 3805 ,
2317 3723 2515 3795 clarius
2552 3738 2891 3809 explanares.
2934 3738 3074 3794 Mne.
3116 3739 3213 3794 Dic
3256 3738 3387 3793 mihi
3414 3724 3596 3808 ,‘quae

2013 3840 2141 3888 sunt
2169 3831 2281 3897 illa,
2312 3847 2452 3902 quae
2476 3831 2619 3887 inter
2647 3846 2731 3897 ea,
2764 3827 2905 3901 quae
2929 3847 2959 3885 a
2987 3847 3073 3886 me
3101 3832 3243 3887 dicta
3268 3841 3412 3897 sunt,
3445 3831 3596 3886 valde

2013 3932 2069 3978 te
2095 3931 2331 3988 movent,
2360 3937 2698 3994 quorumque
2722 3923 3155 3980 exelanationem
3184 3924 3591 3979 lueulentiorem

2011 4030 2236 4087 poscere
2266 4014 2484 4071 videris.

2085 4107 2173 4163 14.
2206 4107 2352 4163 Disc.
2380 4108 2438 4163 in
2460 4106 2814 4164 divisionibus
2835 4115 3144 4165 crealarum
3175 4108 3593 4163 substantiarum

2012 4199 2306 4255 secundum
2355 4197 2646 4254 Maximum
2689 4198 2822 4259 nihil
2870 4214 2957 4254 me
3001 4205 3215 4265 movet,
3257 4198 3341 4253 vel
3371 4200 3414 4234 ¹⁸
3443 4199 3597 4254 valde

2012 4289 2145 4344 mihi
2171 4290 2459 4345 obscurum
2490 4290 2704 4345 videtur
2744 4305 2841 4346 seu
2881 4289 3213 4362 ambiguum,
3242 4298 3458 4362 praeter
3488 4292 3588 4346 ho-

2011 4381 2176 4437 minis
2204 4380 2521 4457 divisionem
2564 4381 2616 4435 in
2646 4382 2693 4413 “
2720 4380 3016 4437 masculum
3046 4392 3101 4437 et
3136 4380 3412 4448 feminam,
3443 4397 3590 4437 eam-

2012 4489 2119 4545 que
2146 4490 2344 4551 nonex
2370 4476 2543 4545 prima
2577 4474 2812 4532 hominis
2854 4475 3159 4531 conditione
3194 4473 3264 4529 ad
3304 4474 3592 4544 imaginem

321 4549 538 4608 Etenim
566 4554 623 4612 in
649 4557 883 4625 homine,
927 4578 1088 4633 quem
1132 4573 1305 4621 totum
1352 4569 1596 4639 accepit,
1644 4568 1901 4627 universa
1929 4558 1983 4622 D
2010 4566 2125 4633 Dei,
2156 4567 2251 4623 sed
2285 4549 2364 4621 ex
2414 4581 2587 4635 poena
2633 4567 2842 4638 peccati
2882 4566 3245 4637 processisse,
3285 4566 3595 4635 iterumque

318 4653 570 4707 creatura
600 4650 817 4710 condita
845 4665 949 4707 est.
982 4652 1218 4726 Singulis
1246 4658 1386 4713 eteius
1409 4661 1667 4730 partibus,
1693 4670 1753 4718 ut
1779 4662 1898 4733 ipse
2005 4669 2131 4731 post
2188 4656 2510 4716 catholicam
2576 4659 2815 4714 omnium
2881 4659 3167 4728 cdrperum
3237 4659 3591 4713 resurrectio-

318 4735 417 4803 δίεν
443 4749 723 4809 cognatum
764 4745 1031 4801 «socians
1072 4757 1393 4816 extremum;
1439 4759 1669 4823 cognata
1692 4767 1897 4810 vocans
2006 4770 2131 4811 nem
2150 4755 2216 4820 '°,
2235 4768 2374 4824 quae
2399 4753 2455 4812 in
2482 4751 2591 4806 ﬁne
2610 4751 2795 4807 mundi
2823 4749 3001 4805 futura
3030 4758 3133 4816 est,
3165 4749 3342 4820 ipsam
3367 4748 3589 4805 divisio-

317 4837 563 4888 extrema
593 4849 823 4908 corpora
845 4840 1139 4912 omniaque
1455 4842 1601 4901 llaec
1627 4846 1771 4901 enim
1800 4861 1900 4901 ex-
2002 4862 2128 4903 nem
2155 4861 2263 4901 neu
2294 4844 2524 4915 amplius
2544 4856 2973 4914 permansuram,
3006 4844 3102 4901 sed
3120 4842 3175 4896 in
3197 4841 3461 4897 unitatem
3478 4841 3593 4910 pri-

316 4923 645 4983 tremitatem
683 4928 968 4988 universae
990 4941 1273 4990 creaturae
1298 4934 1550 4991 deorsum
1581 4951 1771 4992 versus
1798 4938 1897 4995 ob-
2002 4938 2282 4995 mordialis
2309 4935 2635 4993 conditionis
2655 4934 2700 4966 “
2726 4942 2953 4990 naturae
2975 4934 3022 4966 “
3059 4947 3422 4990 reversurum.
3455 4931 3587 4999 Quis

672 5140 965 5216 μνασθεὶς..
1006 5213 1015 5216 _
1041 5141 1266 5216 fSiqC;
1300 5141 1397 5216 AD
1416 5142 1794 5216 intelliguntur.
1874 5147 1898 5180 ³
1927 5147 2018 5202 Sic
2046 5146 2163 5212 CD;
2189 5145 2373 5214 Aipse.
2449 5140 2667 5216 δείσας
2693 5142 2786 5216 AD
2816 5141 3087 5216 ξηιεῃιίαι.
3122 5208 3133 5216 _
3164 5136 3293 5201 ’δίο
3310 5135 3581 5216 ρηςμρῃι.

313 5217 381 5288 εις
475 5203 745 5288 ᾳξεεήδίεε.
794 5211 971 5288 _'_‘§ic
988 5213 1120 5288 AD;
1148 5213 1191 5269 C
1215 5203 1552 5288 constituitur
1574 5203 1785 5288 natura.
1865 5219 1886 5251 ’¹
1906 5218 1997 5273 Sic
2019 5203 2162 5288 CD_;'
2180 5203 2350 5288 facins
2374 5224 2447 5288 est
2476 5229 2599 5288 em._
2617 5203 2684 5288 A.
2748 5213 2781 5288 _“
2808 5212 2850 5266 Ι)
2866 5208 3263 5288 uniuersalem.“
3309 5207 3333 5243 ⁸

313 5274 457 5359 ᾗσι..
482 5276 533 5359 ’θ’
568 5278 745 5359 Geni"
779 5281 914 5359 ACD
937 5274 1219 5359 activam.r_
1242 5285 1291 5359 *ξ
1302 5283 1626 5359 βία-ΑΟῌ)
1649 5288 1938 5359 sapientius

2032 5289 2075 5318 ¹¹
2223 5285 2344 5359 CD;
2383 5286 2429 5340 Α
2454 5284 2722 5359 conclusit
2740 5282 2991 5359 breviter;
3022 5281 3064 5345 ιε
3080 5279 3355 5359 SicCDct
3366 5278 3578 5359 A_mbig.

311 5341 703 5429 yaximiuAB
731 5341 1134 5429 compleat/im;
1185 5355 1230 5389 “
1258 5354 1430 5429 SicC
1460 5364 1518 5411 et
1536 5341 2047 5429 Ambi'gaﬁaaimi;
2074 5356 2210 5429 Alii)
2236 5341 2597 5429 substantiam.
2655 5353 2723 5429 ,η
2776 5352 2867 5408 Sic
2911 5350 2999 5406 CD
3048 5341 3103 5406 et
3133 5350 3343 5429 Anapis.
3397 5341 3579 5429 blaxfl;

308 5412 406 5496 At}
452 5412 755 5499 δὲηψιρςθηιζι.
792 5412 1150 5499 ,ξε-δίεπε)
1175 5437 1232 5484 et
1254 5412 1521 5499 Ambigua
1551 5412 1879 5497 Maxiﬁiiga
1909 5412 1966 5485 ei
1992 5412 2393 5499 iuuentutem
2407 5424 2755 5499 substantiam
2793 5438 2866 5499 ex
2902 5436 2967 5476 eo
3019 5429 3141 5499 cet.‘
3207 5422 3247 5452 ιτ
3278 5412 3382 5475 Pro
3409 5420 3504 5473 hoc
3535 5412 3588 5487 Α,

308 5492 643 5574 amona"
661 5492 757 5574 βία
783 5492 947 5574 CDE_;
995 5496 1042 5552 A
1067 5514 1187 5574 nec.
1282 5492 1446 5574 ‘_’_S_ic
1498 5499 1667 5574 CDE;
1717 5500 1764 5557 A
1790 5492 1947 5558 inter.
2044 5498 2090 5531 ’°
2129 5498 2221 5556 Sic
2263 5496 2425 5565 CDE;
2454 5496 2498 5551 A
2528 5495 2957 5552 resurrectionem
3001 5493 3229 5549 omnium
3281 5506 3584 5555 corvorum.

309 5556 358 5589 ⁸⁸
385 5560 699 5617 conditionis
750 5556 862 5622 em.
888 5556 956 5633 Av.
1035 5570 1083 5607 ³³
1114 5569 1224 5633 Sic.
1280 5569 1453 5638 ABE;
1495 5568 1543 5629 α
1586 5556 1779 5633 terrae;

1826 5682 2084 5758 NOTAE?

380 5802 408 5829 ι
438 5786 629 5846 Verbis
659 5786 1021 5870 Ilactenusﬂc
1055 5788 1392 5845 divisionibus
1419 5798 1521 5847 cet.
1554 5798 1734 5847 textus
1763 5788 1966 5845 codicis
1993 5788 2033 5842 E
2064 5789 2235 5841 denuo
2270 5782 2472 5853 incipit.
