4064 6292
469 121 504 171 δ

440 355 546 413 5U

1833 352 2114 412 JOANNIS
2150 350 2348 410 SCOTI

3608 341 3709 397 ΒΗ

439 472 583 527 enim
616 471 741 528 talia
769 471 998 534 audiens
1023 488 1129 529 non
1161 480 1507 544 expavescat,
1546 470 1941 542 confestimque
1970 471 2024 526 in
2054 474 2101 535 Α
2132 469 2280 524 nium
2311 465 2740 523 substantiarum
2768 464 3168 537 praedictarum
3200 460 3407 518 reditus
3440 459 3495 514 in
3543 475 3711 513 unum

437 564 574 620 haec
606 565 774 627 verba
803 584 909 626 non
940 575 1190 639 erumpat
1227 567 1472 623 dicturus
1504 568 1520 599 ¹
1558 585 1572 622 :
1604 566 1722 622 Non
1747 581 1876 637 ergo
1903 574 2026 637 post

437 661 896 719 resurrectionem
942 660 1168 718 masculi
1215 659 1559 731 feminaeque
1598 663 1618 691 ²
1684 659 1899 719 futurus
1942 666 2028 715 est

441 772 602 813 sexus
624 758 667 823 ε,
705 756 751 812 si
781 752 1010 827 uterque
1063 756 1132 810 ab
1184 755 1419 810 humana
1450 754 1473 787 ‘
1502 755 1718 826 penitus
1752 752 2026 829 auferetur

440 849 666 903 natura!
699 847 808 904 Aut
833 846 855 878 ⁵
891 845 1065 916 qualis
1097 846 1268 902 forma
1304 845 1359 902 in
1385 845 1600 902 homine
1633 845 1935 917 apparebit,
1978 843 2025 899 si

368 973 373 979 ι
442 956 603 998 nemo
630 939 869 1005 masculi,
902 955 996 996 seu
1034 938 1267 995 feminae
1311 938 1541 996 formam
1585 939 1871 995 habuerit?
1917 939 2026 993 Aut

439 1031 618 1103 qualis
642 1031 839 1103 poterit
879 1030 997 1086 ﬁeri
1041 1031 1309 1103 cognitio.
1350 1031 1395 1087 si
1431 1032 1717 1101 utriusque
1754 1045 1915 1086 sexus
1943 1030 2028 1085 fu-

441 1131 563 1177 tura
591 1123 663 1177 sit
691 1123 1287 1193 cxterminatio,.inque
1320 1122 1619 1195 simplicem
1652 1122 2027 1191 indiscretam-

439 1228 546 1284 que
590 1214 890 1270 formarum
958 1214 1320 1270 differentiiso
1355 1215 1736 1271 adunationem
1784 1214 2027 1269 omnium

441 1305 719 1363 hominum
751 1306 1074 1379 coagulatio,
1111 1307 1224 1361 sive
1249 1305 1545 1376 spiritualis
1578 1306 2027 1376 incorporeaque,

441 1399 556 1455 sive
614 1400 842 1457 visibilis
881 1401 902 1432 '
943 1409 1000 1456 et
1064 1415 1321 1471 corporea
1351 1440 1366 1466 ,
1416 1399 1535 1455 loco
1577 1414 1643 1455 ac
1669 1399 1692 1430 ⁸
1737 1409 1978 1469 tempore
2006 1398 2055 1465 ⁹,

442 1492 890 1562 circumscripta?
935 1491 1004 1546 Et
1031 1492 1136 1548 hoc
1165 1493 1218 1547 in
1247 1493 1503 1564 ambiguo
1533 1507 1563 1545 a
1594 1500 1646 1547 te
1672 1491 2028 1562 praetermis-
2052 1550 2055 1553 λ

440 1599 559 1639 sum
599 1593 721 1652 est,
762 1593 924 1656 atque
970 1585 1330 1641 indiscussum
1355 1626 1371 1652 ,
1412 1585 1663 1656 quamvis
1701 1584 1939 1640 videaris
1974 1584 2029 1638 in

440 1678 758 1747 corporibus
842 1678 1258 1734 resurrectionis
1342 1677 1652 1748 spirituales
1735 1677 2031 1748 qualitates

439 1770 876 1841 quantitatesque
911 1770 955 1802 ιο
1001 1770 1175 1842 magis
1224 1785 1386 1840 quam
1437 1769 1744 1840 corporales
1799 1770 2028 1825 suadere

2130 572 2291 631 atque
2314 559 2571 615 adunatio
2601 557 2783 614 futura
2811 557 2929 613 sit?
2959 555 3152 612 Utrum
3203 554 3403 625 reipsa,
3455 554 3564 608 hoc
3611 560 3710 617 cst,

2130 653 2363 709 transitu
2393 655 2631 709 omnium
2661 652 2994 708 sensibilium
3025 651 3078 706 in
3108 647 3513 712 intellectualis,
3562 647 3636 701 ita
3661 654 3718 699 ut

2127 752 2346 816 peracto
2384 743 2569 799 mundi
2595 744 2755 815 nujus
2781 743 3052 800 sensibilis
3087 741 3357 798 curriculo
3380 740 3566 795 omnia
3611 739 3715 792 sint

2129 835 2455 906 spiritualia,
2509 835 2749 905 nihilque
2782 835 2825 866 ¹⁸
2855 849 3176 905 corporeum
3207 848 3303 887 seu
3343 829 3603 887 sensibile
3630 845 3713 884 re-

2127 935 2375 991 maneat;
2399 941 2466 979 an
2494 924 2610 980 solo
2631 925 2875 980 contuitu
2906 925 3071 979 animi
3109 922 3410 978 naturalem
3454 920 3718 974 unitatem

2127 1018 2367 1074 omnium
2398 1033 2576 1072 rerum
2604 1018 2659 1072 in
2686 1018 2799 1073 suis
2835 1017 3136 1072 rationibus
3167 1013 3719 1086 primordialibusque

2129 1112 2308 1167 causis
2336 1110 2795 1180 contemplantis?
2824 1110 2898 1165 Ea
2929 1124 3184 1181 namque,
3215 1122 3357 1178 quae
3377 1115 3721 1163 extrinsecus

2129 1221 2391 1278 corporeo
2421 1206 2599 1262 sensui
2629 1206 2781 1261 varia
2809 1203 3237 1274 multiplicisque
3267 1201 3425 1266 locis,
3458 1196 3721 1269 tempori-

2128 1298 2639 1370 bus,qualitatibus,
2670 1297 3086 1368 quantitatibus,
3118 1293 3421 1363 ceterisque
3446 1290 3723 1346 sensibilis

2130 1400 2355 1446 naturae
2366 1388 2685 1445 dill'erentiis
2698 1396 2981 1458 apparent,
2995 1386 3047 1440 in
3066 1384 3178 1441 suis
3193 1383 3515 1447 rationibus,
3529 1394 3724 1436 secun-

2131 1486 2257 1540 dum
2286 1500 2421 1555 quas
2438 1484 2739 1539 aCreatore
2752 1483 2992 1537 omnium
3011 1480 3225 1537 condita
3251 1486 3397 1545 sunt,
3429 1475 3723 1532 aeternali-

2132 1587 2322 1651 terque
2350 1577 2671 1634 immutabili
2691 1577 2736 1609 ¹⁹
2754 1591 2884 1632 suae
2898 1585 3124 1631 naturae
3145 1581 3312 1639 statu,
3338 1571 3611 1640 certisque
3643 1569 3729 1624 di-

2130 1673 2291 1728 vinae
2302 1671 2669 1742 providentiae
2684 1670 2886 1741 regulis
2906 1667 3227 1732 subsistunt,
3245 1680 3379 1736 puro
3403 1661 3722 1725 intellectui,

2132 1780 2335 1819 rerum.
2383 1764 2622 1818 omnium
2683 1761 2969 1816 veritatem
3027 1757 3342 1828 inquirenti,
3400 1752 3721 1817 invenienti,

438 1828 559 1915 esse
606 1828 837 1917 futui-3's.
914 1859 987 1916 Ut
1029 1828 1136 1917 ιιοῖι
1186 1828 1365 1916 (ii-cam
1393 1901 1408 1927 ,
1458 1828 1716 1931 quantum
1755 1860 1893 1916 haec
1929 1862 2026 1916 do-
2054 1845 2104 1906 B
2135 1855 2523 1917 consideranti,
2554 1868 2721 1908 unum
2752 1851 3087 1907 individuum
3119 1863 3239 1905 esse
3259 1848 3515 1902 videntur
3553 1845 3619 1911 ³⁸,
3659 1828 3725 1899 ἐι

438 1950 610 2005 ctrina
682 1951 922 2007 omnium
992 1960 1087 2007 aut
1146 1967 1319 2023 paene
1385 1953 1627 2009 omnium
1689 1953 1890 2009 latialis
1928 1954 2055 2009 lin-.

440 2058 577 2113 guae
634 2051 943 2105 sanctorum
1009 2046 1391 2115 magistrorum
1452 2045 1730 2102 autoritati
1787 2046 2031 2114 resistat,

441 2131 534 2201 qui
562 2132 893 2187 unanimiter
935 2142 1055 2203 post
1078 2133 1530 2189 resurrectionem
1559 2134 1798 2189 omnium
1830 2136 2033 2190 utrius-

442 2236 548 2290 que
598 2237 760 2277 sexus
808 2224 1175 2293 integritatem
1207 2225 1461 2287 futuram
1491 2238 1611 2280 esse
1634 2236 1903 2306 asserunt,
1956 2227 2031 2282 ita

441 2323 501 2366 ut
532 2312 614 2366 vir
648 2314 700 2367 in
740 2311 970 2367 formam
1000 2314 1122 2380 viri,
1152 2315 1352 2370 lemina
1400 2316 1456 2370 in
1499 2315 1729 2372 formam
1771 2316 2057 2384 feminae,.

446 2420 569 2459 cum
591 2405 844 2461 omnibus
871 2406 914 2437 “
942 2407 1300 2476 corporalium
1327 2409 1561 2479 partium
1585 2408 2031 2481 indiciis,quibus

446 2495 683 2550 maxime
712 2505 940 2568 uterque
986 2514 1147 2555 sexus
1190 2500 1550 2567 discernitur,
1594 2503 1811 2569 redeat,
1845 2520 1910 2559 ac
1951 2504 2030 2559 sic

444 2586 557 2642 sive
581 2586 635 2641 in
666 2587 855 2656 gloria,
889 2588 1003 2644 sive
1032 2606 1086 2645 in
1113 2606 1285 2661 poena
1313 2592 1663 2648 aeternaliter
1690 2602 2026 2664 permaneat,

444 2678 490 2732 si
517 2687 694 2733 tamen
725 2688 947 2736 aeterna
975 2697 1146 2752 poena
1173 2684 1529 2754 corporaliter
1553 2684 1733 2740 futura
1767 2687 1857 2752 sit,
1889 2687 2030 2742 sicut

444 2778 665 2825 aeterna
691 2770 879 2842 gloria,
908 2773 974 2829 de
994 2789 1101 2846 qua
1133 2775 1174 2807 ¹²
1197 2776 1518 2846 quaestione
1540 2776 1594 2831 in
1618 2777 1806 2847 quinto
1829 2786 2031 2833 tracta-

447 2865 647 2922 bimus.
692 2866 872 2924 Multis
896 2869 1041 2924 enim
1090 2868 1307 2925 videtur
1352 2870 1737 2941 incongruum,
1789 2880 2032 2927 coaeter-

446 2973 568 3012 nam
591 2958 908 3015 beatitudini
934 2960 1210 3017 miseriam
1234 2960 1353 3017 fore
1371 2962 1625 3028 credere;
1658 2961 1854 3033 quibus
1868 2978 2032 3017 evan-

445 3048 653 3118 gelicus
675 3065 854 3105 sermo
877 3050 1090 3106 videtur
1116 3053 1393 3118 resistere,
1424 3054 1514 3123 qui
1539 3054 1614 3108 ait
1638 3073 1652 3109 :
1683 3054 1788 3122 Ite,
1812 3053 2035 3109 maledi-

446 3142 537 3207 cti,
564 3143 619 3196 in
644 3143 814 3212 ignem
844 3152 1135 3199 aeternum.
1178 3145 1345 3212 Haec,
1376 3156 1436 3201 ut
1464 3147 1596 3213 dixi,
1642 3148 1695 3203 in
1737 3148 2031 3219 praedictis

446 3233 872 3288 substantiarum
901 3232 1169 3290 factarum
1198 3251 1228 3291 a
1254 3237 1365 3292 Deo
1406 3237 1763 3295 divisionibus
1798 3242 2034 3297 maxime

448 3320 582 3375 mihi
608 3325 920 3393 scrupulum
948 3325 1221 3396 ingerunt.
1244 3328 1322 3383 De
1349 3330 1522 3385 reditu
1545 3339 1726 3387 autem
1744 3347 1811 3387 ac
1832 3334 2038 3388 aduna-

452 3410 596 3467 tione
608 3413 986 3485 quicquid-jam
1015 3434 1043 3471 a
1076 3428 1128 3474 te
1151 3420 1355 3475 dictum
1379 3430 1479 3489 est,
1503 3421 1700 3478 durum
1730 3426 2041 3497 mihiatque

454 3503 744 3562 obscurum
758 3507 1135 3567 universaliter
1150 3528 1270 3569 esse
1292 3514 1487 3572 fateor.
1503 3516 1620 3572 Non
1641 3519 1785 3573 enim
1807 3519 1953 3575 clare
1968 3522 2042 3576 vi-

449 3595 572 3663 deo,
596 3600 866 3668 quomodo
882 3605 1161 3675 utriusque
1182 3619 1347 3663 sexus
1375 3607 1644 3664 humanae
1663 3619 1895 3668 naturae
1911 3612 2042 3669 adu-

452 3690 601 3744 natio
628 3690 685 3746 in
714 3692 954 3763 Christo,
998 3697 1229 3765 primum
1256 3714 1324 3754 ex
1354 3700 1399 3732 ¹³
1427 3703 1655 3757 mortuis
1704 3712 2038 3775 resurgente,

449 3781 592 3838 facta
610 3792 715 3852 est,
736 3793 792 3841 et
810 3786 863 3841 in
879 3790 1131 3846 omnibus
1151 3791 1458 3849 hominibus
1481 3794 1631 3851 linito
1647 3798 1847 3851 mundo
1861 3798 2042 3854 futura

453 3876 544 3931 sit.
577 3877 634 3933 ιη
661 3880 853 3936 eodem
880 3882 1024 3938 enim
1049 3900 1199 3952 sexu,
1219 3901 1326 3957 quo
1343 3888 1395 3943 in
1418 3904 1582 3946 carne
1597 3891 2040 3958 vixit,Christum

453 3969 725 4027 credimus
755 3976 1143 4044 resurrexisse,
1171 3994 1489 4052 semperque
1511 3997 1833 4053 permanere
1849 3994 1905 4040 et
1925 4001 2045 4056 per-

452 4078 769 4121 mansurum
796 4082 936 4124 esse.
952 4068 1084 4138 Quis
1098 4080 1278 4128 autem
1294 4073 1531 4144 negabit,
1554 4075 1762 4131 virilem
1784 4091 1976 4131 sexum
1999 4076 2044 4109 η

455 4157 630 4228 ipsum
675 4159 843 4218 fuisse
883 4164 1129 4220 indutum
1162 4165 1226 4233 ¹⁸,
1284 4169 1597 4239 priusquam
1650 4181 1931 4239 pateretur
1987 4180 2043 4228 et

457 4256 807 4323 resurgeret?
840 4254 1099 4311 Similiter
1126 4259 1289 4314 etiam
1320 4261 1613 4328 credimus,
1643 4276 1833 4319 omnes
1860 4263 2039 4319 homi-

456 4358 552 4398 nes
576 4345 629 4399 in
643 4346 831 4407 eodem
852 4361 1007 4414 sexu,
1025 4348 1076 4403 in
1094 4365 1200 4419 quo
1225 4351 1444 4417 cadunt,
1474 4362 1877 4410 resurrecturos
1899 4369 2041 4411 esse.

455 4436 732 4501 Quomodo
764 4438 913 4492 orbis
943 4439 987 4470 “
1014 4449 1282 4496 terrarum
1304 4442 1578 4513 paradiso,
1614 4452 1864 4516 terraque
1890 4446 2042 4502 unita

455 4526 875 4592 caelo,omnis"
905 4532 1175 4588 sensibilis
1201 4542 1450 4589 creatura
1468 4535 1810 4605 intelligibili,
1833 4546 1889 4595 et
1910 4539 2045 4595 haec

454 4619 636 4673 omnia
664 4619 774 4675 Deo
804 4622 1218 4692 copulabuntur,
1245 4626 1316 4680 ita
1353 4635 1410 4681 ut
1441 4643 1605 4682 unum
1633 4629 1764 4697 sint,
1788 4630 2041 4703 nullaque

457 4712 513 4768 in
555 4714 636 4769 eis
669 4713 956 4772 diversitas
1004 4720 1304 4788 appareat?
1330 4720 1394 4775 Et
1439 4722 1674 4777 maxime
1707 4723 1860 4792 illud,
1897 4726 2040 4795 quod

457 4804 756 4875 promisisti
784 4816 891 4865 ate
919 4810 1340 4882 explanandum,
1368 4814 1471 4870 hoc
1487 4825 1591 4884 est,
1621 4820 1892 4888 quomodo
1916 4835 2039 4875 om-

2138 1956 2283 2003 snnt.
2315 1946 2449 2002 Nam
2494 1955 2759 2017 quantum
2804 1943 3107 2000 exteriores
3139 1951 3389 2005 naturae,
3438 1936 3723 1993 sensibiles

2136 2039 2257 2094 dico
2287 2048 2449 2108 atque
2477 2051 2768 2107 corporeas
2790 2036 2857 2100 ²¹,
2886 2034 3021 2090 locis
3042 2031 3481 2103 temporibusque
3500 2026 3728 2082 ceterisp

2133 2144 2239 2201 que
2267 2129 2638 2186 accidentibus
2662 2126 2861 2182 variari
2887 2132 3166 2196 appetunt,
3197 2124 3251 2177 in
3267 2122 3350 2177 his
3374 2120 3518 2175 enim
3533 2134 3722 2174 eorum

2132 2222 2478 2292 pulchritudo
2512 2222 2751 2277 maxime
2799 2219 3023 2284 arridet,
3058 2217 3289 2285 ideoque
3333 2229 3364 2268 a
3411 2210 3723 2269 carnalibus

2134 2315 2349 2379 aniu‘iis,
2383 2314 2537 2384 longe
2560 2329 2591 2367 a
2612 2312 2840 2368 veritate
2869 2319 2925 2364 et
2949 2310 3159 2363 unitate
3180 2304 3527 2369 distantibus,
3561 2304 3725 2372 inque

2136 2407 2508 2477 temporalium
2544 2421 2725 2461 rerum
2751 2402 3199 2459 numerositatem
3242 2396 3477 2463 diffusis,
3526 2396 3724 2450 intent-

2131 2508 2319 2569 perate
2376 2499 2764 2569 luxurioseque
2820 2504 3094 2559 amantur,
3139 2500 3349 2547 tantum
3404 2487 3725 2551 interiores,

2132 2592 2239 2648 hoc
2267 2600 2373 2658 est,
2402 2590 2767 2661 intelligibiles
2797 2587 3068 2643 essentiae
3094 2582 3393 2654 simplicem
3416 2581 3499 2637 sui
3531 2578 3726 2634 indivi-

2131 2687 2405 2758 duamque
2437 2688 2698 2741 unitatem
2728 2686 2781 2739 in
2805 2684 2997 2754 seipsis
3018 2690 3073 2736 et
3101 2681 3244 2735 inter
3269 2680 3479 2750 seipsas
3509 2679 3724 2746 insepa-

2134 2781 2384 2837 rabiliter
2412 2781 2458 2810 “
2487 2780 2798 2841 ostendunt,
2842 2791 2907 2832 ac
2934 2774 2980 2805 ’³
3006 2789 3104 2844 per
3144 2773 3246 2828 hoc
3273 2770 3582 2840 sapientum
3611 2766 3727 2820 ani-

2134 2888 2253 2929 mos
2283 2871 2737 2944 pulchritudinem
2773 2867 3093 2923 harmoniae
3120 2863 3509 2933 societatisque
3534 2875 3726 2915 earum

2133 2965 2564 3035 contemplantes
2577 2961 2865 3017 delectant.
2902 2958 3107 3027 Quibus
3132 2972 3199 3012 ex
3226 2953 3467 3011 instabili
3492 2952 3730 3008 diversa.

2135 3075 2239 3129 quc
2269 3059 2507 3114 locorum
2537 3071 2599 3112 ac
2629 3064 2930 3126 temporum
2956 3051 3218 3107 varietate
3241 3045 3614 3111 redeuntibus,
3637 3059 3729 3100 so-

2139 3150 2239 3205 lius
2267 3149 2489 3204 unitatis
2507 3146 2554 3178 ²¹⁵
2600 3144 3057 3215 immutabilisque
3079 3141 3327 3198 veritatis
3344 3135 3731 3207 contemplatio

2140 3244 2440 3315 praemium
2474 3239 2827 3312 promittitur.
2860 3236 2976 3292 Non
3001 3235 3145 3291 enim
3174 3232 3439 3291 caelestes
3471 3230 3724 3290 virtutes,

2140 3350 2276 3404 quas
2290 3332 2457 3386 variis
2483 3330 2941 3386 nominationibus
2970 3328 3252 3397 Scriptura
3278 3339 3432 3380 sacra
3461 3321 3729 3384 nominat,

2144 3432 2289 3485 hunc
2312 3428 2361 3460 ³⁸
2391 3427 2651 3482 mundum
2678 3424 2946 3481 visibilem
2974 3423 3317 3477 extrinsecus
3342 3417 3734 3488 corporeisque

2141 3522 2392 3577 sensibus
2422 3519 2620 3575 intueri
2652 3519 2953 3574 crcdendas
2978 3530 3101 3572 esse
3130 3514 3382 3570 aestimo.
3414 3509 3528 3565 Nec
3551 3519 3731 3562 tamen

2142 3628 2235 3668 eas
2272 3612 2496 3667 omnino
2527 3612 2780 3682 ignorare
2815 3617 2899 3664 est
2923 3607 2967 3639 “
2998 3606 3329 3679 putandum,
3372 3602 3590 3675 quando
3635 3614 3735 3669 per

2145 3720 2239 3761 eas
2282 3704 2398 3775 regi
2429 3718 2495 3760 ac
2542 3702 2845 3758 ministrari
2889 3702 3025 3756 haec
3073 3700 3255 3756 omnia
3298 3697 3531 3754 visibilis
3574 3708 3733 3749 sacra

2147 3800 2341 3855 edocet
2365 3798 2593 3855 historia
2620 3796 2865 3868 ".Leges
2889 3795 3157 3866 siquidem
3171 3793 3389 3849 divinae
3403 3806 3499 3863 per
3512 3788 3735 3859 angelos

2145 3892 2558 3948 administratae
2593 3900 2740 3956 sunt,
2767 3891 3032 3945 bonorum
3047 3889 3094 3928 ’⁸
3109 3886 3384 3942 hominum
3408 3900 3592 3940 mores
3615 3898 3739 3938 cor-

2147 3984 2304 4049 recti,
2333 3983 2602 4049 ordinati,
2641 3996 2673 4036 a
2715 3982 2901 4052 pravis
2927 3980 3034 4036 viis
3078 3978 3289 4034 reducti
3346 3973 3738 4045 multiplicibus

2146 4080 2363 4135 divinae
2394 4077 2767 4150 providentiae
2808 4074 3071 4131 doctrinis
3092 4071 3401 4138 exercitati,
3440 4070 3509 4125 ad
3550 4069 3735 4140 pristi-

2147 4190 2275 4229 num
2306 4182 2535 4228 naturae
2570 4172 2788 4226 modum
2820 4178 3180 4234 revocantur;
3212 4167 3306 4223 sed
3332 4165 3387 4221 in
3424 4163 3668 4220 aeternis
3690 4162 3735 4193 ”

2148 4266 2349 4331 causis,
2397 4279 2534 4334 quas
2574 4263 2723 4334 ipsae
2758 4260 3113 4316 aeternaliter
3154 4258 3539 4319 considerant,
3594 4254 3741 4310 hunc

2147 4361 2407 4417 mundum
2443 4400 2458 4422 ,
2506 4372 2668 4429 quem
2742 4356 3070 4428 gubernant,
3143 4362 3404 4422 quantum
3459 4349 3541 4405 eis
3607 4346 3740 4403 sini-

2150 4462 2236 4509 tur
2265 4493 2281 4520 ,
2357 4451 2730 4523 perspiciunt,
2802 4464 2911 4504 non
2964 4447 3207 4503 locorum
3247 4443 3437 4514 spatiis
3481 4441 3735 4506 divisum,

2151 4563 2260 4603 non
2287 4546 2454 4602 variis
2498 4554 2805 4614 temporum
2852 4541 3091 4596 motibus
3126 4537 3464 4600 distinctum,
3497 4550 3605 4589 non
3633 4549 3749 4587 nn-..

2150 4637 2467 4694 merositate
2496 4637 2734 4707 partium
2757 4649 2979 4690 suarum
3002 4631 3329 4701 dispersum,
3358 4643 3466 4685 non
3508 4625 3741 4696 qualita-

2151 4741 2263 4785 tum
2294 4730 2728 4800 quantitatumve
2754 4724 3142 4795 multiplicibus
3162 4719 3482 4778 dilferentiis
3508 4716 3741 4774 dissimi-

2149 4820 2278 4889 lem,
2304 4837 2412 4877 non
2441 4819 2599 4877 molis
2626 4817 3001 4890 magnitudine
3032 4814 3324 4881 tumidum,
3371 4826 3481 4866 non
3511 4806 3744 4866 diversis

1762 4977 2014 5036 VARIAE
2052 4977 2438 5038 LECTIOLVES

535 5103 814 5188 LSie
852 5120 952 5180 pro
1007 5125 1112 5164 non
1166 5120 1403 5188 erumpat
1433 5112 1750 5188 dicturusA
1780 5126 2118 5188 prorumpat;
2159 5119 2203 5173 D
2233 5134 2338 5175 non
2390 5124 2638 5188 erumpat
2677 5117 2853 5174 dictis.
2958 5118 2979 5150 ²
3008 5116 3100 5173 Sic
3140 5111 3306 5180 CDE;
3345 5111 3388 5165 A
3418 5118 3465 5165 et
3490 5108 3739 5188 feminae.

464 5174 486 5206 ³
517 5174 609 5233 Sic
639 5177 778 5233 ΑΒΕ
806 5196 821 5247 ;
852 5174 1036 5235 ἐοεαε
1096 5198 1207 5237 om.
1255 5174 1325 5238 CI
1440 5182 1463 5214 "
1489 5183 1581 5240 Sic
1608 5184 1729 5249 CE;
1780 5174 1823 5239 Ἀ

462 5249 760 5320 auferetur.
886 5250 908 5283 “
956 5251 1046 5308 Sic
1094 5252 1264 5318 CDE;
1336 5254 1384 5309 Α
1434 5255 1524 5309 At.

632 5340 676 5395 A
707 5350 794 5415 et.
922 5346 943 5378 ’
988 5344 1092 5399 sive
1150 5344 1364 5399 visibilis
1408 5376 1477 5387 —
1532 5356 1755 5415 tempore
1806 5362 1915 5402 om.
1964 5348 2027 5404 E.

470 5409 637 5478 CDE;
689 5413 731 5466 Α
774 5415 1025 5469 omnium.
1142 5415 1185 5446 ¹²
1232 5417 1323 5470 Sic
1369 5415 1531 5481 CDE;
1580 5409 1642 5468 A'
1675 5415 1781 5471 Sed
1825 5418 1890 5471 de
1932 5418 2049 5473 hac.

470 5482 517 5513 ”
566 5483 656 5537 Sic
702 5483 865 5547 CDE;
911 5486 955 5539 A
1003 5485 1337 5541 induturum.

470 5551 514 5628 ξ⁸
555 5554 653 5628 Sic
851 5555 1078 5628 _A_n_iltil,
1109 5558 1149 5610 Ε
1178 5558 1429 5628 nihilque.

468 5620 564 5697 les.
638 5626 683 5657 ³²
702 5626 799 5697 Sic
824 5625 1001 5697 AACE;
1042 5620 1085 5681 Ι)
1123 5620 1544 5697 inseparabilem.

464 5694 631 5780 hunc.
707 5695 755 5728 “
779 5695 870 5780 Sic
900 5694 1421 5780 EDElgt‘Aiguorare
1450 5701 1799 5780 omniuoh(cst
1842 5720 1954 5760 om.
1978 5694 2067 5777 Ἀ).
2129 5694 2190 5780 ι²ί
2225 5704 2315 5759 Sic
2353 5704 2515 5771 CDE;
2556 5704 2603 5759 A
2637 5694 2937 5775 Scriptura.

462 5765 748 5819 bonorum.
824 5767 870 5800 ”
900 5766 989 5823 Sic
1029 5768 1147 5834 CE;
1198 5765 1424 5827 aeternis
1459 5787 1569 5829 om.
1620 5765 1731 5829 AD.

1447 5485 1810 5560 tOr‘SipACDE‘;
1843 5491 1887 5542 A
1920 5493 2190 5557 quomodo
2214 5534 2228 5557 .

1507 5558 1549 5589 ¹⁹
1577 5558 1668 5612 Sic
1712 5558 1875 5622 ACE;
1922 5561 1963 5615 D
2013 5558 2376 5617 immutabilis.
2454 5564 2499 5593 ³⁰
2527 5562 2619 5616 Sic
2658 5562 2826 5626 CDE;
2860 5563 2905 5615 A
2959 5562 3204 5616 uidentur
3226 5576 3356 5616 esse.

1622 5628 1667 5660 ³³
1700 5627 1791 5685 Sic
1824 5630 1990 5700 CDE;
2035 5638 2081 5691 Α
2111 5645 2285 5704 atque.
2360 5633 2409 5664 "
2436 5632 2527 5688 Sic
2571 5633 2649 5697 A;
2691 5633 2826 5687 (ΖΗΕ
2860 5634 3081 5688 unitate.

1872 5182 2186 5256 peniius‘ab
2241 5192 2473 5244 humana
2526 5182 2579 5244 ᾱ.
2629 5205 2720 5254 a.;
2776 5189 2819 5242 Ι)
2874 5188 2938 5243 ab
2994 5190 3228 5242 humana
3282 5193 3477 5256 natura
3535 5182 3742 5256 penitus

1648 5256 1669 5285 ⁸
1712 5256 1803 5312 Sic
1851 5257 2033 5325 CDE;
2087 5258 2135 5313 Α
2181 5260 2557 5329 differentium.

2682 5250 2709 5292 τ’
2749 5258 2841 5315 Sic
2883 5258 3006 5324 AD;
3076 5260 3118 5315 c
3165 5255 3445 5334 sensibilis.
3540 5250 3596 5283 ίε
3653 5250 3746 5305 Sic

2143 5349 2199 5431 ‘.°.
2236 5348 2333 5431 sic
2382 5348 2545 5431 99?:
2607 5347 2654 5431 ᾼ
2694 5349 3016 5431 quantitates
3068 5348 3538 5431 castitatisque...
3577 5341 3618 5373 “
3653 5340 3744 5394 δίο

2157 5419 2200 5452 ιδ
2235 5420 2327 5475 Sic
2379 5411 2543 5485 cole;
2595 5420 2640 5472 A
2679 5411 2731 5475 α’.
2844 5418 2887 5451 ιι
2942 5419 3033 5473 Sic
3079 5411 3245 5484 CDE;
3303 5411 3539 5470 A'virili
3593 5427 3741 5465 sexu.

2157 5508 2228 5552 ο.
2272 5508 2501 5552 quaeso,
2547 5492 2695 5545 orbis
2745 5500 2851 5546 cet.
2954 5492 2994 5522 ¹⁷
3025 5490 3117 5547 Sic
3164 5488 3329 5552 CDE;
3366 5483 3413 5539 A
3451 5483 3739 5552 omnisque.

2272 5508 2501 5561 quaeso,
2547 5492 2695 5545 orbis
2745 5500 2851 5546 cet.

3428 5554 3473 5584 ²¹
3492 5568 3745 5622 corpora—

3162 5633 3211 5663 “
3241 5632 3334 5687 Sic
3372 5625 3537 5689 CDE;
3570 5623 3616 5676 A
3658 5637 3750 5692 per

3037 5705 3083 5737 ⁸⁸
3117 5703 3213 5760 Sic
3254 5700 3425 5763 CDE;
3470 5697 3513 5749 A
3560 5694 3746 5765 quibus

2274 5909 2345 5931 δι’.
