  <div class='ocr_page' id='page_1' title='image "/cluster/home/n/w/nwhite01/storage/ocr_20150623/122/hvd.32044015471659/310.png"; bbox 0 0 4064 6292; ppageno 0'>
   <div class='ocr_carea' id='block_1_1' title="bbox 238 353 346 409">
    <p class='ocr_par' dir='ltr' id='par_1_1' title="bbox 238 353 346 409">
     <span class='ocr_line' id='line_1_1' title="bbox 238 353 346 409; baseline 0 -2"><span class='ocrx_word' id='word_1_1' title='bbox 238 353 346 409; x_wconf 77' lang='grc'><strong>545</strong></span> 
     </span>
    </p>
   </div>
   <div class='ocr_carea' id='block_1_2' title="bbox 1056 347 2682 410">
    <p class='ocr_par' dir='ltr' id='par_1_2' title="bbox 1056 347 2682 410">
     <span class='ocr_line' id='line_1_2' title="bbox 1056 347 2682 410; baseline 0.002 -4"><span class='ocrx_word' id='word_1_2' title='bbox 1056 350 1144 406; x_wconf 89' lang='lat' dir='ltr'><strong>DE</strong></span> <span class='ocrx_word' id='word_1_3' title='bbox 1183 349 1523 408; x_wconf 84' lang='lat' dir='ltr'><strong>DlVlSlONE</strong></span> <span class='ocrx_word' id='word_1_4' title='bbox 1562 348 1913 407; x_wconf 79' lang='lat' dir='ltr'><strong>NATURAE.</strong></span> <span class='ocrx_word' id='word_1_5' title='bbox 1953 378 2021 394; x_wconf 64' lang='grc' dir='ltr'><strong>-ν</strong></span> <span class='ocrx_word' id='word_1_6' title='bbox 2063 347 2261 404; x_wconf 78' lang='lat' dir='ltr'><strong>LIBER</strong></span> <span class='ocrx_word' id='word_1_7' title='bbox 2302 351 2682 410; x_wconf 86' lang='lat' dir='ltr'><strong>SECUNDUS.</strong></span> 
     </span>
    </p>
   </div>
   <div class='ocr_carea' id='block_1_3' title="bbox 3403 358 3505 416">
    <p class='ocr_par' dir='ltr' id='par_1_3' title="bbox 3403 358 3505 416">
     <span class='ocr_line' id='line_1_3' title="bbox 3403 358 3505 416; baseline 0.029 -3"><span class='ocrx_word' id='word_1_8' title='bbox 3403 358 3505 416; x_wconf 74' lang='grc'><strong>546</strong></span> 
     </span>
    </p>
   </div>
   <div class='ocr_carea' id='block_1_4' title="bbox 240 456 3504 542">
    <p class='ocr_par' dir='ltr' id='par_1_4' title="bbox 240 456 3504 542">
     <span class='ocr_line' id='line_1_4' title="bbox 240 456 3504 542; baseline 0.002 -20"><span class='ocrx_word' id='word_1_9' title='bbox 240 456 615 538; x_wconf 83' lang='lat' dir='ltr'><strong>longitudinis,</strong></span> <span class='ocrx_word' id='word_1_10' title='bbox 642 463 962 530; x_wconf 79' lang='lat' dir='ltr'><strong>latitudinis,</strong></span> <span class='ocrx_word' id='word_1_11' title='bbox 1007 464 1414 534; x_wconf 85' lang='lat' dir='ltr'><strong>altitudinisque</strong></span> <span class='ocrx_word' id='word_1_12' title='bbox 1448 465 1462 495; x_wconf 78' lang='grc'><strong><em>⁸</em></strong></span> <span class='ocrx_word' id='word_1_13' title='bbox 1490 465 1681 534; x_wconf 89' lang='lat' dir='ltr'><strong>spatiis</strong></span> <span class='ocrx_word' id='word_1_14' title='bbox 1716 465 1822 518; x_wconf 88' lang='lat' dir='ltr'><strong>dis—</strong></span> <span class='ocrx_word' id='word_1_15' title='bbox 1849 470 1898 527; x_wconf 83' lang='grc' dir='ltr'>Α</span> <span class='ocrx_word' id='word_1_16' title='bbox 1930 474 2026 529; x_wconf 86' lang='lat' dir='ltr'><strong>tes,</strong></span> <span class='ocrx_word' id='word_1_17' title='bbox 2053 466 2258 520; x_wconf 85' lang='lat' dir='ltr'><strong>caelum</strong></span> <span class='ocrx_word' id='word_1_18' title='bbox 2296 467 2417 523; x_wconf 87' lang='lat' dir='ltr'><strong>dico</strong></span> <span class='ocrx_word' id='word_1_19' title='bbox 2450 478 2504 522; x_wconf 90' lang='lat' dir='ltr'><strong>et</strong></span> <span class='ocrx_word' id='word_1_20' title='bbox 2536 477 2734 523; x_wconf 83' lang='lat' dir='ltr'><strong>terrain</strong></span> <span class='ocrx_word' id='word_1_21' title='bbox 2762 470 2824 533; x_wconf 67' lang='grc' dir='ltr'>η,</span> <span class='ocrx_word' id='word_1_22' title='bbox 2878 470 3038 524; x_wconf 85' lang='lat' dir='ltr'><strong>veluti</strong></span> <span class='ocrx_word' id='word_1_23' title='bbox 3076 471 3215 526; x_wconf 86' lang='lat' dir='ltr'><strong>inter</strong></span> <span class='ocrx_word' id='word_1_24' title='bbox 3243 487 3378 542; x_wconf 91' lang='lat' dir='ltr'><strong>quos</strong></span> <span class='ocrx_word' id='word_1_25' title='bbox 3401 474 3504 527; x_wconf 78' lang='lat' dir='ltr'><strong>lani</strong></span> 
     </span>
    </p>
   </div>
   <div class='ocr_carea' id='block_1_5' title="bbox 244 555 1828 626">
    <p class='ocr_par' dir='ltr' id='par_1_5' title="bbox 244 555 1828 626">
     <span class='ocr_line' id='line_1_5' title="bbox 244 555 1828 626; baseline -0.004 -11"><span class='ocrx_word' id='word_1_26' title='bbox 244 569 481 625; x_wconf 87' lang='lat' dir='ltr'><strong>tentum,</strong></span> <span class='ocrx_word' id='word_1_27' title='bbox 526 559 621 614; x_wconf 87' lang='lat' dir='ltr'><strong>sed</strong></span> <span class='ocrx_word' id='word_1_28' title='bbox 650 566 821 613; x_wconf 91' lang='lat' dir='ltr'><strong>totum</strong></span> <span class='ocrx_word' id='word_1_29' title='bbox 846 556 1008 611; x_wconf 80' lang='lat' dir='ltr'><strong>simul</strong></span> <span class='ocrx_word' id='word_1_30' title='bbox 1050 555 1475 626; x_wconf 73' lang='lat' dir='ltr'><strong>simpliciterque</strong></span> <span class='ocrx_word' id='word_1_31' title='bbox 1502 557 1555 611; x_wconf 91' lang='lat' dir='ltr'><strong>in</strong></span> <span class='ocrx_word' id='word_1_32' title='bbox 1584 556 1698 612; x_wconf 84' lang='lat' dir='ltr'><strong>suis</strong></span> <span class='ocrx_word' id='word_1_33' title='bbox 1744 571 1828 610; x_wconf 87' lang='lat' dir='ltr'><strong>ra-</strong></span> 
     </span>
    </p>
   </div>
   <div class='ocr_carea' id='block_1_6' title="bbox 240 647 1829 716">
    <p class='ocr_par' dir='ltr' id='par_1_6' title="bbox 240 647 1829 716">
     <span class='ocr_line' id='line_1_6' title="bbox 240 647 1829 716; baseline -0.001 -13"><span class='ocrx_word' id='word_1_34' title='bbox 240 651 487 705; x_wconf 80' lang='lat' dir='ltr'><strong>tionibus</strong></span> <span class='ocrx_word' id='word_1_35' title='bbox 526 647 939 703; x_wconf 87' lang='lat' dir='ltr'><strong>immutabiliter</strong></span> <span class='ocrx_word' id='word_1_36' title='bbox 972 647 1381 702; x_wconf 75' lang='lat' dir='ltr'><strong>subsistentem.</strong></span> <span class='ocrx_word' id='word_1_37' title='bbox 1425 648 1502 703; x_wconf 90' lang='lat' dir='ltr'><strong>De</strong></span> <span class='ocrx_word' id='word_1_38' title='bbox 1550 647 1829 716; x_wconf 82' lang='lat' dir='ltr'><strong>his-igitur</strong></span> 
     </span>
    </p>
   </div>
   <div class='ocr_carea' id='block_1_7' title="bbox 239 739 1830 811">
    <p class='ocr_par' dir='ltr' id='par_1_7' title="bbox 239 739 1830 811">
     <span class='ocr_line' id='line_1_7' title="bbox 239 739 1830 811; baseline -0.002 -14"><span class='ocrx_word' id='word_1_39' title='bbox 239 743 492 799; x_wconf 85' lang='lat' dir='ltr'><strong>obscuris</strong></span> <span class='ocrx_word' id='word_1_40' title='bbox 512 739 942 811; x_wconf 83' lang='lat' dir='ltr'><strong>quaestionibus,</strong></span> <span class='ocrx_word' id='word_1_41' title='bbox 969 753 1110 807; x_wconf 89' lang='lat' dir='ltr'><strong>quae</strong></span> <span class='ocrx_word' id='word_1_42' title='bbox 1148 753 1245 808; x_wconf 89' lang='lat' dir='ltr'><strong>per</strong></span> <span class='ocrx_word' id='word_1_43' title='bbox 1270 739 1536 808; x_wconf 88' lang='lat' dir='ltr'><strong>meipsum</strong></span> <span class='ocrx_word' id='word_1_44' title='bbox 1571 739 1638 793; x_wconf 90' lang='lat' dir='ltr'><strong>ad</strong></span> <span class='ocrx_word' id='word_1_45' title='bbox 1667 739 1830 809; x_wconf 83' lang='lat' dir='ltr'><strong>liqui-</strong></span> 
     </span>
    </p>
   </div>
   <div class='ocr_carea' id='block_1_8' title="bbox 240 827 1828 899">
    <p class='ocr_par' dir='ltr' id='par_1_8' title="bbox 240 827 1828 899">
     <span class='ocr_line' id='line_1_8' title="bbox 240 827 1828 899; baseline -0.001 -13"><span class='ocrx_word' id='word_1_46' title='bbox 240 835 372 886; x_wconf 85' lang='lat' dir='ltr'><strong>dum</strong></span> <span class='ocrx_word' id='word_1_47' title='bbox 399 830 594 886; x_wconf 88' lang='lat' dir='ltr'><strong>intueri</strong></span> <span class='ocrx_word' id='word_1_48' title='bbox 618 844 852 899; x_wconf 87' lang='lat' dir='ltr'><strong>nequeo,</strong></span> <span class='ocrx_word' id='word_1_49' title='bbox 898 827 1224 884; x_wconf 86' lang='lat' dir='ltr'><strong>luculentius</strong></span> <span class='ocrx_word' id='word_1_50' title='bbox 1265 838 1391 883; x_wconf 32' lang='lat' dir='ltr'><strong>a‘te</strong></span> <span class='ocrx_word' id='word_1_51' title='bbox 1414 829 1828 885; x_wconf 80' lang='lat' dir='ltr'><strong>discernendum</strong></span> 
     </span>
    </p>
   </div>
   <div class='ocr_carea' id='block_1_9' title="bbox 239 900 1830 988">
    <p class='ocr_par' dir='ltr' id='par_1_9' title="bbox 239 900 1830 988">
     <span class='ocr_line' id='line_1_9' title="bbox 239 900 1830 988; baseline -0.001 -12"><span class='ocrx_word' id='word_1_52' title='bbox 239 934 366 976; x_wconf 85' lang='lat' dir='ltr'><strong>esse</strong></span> <span class='ocrx_word' id='word_1_53' title='bbox 395 922 417 951; x_wconf 88' lang='grc'>¹</span> <span class='ocrx_word' id='word_1_54' title='bbox 449 918 807 977; x_wconf 85' lang='lat' dir='ltr'><strong>aestimarim.</strong></span> <span class='ocrx_word' id='word_1_55' title='bbox 838 900 957 973; x_wconf 69' lang='lat' dir='ltr'><strong>Tuo</strong></span> <span class='ocrx_word' id='word_1_56' title='bbox 1003 926 1182 973; x_wconf 88' lang='lat' dir='ltr'><strong>tamen</strong></span> <span class='ocrx_word' id='word_1_57' title='bbox 1211 919 1460 984; x_wconf 90' lang='lat' dir='ltr'><strong>arbitrio,</strong></span> <span class='ocrx_word' id='word_1_58' title='bbox 1488 934 1598 988; x_wconf 90' lang='lat' dir='ltr'><strong>quo</strong></span> <span class='ocrx_word' id='word_1_59' title='bbox 1640 920 1830 974; x_wconf 87' lang='lat' dir='ltr'><strong>ordine</strong></span> 
     </span>
    </p>
   </div>
   <div class='ocr_carea' id='block_1_10' title="bbox 240 996 1830 1080">
    <p class='ocr_par' dir='ltr' id='par_1_10' title="bbox 240 996 1830 1080">
     <span class='ocr_line' id='line_1_10' title="bbox 240 996 1830 1080; baseline 0.001 -16"><span class='ocrx_word' id='word_1_60' title='bbox 240 1010 571 1080; x_wconf 78' lang='lat' dir='ltr'><strong>aperiendae</strong></span> <span class='ocrx_word' id='word_1_61' title='bbox 601 1009 732 1073; x_wconf 89' lang='lat' dir='ltr'><strong>sint,</strong></span> <span class='ocrx_word' id='word_1_62' title='bbox 778 1016 988 1063; x_wconf 90' lang='lat' dir='ltr'><strong>tantum</strong></span> <span class='ocrx_word' id='word_1_63' title='bbox 1037 1018 1097 1062; x_wconf 93' lang='lat' dir='ltr'><strong>ut</strong></span> <span class='ocrx_word' id='word_1_64' title='bbox 1144 1008 1478 1079; x_wconf 84' lang='lat' dir='ltr'><strong>aperiantur,</strong></span> <span class='ocrx_word' id='word_1_65' title='bbox 1526 996 1642 1064; x_wconf 82' lang='lat' dir='ltr'><strong>sive</strong></span> <span class='ocrx_word' id='word_1_66' title='bbox 1686 1024 1830 1066; x_wconf 89' lang='lat' dir='ltr'><strong>nunc</strong></span> 
     </span>
    </p>
   </div>
   <div class='ocr_carea' id='block_1_11' title="bbox 240 1100 1375 1171">
    <p class='ocr_par' dir='ltr' id='par_1_11' title="bbox 240 1100 1375 1171">
     <span class='ocr_line' id='line_1_11' title="bbox 240 1100 1375 1171; baseline -0.001 -15"><span class='ocrx_word' id='word_1_67' title='bbox 240 1103 363 1156; x_wconf 84' lang='lat' dir='ltr'><strong>sive</strong></span> <span class='ocrx_word' id='word_1_68' title='bbox 382 1110 595 1171; x_wconf 89' lang='lat' dir='ltr'><strong>postea,</strong></span> <span class='ocrx_word' id='word_1_69' title='bbox 614 1101 759 1156; x_wconf 86' lang='lat' dir='ltr'><strong>mihi</strong></span> <span class='ocrx_word' id='word_1_70' title='bbox 790 1101 967 1155; x_wconf 90' lang='lat' dir='ltr'><strong>visum</strong></span> <span class='ocrx_word' id='word_1_71' title='bbox 998 1109 1084 1156; x_wconf 88' lang='lat' dir='ltr'><strong>est</strong></span> <span class='ocrx_word' id='word_1_72' title='bbox 1112 1100 1375 1157; x_wconf 83' lang='lat' dir='ltr'><strong>tribuere.</strong></span> 
     </span>
    </p>
   </div>
   <div class='ocr_carea' id='block_1_12' title="bbox 318 1190 1830 1260">
    <p class='ocr_par' dir='ltr' id='par_1_12' title="bbox 318 1190 1830 1260">
     <span class='ocr_line' id='line_1_12' title="bbox 318 1190 1830 1260; baseline 0 -14"><span class='ocrx_word' id='word_1_73' title='bbox 318 1190 458 1247; x_wconf 71' lang='lat' dir='ltr'><strong>MAG.</strong></span> <span class='ocrx_word' id='word_1_74' title='bbox 506 1192 584 1247; x_wconf 87' lang='lat' dir='ltr'><strong>De</strong></span> <span class='ocrx_word' id='word_1_75' title='bbox 612 1191 697 1246; x_wconf 92' lang='lat' dir='ltr'><strong>his</strong></span> <span class='ocrx_word' id='word_1_76' title='bbox 723 1191 979 1246; x_wconf 86' lang='lat' dir='ltr'><strong>omnibus</strong></span> <span class='ocrx_word' id='word_1_77' title='bbox 1004 1230 1020 1255; x_wconf 96' lang='lat'><strong>,</strong></span> <span class='ocrx_word' id='word_1_78' title='bbox 1070 1206 1243 1260; x_wconf 81' lang='lat' dir='ltr'><strong>quae,</strong></span> <span class='ocrx_word' id='word_1_79' title='bbox 1293 1200 1354 1246; x_wconf 92' lang='lat' dir='ltr'><strong>ut</strong></span> <span class='ocrx_word' id='word_1_80' title='bbox 1403 1192 1558 1256; x_wconf 91' lang='lat' dir='ltr'><strong>dicis,</strong></span> <span class='ocrx_word' id='word_1_81' title='bbox 1596 1193 1691 1248; x_wconf 83' lang='lat' dir='ltr'><strong>tibi</strong></span> <span class='ocrx_word' id='word_1_82' title='bbox 1723 1206 1830 1247; x_wconf 92' lang='lat' dir='ltr'><strong>non</strong></span> 
     </span>
    </p>
   </div>
   <div class='ocr_carea' id='block_1_13' title="bbox 241 1280 1828 1350">
    <p class='ocr_par' dir='ltr' id='par_1_13' title="bbox 241 1280 1828 1350">
     <span class='ocr_line' id='line_1_13' title="bbox 241 1280 1828 1350; baseline -0.001 -12"><span class='ocrx_word' id='word_1_83' title='bbox 241 1281 393 1338; x_wconf 89' lang='lat' dir='ltr'><strong>clare</strong></span> <span class='ocrx_word' id='word_1_84' title='bbox 422 1281 445 1312; x_wconf 89' lang='grc'><em>³</em></span> <span class='ocrx_word' id='word_1_85' title='bbox 472 1289 780 1350; x_wconf 88' lang='lat' dir='ltr'><strong>patescunt,</strong></span> <span class='ocrx_word' id='word_1_86' title='bbox 822 1280 988 1335; x_wconf 84' lang='lat' dir='ltr'><strong>alium</strong></span> <span class='ocrx_word' id='word_1_87' title='bbox 1012 1281 1316 1337; x_wconf 87' lang='lat' dir='ltr'><strong>disserendi</strong></span> <span class='ocrx_word' id='word_1_88' title='bbox 1347 1282 1522 1338; x_wconf 92' lang='lat' dir='ltr'><strong>locum</strong></span> <span class='ocrx_word' id='word_1_89' title='bbox 1565 1283 1699 1338; x_wconf 90' lang='lat' dir='ltr'><strong>ordo</strong></span> <span class='ocrx_word' id='word_1_90' title='bbox 1739 1298 1828 1337; x_wconf 89' lang='lat' dir='ltr'><strong>re-</strong></span> 
     </span>
    </p>
   </div>
   <div class='ocr_carea' id='block_1_14' title="bbox 242 1371 1835 1445">
    <p class='ocr_par' dir='ltr' id='par_1_14' title="bbox 242 1371 1835 1445">
     <span class='ocr_line' id='line_1_14' title="bbox 242 1371 1835 1445; baseline 0.002 -19"><span class='ocrx_word' id='word_1_91' title='bbox 242 1388 368 1427; x_wconf 88' lang='lat' dir='ltr'><strong>rum</strong></span> <span class='ocrx_word' id='word_1_92' title='bbox 397 1373 421 1403; x_wconf 73' lang='grc'><strong>⁸</strong></span> <span class='ocrx_word' id='word_1_93' title='bbox 446 1373 670 1441; x_wconf 79' lang='lat' dir='ltr'><strong>expetit.</strong></span> <span class='ocrx_word' id='word_1_94' title='bbox 704 1371 812 1427; x_wconf 87' lang='lat' dir='ltr'><strong>Sed</strong></span> <span class='ocrx_word' id='word_1_95' title='bbox 842 1371 930 1427; x_wconf 90' lang='lat' dir='ltr'><strong>hic</strong></span> <span class='ocrx_word' id='word_1_96' title='bbox 962 1372 1197 1428; x_wconf 81' lang='lat' dir='ltr'><strong>breviter</strong></span> <span class='ocrx_word' id='word_1_97' title='bbox 1236 1372 1669 1442; x_wconf 84' lang='lat' dir='ltr'><strong>praelibandum,</strong></span> <span class='ocrx_word' id='word_1_98' title='bbox 1698 1388 1835 1445; x_wconf 89' lang='lat' dir='ltr'><strong>quo-</strong></span> 
     </span>
    </p>
   </div>
   <div class='ocr_carea' id='block_1_15' title="bbox 239 1460 1832 1531">
    <p class='ocr_par' dir='ltr' id='par_1_15' title="bbox 239 1460 1832 1531">
     <span class='ocr_line' id='line_1_15' title="bbox 239 1460 1832 1531; baseline 0.001 -14"><span class='ocrx_word' id='word_1_99' title='bbox 239 1463 393 1517; x_wconf 90' lang='lat' dir='ltr'><strong>niam</strong></span> <span class='ocrx_word' id='word_1_100' title='bbox 422 1464 557 1518; x_wconf 89' lang='lat' dir='ltr'><strong>haec</strong></span> <span class='ocrx_word' id='word_1_101' title='bbox 579 1461 782 1525; x_wconf 83' lang='lat' dir='ltr'><strong>omnia,</strong></span> <span class='ocrx_word' id='word_1_102' title='bbox 820 1476 961 1531; x_wconf 89' lang='lat' dir='ltr'><strong>quae</strong></span> <span class='ocrx_word' id='word_1_103' title='bbox 982 1460 1217 1517; x_wconf 77' lang='lat' dir='ltr'><strong>dilﬁcilia</strong></span> <span class='ocrx_word' id='word_1_104' title='bbox 1245 1463 1341 1519; x_wconf 88' lang='lat' dir='ltr'><strong>tibi</strong></span> <span class='ocrx_word' id='word_1_105' title='bbox 1369 1464 1621 1519; x_wconf 90' lang='lat' dir='ltr'><strong>videntur</strong></span> <span class='ocrx_word' id='word_1_106' title='bbox 1645 1503 1661 1529; x_wconf 89' lang='lat'><strong>,</strong></span> <span class='ocrx_word' id='word_1_107' title='bbox 1723 1480 1832 1519; x_wconf 92' lang='lat' dir='ltr'><strong>uno</strong></span> 
     </span>
    </p>
   </div>
   <div class='ocr_carea' id='block_1_16' title="bbox 239 1552 1851 1624">
    <p class='ocr_par' dir='ltr' id='par_1_16' title="bbox 239 1552 1851 1624">
     <span class='ocr_line' id='line_1_16' title="bbox 239 1552 1851 1624; baseline 0 -16"><span class='ocrx_word' id='word_1_108' title='bbox 239 1560 571 1623; x_wconf 83' lang='lat' dir='ltr'><strong>argumento</strong></span> <span class='ocrx_word' id='word_1_109' title='bbox 598 1560 828 1623; x_wconf 89' lang='lat' dir='ltr'><strong>possunt</strong></span> <span class='ocrx_word' id='word_1_110' title='bbox 854 1552 1125 1608; x_wconf 88' lang='lat' dir='ltr'><strong>concludi.</strong></span> <span class='ocrx_word' id='word_1_111' title='bbox 1168 1552 1225 1608; x_wconf 89' lang='lat' dir='ltr'><strong>Si</strong></span> <span class='ocrx_word' id='word_1_112' title='bbox 1256 1553 1399 1610; x_wconf 91' lang='lat' dir='ltr'><strong>enim</strong></span> <span class='ocrx_word' id='word_1_113' title='bbox 1427 1552 1699 1620; x_wconf 90' lang='lat' dir='ltr'><strong>Christus,</strong></span> <span class='ocrx_word' id='word_1_114' title='bbox 1738 1556 1851 1624; x_wconf 41' lang='lat' dir='ltr'><strong>qui.</strong></span> 
     </span>
    </p>
   </div>
   <div class='ocr_carea' id='block_1_17' title="bbox 240 1642 1834 1714">
    <p class='ocr_par' dir='ltr' id='par_1_17' title="bbox 240 1642 1834 1714">
     <span class='ocr_line' id='line_1_17' title="bbox 240 1642 1834 1714; baseline 0 -15"><span class='ocrx_word' id='word_1_115' title='bbox 240 1644 430 1699; x_wconf 90' lang='lat' dir='ltr'><strong>omnia</strong></span> <span class='ocrx_word' id='word_1_116' title='bbox 452 1642 726 1714; x_wconf 82' lang='lat' dir='ltr'><strong>intelligit,</strong></span> <span class='ocrx_word' id='word_1_117' title='bbox 758 1643 925 1697; x_wconf 89' lang='lat' dir='ltr'><strong>immo</strong></span> <span class='ocrx_word' id='word_1_118' title='bbox 958 1652 1044 1698; x_wconf 90' lang='lat' dir='ltr'><strong>est</strong></span> <span class='ocrx_word' id='word_1_119' title='bbox 1070 1644 1312 1698; x_wconf 90' lang='lat' dir='ltr'><strong>omnium</strong></span> <span class='ocrx_word' id='word_1_120' title='bbox 1374 1644 1696 1707; x_wconf 81' lang='lat' dir='ltr'><strong>intellectus,</strong></span> <span class='ocrx_word' id='word_1_121' title='bbox 1747 1659 1834 1699; x_wconf 80' lang='lat' dir='ltr'><strong>re-</strong></span> 
     </span>
    </p>
   </div>
   <div class='ocr_carea' id='block_1_18' title="bbox 244 1733 1828 1804">
    <p class='ocr_par' dir='ltr' id='par_1_18' title="bbox 244 1733 1828 1804">
     <span class='ocr_line' id='line_1_18' title="bbox 244 1733 1828 1804; baseline -0.001 -15"><span class='ocrx_word' id='word_1_122' title='bbox 244 1737 366 1804; x_wconf 90' lang='lat' dir='ltr'><strong>ipsa</strong></span> <span class='ocrx_word' id='word_1_123' title='bbox 388 1735 590 1800; x_wconf 88' lang='lat' dir='ltr'><strong>omnia,</strong></span> <span class='ocrx_word' id='word_1_124' title='bbox 623 1747 765 1803; x_wconf 90' lang='lat' dir='ltr'><strong>quae</strong></span> <span class='ocrx_word' id='word_1_125' title='bbox 790 1733 1101 1803; x_wconf 86' lang='lat' dir='ltr'><strong>assumpsit,</strong></span> <span class='ocrx_word' id='word_1_126' title='bbox 1126 1734 1383 1788; x_wconf 91' lang='lat' dir='ltr'><strong>adunavit</strong></span> <span class='ocrx_word' id='word_1_127' title='bbox 1408 1751 1422 1787; x_wconf 88' lang='lat'><strong>:</strong></span> <span class='ocrx_word' id='word_1_128' title='bbox 1449 1735 1572 1804; x_wconf 88' lang='lat' dir='ltr'><strong>quis</strong></span> <span class='ocrx_word' id='word_1_129' title='bbox 1599 1735 1828 1800; x_wconf 85' lang='lat' dir='ltr'><strong>dubitet,</strong></span> 
     </span>
    </p>
   </div>
   <div class='ocr_carea' id='block_1_19' title="bbox 1927 560 3508 627">
    <p class='ocr_par' dir='ltr' id='par_1_19' title="bbox 1927 560 3508 627">
     <span class='ocr_line' id='line_1_19' title="bbox 1927 560 3508 627; baseline 0.004 -16"><span class='ocrx_word' id='word_1_130' title='bbox 1927 567 2204 613; x_wconf 82' lang='lat' dir='ltr'><strong>extremos</strong></span> <span class='ocrx_word' id='word_1_131' title='bbox 2228 560 2271 594; x_wconf 79' lang='grc' dir='ltr'><strong>ι³</strong></span> <span class='ocrx_word' id='word_1_132' title='bbox 2304 561 2584 624; x_wconf 87' lang='lat' dir='ltr'><strong>terminos,</strong></span> <span class='ocrx_word' id='word_1_133' title='bbox 2615 576 2644 613; x_wconf 92' lang='lat' dir='ltr'><strong>a</strong></span> <span class='ocrx_word' id='word_1_134' title='bbox 2680 576 2800 615; x_wconf 84' lang='lat' dir='ltr'><strong>sese</strong></span> <span class='ocrx_word' id='word_1_135' title='bbox 2829 561 3057 615; x_wconf 77' lang='lat' dir='ltr'><strong>invicem</strong></span> <span class='ocrx_word' id='word_1_136' title='bbox 3084 560 3369 627; x_wconf 86' lang='lat' dir='ltr'><strong>discretos,</strong></span> <span class='ocrx_word' id='word_1_137' title='bbox 3396 566 3508 620; x_wconf 84' lang='lat' dir='ltr'><strong>suis</strong></span> 
     </span>
    </p>
   </div>
   <div class='ocr_carea' id='block_1_20' title="bbox 1929 651 3505 723">
    <p class='ocr_par' dir='ltr' id='par_1_20' title="bbox 1929 651 3505 723">
     <span class='ocr_line' id='line_1_20' title="bbox 1929 651 3505 723; baseline 0.003 -19"><span class='ocrx_word' id='word_1_138' title='bbox 1929 651 2306 719; x_wconf 87' lang='lat' dir='ltr'><strong>medietatibus</strong></span> <span class='ocrx_word' id='word_1_139' title='bbox 2337 668 2633 721; x_wconf 78' lang='lat' dir='ltr'><strong>connexos,</strong></span> <span class='ocrx_word' id='word_1_140' title='bbox 2663 653 2820 723; x_wconf 91' lang='lat' dir='ltr'><strong>hujus</strong></span> <span class='ocrx_word' id='word_1_141' title='bbox 2869 654 3052 708; x_wconf 89' lang='lat' dir='ltr'><strong>mundi</strong></span> <span class='ocrx_word' id='word_1_142' title='bbox 3084 653 3355 710; x_wconf 90' lang='lat' dir='ltr'><strong>sensibilis</strong></span> <span class='ocrx_word' id='word_1_143' title='bbox 3384 658 3473 711; x_wconf 87' lang='lat' dir='ltr'><strong>uni</strong></span> <span class='ocrx_word' id='word_1_144' title='bbox 3493 689 3505 698; x_wconf 68' lang='grc' dir='ltr'><strong>ο</strong></span> 
     </span>
    </p>
   </div>
   <div class='ocr_carea' id='block_1_21' title="bbox 1928 742 3507 815">
    <p class='ocr_par' dir='ltr' id='par_1_21' title="bbox 1928 742 3507 815">
     <span class='ocr_line' id='line_1_21' title="bbox 1928 742 3507 815; baseline 0.001 -20"><span class='ocrx_word' id='word_1_145' title='bbox 1928 742 2240 797; x_wconf 83' lang='lat' dir='ltr'><strong>versitatem</strong></span> <span class='ocrx_word' id='word_1_146' title='bbox 2286 743 2569 798; x_wconf 91' lang='lat' dir='ltr'><strong>harmonia</strong></span> <span class='ocrx_word' id='word_1_147' title='bbox 2617 744 2849 811; x_wconf 85' lang='lat' dir='ltr'><strong>quadam</strong></span> <span class='ocrx_word' id='word_1_148' title='bbox 2881 744 3112 815; x_wconf 81' lang='lat' dir='ltr'><strong>naturali</strong></span> <span class='ocrx_word' id='word_1_149' title='bbox 3157 746 3507 815; x_wconf 84' lang='lat' dir='ltr'><strong>compositam</strong></span> 
     </span>
    </p>
   </div>
   <div class='ocr_carea' id='block_1_22' title="bbox 1929 832 3508 902">
    <p class='ocr_par' dir='ltr' id='par_1_22' title="bbox 1929 832 3508 902">
     <span class='ocr_line' id='line_1_22' title="bbox 1929 832 3508 902; baseline 0.004 -17"><span class='ocrx_word' id='word_1_150' title='bbox 1929 832 2395 902; x_wconf 84' lang='lat' dir='ltr'><strong>coadunatamqne</strong></span> <span class='ocrx_word' id='word_1_151' title='bbox 2423 849 2543 889; x_wconf 89' lang='lat' dir='ltr'><strong>esse</strong></span> <span class='ocrx_word' id='word_1_152' title='bbox 2578 835 2745 888; x_wconf 84' lang='lat' dir='ltr'><strong>certis</strong></span> <span class='ocrx_word' id='word_1_153' title='bbox 2793 834 3094 889; x_wconf 86' lang='lat' dir='ltr'><strong>rationibus</strong></span> <span class='ocrx_word' id='word_1_154' title='bbox 3122 837 3369 892; x_wconf 86' lang='lat' dir='ltr'><strong>edocent.</strong></span> <span class='ocrx_word' id='word_1_155' title='bbox 3403 837 3508 892; x_wconf 87' lang='lat' dir='ltr'><strong>Sed</strong></span> 
     </span>
    </p>
   </div>
   <div class='ocr_carea' id='block_1_23' title="bbox 1931 922 3513 997">
    <p class='ocr_par' dir='ltr' id='par_1_23' title="bbox 1931 922 3513 997">
     <span class='ocr_line' id='line_1_23' title="bbox 1931 922 3513 997; baseline 0.006 -23"><span class='ocrx_word' id='word_1_156' title='bbox 1931 922 2148 992; x_wconf 79' lang='lat' dir='ltr'><strong>longum</strong></span> <span class='ocrx_word' id='word_1_157' title='bbox 2173 934 2280 989; x_wconf 89' lang='lat' dir='ltr'><strong>est,</strong></span> <span class='ocrx_word' id='word_1_158' title='bbox 2303 933 2359 978; x_wconf 91' lang='lat' dir='ltr'><strong>et</strong></span> <span class='ocrx_word' id='word_1_159' title='bbox 2403 925 2704 993; x_wconf 90' lang='lat' dir='ltr'><strong>praesentis</strong></span> <span class='ocrx_word' id='word_1_160' title='bbox 2728 925 2909 993; x_wconf 86' lang='lat' dir='ltr'><strong>operis</strong></span> <span class='ocrx_word' id='word_1_161' title='bbox 2943 927 3217 997; x_wconf 88' lang='lat' dir='ltr'><strong>proposito</strong></span> <span class='ocrx_word' id='word_1_162' title='bbox 3259 927 3513 983; x_wconf 80' lang='lat' dir='ltr'><strong>inconve-</strong></span> 
     </span>
    </p>
   </div>
   <div class='ocr_carea' id='block_1_24' title="bbox 1930 1012 3513 1085">
    <p class='ocr_par' dir='ltr' id='par_1_24' title="bbox 1930 1012 3513 1085">
     <span class='ocr_line' id='line_1_24' title="bbox 1930 1012 3513 1085; baseline 0.003 -19"><span class='ocrx_word' id='word_1_163' title='bbox 1930 1012 2106 1078; x_wconf 89' lang='lat' dir='ltr'><strong>niens,</strong></span> <span class='ocrx_word' id='word_1_164' title='bbox 2150 1028 2249 1084; x_wconf 90' lang='lat' dir='ltr'><strong>per</strong></span> <span class='ocrx_word' id='word_1_165' title='bbox 2272 1015 2521 1070; x_wconf 89' lang='lat' dir='ltr'><strong>diversas</strong></span> <span class='ocrx_word' id='word_1_166' title='bbox 2543 1015 2877 1071; x_wconf 89' lang='lat' dir='ltr'><strong>diversorum</strong></span> <span class='ocrx_word' id='word_1_167' title='bbox 2905 1016 3187 1085; x_wconf 83' lang='lat' dir='ltr'><strong>Opiniones</strong></span> <span class='ocrx_word' id='word_1_168' title='bbox 3218 1017 3415 1072; x_wconf 89' lang='lat' dir='ltr'><strong>multas</strong></span> <span class='ocrx_word' id='word_1_169' title='bbox 3448 1033 3513 1071; x_wconf 84' lang='lat' dir='ltr'><strong>ac</strong></span> 
     </span>
    </p>
   </div>
   <div class='ocr_carea' id='block_1_25' title="bbox 1941 1104 3515 1179">
    <p class='ocr_par' dir='ltr' id='par_1_25' title="bbox 1941 1104 3515 1179">
     <span class='ocr_line' id='line_1_25' title="bbox 1941 1104 3515 1179; baseline 0.003 -22"><span class='ocrx_word' id='word_1_170' title='bbox 1941 1104 2116 1159; x_wconf 82' lang='lat' dir='ltr'><strong>varias</strong></span> <span class='ocrx_word' id='word_1_171' title='bbox 2140 1120 2448 1161; x_wconf 89' lang='lat' dir='ltr'><strong>sermonem</strong></span> <span class='ocrx_word' id='word_1_172' title='bbox 2489 1106 2807 1171; x_wconf 78' lang='lat' dir='ltr'><strong>extendere,</strong></span> <span class='ocrx_word' id='word_1_173' title='bbox 2848 1106 3285 1179; x_wconf 83' lang='lat' dir='ltr'><strong>superfluumquc</strong></span> <span class='ocrx_word' id='word_1_174' title='bbox 3311 1109 3515 1164; x_wconf 87' lang='lat' dir='ltr'><strong>videbi-</strong></span> 
     </span>
    </p>
   </div>
   <div class='ocr_carea' id='block_1_26' title="bbox 1932 1188 3515 1272">
    <p class='ocr_par' dir='ltr' id='par_1_26' title="bbox 1932 1188 3515 1272">
     <span class='ocr_line' id='line_1_26' title="bbox 1932 1188 3515 1272; baseline 0.004 -24"><span class='ocrx_word' id='word_1_175' title='bbox 1932 1204 2043 1261; x_wconf 86' lang='lat' dir='ltr'><strong>tur,</strong></span> <span class='ocrx_word' id='word_1_176' title='bbox 2076 1188 2308 1250; x_wconf 55' lang='lat' dir='ltr'><strong>alioru&#39;m</strong></span> <span class='ocrx_word' id='word_1_177' title='bbox 2339 1196 2645 1252; x_wconf 87' lang='lat' dir='ltr'><strong>intellectus</strong></span> <span class='ocrx_word' id='word_1_178' title='bbox 2672 1197 2740 1253; x_wconf 90' lang='lat' dir='ltr'><strong>de</strong></span> <span class='ocrx_word' id='word_1_179' title='bbox 2782 1189 3092 1266; x_wconf 79' lang='lat' dir='ltr'><strong>huiusmodi</strong></span> <span class='ocrx_word' id='word_1_180' title='bbox 3140 1200 3376 1272; x_wconf 82' lang='lat' dir='ltr'><strong>negotio,</strong></span> <span class='ocrx_word' id='word_1_181' title='bbox 3410 1201 3515 1254; x_wconf 83' lang='lat' dir='ltr'><strong>nisi</strong></span> 
     </span>
    </p>
   </div>
   <div class='ocr_carea' id='block_1_27' title="bbox 1933 1286 3517 1358">
    <p class='ocr_par' dir='ltr' id='par_1_27' title="bbox 1933 1286 3517 1358">
     <span class='ocr_line' id='line_1_27' title="bbox 1933 1286 3517 1358; baseline 0.002 -18"><span class='ocrx_word' id='word_1_182' title='bbox 1933 1286 2023 1342; x_wconf 89' lang='lat' dir='ltr'><strong>ubi</strong></span> <span class='ocrx_word' id='word_1_183' title='bbox 2050 1302 2263 1342; x_wconf 88' lang='lat' dir='ltr'><strong>summa</strong></span> <span class='ocrx_word' id='word_1_184' title='bbox 2296 1288 2591 1343; x_wconf 85' lang='lat' dir='ltr'><strong>necessitas</strong></span> <span class='ocrx_word' id='word_1_185' title='bbox 2616 1287 2808 1358; x_wconf 79' lang='lat' dir='ltr'><strong>exigit,</strong></span> <span class='ocrx_word' id='word_1_186' title='bbox 2859 1287 3221 1345; x_wconf 89' lang='lat' dir='ltr'><strong>introducere.</strong></span> <span class='ocrx_word' id='word_1_187' title='bbox 3259 1288 3386 1344; x_wconf 81' lang='lat' dir='ltr'><strong>Mihi</strong></span> <span class='ocrx_word' id='word_1_188' title='bbox 3420 1307 3517 1344; x_wconf 87' lang='lat' dir='ltr'><strong>au-</strong></span> 
     </span>
    </p>
   </div>
   <div class='ocr_carea' id='block_1_28' title="bbox 1934 1377 3519 1447">
    <p class='ocr_par' dir='ltr' id='par_1_28' title="bbox 1934 1377 3519 1447">
     <span class='ocr_line' id='line_1_28' title="bbox 1934 1377 3519 1447; baseline 0.001 -18"><span class='ocrx_word' id='word_1_189' title='bbox 1934 1384 2042 1431; x_wconf 90' lang='lat' dir='ltr'><strong>tem</strong></span> <span class='ocrx_word' id='word_1_190' title='bbox 2070 1377 2357 1432; x_wconf 85' lang='lat' dir='ltr'><strong>multorum</strong></span> <span class='ocrx_word' id='word_1_191' title='bbox 2381 1392 2570 1432; x_wconf 86' lang='lat' dir='ltr'><strong>sensus</strong></span> <span class='ocrx_word' id='word_1_192' title='bbox 2589 1378 2949 1445; x_wconf 85' lang='lat' dir='ltr'><strong>consideranti</strong></span> <span class='ocrx_word' id='word_1_193' title='bbox 2976 1378 3050 1433; x_wconf 92' lang='lat' dir='ltr'><strong>nil</strong></span> <span class='ocrx_word' id='word_1_194' title='bbox 3065 1377 3419 1447; x_wconf 88' lang='lat' dir='ltr'><strong>probabilius,</strong></span> <span class='ocrx_word' id='word_1_195' title='bbox 3445 1380 3519 1432; x_wconf 66' lang='lat' dir='ltr'><strong>nzl</strong></span> 
     </span>
    </p>
   </div>
   <div class='ocr_carea' id='block_1_29' title="bbox 1934 1467 3515 1539">
    <p class='ocr_par' dir='ltr' id='par_1_29' title="bbox 1934 1467 3515 1539">
     <span class='ocr_line' id='line_1_29' title="bbox 1934 1467 3515 1539; baseline 0.003 -19"><span class='ocrx_word' id='word_1_196' title='bbox 1934 1467 2279 1523; x_wconf 85' lang='lat' dir='ltr'><strong>verisimilius</strong></span> <span class='ocrx_word' id='word_1_197' title='bbox 2328 1469 2585 1532; x_wconf 88' lang='lat' dir='ltr'><strong>occurrit,</strong></span> <span class='ocrx_word' id='word_1_198' title='bbox 2618 1482 2780 1538; x_wconf 91' lang='lat' dir='ltr'><strong>quam</strong></span> <span class='ocrx_word' id='word_1_199' title='bbox 2812 1479 2872 1525; x_wconf 91' lang='lat' dir='ltr'><strong>ut</strong></span> <span class='ocrx_word' id='word_1_200' title='bbox 2911 1468 2968 1523; x_wconf 92' lang='lat' dir='ltr'><strong>in</strong></span> <span class='ocrx_word' id='word_1_201' title='bbox 3011 1470 3052 1499; x_wconf 80' lang='lat'>“</span> <span class='ocrx_word' id='word_1_202' title='bbox 3084 1470 3376 1539; x_wconf 85' lang='lat' dir='ltr'><strong>praedictis</strong></span> <span class='ocrx_word' id='word_1_203' title='bbox 3423 1485 3515 1525; x_wconf 84' lang='lat' dir='ltr'><strong>sa—</strong></span> 
     </span>
    </p>
   </div>
   <div class='ocr_carea' id='block_1_30' title="bbox 1938 1557 3566 1631">
    <p class='ocr_par' dir='ltr' id='par_1_30' title="bbox 1938 1557 3566 1631">
     <span class='ocr_line' id='line_1_30' title="bbox 1938 1557 3566 1631; baseline 0.001 -17"><span class='ocrx_word' id='word_1_204' title='bbox 1938 1573 2067 1615; x_wconf 90' lang='lat' dir='ltr'><strong>crae</strong></span> <span class='ocrx_word' id='word_1_205' title='bbox 2101 1557 2415 1629; x_wconf 89' lang='lat' dir='ltr'><strong>Scripturae</strong></span> <span class='ocrx_word' id='word_1_206' title='bbox 2440 1559 3068 1631; x_wconf 84' lang='lat' dir='ltr'><strong>verbis,signillcatione</strong></span> <span class='ocrx_word' id='word_1_207' title='bbox 3109 1560 3360 1618; x_wconf 72' lang='lat' dir='ltr'><strong>videlicet</strong></span> <span class='ocrx_word' id='word_1_208' title='bbox 3384 1561 3519 1616; x_wconf 85' lang='lat' dir='ltr'><strong>caeli</strong></span> <span class='ocrx_word' id='word_1_209' title='bbox 3554 1575 3566 1587; x_wconf 77' lang='lat'><strong><em>&#39;</em></strong></span> 
     </span>
    </p>
   </div>
   <div class='ocr_carea' id='block_1_31' title="bbox 1932 1646 3519 1724">
    <p class='ocr_par' dir='ltr' id='par_1_31' title="bbox 1932 1646 3519 1724">
     <span class='ocr_line' id='line_1_31' title="bbox 1932 1646 3519 1724; baseline 0.001 -19"><span class='ocrx_word' id='word_1_210' title='bbox 1932 1661 1990 1705; x_wconf 91' lang='lat' dir='ltr'><strong>et</strong></span> <span class='ocrx_word' id='word_1_211' title='bbox 2010 1657 2208 1717; x_wconf 84' lang='lat' dir='ltr'><strong>terrae,</strong></span> <span class='ocrx_word' id='word_1_212' title='bbox 2235 1651 2613 1722; x_wconf 90' lang='lat' dir='ltr'><strong>primordiales</strong></span> <span class='ocrx_word' id='word_1_213' title='bbox 2646 1652 2809 1709; x_wconf 89' lang='lat' dir='ltr'><strong>totius</strong></span> <span class='ocrx_word' id='word_1_214' title='bbox 2835 1646 3353 1720; x_wconf 47' lang='lat' dir='ltr'><strong>creaturae&#39;causas,</strong></span> <span class='ocrx_word' id='word_1_215' title='bbox 3384 1670 3519 1724; x_wconf 87' lang='lat' dir='ltr'><strong>quas</strong></span> 
     </span>
    </p>
   </div>
   <div class='ocr_carea' id='block_1_32' title="bbox 1939 1742 3653 1821">
    <p class='ocr_par' dir='ltr' id='par_1_32' title="bbox 1939 1742 3653 1821">
     <span class='ocr_line' id='line_1_32' title="bbox 1939 1742 3653 1821; baseline 0.001 -21"><span class='ocrx_word' id='word_1_216' title='bbox 1939 1745 2104 1802; x_wconf 85' lang='lat' dir='ltr'><strong>Pater</strong></span> <span class='ocrx_word' id='word_1_217' title='bbox 2126 1746 2180 1818; x_wconf 89' lang='lat' dir='ltr'><strong>in</strong></span> <span class='ocrx_word' id='word_1_218' title='bbox 2210 1746 2489 1817; x_wconf 85' lang='lat' dir='ltr'><strong>unigenito</strong></span> <span class='ocrx_word' id='word_1_219' title='bbox 2513 1761 2613 1801; x_wconf 89' lang='lat' dir='ltr'><strong>suo</strong></span> <span class='ocrx_word' id='word_1_220' title='bbox 2642 1746 2798 1813; x_wconf 90' lang='lat' dir='ltr'><strong>Filio,</strong></span> <span class='ocrx_word' id='word_1_221' title='bbox 2848 1746 2941 1816; x_wconf 90' lang='lat' dir='ltr'><strong>qui</strong></span> <span class='ocrx_word' id='word_1_222' title='bbox 2985 1747 3233 1818; x_wconf 89' lang='lat' dir='ltr'><strong>principii</strong></span> <span class='ocrx_word' id='word_1_223' title='bbox 3284 1748 3521 1817; x_wconf 87' lang='lat' dir='ltr'><strong>appella-</strong></span> <span class='ocrx_word' id='word_1_224' title='bbox 3576 1775 3583 1821; x_wconf 51' lang='grc' dir='ltr'>ρ</span> <span class='ocrx_word' id='word_1_225' title='bbox 3642 1742 3653 1749; x_wconf 59' lang='grc'><strong>“</strong></span> 
     </span>
    </p>
   </div>
   <div class='ocr_carea' id='block_1_33' title="bbox 240 1823 1856 1907">
    <p class='ocr_par' dir='ltr' id='par_1_33' title="bbox 240 1823 1839 1897">
     <span class='ocr_line' id='line_1_33' title="bbox 240 1823 1839 1897; baseline 0.003 -18"><span class='ocrx_word' id='word_1_226' title='bbox 240 1825 393 1895; x_wconf 89' lang='lat' dir='ltr'><strong>quod</strong></span> <span class='ocrx_word' id='word_1_227' title='bbox 437 1824 740 1894; x_wconf 88' lang='lat' dir='ltr'><strong>praecessit</strong></span> <span class='ocrx_word' id='word_1_228' title='bbox 782 1823 836 1878; x_wconf 90' lang='lat' dir='ltr'><strong>in</strong></span> <span class='ocrx_word' id='word_1_229' title='bbox 880 1824 1056 1894; x_wconf 89' lang='lat' dir='ltr'><strong>capite</strong></span> <span class='ocrx_word' id='word_1_230' title='bbox 1097 1834 1155 1879; x_wconf 91' lang='lat' dir='ltr'><strong>ct</strong></span> <span class='ocrx_word' id='word_1_231' title='bbox 1192 1825 1212 1857; x_wconf 83' lang='lat'><strong>&#39;</strong></span> <span class='ocrx_word' id='word_1_232' title='bbox 1254 1825 1538 1896; x_wconf 83' lang='lat' dir='ltr'><strong>principali</strong></span> <span class='ocrx_word' id='word_1_233' title='bbox 1588 1828 1839 1897; x_wconf 85' lang='lat' dir='ltr'><strong>exemplo</strong></span> 
     </span>
    </p>
   </div>
   <div class='ocr_carea' id='block_1_34' title="bbox 1935 1823 3597 1907">
    <p class='ocr_par' dir='ltr' id='par_1_34' title="bbox 1944 1837 3597 1907">
     <span class='ocr_line' id='line_1_34' title="bbox 1944 1837 3597 1907; baseline 0 -16"><span class='ocrx_word' id='word_1_234' title='bbox 1944 1837 2087 1893; x_wconf 86' lang='lat' dir='ltr'><strong>tione</strong></span> <span class='ocrx_word' id='word_1_235' title='bbox 2110 1838 2440 1902; x_wconf 87' lang='lat' dir='ltr'><strong>nominatur,</strong></span> <span class='ocrx_word' id='word_1_236' title='bbox 2477 1850 2604 1894; x_wconf 86' lang='lat' dir='ltr'><strong>ante</strong></span> <span class='ocrx_word' id='word_1_237' title='bbox 2648 1838 2853 1907; x_wconf 84' lang='lat' dir='ltr'><strong>omnia,</strong></span> <span class='ocrx_word' id='word_1_238' title='bbox 2904 1853 3043 1907; x_wconf 90' lang='lat' dir='ltr'><strong>quae</strong></span> <span class='ocrx_word' id='word_1_239' title='bbox 3094 1839 3312 1893; x_wconf 87' lang='lat' dir='ltr'><strong>condita</strong></span> <span class='ocrx_word' id='word_1_240' title='bbox 3369 1848 3517 1902; x_wconf 86' lang='lat' dir='ltr'><strong>sunt,</strong></span> <span class='ocrx_word' id='word_1_241' title='bbox 3576 1840 3597 1907; x_wconf 55' lang='grc' dir='ltr'><strong>ἲ</strong></span> 
     </span>
    </p>
   </div>
   <div class='ocr_carea' id='block_1_35' title="bbox 244 1914 1831 1984">
    <p class='ocr_par' dir='ltr' id='par_1_35' title="bbox 244 1914 1831 1984">
     <span class='ocr_line' id='line_1_35' title="bbox 244 1914 1831 1984; baseline 0.002 -15"><span class='ocrx_word' id='word_1_242' title='bbox 244 1916 420 1969; x_wconf 89' lang='lat' dir='ltr'><strong>totius</strong></span> <span class='ocrx_word' id='word_1_243' title='bbox 444 1915 713 1969; x_wconf 86' lang='lat' dir='ltr'><strong>humanae</strong></span> <span class='ocrx_word' id='word_1_244' title='bbox 734 1922 985 1979; x_wconf 80' lang='lat' dir='ltr'><strong>naturae,</strong></span> <span class='ocrx_word' id='word_1_245' title='bbox 1009 1915 1065 1970; x_wconf 92' lang='lat' dir='ltr'><strong>in</strong></span> <span class='ocrx_word' id='word_1_246' title='bbox 1092 1924 1204 1971; x_wconf 88' lang='lat' dir='ltr'><strong>tota</strong></span> <span class='ocrx_word' id='word_1_247' title='bbox 1246 1914 1364 1970; x_wconf 89' lang='lat' dir='ltr'><strong>fore</strong></span> <span class='ocrx_word' id='word_1_248' title='bbox 1390 1918 1831 1984; x_wconf 86' lang='lat' dir='ltr'><strong>subsecuturum,</strong></span> 
     </span>
    </p>
   </div>
   <div class='ocr_carea' id='block_1_36' title="bbox 240 2004 1834 2085">
    <p class='ocr_par' dir='ltr' id='par_1_36' title="bbox 240 2004 1834 2085">
     <span class='ocr_line' id='line_1_36' title="bbox 240 2004 1834 2085; baseline 0.001 -23"><span class='ocrx_word' id='word_1_249' title='bbox 240 2006 390 2062; x_wconf 85' lang='lat' dir='ltr'><strong>sicut</strong></span> <span class='ocrx_word' id='word_1_250' title='bbox 416 2004 471 2059; x_wconf 91' lang='lat' dir='ltr'><strong>in</strong></span> <span class='ocrx_word' id='word_1_251' title='bbox 507 2004 699 2075; x_wconf 91' lang='lat' dir='ltr'><strong>quinto</strong></span> <span class='ocrx_word' id='word_1_252' title='bbox 744 2004 884 2060; x_wconf 91' lang='lat' dir='ltr'><strong>libro</strong></span> <span class='ocrx_word' id='word_1_253' title='bbox 911 2006 1311 2062; x_wconf 81' lang='lat' dir='ltr'><strong>tractabimus?</strong></span> <span class='ocrx_word' id='word_1_254' title='bbox 1349 2007 1631 2078; x_wconf 88' lang='lat' dir='ltr'><strong>Siquidem</strong></span> <span class='ocrx_word' id='word_1_255' title='bbox 1672 2008 1834 2085; x_wconf 85' lang='lat' dir='ltr'><strong>hujus</strong></span> 
     </span>
    </p>
   </div>
   <div class='ocr_carea' id='block_1_37' title="bbox 1933 1916 3614 2013">
    <p class='ocr_par' dir='ltr' id='par_1_37' title="bbox 1933 1916 3614 2013">
     <span class='ocr_line' id='line_1_37' title="bbox 1933 1916 3614 2013; baseline 0 -30"><span class='ocrx_word' id='word_1_256' title='bbox 1933 1938 2234 1996; x_wconf 85' lang='lat' dir='ltr'><strong>creaverat,</strong></span> <span class='ocrx_word' id='word_1_257' title='bbox 2261 1930 2645 2001; x_wconf 79' lang='lat' dir='ltr'><strong>intelligamus,</strong></span> <span class='ocrx_word' id='word_1_258' title='bbox 2673 1939 2728 1987; x_wconf 87' lang='lat' dir='ltr'><strong>et</strong></span> <span class='ocrx_word' id='word_1_259' title='bbox 2770 1930 2914 2000; x_wconf 17' lang='lat' dir='ltr'><strong>caeli,</strong></span> <span class='ocrx_word' id='word_1_260' title='bbox 2937 1932 3153 1991; x_wconf 81' lang='lat' dir='ltr'><strong>nomine</strong></span> <span class='ocrx_word' id='word_1_261' title='bbox 3206 1946 3385 1986; x_wconf 90' lang='lat' dir='ltr'><strong>rerum</strong></span> <span class='ocrx_word' id='word_1_262' title='bbox 3435 1916 3531 1984; x_wconf 40' lang='lat' dir='ltr'><strong>in:</strong></span> <span class='ocrx_word' id='word_1_263' title='bbox 3600 1920 3614 2013; x_wconf 42' lang='grc' dir='ltr'>ί</span> 
     </span>
    </p>
   </div>
   <div class='ocr_carea' id='block_1_38' title="bbox 1935 2018 3615 2092">
    <p class='ocr_par' dir='ltr' id='par_1_38' title="bbox 1935 2018 3615 2092">
     <span class='ocr_line' id='line_1_38' title="bbox 1935 2018 3615 2092; baseline -0.001 -18"><span class='ocrx_word' id='word_1_264' title='bbox 1935 2018 2294 2090; x_wconf 83' lang='lat' dir='ltr'><strong>tclligibilium</strong></span> <span class='ocrx_word' id='word_1_265' title='bbox 2318 2020 2738 2089; x_wconf 89' lang='lat' dir='ltr'><strong>caelestiumque</strong></span> <span class='ocrx_word' id='word_1_266' title='bbox 2769 2019 3154 2084; x_wconf 87' lang='lat' dir='ltr'><strong>essentiarnm,</strong></span> <span class='ocrx_word' id='word_1_267' title='bbox 3187 2028 3361 2075; x_wconf 88' lang='lat' dir='ltr'><strong>terrae</strong></span> <span class='ocrx_word' id='word_1_268' title='bbox 3382 2034 3532 2092; x_wconf 35' lang='lat' dir='ltr'><strong>vero,</strong></span> <span class='ocrx_word' id='word_1_269' title='bbox 3606 2018 3615 2092; x_wconf 64' lang='grc' dir='ltr'>ξ</span> 
     </span>
    </p>
   </div>
   <div class='ocr_carea' id='block_1_39' title="bbox 240 2096 1856 2185">
    <p class='ocr_par' dir='ltr' id='par_1_39' title="bbox 240 2096 1843 2170">
     <span class='ocr_line' id='line_1_39' title="bbox 240 2096 1843 2170; baseline -0.001 -19"><span class='ocrx_word' id='word_1_270' title='bbox 240 2096 551 2168; x_wconf 87' lang='lat' dir='ltr'><strong>praesentis</strong></span> <span class='ocrx_word' id='word_1_271' title='bbox 574 2096 695 2151; x_wconf 86' lang='lat' dir='ltr'><strong>libri</strong></span> <span class='ocrx_word' id='word_1_272' title='bbox 727 2104 907 2153; x_wconf 73' lang='lat' dir='ltr'><strong>textus</strong></span> <span class='ocrx_word' id='word_1_273' title='bbox 929 2097 1002 2152; x_wconf 91' lang='lat' dir='ltr'><strong>nil</strong></span> <span class='ocrx_word' id='word_1_274' title='bbox 1027 2097 1170 2153; x_wconf 89' lang='lat' dir='ltr'><strong>aliud</strong></span> <span class='ocrx_word' id='word_1_275' title='bbox 1198 2096 1423 2170; x_wconf 82' lang='lat' dir='ltr'><strong>ﬂagitat.</strong></span> <span class='ocrx_word' id='word_1_276' title='bbox 1446 2114 1612 2170; x_wconf 86' lang='lat' dir='ltr'><strong>quam</strong></span> <span class='ocrx_word' id='word_1_277' title='bbox 1630 2108 1703 2154; x_wconf 88' lang='lat' dir='ltr'><strong>-ut</strong></span> <span class='ocrx_word' id='word_1_278' title='bbox 1736 2116 1843 2170; x_wconf 77' lang='lat' dir='ltr'><strong>pro.</strong></span> 
     </span>
    </p>
   </div>
   <div class='ocr_carea' id='block_1_40' title="bbox 1935 2096 3613 2185">
    <p class='ocr_par' dir='ltr' id='par_1_40' title="bbox 1935 2108 3613 2185">
     <span class='ocr_line' id='line_1_40' title="bbox 1935 2108 3613 2185; baseline 0.001 -23"><span class='ocrx_word' id='word_1_279' title='bbox 1935 2108 2292 2178; x_wconf 86' lang='lat' dir='ltr'><strong>appellatione</strong></span> <span class='ocrx_word' id='word_1_280' title='bbox 2315 2108 2897 2173; x_wconf 81' lang='lat' dir='ltr'><strong>sensibiliumrerum,</strong></span> <span class='ocrx_word' id='word_1_281' title='bbox 2944 2109 3141 2178; x_wconf 83' lang='lat' dir='ltr'><strong>quibus</strong></span> <span class='ocrx_word' id='word_1_282' title='bbox 3192 2109 3522 2164; x_wconf 88' lang='lat' dir='ltr'><strong>universitas</strong></span> <span class='ocrx_word' id='word_1_283' title='bbox 3590 2128 3613 2185; x_wconf 40' lang='lat' dir='ltr'><strong>I:</strong></span> 
     </span>
    </p>
   </div>
   <div class='ocr_carea' id='block_1_41' title="bbox 240 2184 1836 2258">
    <p class='ocr_par' dir='ltr' id='par_1_41' title="bbox 240 2184 1836 2258">
     <span class='ocr_line' id='line_1_41' title="bbox 240 2184 1836 2258; baseline 0.002 -17"><span class='ocrx_word' id='word_1_284' title='bbox 240 2187 458 2243; x_wconf 82' lang='lat' dir='ltr'><strong>viribus</strong></span> <span class='ocrx_word' id='word_1_285' title='bbox 486 2185 707 2253; x_wconf 89' lang='lat' dir='ltr'><strong>nostris,</strong></span> <span class='ocrx_word' id='word_1_286' title='bbox 739 2184 997 2256; x_wconf 89' lang='lat' dir='ltr'><strong>quicquid</strong></span> <span class='ocrx_word' id='word_1_287' title='bbox 1046 2186 1137 2240; x_wconf 75' lang='lat' dir='ltr'><strong>lux</strong></span> <span class='ocrx_word' id='word_1_288' title='bbox 1169 2186 1473 2242; x_wconf 81' lang='lat' dir='ltr'><strong>animorum</strong></span> <span class='ocrx_word' id='word_1_289' title='bbox 1497 2188 1697 2258; x_wconf 82' lang='lat' dir='ltr'><strong>largita</strong></span> <span class='ocrx_word' id='word_1_290' title='bbox 1722 2186 1836 2244; x_wconf 90' lang='lat' dir='ltr'><strong>fue-</strong></span> 
     </span>
    </p>
   </div>
   <div class='ocr_carea' id='block_1_42' title="bbox 241 2278 1513 2350">
    <p class='ocr_par' dir='ltr' id='par_1_42' title="bbox 241 2278 1513 2350">
     <span class='ocr_line' id='line_1_42' title="bbox 241 2278 1513 2350; baseline -0.002 -15"><span class='ocrx_word' id='word_1_291' title='bbox 241 2280 342 2346; x_wconf 81' lang='lat' dir='ltr'><strong>rit,</strong></span> <span class='ocrx_word' id='word_1_292' title='bbox 375 2280 442 2336; x_wconf 89' lang='lat' dir='ltr'><strong>de</strong></span> <span class='ocrx_word' id='word_1_293' title='bbox 465 2278 911 2350; x_wconf 85' lang='lat' dir='ltr'><strong>primordialibus</strong></span> <span class='ocrx_word' id='word_1_294' title='bbox 938 2279 1126 2334; x_wconf 88' lang='lat' dir='ltr'><strong>causis</strong></span> <span class='ocrx_word' id='word_1_295' title='bbox 1153 2280 1513 2348; x_wconf 78' lang='lat' dir='ltr'><strong>disputemus.</strong></span> 
     </span>
    </p>
   </div>
   <div class='ocr_carea' id='block_1_43' title="bbox 321 2380 1839 2460">
    <p class='ocr_par' dir='ltr' id='par_1_43' title="bbox 321 2380 1839 2460">
     <span class='ocr_line' id='line_1_43' title="bbox 321 2380 1839 2460; baseline -0.001 -22"><span class='ocrx_word' id='word_1_296' title='bbox 321 2381 408 2438; x_wconf 79' lang='lat' dir='ltr'><strong>i5.</strong></span> <span class='ocrx_word' id='word_1_297' title='bbox 444 2381 600 2460; x_wconf 19' lang='lat' dir='ltr'><strong>‘DISC.</strong></span> <span class='ocrx_word' id='word_1_298' title='bbox 640 2380 927 2451; x_wconf 79' lang='lat' dir='ltr'><strong>ingredere</strong></span> <span class='ocrx_word' id='word_1_299' title='bbox 953 2395 1061 2450; x_wconf 90' lang='lat' dir='ltr'><strong>quo</strong></span> <span class='ocrx_word' id='word_1_300' title='bbox 1092 2381 1175 2435; x_wconf 92' lang='lat' dir='ltr'><strong>vis</strong></span> <span class='ocrx_word' id='word_1_301' title='bbox 1204 2382 1413 2441; x_wconf 88' lang='lat' dir='ltr'><strong>ordine.</strong></span> <span class='ocrx_word' id='word_1_302' title='bbox 1443 2382 1521 2439; x_wconf 88' lang='lat' dir='ltr'><strong>Eo</strong></span> <span class='ocrx_word' id='word_1_303' title='bbox 1547 2382 1691 2438; x_wconf 89' lang='lat' dir='ltr'><strong>enim</strong></span> <span class='ocrx_word' id='word_1_304' title='bbox 1722 2398 1839 2445; x_wconf 26' lang='lat' dir='ltr'><strong>mos</strong></span> 
     </span>
    </p>
   </div>
   <div class='ocr_carea' id='block_1_44' title="bbox 243 2471 1840 2544">
    <p class='ocr_par' dir='ltr' id='par_1_44' title="bbox 243 2471 1840 2544">
     <span class='ocr_line' id='line_1_44' title="bbox 243 2471 1840 2544; baseline -0.003 -12"><span class='ocrx_word' id='word_1_305' title='bbox 243 2474 345 2541; x_wconf 86' lang='lat' dir='ltr'><strong>do,</strong></span> <span class='ocrx_word' id='word_1_306' title='bbox 368 2487 476 2543; x_wconf 92' lang='lat' dir='ltr'><strong>quo</strong></span> <span class='ocrx_word' id='word_1_307' title='bbox 492 2479 809 2544; x_wconf 84' lang='lat' dir='ltr'><strong>praesentes</strong></span> <span class='ocrx_word' id='word_1_308' title='bbox 831 2471 1178 2541; x_wconf 77' lang='lat' dir='ltr'><strong>quaeStiones</strong></span> <span class='ocrx_word' id='word_1_309' title='bbox 1202 2473 1270 2528; x_wconf 89' lang='lat' dir='ltr'><strong>de</strong></span> <span class='ocrx_word' id='word_1_310' title='bbox 1297 2474 1693 2544; x_wconf 87' lang='lat' dir='ltr'><strong>quadripertita</strong></span> <span class='ocrx_word' id='word_1_311' title='bbox 1715 2475 1840 2528; x_wconf 84' lang='lat' dir='ltr'><strong>uni-</strong></span> 
     </span>
    </p>
   </div>
   <div class='ocr_carea' id='block_1_45' title="bbox 241 2562 1835 2635">
    <p class='ocr_par' dir='ltr' id='par_1_45' title="bbox 241 2562 1835 2635">
     <span class='ocr_line' id='line_1_45' title="bbox 241 2562 1835 2635; baseline -0.002 -12"><span class='ocrx_word' id='word_1_312' title='bbox 241 2562 479 2623; x_wconf 76' lang='lat' dir='ltr'><strong>versatis</strong></span> <span class='ocrx_word' id='word_1_313' title='bbox 512 2575 740 2620; x_wconf 88' lang='lat' dir='ltr'><strong>naturae</strong></span> <span class='ocrx_word' id='word_1_314' title='bbox 788 2564 1052 2620; x_wconf 86' lang='lat' dir='ltr'><strong>divisione</strong></span> <span class='ocrx_word' id='word_1_315' title='bbox 1081 2564 1391 2635; x_wconf 85' lang='lat' dir='ltr'><strong>prepositae</strong></span> <span class='ocrx_word' id='word_1_316' title='bbox 1419 2574 1565 2630; x_wconf 92' lang='lat' dir='ltr'><strong>sunt,</strong></span> <span class='ocrx_word' id='word_1_317' title='bbox 1608 2581 1714 2621; x_wconf 91' lang='lat' dir='ltr'><strong>non</strong></span> <span class='ocrx_word' id='word_1_318' title='bbox 1748 2567 1835 2620; x_wconf 88' lang='lat' dir='ltr'><strong>in-</strong></span> 
     </span>
    </p>
   </div>
   <div class='ocr_carea' id='block_1_46' title="bbox 243 2655 1839 2726">
    <p class='ocr_par' dir='ltr' id='par_1_46' title="bbox 243 2655 1839 2726">
     <span class='ocr_line' id='line_1_46' title="bbox 243 2655 1839 2726; baseline 0 -13"><span class='ocrx_word' id='word_1_319' title='bbox 243 2669 489 2726; x_wconf 84' lang='lat' dir='ltr'><strong>congrue</strong></span> <span class='ocrx_word' id='word_1_320' title='bbox 509 2655 878 2726; x_wconf 80' lang='lat' dir='ltr'><strong>explauandas</strong></span> <span class='ocrx_word' id='word_1_321' title='bbox 898 2671 1019 2712; x_wconf 81' lang='lat' dir='ltr'><strong>esse</strong></span> <span class='ocrx_word' id='word_1_322' title='bbox 1039 2657 1251 2726; x_wconf 88' lang='lat' dir='ltr'><strong>opinor.</strong></span> <span class='ocrx_word' id='word_1_323' title='bbox 1278 2656 1416 2711; x_wconf 54' lang='lat' dir='ltr'><strong>Mne.</strong></span> <span class='ocrx_word' id='word_1_324' title='bbox 1450 2657 1839 2714; x_wconf 77' lang='lat' dir='ltr'><strong>Ratiocinatio—</strong></span> 
     </span>
    </p>
   </div>
   <div class='ocr_carea' id='block_1_47' title="bbox 244 2746 1838 2818">
    <p class='ocr_par' dir='ltr' id='par_1_47' title="bbox 244 2746 1838 2818">
     <span class='ocr_line' id='line_1_47' title="bbox 244 2746 1838 2818; baseline 0 -12"><span class='ocrx_word' id='word_1_325' title='bbox 244 2750 339 2806; x_wconf 88' lang='lat' dir='ltr'><strong>uis</strong></span> <span class='ocrx_word' id='word_1_326' title='bbox 366 2747 652 2804; x_wconf 77' lang='lat' dir='ltr'><strong>exordium</strong></span> <span class='ocrx_word' id='word_1_327' title='bbox 698 2762 764 2803; x_wconf 79' lang='lat' dir='ltr'><strong>ex</strong></span> <span class='ocrx_word' id='word_1_328' title='bbox 811 2747 1007 2803; x_wconf 87' lang='lat' dir='ltr'><strong>divinis</strong></span> <span class='ocrx_word' id='word_1_329' title='bbox 1043 2746 1273 2818; x_wconf 88' lang='lat' dir='ltr'><strong>eloquiis</strong></span> <span class='ocrx_word' id='word_1_330' title='bbox 1303 2748 1687 2805; x_wconf 89' lang='lat' dir='ltr'><strong>assumendum</strong></span> <span class='ocrx_word' id='word_1_331' title='bbox 1715 2764 1838 2806; x_wconf 86' lang='lat' dir='ltr'><strong>esse</strong></span> 
     </span>
    </p>
   </div>
   <div class='ocr_carea' id='block_1_48' title="bbox 245 2836 1836 2904">
    <p class='ocr_par' dir='ltr' id='par_1_48' title="bbox 245 2836 1836 2904">
     <span class='ocr_line' id='line_1_48' title="bbox 245 2836 1836 2904; baseline 0 -10"><span class='ocrx_word' id='word_1_332' title='bbox 245 2838 502 2894; x_wconf 85' lang='lat' dir='ltr'><strong>aestimo.</strong></span> <span class='ocrx_word' id='word_1_333' title='bbox 527 2837 675 2893; x_wconf 80' lang='lat' dir='ltr'><strong>Disc.</strong></span> <span class='ocrx_word' id='word_1_334' title='bbox 705 2836 790 2891; x_wconf 85' lang='lat' dir='ltr'><strong>Nil</strong></span> <span class='ocrx_word' id='word_1_335' title='bbox 814 2838 1253 2904; x_wconf 88' lang='lat' dir='ltr'><strong>convenientius;</strong></span> <span class='ocrx_word' id='word_1_336' title='bbox 1277 2853 1345 2893; x_wconf 80' lang='lat' dir='ltr'><strong>ex</strong></span> <span class='ocrx_word' id='word_1_337' title='bbox 1365 2853 1431 2893; x_wconf 89' lang='lat' dir='ltr'><strong>ea</strong></span> <span class='ocrx_word' id='word_1_338' title='bbox 1447 2838 1593 2894; x_wconf 87' lang='lat' dir='ltr'><strong>enim</strong></span> <span class='ocrx_word' id='word_1_339' title='bbox 1619 2854 1836 2894; x_wconf 86' lang='lat' dir='ltr'><strong>omnem</strong></span> 
     </span>
    </p>
   </div>
   <div class='ocr_carea' id='block_1_49' title="bbox 245 2931 1836 3002">
    <p class='ocr_par' dir='ltr' id='par_1_49' title="bbox 245 2931 1836 3002">
     <span class='ocr_line' id='line_1_49' title="bbox 245 2931 1836 3002; baseline -0.001 -14"><span class='ocrx_word' id='word_1_340' title='bbox 245 2933 501 2989; x_wconf 82' lang='lat' dir='ltr'><strong>veritatis</strong></span> <span class='ocrx_word' id='word_1_341' title='bbox 528 2932 936 3002; x_wconf 88' lang='lat' dir='ltr'><strong>inquisitionem</strong></span> <span class='ocrx_word' id='word_1_342' title='bbox 969 2931 1183 2988; x_wconf 90' lang='lat' dir='ltr'><strong>initium</strong></span> <span class='ocrx_word' id='word_1_343' title='bbox 1213 2947 1429 2987; x_wconf 90' lang='lat' dir='ltr'><strong>sumere</strong></span> <span class='ocrx_word' id='word_1_344' title='bbox 1471 2932 1836 2988; x_wconf 88' lang='lat' dir='ltr'><strong>necessarium</strong></span> 
     </span>
    </p>
   </div>
   <div class='ocr_carea' id='block_1_50' title="bbox 243 3022 1836 3093">
    <p class='ocr_par' dir='ltr' id='par_1_50' title="bbox 243 3022 1836 3093">
     <span class='ocr_line' id='line_1_50' title="bbox 243 3022 1836 3093; baseline 0 -14"><span class='ocrx_word' id='word_1_345' title='bbox 243 3032 356 3080; x_wconf 88' lang='lat' dir='ltr'><strong>est.</strong></span> <span class='ocrx_word' id='word_1_346' title='bbox 390 3022 531 3079; x_wconf 73' lang='lat' dir='ltr'><strong>MAG.</strong></span> <span class='ocrx_word' id='word_1_347' title='bbox 569 3023 946 3079; x_wconf 88' lang='lat' dir='ltr'><strong>Divinissimus</strong></span> <span class='ocrx_word' id='word_1_348' title='bbox 983 3023 1266 3093; x_wconf 87' lang='lat' dir='ltr'><strong>propheta,</strong></span> <span class='ocrx_word' id='word_1_349' title='bbox 1299 3023 1502 3080; x_wconf 86' lang='lat' dir='ltr'><strong>Moisen</strong></span> <span class='ocrx_word' id='word_1_350' title='bbox 1535 3024 1557 3055; x_wconf 82' lang='grc'><strong><em>⁸</em></strong></span> <span class='ocrx_word' id='word_1_351' title='bbox 1586 3025 1725 3088; x_wconf 86' lang='lat' dir='ltr'><strong>dico,</strong></span> <span class='ocrx_word' id='word_1_352' title='bbox 1780 3024 1836 3079; x_wconf 92' lang='lat' dir='ltr'><strong>in</strong></span> 
     </span>
    </p>
   </div>
   <div class='ocr_carea' id='block_1_51' title="bbox 244 3112 1834 3188">
    <p class='ocr_par' dir='ltr' id='par_1_51' title="bbox 244 3112 1834 3188">
     <span class='ocr_line' id='line_1_51' title="bbox 244 3112 1834 3188; baseline -0.002 -17"><span class='ocrx_word' id='word_1_353' title='bbox 244 3116 429 3188; x_wconf 84' lang='lat' dir='ltr'><strong>prima</strong></span> <span class='ocrx_word' id='word_1_354' title='bbox 479 3116 657 3171; x_wconf 86' lang='lat' dir='ltr'><strong>fronte</strong></span> <span class='ocrx_word' id='word_1_355' title='bbox 689 3114 811 3185; x_wconf 86' lang='lat' dir='ltr'><strong>libri</strong></span> <span class='ocrx_word' id='word_1_356' title='bbox 836 3116 857 3147; x_wconf 88' lang='grc'><strong>⁷</strong></span> <span class='ocrx_word' id='word_1_357' title='bbox 879 3114 1152 3170; x_wconf 84' lang='lat' dir='ltr'><strong>Geneseos</strong></span> <span class='ocrx_word' id='word_1_358' title='bbox 1178 3131 1192 3169; x_wconf 88' lang='lat'><strong>:</strong></span> <span class='ocrx_word' id='word_1_359' title='bbox 1228 3112 1297 3168; x_wconf 84' lang='lat' dir='ltr'><strong>In</strong></span> <span class='ocrx_word' id='word_1_360' title='bbox 1320 3115 1597 3185; x_wconf 81' lang='lat' dir='ltr'><strong>principio,</strong></span> <span class='ocrx_word' id='word_1_361' title='bbox 1640 3114 1834 3184; x_wconf 85' lang='lat' dir='ltr'><strong>inquit,</strong></span> 
     </span>
    </p>
   </div>
   <div class='ocr_carea' id='block_1_52' title="bbox 1936 2200 3565 2271">
    <p class='ocr_par' dir='ltr' id='par_1_52' title="bbox 1936 2200 3565 2271">
     <span class='ocr_line' id='line_1_52' title="bbox 1936 2200 3565 2271; baseline 0.001 -16"><span class='ocrx_word' id='word_1_362' title='bbox 1936 2200 2098 2271; x_wconf 89' lang='lat' dir='ltr'><strong>hujus</strong></span> <span class='ocrx_word' id='word_1_363' title='bbox 2128 2201 2317 2255; x_wconf 88' lang='lat' dir='ltr'><strong>mundi</strong></span> <span class='ocrx_word' id='word_1_364' title='bbox 2350 2200 2648 2269; x_wconf 85' lang='lat' dir='ltr'><strong>corporalis</strong></span> <span class='ocrx_word' id='word_1_365' title='bbox 2675 2200 3000 2271; x_wconf 83' lang='lat' dir='ltr'><strong>completur,</strong></span> <span class='ocrx_word' id='word_1_366' title='bbox 3029 2201 3358 2271; x_wconf 83' lang='lat' dir='ltr'><strong>principales</strong></span> <span class='ocrx_word' id='word_1_367' title='bbox 3393 2200 3565 2257; x_wconf 71' lang='lat' dir='ltr'><strong>cau-&quot;&#39;</strong></span> 
     </span>
    </p>
   </div>
   <div class='ocr_carea' id='block_1_53' title="bbox 1872 2290 3523 2360">
    <p class='ocr_par' dir='ltr' id='par_1_53' title="bbox 1872 2290 3523 2360">
     <span class='ocr_line' id='line_1_53' title="bbox 1872 2290 3523 2360; baseline -0.001 -15"><span class='ocrx_word' id='word_1_368' title='bbox 1872 2342 1873 2345; x_wconf 44' lang='grc' dir='ltr'><strong>η</strong></span> <span class='ocrx_word' id='word_1_369' title='bbox 1935 2306 2027 2347; x_wconf 90' lang='lat' dir='ltr'><strong>sas</strong></span> <span class='ocrx_word' id='word_1_370' title='bbox 2071 2290 2400 2360; x_wconf 81' lang='lat' dir='ltr'><strong>signiﬁcatas</strong></span> <span class='ocrx_word' id='word_1_371' title='bbox 2445 2305 2569 2346; x_wconf 90' lang='lat' dir='ltr'><strong>esse</strong></span> <span class='ocrx_word' id='word_1_372' title='bbox 2613 2290 2944 2360; x_wconf 88' lang='lat' dir='ltr'><strong>accipiamus</strong></span> <span class='ocrx_word' id='word_1_373' title='bbox 2972 2290 3035 2344; x_wconf 80' lang='grc'><strong>³⁸.</strong></span> <span class='ocrx_word' id='word_1_374' title='bbox 3075 2291 3221 2346; x_wconf 83' lang='lat' dir='ltr'><strong>Disc.</strong></span> <span class='ocrx_word' id='word_1_375' title='bbox 3258 2291 3523 2347; x_wconf 81' lang='lat' dir='ltr'><strong>Similiter</strong></span> 
     </span>
    </p>
   </div>
   <div class='ocr_carea' id='block_1_54' title="bbox 1935 2370 3524 2453">
    <p class='ocr_par' dir='ltr' id='par_1_54' title="bbox 1935 2370 3524 2453">
     <span class='ocr_line' id='line_1_54' title="bbox 1935 2370 3524 2453; baseline 0.001 -17"><span class='ocrx_word' id='word_1_376' title='bbox 1935 2370 2099 2447; x_wconf 76' lang='lat' dir='ltr'><strong>etiam</strong></span> <span class='ocrx_word' id='word_1_377' title='bbox 2134 2383 2279 2437; x_wconf 86' lang='lat' dir='ltr'><strong>hunc</strong></span> <span class='ocrx_word' id='word_1_378' title='bbox 2307 2382 2640 2438; x_wconf 88' lang='lat' dir='ltr'><strong>intellectum</strong></span> <span class='ocrx_word' id='word_1_379' title='bbox 2689 2396 2821 2453; x_wconf 89' lang='lat' dir='ltr'><strong>prae</strong></span> <span class='ocrx_word' id='word_1_380' title='bbox 2866 2383 3065 2437; x_wconf 88' lang='lat' dir='ltr'><strong>ceteris</strong></span> <span class='ocrx_word' id='word_1_381' title='bbox 3090 2382 3345 2453; x_wconf 79' lang='lat' dir='ltr'><strong>elegerim</strong></span> <span class='ocrx_word' id='word_1_382' title='bbox 3377 2382 3448 2448; x_wconf 82' lang='lat'><strong>‘°,</strong></span> <span class='ocrx_word' id='word_1_383' title='bbox 3476 2385 3524 2437; x_wconf 90' lang='lat' dir='ltr'><strong>si</strong></span> 
     </span>
    </p>
   </div>
   <div class='ocr_carea' id='block_1_55' title="bbox 1936 2474 3522 2546">
    <p class='ocr_par' dir='ltr' id='par_1_55' title="bbox 1936 2474 3522 2546">
     <span class='ocr_line' id='line_1_55' title="bbox 1936 2474 3522 2546; baseline -0.004 -13"><span class='ocrx_word' id='word_1_384' title='bbox 1936 2490 2023 2533; x_wconf 87' lang='lat' dir='ltr'><strong>me</strong></span> <span class='ocrx_word' id='word_1_385' title='bbox 2050 2474 2324 2546; x_wconf 86' lang='lat' dir='ltr'><strong>paululum</strong></span> <span class='ocrx_word' id='word_1_386' title='bbox 2347 2490 2454 2531; x_wconf 91' lang='lat' dir='ltr'><strong>non</strong></span> <span class='ocrx_word' id='word_1_387' title='bbox 2502 2484 2747 2537; x_wconf 85' lang='lat' dir='ltr'><strong>moveret</strong></span> <span class='ocrx_word' id='word_1_388' title='bbox 2784 2474 2873 2530; x_wconf 90' lang='lat' dir='ltr'><strong>illa</strong></span> <span class='ocrx_word' id='word_1_389' title='bbox 2905 2476 3253 2546; x_wconf 78' lang='lat' dir='ltr'><strong>ambiguitas,</strong></span> <span class='ocrx_word' id='word_1_390' title='bbox 3305 2490 3443 2545; x_wconf 90' lang='lat' dir='ltr'><strong>quae</strong></span> <span class='ocrx_word' id='word_1_391' title='bbox 3470 2477 3522 2529; x_wconf 90' lang='lat' dir='ltr'><strong>in</strong></span> 
     </span>
    </p>
   </div>
   <div class='ocr_carea' id='block_1_56' title="bbox 1935 2564 3519 2635">
    <p class='ocr_par' dir='ltr' id='par_1_56' title="bbox 1935 2564 3519 2635">
     <span class='ocr_line' id='line_1_56' title="bbox 1935 2564 3519 2635; baseline -0.001 -16"><span class='ocrx_word' id='word_1_392' title='bbox 1935 2565 2228 2635; x_wconf 80' lang='lat' dir='ltr'><strong>praedictis</strong></span> <span class='ocrx_word' id='word_1_393' title='bbox 2254 2564 2643 2635; x_wconf 80' lang='lat' dir='ltr'><strong>intelligentiae</strong></span> <span class='ocrx_word' id='word_1_394' title='bbox 2672 2564 3092 2621; x_wconf 88' lang='lat' dir='ltr'><strong>discretionibus</strong></span> <span class='ocrx_word' id='word_1_395' title='bbox 3123 2564 3338 2620; x_wconf 88' lang='lat' dir='ltr'><strong>videtur</strong></span> <span class='ocrx_word' id='word_1_396' title='bbox 3364 2566 3519 2620; x_wconf 90' lang='lat' dir='ltr'><strong>oriri.</strong></span> 
     </span>
    </p>
   </div>
   <div class='ocr_carea' id='block_1_57' title="bbox 1938 2649 3541 2732">
    <p class='ocr_par' dir='ltr' id='par_1_57' title="bbox 1938 2649 3541 2732">
     <span class='ocr_line' id='line_1_57' title="bbox 1938 2649 3541 2732; baseline -0.002 -21"><span class='ocrx_word' id='word_1_397' title='bbox 1938 2656 2091 2722; x_wconf 82' lang='lat' dir='ltr'><strong>Nam,</strong></span> <span class='ocrx_word' id='word_1_398' title='bbox 2115 2664 2173 2712; x_wconf 92' lang='lat' dir='ltr'><strong>ut</strong></span> <span class='ocrx_word' id='word_1_399' title='bbox 2191 2655 2324 2712; x_wconf 86' lang='lat' dir='ltr'><strong>mihi</strong></span> <span class='ocrx_word' id='word_1_400' title='bbox 2347 2655 2584 2722; x_wconf 88' lang='lat' dir='ltr'><strong>videtur,</strong></span> <span class='ocrx_word' id='word_1_401' title='bbox 2610 2663 2705 2711; x_wconf 89' lang='lat' dir='ltr'><strong>aut</strong></span> <span class='ocrx_word' id='word_1_402' title='bbox 2734 2671 2902 2725; x_wconf 89' lang='lat' dir='ltr'><strong>parva</strong></span> <span class='ocrx_word' id='word_1_403' title='bbox 2933 2664 3028 2711; x_wconf 88' lang='lat' dir='ltr'><strong>aut</strong></span> <span class='ocrx_word' id='word_1_404' title='bbox 3055 2655 3201 2732; x_wconf 84' lang='lat' dir='ltr'><strong>nulla</strong></span> <span class='ocrx_word' id='word_1_405' title='bbox 3222 2649 3541 2712; x_wconf 50' lang='lat' dir='ltr'><strong>dill&#39;erentia’</strong></span> 
     </span>
    </p>
   </div>
   <div class='ocr_carea' id='block_1_58' title="bbox 1935 2745 3523 2823">
    <p class='ocr_par' dir='ltr' id='par_1_58' title="bbox 1935 2745 3523 2823">
     <span class='ocr_line' id='line_1_58' title="bbox 1935 2745 3523 2823; baseline -0.003 -20"><span class='ocrx_word' id='word_1_406' title='bbox 1935 2757 2019 2804; x_wconf 91' lang='lat' dir='ltr'><strong>cst</strong></span> <span class='ocrx_word' id='word_1_407' title='bbox 2038 2746 2179 2803; x_wconf 91' lang='lat' dir='ltr'><strong>inter</strong></span> <span class='ocrx_word' id='word_1_408' title='bbox 2197 2760 2384 2803; x_wconf 88' lang='lat' dir='ltr'><strong>eorum</strong></span> <span class='ocrx_word' id='word_1_409' title='bbox 2401 2746 2758 2813; x_wconf 90' lang='lat' dir='ltr'><strong>intellectum,</strong></span> <span class='ocrx_word' id='word_1_410' title='bbox 2782 2746 2875 2815; x_wconf 91' lang='lat' dir='ltr'><strong>qui</strong></span> <span class='ocrx_word' id='word_1_411' title='bbox 2899 2747 3107 2812; x_wconf 87' lang='lat' dir='ltr'><strong>dicunt,</strong></span> <span class='ocrx_word' id='word_1_412' title='bbox 3132 2745 3523 2823; x_wconf 79' lang='lat' dir='ltr'><strong>ittformitatcut</strong></span> 
     </span>
    </p>
   </div>
   <div class='ocr_carea' id='block_1_59' title="bbox 1937 2836 3520 2909">
    <p class='ocr_par' dir='ltr' id='par_1_59' title="bbox 1937 2836 3520 2909">
     <span class='ocr_line' id='line_1_59' title="bbox 1937 2836 3520 2909; baseline -0.001 -16"><span class='ocrx_word' id='word_1_413' title='bbox 1937 2838 2217 2909; x_wconf 86' lang='lat' dir='ltr'><strong>utriusque</strong></span> <span class='ocrx_word' id='word_1_414' title='bbox 2247 2846 2493 2904; x_wconf 88' lang='lat' dir='ltr'><strong>naturae,</strong></span> <span class='ocrx_word' id='word_1_415' title='bbox 2522 2836 2875 2909; x_wconf 84' lang='lat' dir='ltr'><strong>intelligibilis</strong></span> <span class='ocrx_word' id='word_1_416' title='bbox 2900 2838 3020 2893; x_wconf 91' lang='lat' dir='ltr'><strong>dico</strong></span> <span class='ocrx_word' id='word_1_417' title='bbox 3045 2845 3207 2908; x_wconf 89' lang='lat' dir='ltr'><strong>atque</strong></span> <span class='ocrx_word' id='word_1_418' title='bbox 3227 2837 3520 2898; x_wconf 87' lang='lat' dir='ltr'><strong>sensibilis,</strong></span> 
     </span>
    </p>
   </div>
   <div class='ocr_carea' id='block_1_60' title="bbox 1936 2929 3526 3001">
    <p class='ocr_par' dir='ltr' id='par_1_60' title="bbox 1936 2929 3526 3001">
     <span class='ocr_line' id='line_1_60' title="bbox 1936 2929 3526 3001; baseline -0.002 -16"><span class='ocrx_word' id='word_1_419' title='bbox 1936 2938 1988 2985; x_wconf 89' lang='lat' dir='ltr'><strong>et</strong></span> <span class='ocrx_word' id='word_1_420' title='bbox 2004 2929 2308 3001; x_wconf 86' lang='lat' dir='ltr'><strong>eorum,qui</strong></span> <span class='ocrx_word' id='word_1_421' title='bbox 2325 2929 2701 3000; x_wconf 85' lang='lat' dir='ltr'><strong>primordiales</strong></span> <span class='ocrx_word' id='word_1_422' title='bbox 2714 2944 2903 2986; x_wconf 88' lang='lat' dir='ltr'><strong>causas</strong></span> <span class='ocrx_word' id='word_1_423' title='bbox 2916 2929 3329 3001; x_wconf 87' lang='lat' dir='ltr'><strong>intelligibilium</strong></span> <span class='ocrx_word' id='word_1_424' title='bbox 3345 2938 3526 2984; x_wconf 88' lang='lat' dir='ltr'><strong>etsen-</strong></span> 
     </span>
    </p>
   </div>
   <div class='ocr_carea' id='block_1_61' title="bbox 1938 3020 3528 3092">
    <p class='ocr_par' dir='ltr' id='par_1_61' title="bbox 1938 3020 3528 3092">
     <span class='ocr_line' id='line_1_61' title="bbox 1938 3020 3528 3092; baseline 0 -17"><span class='ocrx_word' id='word_1_425' title='bbox 1938 3020 2173 3076; x_wconf 79' lang='lat' dir='ltr'><strong>sibilium</strong></span> <span class='ocrx_word' id='word_1_426' title='bbox 2202 3022 2491 3092; x_wconf 85' lang='lat' dir='ltr'><strong>praedictis</strong></span> <span class='ocrx_word' id='word_1_427' title='bbox 2522 3020 2836 3091; x_wconf 89' lang='lat' dir='ltr'><strong>Scripturae</strong></span> <span class='ocrx_word' id='word_1_428' title='bbox 2859 3021 3038 3077; x_wconf 82' lang='lat' dir='ltr'><strong>verbis</strong></span> <span class='ocrx_word' id='word_1_429' title='bbox 3077 3020 3376 3089; x_wconf 88' lang='lat' dir='ltr'><strong>descriptas</strong></span> <span class='ocrx_word' id='word_1_430' title='bbox 3406 3034 3528 3075; x_wconf 85' lang='lat' dir='ltr'><strong>esse</strong></span> 
     </span>
    </p>
   </div>
   <div class='ocr_carea' id='block_1_62' title="bbox 1931 3077 3620 3180">
    <p class='ocr_par' dir='ltr' id='par_1_62' title="bbox 1931 3077 3620 3180">
     <span class='ocr_line' id='line_1_62' title="bbox 1931 3077 3620 3180; baseline 0.001 -17"><span class='ocrx_word' id='word_1_431' title='bbox 1931 3110 2200 3180; x_wconf 88' lang='lat' dir='ltr'><strong>judicant.</strong></span> <span class='ocrx_word' id='word_1_432' title='bbox 2233 3109 2369 3165; x_wconf 87' lang='lat' dir='ltr'><strong>Nam</strong></span> <span class='ocrx_word' id='word_1_433' title='bbox 2393 3109 2678 3165; x_wconf 87' lang='lat' dir='ltr'><strong>informem</strong></span> <span class='ocrx_word' id='word_1_434' title='bbox 2706 3110 2993 3165; x_wconf 89' lang='lat' dir='ltr'><strong>materiam</strong></span> <span class='ocrx_word' id='word_1_435' title='bbox 3029 3107 3255 3180; x_wconf 88' lang='lat' dir='ltr'><strong>ejusque</strong></span> <span class='ocrx_word' id='word_1_436' title='bbox 3282 3108 3528 3164; x_wconf 87' lang='lat' dir='ltr'><strong>informi-</strong></span> <span class='ocrx_word' id='word_1_437' title='bbox 3571 3077 3620 3165; x_wconf 60' lang='grc' dir='ltr'><strong>ἶ,</strong></span> 
     </span>
    </p>
   </div>
   <div class='ocr_carea' id='block_1_63' title="bbox 249 3188 3528 3277">
    <p class='ocr_par' dir='ltr' id='par_1_63' title="bbox 249 3188 3528 3277">
     <span class='ocr_line' id='line_1_63' title="bbox 249 3188 3528 3277; baseline -0.002 -15"><span class='ocrx_word' id='word_1_438' title='bbox 249 3207 379 3277; x_wconf 73' lang='lat' dir='ltr'><strong>fecit</strong></span> <span class='ocrx_word' id='word_1_439' title='bbox 406 3206 546 3261; x_wconf 77' lang='lat' dir='ltr'><strong>Deus</strong></span> <span class='ocrx_word' id='word_1_440' title='bbox 572 3206 774 3260; x_wconf 87' lang='lat' dir='ltr'><strong>caelum</strong></span> <span class='ocrx_word' id='word_1_441' title='bbox 815 3215 863 3259; x_wconf 81' lang='lat' dir='ltr'><strong>et</strong></span> <span class='ocrx_word' id='word_1_442' title='bbox 900 3215 1116 3260; x_wconf 77' lang='lat' dir='ltr'><strong>terram.</strong></span> <span class='ocrx_word' id='word_1_443' title='bbox 1149 3205 1266 3272; x_wconf 83' lang='lat' dir='ltr'><strong>Quo</strong></span> <span class='ocrx_word' id='word_1_444' title='bbox 1293 3206 1346 3263; x_wconf 90' lang='lat' dir='ltr'><strong>in</strong></span> <span class='ocrx_word' id='word_1_445' title='bbox 1391 3206 1506 3261; x_wconf 91' lang='lat' dir='ltr'><strong>loco</strong></span> <span class='ocrx_word' id='word_1_446' title='bbox 1539 3221 1730 3262; x_wconf 83' lang='lat' dir='ltr'><strong>otnnes</strong></span> <span class='ocrx_word' id='word_1_447' title='bbox 1755 3221 1842 3259; x_wconf 82' lang='lat' dir='ltr'><strong>sa-</strong></span> <span class='ocrx_word' id='word_1_448' title='bbox 1868 3188 1913 3250; x_wconf 83' lang='lat' dir='ltr'>C</span> <span class='ocrx_word' id='word_1_449' title='bbox 1947 3210 2107 3257; x_wconf 86' lang='lat' dir='ltr'><strong>tatem</strong></span> <span class='ocrx_word' id='word_1_450' title='bbox 2138 3217 2359 3257; x_wconf 88' lang='lat' dir='ltr'><strong>causam</strong></span> <span class='ocrx_word' id='word_1_451' title='bbox 2394 3201 2663 3271; x_wconf 89' lang='lat' dir='ltr'><strong>quandam</strong></span> <span class='ocrx_word' id='word_1_452' title='bbox 2693 3215 2875 3255; x_wconf 90' lang='lat' dir='ltr'><strong>rerum</strong></span> <span class='ocrx_word' id='word_1_453' title='bbox 2903 3215 3023 3256; x_wconf 92' lang='lat' dir='ltr'><strong>esse</strong></span> <span class='ocrx_word' id='word_1_454' title='bbox 3073 3200 3325 3256; x_wconf 89' lang='lat' dir='ltr'><strong>dicimus.</strong></span> <span class='ocrx_word' id='word_1_455' title='bbox 3362 3200 3431 3276; x_wconf 32' lang='lat' dir='ltr'><strong>lu.</strong></span> <span class='ocrx_word' id='word_1_456' title='bbox 3462 3217 3528 3255; x_wconf 87' lang='lat' dir='ltr'><strong>ea</strong></span> 
     </span>
    </p>
   </div>
   <div class='ocr_carea' id='block_1_64' title="bbox 247 3296 1841 3368">
    <p class='ocr_par' dir='ltr' id='par_1_64' title="bbox 247 3296 1841 3368">
     <span class='ocr_line' id='line_1_64' title="bbox 247 3296 1841 3368; baseline -0.003 -13"><span class='ocrx_word' id='word_1_457' title='bbox 247 3311 381 3355; x_wconf 87' lang='lat' dir='ltr'><strong>crae</strong></span> <span class='ocrx_word' id='word_1_458' title='bbox 411 3296 726 3368; x_wconf 89' lang='lat' dir='ltr'><strong>Scripturae</strong></span> <span class='ocrx_word' id='word_1_459' title='bbox 748 3297 1084 3367; x_wconf 86' lang='lat' dir='ltr'><strong>expositorcs</strong></span> <span class='ocrx_word' id='word_1_460' title='bbox 1111 3296 1308 3367; x_wconf 78' lang='lat' dir='ltr'><strong>ingenii</strong></span> <span class='ocrx_word' id='word_1_461' title='bbox 1333 3297 1414 3351; x_wconf 86' lang='lat' dir='ltr'><strong>sui</strong></span> <span class='ocrx_word' id='word_1_462' title='bbox 1439 3312 1667 3352; x_wconf 89' lang='lat' dir='ltr'><strong>acumen</strong></span> <span class='ocrx_word' id='word_1_463' title='bbox 1685 3312 1841 3353; x_wconf 79' lang='lat' dir='ltr'><strong>exer-</strong></span> 
     </span>
    </p>
   </div>
   <div class='ocr_carea' id='block_1_65' title="bbox 248 3382 1839 3460">
    <p class='ocr_par' dir='ltr' id='par_1_65' title="bbox 248 3382 1839 3460">
     <span class='ocr_line' id='line_1_65' title="bbox 248 3382 1839 3460; baseline -0.002 -14"><span class='ocrx_word' id='word_1_464' title='bbox 248 3400 505 3456; x_wconf 87' lang='lat' dir='ltr'><strong>cuerunt,</strong></span> <span class='ocrx_word' id='word_1_465' title='bbox 530 3389 866 3460; x_wconf 88' lang='lat' dir='ltr'><strong>diversisque</strong></span> <span class='ocrx_word' id='word_1_466' title='bbox 900 3382 1289 3459; x_wconf 82' lang='lat' dir='ltr'><strong>intelligentiae</strong></span> <span class='ocrx_word' id='word_1_467' title='bbox 1317 3388 1508 3453; x_wconf 87' lang='lat' dir='ltr'><strong>modis,</strong></span> <span class='ocrx_word' id='word_1_468' title='bbox 1550 3388 1679 3458; x_wconf 88' lang='lat' dir='ltr'><strong>quid</strong></span> <span class='ocrx_word' id='word_1_469' title='bbox 1704 3388 1839 3443; x_wconf 83' lang='lat' dir='ltr'><strong>caeli</strong></span> 
     </span>
    </p>
   </div>
   <div class='ocr_carea' id='block_1_66' title="bbox 250 3476 1843 3548">
    <p class='ocr_par' dir='ltr' id='par_1_66' title="bbox 250 3476 1843 3548">
     <span class='ocr_line' id='line_1_66' title="bbox 250 3476 1843 3548; baseline -0.002 -13"><span class='ocrx_word' id='word_1_470' title='bbox 250 3478 495 3543; x_wconf 79' lang='lat' dir='ltr'><strong>nomine,</strong></span> <span class='ocrx_word' id='word_1_471' title='bbox 523 3478 650 3548; x_wconf 90' lang='lat' dir='ltr'><strong>quid</strong></span> <span class='ocrx_word' id='word_1_472' title='bbox 676 3487 871 3541; x_wconf 89' lang='lat' dir='ltr'><strong>terrae,</strong></span> <span class='ocrx_word' id='word_1_473' title='bbox 900 3479 1182 3548; x_wconf 87' lang='lat' dir='ltr'><strong>propheta,</strong></span> <span class='ocrx_word' id='word_1_474' title='bbox 1215 3477 1383 3533; x_wconf 91' lang='lat' dir='ltr'><strong>immo</strong></span> <span class='ocrx_word' id='word_1_475' title='bbox 1438 3478 1599 3532; x_wconf 88' lang='lat' dir='ltr'><strong>etiam</strong></span> <span class='ocrx_word' id='word_1_476' title='bbox 1624 3477 1646 3509; x_wconf 83' lang='grc'>⁸</span> <span class='ocrx_word' id='word_1_477' title='bbox 1672 3476 1843 3548; x_wconf 65' lang='grc' dir='ltr'><strong>δρὶνίς</strong></span> 
     </span>
    </p>
   </div>
   <div class='ocr_carea' id='block_1_67' title="bbox 248 3569 1840 3641">
    <p class='ocr_par' dir='ltr' id='par_1_67' title="bbox 248 3569 1840 3641">
     <span class='ocr_line' id='line_1_67' title="bbox 248 3569 1840 3641; baseline 0 -16"><span class='ocrx_word' id='word_1_478' title='bbox 248 3580 341 3625; x_wconf 87' lang='lat' dir='ltr'><strong>tus</strong></span> <span class='ocrx_word' id='word_1_479' title='bbox 375 3578 598 3625; x_wconf 87' lang='lat' dir='ltr'><strong>sanctus</strong></span> <span class='ocrx_word' id='word_1_480' title='bbox 622 3584 720 3639; x_wconf 88' lang='lat' dir='ltr'><strong>per</strong></span> <span class='ocrx_word' id='word_1_481' title='bbox 750 3570 1095 3639; x_wconf 86' lang='lat' dir='ltr'><strong>prophetam,</strong></span> <span class='ocrx_word' id='word_1_482' title='bbox 1125 3569 1293 3624; x_wconf 91' lang='lat' dir='ltr'><strong>voluit</strong></span> <span class='ocrx_word' id='word_1_483' title='bbox 1323 3570 1642 3641; x_wconf 78' lang='lat' dir='ltr'><strong>signiﬁcari,</strong></span> <span class='ocrx_word' id='word_1_484' title='bbox 1669 3586 1840 3641; x_wconf 76' lang='lat' dir='ltr'><strong>expo-</strong></span> 
     </span>
    </p>
   </div>
   <div class='ocr_carea' id='block_1_68' title="bbox 248 3659 1842 3732">
    <p class='ocr_par' dir='ltr' id='par_1_68' title="bbox 248 3659 1842 3732">
     <span class='ocr_line' id='line_1_68' title="bbox 248 3659 1842 3732; baseline 0.001 -17"><span class='ocrx_word' id='word_1_485' title='bbox 248 3667 502 3716; x_wconf 89' lang='lat' dir='ltr'><strong>suerunt.</strong></span> <span class='ocrx_word' id='word_1_486' title='bbox 531 3660 634 3714; x_wconf 87' lang='lat' dir='ltr'><strong>Alii</strong></span> <span class='ocrx_word' id='word_1_487' title='bbox 654 3659 919 3729; x_wconf 90' lang='lat' dir='ltr'><strong>siquidem</strong></span> <span class='ocrx_word' id='word_1_488' title='bbox 942 3661 1161 3715; x_wconf 90' lang='lat' dir='ltr'><strong>brevem</strong></span> <span class='ocrx_word' id='word_1_489' title='bbox 1189 3662 1458 3731; x_wconf 87' lang='lat' dir='ltr'><strong>quandam</strong></span> <span class='ocrx_word' id='word_1_490' title='bbox 1487 3663 1842 3732; x_wconf 86' lang='lat' dir='ltr'><strong>comprehen-</strong></span> 
     </span>
    </p>
   </div>
   <div class='ocr_carea' id='block_1_69' title="bbox 250 3748 1845 3819">
    <p class='ocr_par' dir='ltr' id='par_1_69' title="bbox 250 3748 1845 3819">
     <span class='ocr_line' id='line_1_69' title="bbox 250 3748 1845 3819; baseline -0.001 -12"><span class='ocrx_word' id='word_1_491' title='bbox 250 3751 465 3807; x_wconf 90' lang='lat' dir='ltr'><strong>sionem</strong></span> <span class='ocrx_word' id='word_1_492' title='bbox 512 3751 676 3806; x_wconf 89' lang='lat' dir='ltr'><strong>totins</strong></span> <span class='ocrx_word' id='word_1_493' title='bbox 715 3748 990 3819; x_wconf 81' lang='lat' dir='ltr'><strong>perfectae</strong></span> <span class='ocrx_word' id='word_1_494' title='bbox 1018 3760 1307 3806; x_wconf 88' lang='lat' dir='ltr'><strong>creaturae</strong></span> <span class='ocrx_word' id='word_1_495' title='bbox 1355 3751 1440 3806; x_wconf 91' lang='lat' dir='ltr'><strong>his</strong></span> <span class='ocrx_word' id='word_1_496' title='bbox 1480 3751 1664 3807; x_wconf 89' lang='lat' dir='ltr'><strong>verbis</strong></span> <span class='ocrx_word' id='word_1_497' title='bbox 1711 3751 1845 3805; x_wconf 90' lang='lat' dir='ltr'><strong>insi-</strong></span> 
     </span>
    </p>
   </div>
   <div class='ocr_carea' id='block_1_70' title="bbox 250 3838 1842 3911">
    <p class='ocr_par' dir='ltr' id='par_1_70' title="bbox 250 3838 1842 3911">
     <span class='ocr_line' id='line_1_70' title="bbox 250 3838 1842 3911; baseline -0.002 -14"><span class='ocrx_word' id='word_1_498' title='bbox 250 3840 410 3897; x_wconf 89' lang='lat' dir='ltr'><strong>nuari</strong></span> <span class='ocrx_word' id='word_1_499' title='bbox 441 3839 747 3895; x_wconf 88' lang='lat' dir='ltr'><strong>aestimant.</strong></span> <span class='ocrx_word' id='word_1_500' title='bbox 784 3838 932 3893; x_wconf 89' lang='lat' dir='ltr'><strong>Caeli</strong></span> <span class='ocrx_word' id='word_1_501' title='bbox 985 3840 1204 3909; x_wconf 84' lang='lat' dir='ltr'><strong>quidem</strong></span> <span class='ocrx_word' id='word_1_502' title='bbox 1230 3842 1251 3874; x_wconf 79' lang='grc'><strong>⁹</strong></span> <span class='ocrx_word' id='word_1_503' title='bbox 1280 3840 1501 3895; x_wconf 91' lang='lat' dir='ltr'><strong>nomine</strong></span> <span class='ocrx_word' id='word_1_504' title='bbox 1532 3848 1700 3895; x_wconf 86' lang='lat' dir='ltr'><strong>totam</strong></span> <span class='ocrx_word' id='word_1_505' title='bbox 1726 3841 1842 3911; x_wconf 56' lang='lat' dir='ltr'><strong>spio</strong></span> 
     </span>
    </p>
   </div>
   <div class='ocr_carea' id='block_1_71' title="bbox 250 3927 1842 3998">
    <p class='ocr_par' dir='ltr' id='par_1_71' title="bbox 250 3927 1842 3998">
     <span class='ocr_line' id='line_1_71' title="bbox 250 3927 1842 3998; baseline -0.001 -14"><span class='ocrx_word' id='word_1_506' title='bbox 250 3927 507 3985; x_wconf 89' lang='lat' dir='ltr'><strong>ritualem</strong></span> <span class='ocrx_word' id='word_1_507' title='bbox 578 3928 1102 3998; x_wconf 83' lang='lat' dir='ltr'><strong>intellectualcmque</strong></span> <span class='ocrx_word' id='word_1_508' title='bbox 1176 3938 1487 3983; x_wconf 80' lang='lat' dir='ltr'><strong>creaturam</strong></span> <span class='ocrx_word' id='word_1_509' title='bbox 1570 3929 1842 3984; x_wconf 87' lang='lat' dir='ltr'><strong>conditam</strong></span> 
     </span>
    </p>
   </div>
   <div class='ocr_carea' id='block_1_72' title="bbox 250 4019 1843 4091">
    <p class='ocr_par' dir='ltr' id='par_1_72' title="bbox 250 4019 1843 4091">
     <span class='ocr_line' id='line_1_72' title="bbox 250 4019 1843 4091; baseline 0.001 -16"><span class='ocrx_word' id='word_1_510' title='bbox 250 4029 419 4091; x_wconf 89' lang='lat' dir='ltr'><strong>atque</strong></span> <span class='ocrx_word' id='word_1_511' title='bbox 469 4019 777 4086; x_wconf 88' lang='lat' dir='ltr'><strong>formatam,</strong></span> <span class='ocrx_word' id='word_1_512' title='bbox 822 4031 999 4076; x_wconf 84' lang='lat' dir='ltr'><strong>terrae</strong></span> <span class='ocrx_word' id='word_1_513' title='bbox 1061 4036 1191 4076; x_wconf 87' lang='lat' dir='ltr'><strong>vero</strong></span> <span class='ocrx_word' id='word_1_514' title='bbox 1240 4036 1457 4075; x_wconf 90' lang='lat' dir='ltr'><strong>omnem</strong></span> <span class='ocrx_word' id='word_1_515' title='bbox 1524 4036 1843 4090; x_wconf 89' lang='lat' dir='ltr'><strong>corpoream</strong></span> 
     </span>
    </p>
   </div>
   <div class='ocr_carea' id='block_1_73' title="bbox 251 4112 1843 4183">
    <p class='ocr_par' dir='ltr' id='par_1_73' title="bbox 251 4112 1843 4183">
     <span class='ocr_line' id='line_1_73' title="bbox 251 4112 1843 4183; baseline -0.002 -13"><span class='ocrx_word' id='word_1_516' title='bbox 251 4113 675 4183; x_wconf 87' lang='lat' dir='ltr'><strong>sensibilemque</strong></span> <span class='ocrx_word' id='word_1_517' title='bbox 704 4114 816 4168; x_wconf 89' lang='lat' dir='ltr'><strong>suis</strong></span> <span class='ocrx_word' id='word_1_518' title='bbox 845 4112 1252 4183; x_wconf 85' lang='lat' dir='ltr'><strong>perfectissimis</strong></span> <span class='ocrx_word' id='word_1_519' title='bbox 1280 4112 1684 4168; x_wconf 73' lang='lat' dir='ltr'><strong>definitionibus</strong></span> <span class='ocrx_word' id='word_1_520' title='bbox 1713 4127 1843 4167; x_wconf 89' lang='lat' dir='ltr'><strong>con-</strong></span> 
     </span>
    </p>
   </div>
   <div class='ocr_carea' id='block_1_74' title="bbox 252 4202 1839 4259">
    <p class='ocr_par' dir='ltr' id='par_1_74' title="bbox 252 4202 1839 4259">
     <span class='ocr_line' id='line_1_74' title="bbox 252 4202 1839 4259; baseline 0.001 -2"><span class='ocrx_word' id='word_1_521' title='bbox 252 4205 500 4258; x_wconf 82' lang='lat' dir='ltr'><strong>stitutam</strong></span> <span class='ocrx_word' id='word_1_522' title='bbox 558 4202 795 4257; x_wconf 89' lang='lat' dir='ltr'><strong>intimari</strong></span> <span class='ocrx_word' id='word_1_523' title='bbox 856 4204 1207 4258; x_wconf 90' lang='lat' dir='ltr'><strong>arbitrantur.</strong></span> <span class='ocrx_word' id='word_1_524' title='bbox 1271 4202 1379 4258; x_wconf 83' lang='lat' dir='ltr'><strong>Alii</strong></span> <span class='ocrx_word' id='word_1_525' title='bbox 1448 4203 1839 4259; x_wconf 87' lang='lat' dir='ltr'><strong>informitatem</strong></span> 
     </span>
    </p>
   </div>
   <div class='ocr_carea' id='block_1_75' title="bbox 252 4293 1838 4363">
    <p class='ocr_par' dir='ltr' id='par_1_75' title="bbox 252 4293 1838 4363">
     <span class='ocr_line' id='line_1_75' title="bbox 252 4293 1838 4363; baseline -0.002 -12"><span class='ocrx_word' id='word_1_526' title='bbox 252 4294 851 4363; x_wconf 80' lang='lat' dir='ltr'><strong>utriusquecrcaturae,</strong></span> <span class='ocrx_word' id='word_1_527' title='bbox 877 4293 1171 4362; x_wconf 89' lang='lat' dir='ltr'><strong>spiritualis</strong></span> <span class='ocrx_word' id='word_1_528' title='bbox 1193 4294 1408 4362; x_wconf 87' lang='lat' dir='ltr'><strong>quidem</strong></span> <span class='ocrx_word' id='word_1_529' title='bbox 1433 4294 1650 4350; x_wconf 90' lang='lat' dir='ltr'><strong>nomine</strong></span> <span class='ocrx_word' id='word_1_530' title='bbox 1676 4295 1838 4361; x_wconf 91' lang='lat' dir='ltr'><strong>caeli,</strong></span> 
     </span>
    </p>
   </div>
   <div class='ocr_carea' id='block_1_76' title="bbox 254 4383 1840 4456">
    <p class='ocr_par' dir='ltr' id='par_1_76' title="bbox 254 4383 1840 4456">
     <span class='ocr_line' id='line_1_76' title="bbox 254 4383 1840 4456; baseline -0.001 -15"><span class='ocrx_word' id='word_1_531' title='bbox 254 4395 435 4441; x_wconf 88' lang='lat' dir='ltr'><strong>terrae</strong></span> <span class='ocrx_word' id='word_1_532' title='bbox 479 4399 611 4439; x_wconf 89' lang='lat' dir='ltr'><strong>vero</strong></span> <span class='ocrx_word' id='word_1_533' title='bbox 664 4383 1021 4455; x_wconf 82' lang='lat' dir='ltr'><strong>appellatione</strong></span> <span class='ocrx_word' id='word_1_534' title='bbox 1082 4384 1268 4439; x_wconf 88' lang='lat' dir='ltr'><strong>mundi</strong></span> <span class='ocrx_word' id='word_1_535' title='bbox 1318 4383 1479 4452; x_wconf 88' lang='lat' dir='ltr'><strong>hujus</strong></span> <span class='ocrx_word' id='word_1_536' title='bbox 1541 4386 1840 4456; x_wconf 85' lang='lat' dir='ltr'><strong>corporalis</strong></span> 
     </span>
    </p>
   </div>
   <div class='ocr_carea' id='block_1_77' title="bbox 253 4474 1837 4545">
    <p class='ocr_par' dir='ltr' id='par_1_77' title="bbox 253 4474 1837 4545">
     <span class='ocr_line' id='line_1_77' title="bbox 253 4474 1837 4545; baseline 0.001 -15"><span class='ocrx_word' id='word_1_537' title='bbox 253 4474 656 4530; x_wconf 87' lang='lat' dir='ltr'><strong>inchoationem</strong></span> <span class='ocrx_word' id='word_1_538' title='bbox 684 4474 910 4529; x_wconf 88' lang='lat' dir='ltr'><strong>suadere</strong></span> <span class='ocrx_word' id='word_1_539' title='bbox 929 4483 1217 4545; x_wconf 85' lang='lat' dir='ltr'><strong>conantur.</strong></span> <span class='ocrx_word' id='word_1_540' title='bbox 1241 4474 1345 4528; x_wconf 89' lang='lat' dir='ltr'><strong>Alii</strong></span> <span class='ocrx_word' id='word_1_541' title='bbox 1375 4476 1540 4531; x_wconf 91' lang='lat' dir='ltr'><strong>totius</strong></span> <span class='ocrx_word' id='word_1_542' title='bbox 1560 4476 1837 4531; x_wconf 86' lang='lat' dir='ltr'><strong>sensibilis</strong></span> 
     </span>
    </p>
   </div>
   <div class='ocr_carea' id='block_1_78' title="bbox 1943 3288 3526 3360">
    <p class='ocr_par' dir='ltr' id='par_1_78' title="bbox 1943 3288 3526 3360">
     <span class='ocr_line' id='line_1_78' title="bbox 1943 3288 3526 3360; baseline 0 -16"><span class='ocrx_word' id='word_1_543' title='bbox 1943 3290 2208 3358; x_wconf 82' lang='lat' dir='ltr'><strong>siquidem</strong></span> <span class='ocrx_word' id='word_1_544' title='bbox 2239 3290 2528 3355; x_wconf 90' lang='lat' dir='ltr'><strong>inchoant,</strong></span> <span class='ocrx_word' id='word_1_545' title='bbox 2571 3289 2819 3360; x_wconf 89' lang='lat' dir='ltr'><strong>quamvis</strong></span> <span class='ocrx_word' id='word_1_546' title='bbox 2857 3288 3197 3355; x_wconf 86' lang='lat' dir='ltr'><strong>informiter,</strong></span> <span class='ocrx_word' id='word_1_547' title='bbox 3244 3288 3299 3344; x_wconf 90' lang='lat' dir='ltr'><strong>id</strong></span> <span class='ocrx_word' id='word_1_548' title='bbox 3348 3299 3432 3344; x_wconf 90' lang='lat' dir='ltr'><strong>est</strong></span> <span class='ocrx_word' id='word_1_549' title='bbox 3462 3293 3526 3353; x_wconf 79' lang='lat'><strong>‘-&quot;.</strong></span> 
     </span>
    </p>
   </div>
   <div class='ocr_carea' id='block_1_79' title="bbox 1943 3381 3529 3454">
    <p class='ocr_par' dir='ltr' id='par_1_79' title="bbox 1943 3381 3529 3454">
     <span class='ocr_line' id='line_1_79' title="bbox 1943 3381 3529 3454; baseline -0.001 -16"><span class='ocrx_word' id='word_1_550' title='bbox 1943 3385 2117 3440; x_wconf 90' lang='lat' dir='ltr'><strong>adhuc</strong></span> <span class='ocrx_word' id='word_1_551' title='bbox 2152 3382 2465 3454; x_wconf 88' lang='lat' dir='ltr'><strong>imperfecte</strong></span> <span class='ocrx_word' id='word_1_552' title='bbox 2495 3398 2559 3438; x_wconf 90' lang='lat' dir='ltr'><strong>ac</strong></span> <span class='ocrx_word' id='word_1_553' title='bbox 2587 3398 2753 3453; x_wconf 89' lang='lat' dir='ltr'><strong>prope</strong></span> <span class='ocrx_word' id='word_1_554' title='bbox 2781 3382 2915 3436; x_wconf 88' lang='lat' dir='ltr'><strong>nihil</strong></span> <span class='ocrx_word' id='word_1_555' title='bbox 2947 3381 2988 3412; x_wconf 79' lang='grc'><strong>¹³</strong></span> <span class='ocrx_word' id='word_1_556' title='bbox 3020 3394 3179 3448; x_wconf 88' lang='lat' dir='ltr'><strong>esse;</strong></span> <span class='ocrx_word' id='word_1_557' title='bbox 3210 3396 3316 3436; x_wconf 92' lang='lat' dir='ltr'><strong>non</strong></span> <span class='ocrx_word' id='word_1_558' title='bbox 3347 3390 3529 3437; x_wconf 86' lang='lat' dir='ltr'><strong>tamen</strong></span> 
     </span>
    </p>
   </div>
   <div class='ocr_carea' id='block_1_80' title="bbox 1943 3471 3528 3545">
    <p class='ocr_par' dir='ltr' id='par_1_80' title="bbox 1943 3471 3528 3545">
     <span class='ocr_line' id='line_1_80' title="bbox 1943 3471 3528 3545; baseline -0.004 -14"><span class='ocrx_word' id='word_1_559' title='bbox 1943 3477 2159 3545; x_wconf 91' lang='lat' dir='ltr'><strong>penitus</strong></span> <span class='ocrx_word' id='word_1_560' title='bbox 2204 3475 2341 3530; x_wconf 92' lang='lat' dir='ltr'><strong>nihil</strong></span> <span class='ocrx_word' id='word_1_561' title='bbox 2372 3489 2494 3530; x_wconf 90' lang='lat' dir='ltr'><strong>esse</strong></span> <span class='ocrx_word' id='word_1_562' title='bbox 2523 3474 2917 3544; x_wconf 83' lang='lat' dir='ltr'><strong>intelliguntur,</strong></span> <span class='ocrx_word' id='word_1_563' title='bbox 2959 3472 3056 3528; x_wconf 90' lang='lat' dir='ltr'><strong>sed</strong></span> <span class='ocrx_word' id='word_1_564' title='bbox 3086 3471 3528 3527; x_wconf 74' lang='lat' dir='ltr'><strong>inchoamcntum</strong></span> 
     </span>
    </p>
   </div>
   <div class='ocr_carea' id='block_1_81' title="bbox 1942 3562 3532 3637">
    <p class='ocr_par' dir='ltr' id='par_1_81' title="bbox 1942 3562 3532 3637">
     <span class='ocr_line' id='line_1_81' title="bbox 1942 3562 3532 3637; baseline -0.002 -17"><span class='ocrx_word' id='word_1_565' title='bbox 1942 3566 2340 3637; x_wconf 88' lang='lat' dir='ltr'><strong>quodammodo</strong></span> <span class='ocrx_word' id='word_1_566' title='bbox 2369 3579 2512 3634; x_wconf 90' lang='lat' dir='ltr'><strong>esse,</strong></span> <span class='ocrx_word' id='word_1_567' title='bbox 2552 3563 2891 3636; x_wconf 77' lang='lat' dir='ltr'><strong>formamque</strong></span> <span class='ocrx_word' id='word_1_568' title='bbox 2927 3572 2983 3620; x_wconf 88' lang='lat' dir='ltr'><strong>et</strong></span> <span class='ocrx_word' id='word_1_569' title='bbox 3017 3562 3404 3635; x_wconf 77' lang='lat' dir='ltr'><strong>perfectionem</strong></span> <span class='ocrx_word' id='word_1_570' title='bbox 3435 3579 3532 3634; x_wconf 84' lang='lat' dir='ltr'><strong>ap-</strong></span> 
     </span>
    </p>
   </div>
   <div class='ocr_carea' id='block_1_82' title="bbox 1942 3666 2540 3729">
    <p class='ocr_par' dir='ltr' id='par_1_82' title="bbox 1942 3666 2540 3729">
     <span class='ocr_line' id='line_1_82' title="bbox 1942 3666 2540 3729; baseline -0.003 -16"><span class='ocrx_word' id='word_1_571' title='bbox 1942 3666 2147 3729; x_wconf 87' lang='lat' dir='ltr'><strong>petere.</strong></span> <span class='ocrx_word' id='word_1_572' title='bbox 2530 3717 2540 3725; x_wconf 87' lang='lat'>_</span> 
     </span>
    </p>
   </div>
   <div class='ocr_carea' id='block_1_83' title="bbox 2011 3745 3530 3819">
    <p class='ocr_par' dir='ltr' id='par_1_83' title="bbox 2011 3745 3530 3819">
     <span class='ocr_line' id='line_1_83' title="bbox 2011 3745 3530 3819; baseline -0.002 -17"><span class='ocrx_word' id='word_1_573' title='bbox 2011 3747 2149 3804; x_wconf 75' lang='lat' dir='ltr'><strong>MAG-</strong></span> <span class='ocrx_word' id='word_1_574' title='bbox 2195 3747 2326 3803; x_wconf 88' lang='lat' dir='ltr'><strong>Esto</strong></span> <span class='ocrx_word' id='word_1_575' title='bbox 2374 3747 2540 3819; x_wconf 85' lang='lat' dir='ltr'><strong>igitur</strong></span> <span class='ocrx_word' id='word_1_576' title='bbox 2570 3747 2848 3811; x_wconf 90' lang='lat' dir='ltr'><strong>intentior,</strong></span> <span class='ocrx_word' id='word_1_577' title='bbox 2889 3756 2943 3801; x_wconf 92' lang='lat' dir='ltr'><strong>et</strong></span> <span class='ocrx_word' id='word_1_578' title='bbox 2973 3762 3157 3803; x_wconf 88' lang='lat' dir='ltr'><strong>rerum</strong></span> <span class='ocrx_word' id='word_1_579' title='bbox 3198 3745 3530 3802; x_wconf 75' lang='lat' dir='ltr'><strong>differentias</strong></span> 
     </span>
    </p>
   </div>
   <div class='ocr_carea' id='block_1_84' title="bbox 1944 3836 3532 3909">
    <p class='ocr_par' dir='ltr' id='par_1_84' title="bbox 1944 3836 3532 3909">
     <span class='ocr_line' id='line_1_84' title="bbox 1944 3836 3532 3909; baseline -0.003 -15"><span class='ocrx_word' id='word_1_580' title='bbox 1944 3846 2099 3903; x_wconf 83' lang='lat' dir='ltr'><strong>acute</strong></span> <span class='ocrx_word' id='word_1_581' title='bbox 2130 3837 2398 3908; x_wconf 87' lang='lat' dir='ltr'><strong>perspice,</strong></span> <span class='ocrx_word' id='word_1_582' title='bbox 2430 3838 2764 3908; x_wconf 87' lang='lat' dir='ltr'><strong>nebulasque</strong></span> <span class='ocrx_word' id='word_1_583' title='bbox 2799 3836 3167 3909; x_wconf 84' lang='lat' dir='ltr'><strong>ambiguitatis</strong></span> <span class='ocrx_word' id='word_1_584' title='bbox 3194 3851 3260 3892; x_wconf 79' lang='lat' dir='ltr'><strong>ex</strong></span> <span class='ocrx_word' id='word_1_585' title='bbox 3289 3838 3406 3892; x_wconf 89' lang='lat' dir='ltr'><strong>acie</strong></span> <span class='ocrx_word' id='word_1_586' title='bbox 3448 3838 3532 3890; x_wconf 82' lang='lat' dir='ltr'><strong>in-</strong></span> 
     </span>
    </p>
   </div>
   <div class='ocr_carea' id='block_1_85' title="bbox 1945 3927 3527 3998">
    <p class='ocr_par' dir='ltr' id='par_1_85' title="bbox 1945 3927 3527 3998">
     <span class='ocr_line' id='line_1_85' title="bbox 1945 3927 3527 3998; baseline -0.004 -14"><span class='ocrx_word' id='word_1_587' title='bbox 1945 3929 2202 3984; x_wconf 89' lang='lat' dir='ltr'><strong>tentionis</strong></span> <span class='ocrx_word' id='word_1_588' title='bbox 2229 3938 2352 3983; x_wconf 88' lang='lat' dir='ltr'><strong>tuae</strong></span> <span class='ocrx_word' id='word_1_589' title='bbox 2378 3929 2593 3998; x_wconf 86' lang='lat' dir='ltr'><strong>penitus</strong></span> <span class='ocrx_word' id='word_1_590' title='bbox 2612 3927 2832 3998; x_wconf 89' lang='lat' dir='ltr'><strong>depelle.</strong></span> <span class='ocrx_word' id='word_1_591' title='bbox 2867 3927 2980 3982; x_wconf 84' lang='lat' dir='ltr'><strong>Non</strong></span> <span class='ocrx_word' id='word_1_592' title='bbox 2997 3927 3161 3989; x_wconf 91' lang='lat' dir='ltr'><strong>enim,</strong></span> <span class='ocrx_word' id='word_1_593' title='bbox 3192 3936 3255 3982; x_wconf 91' lang='lat' dir='ltr'><strong>ut</strong></span> <span class='ocrx_word' id='word_1_594' title='bbox 3273 3928 3527 3988; x_wconf 85' lang='lat' dir='ltr'><strong>arbitror,</strong></span> 
     </span>
    </p>
   </div>
   <div class='ocr_carea' id='block_1_86' title="bbox 1946 4016 3529 4088">
    <p class='ocr_par' dir='ltr' id='par_1_86' title="bbox 1946 4016 3529 4088">
     <span class='ocr_line' id='line_1_86' title="bbox 1946 4016 3529 4088; baseline -0.001 -15"><span class='ocrx_word' id='word_1_595' title='bbox 1946 4027 1997 4073; x_wconf 92' lang='lat' dir='ltr'><strong>te</strong></span> <span class='ocrx_word' id='word_1_596' title='bbox 2025 4027 2201 4088; x_wconf 88' lang='lat' dir='ltr'><strong>potest</strong></span> <span class='ocrx_word' id='word_1_597' title='bbox 2242 4019 2433 4086; x_wconf 87' lang='lat' dir='ltr'><strong>latere,</strong></span> <span class='ocrx_word' id='word_1_598' title='bbox 2471 4018 2607 4074; x_wconf 89' lang='lat' dir='ltr'><strong>alias</strong></span> <span class='ocrx_word' id='word_1_599' title='bbox 2638 4033 2761 4073; x_wconf 87' lang='lat' dir='ltr'><strong>esse</strong></span> <span class='ocrx_word' id='word_1_600' title='bbox 2800 4032 2981 4072; x_wconf 88' lang='lat' dir='ltr'><strong>rerum</strong></span> <span class='ocrx_word' id='word_1_601' title='bbox 3031 4016 3398 4087; x_wconf 88' lang='lat' dir='ltr'><strong>informitates</strong></span> <span class='ocrx_word' id='word_1_602' title='bbox 3423 4057 3438 4083; x_wconf 92' lang='lat'><strong>,</strong></span> <span class='ocrx_word' id='word_1_603' title='bbox 3473 4028 3529 4071; x_wconf 88' lang='lat' dir='ltr'><strong>ct</strong></span> 
     </span>
    </p>
   </div>
   <div class='ocr_carea' id='block_1_87' title="bbox 1943 4106 3530 4181">
    <p class='ocr_par' dir='ltr' id='par_1_87' title="bbox 1943 4106 3530 4181">
     <span class='ocr_line' id='line_1_87' title="bbox 1943 4106 3530 4181; baseline 0.001 -18"><span class='ocrx_word' id='word_1_604' title='bbox 1943 4110 2078 4179; x_wconf 87' lang='lat' dir='ltr'><strong>alias</strong></span> <span class='ocrx_word' id='word_1_605' title='bbox 2105 4125 2290 4165; x_wconf 91' lang='lat' dir='ltr'><strong>rerum</strong></span> <span class='ocrx_word' id='word_1_606' title='bbox 2336 4125 2529 4166; x_wconf 91' lang='lat' dir='ltr'><strong>causas</strong></span> <span class='ocrx_word' id='word_1_607' title='bbox 2574 4108 2925 4181; x_wconf 84' lang='lat' dir='ltr'><strong>perfectaque</strong></span> <span class='ocrx_word' id='word_1_608' title='bbox 2961 4108 3244 4180; x_wconf 87' lang='lat' dir='ltr'><strong>principia.</strong></span> <span class='ocrx_word' id='word_1_609' title='bbox 3292 4106 3428 4164; x_wconf 86' lang='lat' dir='ltr'><strong>Nam</strong></span> <span class='ocrx_word' id='word_1_610' title='bbox 3483 4111 3530 4164; x_wconf 89' lang='lat' dir='ltr'><strong>si</strong></span> 
     </span>
    </p>
   </div>
   <div class='ocr_carea' id='block_1_88' title="bbox 1941 4199 3531 4272">
    <p class='ocr_par' dir='ltr' id='par_1_88' title="bbox 1941 4199 3531 4272">
     <span class='ocr_line' id='line_1_88' title="bbox 1941 4199 3531 4272; baseline -0.002 -16"><span class='ocrx_word' id='word_1_611' title='bbox 1941 4215 2062 4256; x_wconf 86' lang='lat' dir='ltr'><strong>esse</strong></span> <span class='ocrx_word' id='word_1_612' title='bbox 2090 4208 2146 4255; x_wconf 91' lang='lat' dir='ltr'><strong>et</strong></span> <span class='ocrx_word' id='word_1_613' title='bbox 2183 4217 2290 4256; x_wconf 92' lang='lat' dir='ltr'><strong>non</strong></span> <span class='ocrx_word' id='word_1_614' title='bbox 2317 4215 2438 4256; x_wconf 89' lang='lat' dir='ltr'><strong>esse</strong></span> <span class='ocrx_word' id='word_1_615' title='bbox 2476 4200 2578 4256; x_wconf 89' lang='lat' dir='ltr'><strong>sibi</strong></span> <span class='ocrx_word' id='word_1_616' title='bbox 2608 4200 2841 4255; x_wconf 88' lang='lat' dir='ltr'><strong>invicem</strong></span> <span class='ocrx_word' id='word_1_617' title='bbox 2887 4215 2918 4255; x_wconf 92' lang='lat' dir='ltr'><strong>e</strong></span> <span class='ocrx_word' id='word_1_618' title='bbox 2945 4199 3222 4255; x_wconf 80' lang='lat' dir='ltr'><strong>contrario</strong></span> <span class='ocrx_word' id='word_1_619' title='bbox 3249 4214 3531 4272; x_wconf 90' lang='lat' dir='ltr'><strong>opponun-</strong></span> 
     </span>
    </p>
   </div>
   <div class='ocr_carea' id='block_1_89' title="bbox 1942 4289 3528 4361">
    <p class='ocr_par' dir='ltr' id='par_1_89' title="bbox 1942 4289 3528 4361">
     <span class='ocr_line' id='line_1_89' title="bbox 1942 4289 3528 4361; baseline -0.001 -18"><span class='ocrx_word' id='word_1_620' title='bbox 1942 4297 2028 4344; x_wconf 90' lang='lat' dir='ltr'><strong>tur</strong></span> <span class='ocrx_word' id='word_1_621' title='bbox 2062 4289 2125 4355; x_wconf 84' lang='grc'><strong>¹⁹,</strong></span> <span class='ocrx_word' id='word_1_622' title='bbox 2159 4299 2213 4344; x_wconf 88' lang='lat' dir='ltr'><strong>et</strong></span> <span class='ocrx_word' id='word_1_623' title='bbox 2242 4290 2288 4321; x_wconf 86' lang='grc'><strong>¹⁰</strong></span> <span class='ocrx_word' id='word_1_624' title='bbox 2319 4289 2395 4344; x_wconf 90' lang='lat' dir='ltr'><strong>nil</strong></span> <span class='ocrx_word' id='word_1_625' title='bbox 2437 4290 2794 4361; x_wconf 91' lang='lat' dir='ltr'><strong>propinquius</strong></span> <span class='ocrx_word' id='word_1_626' title='bbox 2822 4299 2905 4344; x_wconf 90' lang='lat' dir='ltr'><strong>est</strong></span> <span class='ocrx_word' id='word_1_627' title='bbox 2938 4289 3007 4344; x_wconf 89' lang='lat' dir='ltr'><strong>ad</strong></span> <span class='ocrx_word' id='word_1_628' title='bbox 3036 4304 3165 4344; x_wconf 89' lang='lat' dir='ltr'><strong>vere</strong></span> <span class='ocrx_word' id='word_1_629' title='bbox 3196 4303 3335 4355; x_wconf 88' lang='lat' dir='ltr'><strong>esse,</strong></span> <span class='ocrx_word' id='word_1_630' title='bbox 3361 4305 3528 4361; x_wconf 85' lang='lat' dir='ltr'><strong>quam</strong></span> 
     </span>
    </p>
   </div>
   <div class='ocr_carea' id='block_1_90' title="bbox 1940 4378 3530 4450">
    <p class='ocr_par' dir='ltr' id='par_1_90' title="bbox 1940 4378 3530 4450">
     <span class='ocr_line' id='line_1_90' title="bbox 1940 4378 3530 4450; baseline 0.001 -17"><span class='ocrx_word' id='word_1_631' title='bbox 1940 4393 2139 4435; x_wconf 89' lang='lat' dir='ltr'><strong>causae</strong></span> <span class='ocrx_word' id='word_1_632' title='bbox 2170 4388 2386 4443; x_wconf 83' lang='lat' dir='ltr'><strong>creatae</strong></span> <span class='ocrx_word' id='word_1_633' title='bbox 2415 4388 2723 4435; x_wconf 88' lang='lat' dir='ltr'><strong>creatarum</strong></span> <span class='ocrx_word' id='word_1_634' title='bbox 2775 4394 2982 4445; x_wconf 88' lang='lat' dir='ltr'><strong>rerum,</strong></span> <span class='ocrx_word' id='word_1_635' title='bbox 3012 4378 3256 4450; x_wconf 89' lang='lat' dir='ltr'><strong>nihilque</strong></span> <span class='ocrx_word' id='word_1_636' title='bbox 3296 4380 3530 4435; x_wconf 83' lang='lat' dir='ltr'><strong>vicinius</strong></span> 
     </span>
    </p>
   </div>
   <div class='ocr_carea' id='block_1_91' title="bbox 1943 4473 3527 4546">
    <p class='ocr_par' dir='ltr' id='par_1_91' title="bbox 1943 4473 3527 4546">
     <span class='ocr_line' id='line_1_91' title="bbox 1943 4473 3527 4546; baseline 0 -18"><span class='ocrx_word' id='word_1_637' title='bbox 1943 4474 2010 4529; x_wconf 90' lang='lat' dir='ltr'><strong>ad</strong></span> <span class='ocrx_word' id='word_1_638' title='bbox 2040 4490 2147 4529; x_wconf 89' lang='lat' dir='ltr'><strong>non</strong></span> <span class='ocrx_word' id='word_1_639' title='bbox 2181 4489 2309 4529; x_wconf 87' lang='lat' dir='ltr'><strong>vere</strong></span> <span class='ocrx_word' id='word_1_640' title='bbox 2326 4490 2465 4543; x_wconf 90' lang='lat' dir='ltr'><strong>esse,</strong></span> <span class='ocrx_word' id='word_1_641' title='bbox 2496 4489 2658 4546; x_wconf 90' lang='lat' dir='ltr'><strong>quam</strong></span> <span class='ocrx_word' id='word_1_642' title='bbox 2683 4473 2932 4530; x_wconf 88' lang='lat' dir='ltr'><strong>informis</strong></span> <span class='ocrx_word' id='word_1_643' title='bbox 2955 4475 3222 4541; x_wconf 89' lang='lat' dir='ltr'><strong>materia;</strong></span> <span class='ocrx_word' id='word_1_644' title='bbox 3256 4484 3341 4531; x_wconf 90' lang='lat' dir='ltr'><strong>est</strong></span> <span class='ocrx_word' id='word_1_645' title='bbox 3361 4477 3527 4541; x_wconf 86' lang='lat' dir='ltr'><strong>enim,</strong></span> 
     </span>
    </p>
   </div>
   <div class='ocr_carea' id='block_1_92' title="bbox 252 4537 3531 4643">
    <p class='ocr_par' dir='ltr' id='par_1_92' title="bbox 252 4537 3531 4643">
     <span class='ocr_line' id='line_1_92' title="bbox 252 4537 3531 4643; baseline 0.002 -20"><span class='ocrx_word' id='word_1_646' title='bbox 252 4576 558 4632; x_wconf 88' lang='lat' dir='ltr'><strong>creaturae,</strong></span> <span class='ocrx_word' id='word_1_647' title='bbox 596 4582 736 4636; x_wconf 90' lang='lat' dir='ltr'><strong>quae</strong></span> <span class='ocrx_word' id='word_1_648' title='bbox 760 4566 924 4620; x_wconf 84' lang='lat' dir='ltr'><strong>veluti</strong></span> <span class='ocrx_word' id='word_1_649' title='bbox 940 4566 1145 4621; x_wconf 91' lang='lat' dir='ltr'><strong>duabus</strong></span> <span class='ocrx_word' id='word_1_650' title='bbox 1170 4566 1837 4638; x_wconf 86' lang='lat' dir='ltr'><strong>principalibuspartibus,</strong></span> <span class='ocrx_word' id='word_1_651' title='bbox 1871 4537 1916 4596; x_wconf 72' lang='grc' dir='ltr'><strong>θ</strong></span> <span class='ocrx_word' id='word_1_652' title='bbox 1945 4579 2003 4623; x_wconf 90' lang='lat' dir='ltr'><strong>ut</strong></span> <span class='ocrx_word' id='word_1_653' title='bbox 2038 4571 2117 4623; x_wconf 87' lang='lat' dir='ltr'><strong>ait</strong></span> <span class='ocrx_word' id='word_1_654' title='bbox 2152 4569 2505 4642; x_wconf 79' lang='lat' dir='ltr'><strong>Augustinus,</strong></span> <span class='ocrx_word' id='word_1_655' title='bbox 2531 4570 2757 4639; x_wconf 76' lang='lat' dir='ltr'><strong>informe</strong></span> <span class='ocrx_word' id='word_1_656' title='bbox 2790 4588 2948 4643; x_wconf 83' lang='lat' dir='ltr'><strong>prope</strong></span> <span class='ocrx_word' id='word_1_657' title='bbox 2970 4571 3100 4626; x_wconf 81' lang='lat' dir='ltr'><strong>nihil</strong></span> <span class='ocrx_word' id='word_1_658' title='bbox 3126 4590 3138 4625; x_wconf 88' lang='lat'>:</span> <span class='ocrx_word' id='word_1_659' title='bbox 3166 4588 3295 4626; x_wconf 91' lang='lat' dir='ltr'><strong>num</strong></span> <span class='ocrx_word' id='word_1_660' title='bbox 3320 4573 3416 4628; x_wconf 90' lang='lat' dir='ltr'><strong>tibi</strong></span> <span class='ocrx_word' id='word_1_661' title='bbox 3446 4576 3531 4628; x_wconf 91' lang='lat' dir='ltr'><strong>vi-</strong></span> 
     </span>
    </p>
   </div>
   <div class='ocr_carea' id='block_1_93' title="bbox 250 4656 1839 4726">
    <p class='ocr_par' dir='ltr' id='par_1_93' title="bbox 250 4656 1839 4726">
     <span class='ocr_line' id='line_1_93' title="bbox 250 4656 1839 4726; baseline 0 -11"><span class='ocrx_word' id='word_1_662' title='bbox 250 4659 404 4715; x_wconf 84' lang='lat' dir='ltr'><strong>caelo</strong></span> <span class='ocrx_word' id='word_1_663' title='bbox 445 4658 567 4712; x_wconf 89' lang='lat' dir='ltr'><strong>dico</strong></span> <span class='ocrx_word' id='word_1_664' title='bbox 617 4674 681 4713; x_wconf 90' lang='lat' dir='ltr'><strong>ac</strong></span> <span class='ocrx_word' id='word_1_665' title='bbox 713 4658 754 4688; x_wconf 82' lang='grc'><strong>¹⁰</strong></span> <span class='ocrx_word' id='word_1_666' title='bbox 789 4665 931 4711; x_wconf 86' lang='lat' dir='ltr'><strong>terra</strong></span> <span class='ocrx_word' id='word_1_667' title='bbox 958 4699 973 4722; x_wconf 94' lang='lat'><strong>,</strong></span> <span class='ocrx_word' id='word_1_668' title='bbox 1020 4656 1303 4726; x_wconf 77' lang='lat' dir='ltr'><strong>perficitur</strong></span> <span class='ocrx_word' id='word_1_669' title='bbox 1327 4697 1342 4720; x_wconf 97' lang='lat'><strong>,</strong></span> <span class='ocrx_word' id='word_1_670' title='bbox 1393 4659 1720 4714; x_wconf 88' lang='lat' dir='ltr'><strong>creationem</strong></span> <span class='ocrx_word' id='word_1_671' title='bbox 1753 4660 1839 4715; x_wconf 88' lang='lat' dir='ltr'><strong>bis</strong></span> 
     </span>
    </p>
   </div>
   <div class='ocr_carea' id='block_1_94' title="bbox 253 4748 1838 4820">
    <p class='ocr_par' dir='ltr' id='par_1_94' title="bbox 253 4748 1838 4820">
     <span class='ocr_line' id='line_1_94' title="bbox 253 4748 1838 4820; baseline -0.001 -12"><span class='ocrx_word' id='word_1_672' title='bbox 253 4753 432 4808; x_wconf 86' lang='lat' dir='ltr'><strong>verbis</strong></span> <span class='ocrx_word' id='word_1_673' title='bbox 451 4751 680 4806; x_wconf 89' lang='lat' dir='ltr'><strong>indicari</strong></span> <span class='ocrx_word' id='word_1_674' title='bbox 722 4748 1026 4815; x_wconf 82' lang='lat' dir='ltr'><strong>alIirmant,</strong></span> <span class='ocrx_word' id='word_1_675' title='bbox 1065 4749 1139 4803; x_wconf 90' lang='lat' dir='ltr'><strong>ita</strong></span> <span class='ocrx_word' id='word_1_676' title='bbox 1179 4758 1237 4803; x_wconf 92' lang='lat' dir='ltr'><strong>ut</strong></span> <span class='ocrx_word' id='word_1_677' title='bbox 1282 4749 1415 4805; x_wconf 87' lang='lat' dir='ltr'><strong>nihil</strong></span> <span class='ocrx_word' id='word_1_678' title='bbox 1449 4750 1514 4804; x_wconf 91' lang='lat' dir='ltr'><strong>de</strong></span> <span class='ocrx_word' id='word_1_679' title='bbox 1542 4750 1838 4820; x_wconf 89' lang='lat' dir='ltr'><strong>spiritualis</strong></span> 
     </span>
    </p>
   </div>
   <div class='ocr_carea' id='block_1_95' title="bbox 251 4838 1837 4911">
    <p class='ocr_par' dir='ltr' id='par_1_95' title="bbox 251 4838 1837 4911">
     <span class='ocr_line' id='line_1_95' title="bbox 251 4838 1837 4911; baseline -0.003 -12"><span class='ocrx_word' id='word_1_680' title='bbox 251 4852 538 4899; x_wconf 87' lang='lat' dir='ltr'><strong>creaturae</strong></span> <span class='ocrx_word' id='word_1_681' title='bbox 567 4840 874 4896; x_wconf 89' lang='lat' dir='ltr'><strong>conditione</strong></span> <span class='ocrx_word' id='word_1_682' title='bbox 897 4840 999 4895; x_wconf 90' lang='lat' dir='ltr'><strong>hoc</strong></span> <span class='ocrx_word' id='word_1_683' title='bbox 1025 4839 1077 4893; x_wconf 90' lang='lat' dir='ltr'><strong>in</strong></span> <span class='ocrx_word' id='word_1_684' title='bbox 1123 4839 1242 4894; x_wconf 92' lang='lat' dir='ltr'><strong>loco</strong></span> <span class='ocrx_word' id='word_1_685' title='bbox 1274 4838 1314 4870; x_wconf 81' lang='lat'>“</span> <span class='ocrx_word' id='word_1_686' title='bbox 1344 4840 1697 4911; x_wconf 78' lang='lat' dir='ltr'><strong>signiﬁcetur,</strong></span> <span class='ocrx_word' id='word_1_687' title='bbox 1740 4840 1837 4896; x_wconf 89' lang='lat' dir='ltr'><strong>sed</strong></span> 
     </span>
    </p>
   </div>
   <div class='ocr_carea' id='block_1_96' title="bbox 250 4932 1834 5003">
    <p class='ocr_par' dir='ltr' id='par_1_96' title="bbox 250 4932 1834 5003">
     <span class='ocr_line' id='line_1_96' title="bbox 250 4932 1834 5003; baseline -0.006 -10"><span class='ocrx_word' id='word_1_688' title='bbox 250 4934 593 4993; x_wconf 85' lang='lat' dir='ltr'><strong>solummodo</strong></span> <span class='ocrx_word' id='word_1_689' title='bbox 641 4932 1027 5003; x_wconf 89' lang='lat' dir='ltr'><strong>plenitudinem</strong></span> <span class='ocrx_word' id='word_1_690' title='bbox 1064 4946 1352 5001; x_wconf 81' lang='lat' dir='ltr'><strong>corporeae</strong></span> <span class='ocrx_word' id='word_1_691' title='bbox 1399 4943 1676 4987; x_wconf 85' lang='lat' dir='ltr'><strong>creaturae</strong></span> <span class='ocrx_word' id='word_1_692' title='bbox 1706 4948 1834 5001; x_wconf 86' lang='lat' dir='ltr'><strong>pro-</strong></span> 
     </span>
    </p>
   </div>
   <div class='ocr_carea' id='block_1_97' title="bbox 253 5025 1831 5102">
    <p class='ocr_par' dir='ltr' id='par_1_97' title="bbox 253 5025 1831 5102">
     <span class='ocr_line' id='line_1_97' title="bbox 253 5025 1831 5102; baseline -0.004 -17"><span class='ocrx_word' id='word_1_693' title='bbox 253 5031 417 5102; x_wconf 81' lang='lat' dir='ltr'><strong>pheta</strong></span> <span class='ocrx_word' id='word_1_694' title='bbox 452 5026 681 5081; x_wconf 83' lang='lat' dir='ltr'><strong>voluerit</strong></span> <span class='ocrx_word' id='word_1_695' title='bbox 708 5025 1037 5080; x_wconf 83' lang='lat' dir='ltr'><strong>describere.</strong></span> <span class='ocrx_word' id='word_1_696' title='bbox 1066 5025 1211 5079; x_wconf 85' lang='lat' dir='ltr'><strong>inter</strong></span> <span class='ocrx_word' id='word_1_697' title='bbox 1241 5026 1342 5078; x_wconf 85' lang='lat' dir='ltr'><strong>has</strong></span> <span class='ocrx_word' id='word_1_698' title='bbox 1370 5026 1514 5079; x_wconf 88' lang='lat' dir='ltr'><strong>enim</strong></span> <span class='ocrx_word' id='word_1_699' title='bbox 1543 5026 1677 5079; x_wconf 85' lang='lat' dir='ltr'><strong>duas</strong></span> <span class='ocrx_word' id='word_1_700' title='bbox 1705 5040 1831 5094; x_wconf 81' lang='lat' dir='ltr'><strong>par—</strong></span> 
     </span>
    </p>
   </div>
   <div class='ocr_carea' id='block_1_98' title="bbox 1542 5178 2228 5237">
    <p class='ocr_par' dir='ltr' id='par_1_98' title="bbox 1542 5178 2228 5237">
     <span class='ocr_line' id='line_1_98' title="bbox 1542 5178 2228 5237; baseline 0.001 -1"><span class='ocrx_word' id='word_1_701' title='bbox 1542 5178 1795 5236; x_wconf 76' lang='lat' dir='ltr'><strong>VARIAE</strong></span> <span class='ocrx_word' id='word_1_702' title='bbox 1831 5179 2228 5237; x_wconf 71' lang='lat' dir='ltr'><strong>LECTIONES.</strong></span> 
     </span>
    </p>
   </div>
   <div class='ocr_carea' id='block_1_99' title="bbox 1942 4659 3531 4730">
    <p class='ocr_par' dir='ltr' id='par_1_99' title="bbox 1942 4659 3531 4730">
     <span class='ocr_line' id='line_1_99' title="bbox 1942 4659 3531 4730; baseline 0.003 -17"><span class='ocrx_word' id='word_1_703' title='bbox 1942 4659 2101 4713; x_wconf 90' lang='lat' dir='ltr'><strong>detur</strong></span> <span class='ocrx_word' id='word_1_704' title='bbox 2125 4675 2292 4729; x_wconf 79' lang='lat' dir='ltr'><strong>parva</strong></span> <span class='ocrx_word' id='word_1_705' title='bbox 2320 4660 2574 4714; x_wconf 89' lang='lat' dir='ltr'><strong>distantia</strong></span> <span class='ocrx_word' id='word_1_706' title='bbox 2605 4660 2749 4716; x_wconf 90' lang='lat' dir='ltr'><strong>inter</strong></span> <span class='ocrx_word' id='word_1_707' title='bbox 2788 4660 2861 4727; x_wconf 92' lang='lat' dir='ltr'><strong>id,</strong></span> <span class='ocrx_word' id='word_1_708' title='bbox 2895 4660 3036 4730; x_wconf 90' lang='lat' dir='ltr'><strong>quod</strong></span> <span class='ocrx_word' id='word_1_709' title='bbox 3072 4675 3233 4717; x_wconf 89' lang='lat' dir='ltr'><strong>verae</strong></span> <span class='ocrx_word' id='word_1_710' title='bbox 3255 4664 3531 4718; x_wconf 74' lang='lat' dir='ltr'><strong>essentiae</strong></span> 
     </span>
    </p>
   </div>
   <div class='ocr_carea' id='block_1_100' title="bbox 1941 4752 3528 4824">
    <p class='ocr_par' dir='ltr' id='par_1_100' title="bbox 1941 4752 3528 4824">
     <span class='ocr_line' id='line_1_100' title="bbox 1941 4752 3528 4824; baseline 0 -17"><span class='ocrx_word' id='word_1_711' title='bbox 1941 4761 2025 4807; x_wconf 90' lang='lat' dir='ltr'><strong>est</strong></span> <span class='ocrx_word' id='word_1_712' title='bbox 2040 4753 2421 4823; x_wconf 82' lang='lat' dir='ltr'><strong>prOpinquum,</strong></span> <span class='ocrx_word' id='word_1_713' title='bbox 2435 4761 2491 4807; x_wconf 91' lang='lat' dir='ltr'><strong>et</strong></span> <span class='ocrx_word' id='word_1_714' title='bbox 2511 4752 2583 4817; x_wconf 93' lang='lat' dir='ltr'><strong>id,</strong></span> <span class='ocrx_word' id='word_1_715' title='bbox 2601 4753 2746 4822; x_wconf 91' lang='lat' dir='ltr'><strong>quod</strong></span> <span class='ocrx_word' id='word_1_716' title='bbox 2763 4765 2920 4807; x_wconf 86' lang='lat' dir='ltr'><strong>verae</strong></span> <span class='ocrx_word' id='word_1_717' title='bbox 2931 4752 3200 4808; x_wconf 90' lang='lat' dir='ltr'><strong>essentiae</strong></span> <span class='ocrx_word' id='word_1_718' title='bbox 3217 4753 3528 4824; x_wconf 87' lang='lat' dir='ltr'><strong>privationi,</strong></span> 
     </span>
    </p>
   </div>
   <div class='ocr_carea' id='block_1_101' title="bbox 1941 4845 3529 4914">
    <p class='ocr_par' dir='ltr' id='par_1_101' title="bbox 1941 4845 3529 4914">
     <span class='ocr_line' id='line_1_101' title="bbox 1941 4845 3529 4914; baseline 0.003 -17"><span class='ocrx_word' id='word_1_719' title='bbox 1941 4861 2078 4914; x_wconf 91' lang='lat' dir='ltr'><strong>quae</strong></span> <span class='ocrx_word' id='word_1_720' title='bbox 2095 4845 2227 4899; x_wconf 90' lang='lat' dir='ltr'><strong>nihil</strong></span> <span class='ocrx_word' id='word_1_721' title='bbox 2246 4846 2466 4900; x_wconf 89' lang='lat' dir='ltr'><strong>omnino</strong></span> <span class='ocrx_word' id='word_1_722' title='bbox 2483 4846 2524 4876; x_wconf 84' lang='grc'>²¹</span> <span class='ocrx_word' id='word_1_723' title='bbox 2545 4845 2768 4910; x_wconf 91' lang='lat' dir='ltr'><strong>dicitur,</strong></span> <span class='ocrx_word' id='word_1_724' title='bbox 2783 4846 3090 4914; x_wconf 87' lang='lat' dir='ltr'><strong>proximum</strong></span> <span class='ocrx_word' id='word_1_725' title='bbox 3108 4846 3190 4899; x_wconf 67' lang='grc' dir='ltr'>ἠ</span> <span class='ocrx_word' id='word_1_726' title='bbox 3213 4845 3325 4902; x_wconf 88' lang='lat' dir='ltr'><strong>Nec</strong></span> <span class='ocrx_word' id='word_1_727' title='bbox 3347 4862 3529 4903; x_wconf 86' lang='lat' dir='ltr'><strong>rerum</strong></span> 
     </span>
    </p>
   </div>
   <div class='ocr_carea' id='block_1_102' title="bbox 1942 4928 3529 5007">
    <p class='ocr_par' dir='ltr' id='par_1_102' title="bbox 1942 4928 3529 5007">
     <span class='ocr_line' id='line_1_102' title="bbox 1942 4928 3529 5007; baseline 0.002 -20"><span class='ocrx_word' id='word_1_728' title='bbox 1942 4934 2328 4990; x_wconf 83' lang='lat' dir='ltr'><strong>informitatem</strong></span> <span class='ocrx_word' id='word_1_729' title='bbox 2362 4952 2580 5007; x_wconf 83' lang='lat' dir='ltr'><strong>causam</strong></span> <span class='ocrx_word' id='word_1_730' title='bbox 2614 4936 2886 4990; x_wconf 79' lang='lat' dir='ltr'><strong>essentiae</strong></span> <span class='ocrx_word' id='word_1_731' title='bbox 2939 4934 3252 5005; x_wconf 91' lang='lat' dir='ltr'><strong>formaeque</strong></span> <span class='ocrx_word' id='word_1_732' title='bbox 3300 4928 3363 4991; x_wconf 86' lang='lat' dir='ltr'><strong>ac</strong></span> <span class='ocrx_word' id='word_1_733' title='bbox 3407 4951 3529 5006; x_wconf 81' lang='lat' dir='ltr'><strong>per-</strong></span> 
     </span>
    </p>
   </div>
   <div class='ocr_carea' id='block_1_103' title="bbox 1940 5020 3527 5095">
    <p class='ocr_par' dir='ltr' id='par_1_103' title="bbox 1940 5020 3527 5095">
     <span class='ocr_line' id='line_1_103' title="bbox 1940 5020 3527 5095; baseline 0 -17"><span class='ocrx_word' id='word_1_734' title='bbox 1940 5022 2190 5080; x_wconf 76' lang='lat' dir='ltr'><strong>lectionis</strong></span> <span class='ocrx_word' id='word_1_735' title='bbox 2223 5020 2402 5080; x_wconf 86' lang='lat' dir='ltr'><strong>rerum</strong></span> <span class='ocrx_word' id='word_1_736' title='bbox 2438 5041 2560 5081; x_wconf 88' lang='lat' dir='ltr'><strong>esse</strong></span> <span class='ocrx_word' id='word_1_737' title='bbox 2605 5026 2863 5091; x_wconf 77' lang='lat' dir='ltr'><strong>diximus,</strong></span> <span class='ocrx_word' id='word_1_738' title='bbox 2915 5025 3009 5080; x_wconf 89' lang='lat' dir='ltr'><strong>sed</strong></span> <span class='ocrx_word' id='word_1_739' title='bbox 3061 5025 3233 5095; x_wconf 86' lang='lat' dir='ltr'><strong>magis</strong></span> <span class='ocrx_word' id='word_1_740' title='bbox 3267 5024 3527 5094; x_wconf 85' lang='lat' dir='ltr'><strong>privatio-</strong></span> 
     </span>
    </p>
   </div>
   <div class='ocr_carea' id='block_1_104' title="bbox 3514 5124 3583 5235">
    <p class='ocr_par' dir='ltr' id='par_1_104' title="bbox 3514 5124 3583 5235">
     <span class='ocr_line' id='line_1_104' title="bbox 3514 5124 3583 5235; baseline 0 -72"><span class='ocrx_word' id='word_1_741' title='bbox 3514 5138 3539 5235; x_wconf 44' lang='grc' dir='ltr'>ὅ</span> 
     </span>
    </p>
   </div>
   <div class='ocr_carea' id='block_1_105' title="bbox 320 5272 3530 5388">
    <p class='ocr_par' dir='ltr' id='par_1_105' title="bbox 320 5272 3530 5388">
     <span class='ocr_line' id='line_1_105' title="bbox 320 5272 3530 5388; baseline 0.001 -22"><span class='ocrx_word' id='word_1_742' title='bbox 320 5314 341 5347; x_wconf 88' lang='grc'>¹</span> <span class='ocrx_word' id='word_1_743' title='bbox 373 5312 467 5388; x_wconf 83' lang='lat' dir='ltr'><strong>Sic</strong></span> <span class='ocrx_word' id='word_1_744' title='bbox 487 5313 576 5388; x_wconf 76' lang='grc' dir='ltr'><strong>ΛΕ</strong></span> <span class='ocrx_word' id='word_1_745' title='bbox 593 5312 679 5388; x_wconf 84' lang='lat' dir='ltr'><strong>;__C</strong></span> <span class='ocrx_word' id='word_1_746' title='bbox 702 5313 1068 5388; x_wconf 52' lang='lat' dir='ltr'><strong>iangitgdinis,</strong></span> <span class='ocrx_word' id='word_1_747' title='bbox 1091 5313 1387 5388; x_wconf 67' lang='lat' dir='ltr'><strong>altitudinis</strong></span> <span class='ocrx_word' id='word_1_748' title='bbox 1416 5314 1844 5384; x_wconf 82' lang='lat' dir='ltr'><strong>latitudinisque;</strong></span> <span class='ocrx_word' id='word_1_749' title='bbox 1869 5317 1913 5370; x_wconf 88' lang='lat' dir='ltr'>D</span> <span class='ocrx_word' id='word_1_750' title='bbox 1935 5316 2274 5387; x_wconf 77' lang='lat' dir='ltr'><strong>longitudinis</strong></span> <span class='ocrx_word' id='word_1_751' title='bbox 2305 5272 2712 5388; x_wconf 30' lang='lat' dir='ltr'><strong>altitudinisque.</strong></span> <span class='ocrx_word' id='word_1_752' title='bbox 2731 5318 3049 5388; x_wconf 78' lang='lat' dir='ltr'><strong>(altitudinis</strong></span> <span class='ocrx_word' id='word_1_753' title='bbox 3071 5332 3191 5388; x_wconf 50' lang='lat' dir='ltr'><strong>oin.</strong></span> <span class='ocrx_word' id='word_1_754' title='bbox 3369 5318 3389 5348; x_wconf 80' lang='grc'>⁸</span> <span class='ocrx_word' id='word_1_755' title='bbox 3420 5333 3530 5370; x_wconf 76' lang='lat' dir='ltr'><strong>esse</strong></span> 
     </span>
    </p>
   </div>
   <div class='ocr_carea' id='block_1_106' title="bbox 249 5382 1861 5455">
    <p class='ocr_par' dir='ltr' id='par_1_106' title="bbox 249 5382 1861 5455">
     <span class='ocr_line' id='line_1_106' title="bbox 249 5382 1861 5455; baseline 0.001 -18"><span class='ocrx_word' id='word_1_756' title='bbox 249 5400 288 5437; x_wconf 75' lang='grc' dir='ltr'><strong>θ</strong></span> <span class='ocrx_word' id='word_1_757' title='bbox 306 5401 363 5438; x_wconf 83' lang='lat' dir='ltr'><strong>n.</strong></span> <span class='ocrx_word' id='word_1_758' title='bbox 392 5386 458 5437; x_wconf 78' lang='grc' dir='ltr'><strong>Α.</strong></span> <span class='ocrx_word' id='word_1_759' title='bbox 536 5385 556 5455; x_wconf 59' lang='lat' dir='ltr'><strong>f</strong></span> <span class='ocrx_word' id='word_1_760' title='bbox 580 5383 773 5455; x_wconf 10' lang='lat' dir='ltr'><strong>rSich;</strong></span> <span class='ocrx_word' id='word_1_761' title='bbox 795 5382 891 5439; x_wconf 24' lang='lat' dir='ltr'><strong>’CE</strong></span> <span class='ocrx_word' id='word_1_762' title='bbox 912 5399 1046 5455; x_wconf 82' lang='lat' dir='ltr'><strong>quae</strong></span> <span class='ocrx_word' id='word_1_763' title='bbox 1072 5386 1187 5450; x_wconf 86' lang='lat' dir='ltr'><strong>tibi,</strong></span> <span class='ocrx_word' id='word_1_764' title='bbox 1211 5398 1265 5439; x_wconf 87' lang='lat' dir='ltr'><strong>ut</strong></span> <span class='ocrx_word' id='word_1_765' title='bbox 1299 5388 1450 5449; x_wconf 81' lang='lat' dir='ltr'><strong>dicis,</strong></span> <span class='ocrx_word' id='word_1_766' title='bbox 1478 5403 1581 5440; x_wconf 83' lang='lat' dir='ltr'><strong>non</strong></span> <span class='ocrx_word' id='word_1_767' title='bbox 1615 5382 1787 5449; x_wconf 68' lang='lat' dir='ltr'><strong>clare;</strong></span> <span class='ocrx_word' id='word_1_768' title='bbox 1818 5391 1861 5439; x_wconf 75' lang='grc' dir='ltr'>Α</span> 
     </span>
    </p>
   </div>
   <div class='ocr_carea' id='block_1_107' title="bbox 248 5453 1849 5526">
    <p class='ocr_par' dir='ltr' id='par_1_107' title="bbox 248 5453 1849 5526">
     <span class='ocr_line' id='line_1_107' title="bbox 248 5453 1849 5526; baseline 0.002 -20"><span class='ocrx_word' id='word_1_769' title='bbox 248 5457 406 5508; x_wconf 73' lang='lat' dir='ltr'><strong>mlo.</strong></span> <span class='ocrx_word' id='word_1_770' title='bbox 440 5525 445 5526; x_wconf 13' lang='grc' dir='ltr'>ί</span> <span class='ocrx_word' id='word_1_771' title='bbox 483 5455 504 5485; x_wconf 82' lang='grc'><strong><em>⁵</em></strong></span> <span class='ocrx_word' id='word_1_772' title='bbox 526 5453 839 5526; x_wconf 45' lang='lat' dir='ltr'><strong>SiqCDE;</strong></span> <span class='ocrx_word' id='word_1_773' title='bbox 876 5453 931 5507; x_wconf 68' lang='grc' dir='ltr'>Α</span> <span class='ocrx_word' id='word_1_774' title='bbox 962 5469 1046 5507; x_wconf 65' lang='lat' dir='ltr'><strong>ex.</strong></span> <span class='ocrx_word' id='word_1_775' title='bbox 1077 5525 1083 5526; x_wconf 16' lang='grc' dir='ltr'><em>γ</em></span> <span class='ocrx_word' id='word_1_776' title='bbox 1123 5455 1143 5484; x_wconf 75' lang='grc'>⁸</span> <span class='ocrx_word' id='word_1_777' title='bbox 1169 5455 1210 5511; x_wconf 87' lang='lat' dir='ltr'>C</span> <span class='ocrx_word' id='word_1_778' title='bbox 1261 5455 1458 5526; x_wconf 82' lang='lat' dir='ltr'><strong>Moyse,</strong></span> <span class='ocrx_word' id='word_1_779' title='bbox 1489 5456 1574 5509; x_wconf 86' lang='lat' dir='ltr'><strong>DE</strong></span> <span class='ocrx_word' id='word_1_780' title='bbox 1614 5456 1849 5524; x_wconf 72' lang='lat' dir='ltr'><strong>Moysen.</strong></span> 
     </span>
    </p>
   </div>
   <div class='ocr_carea' id='block_1_108' title="bbox 249 5522 1600 5605">
    <p class='ocr_par' dir='ltr' id='par_1_108' title="bbox 249 5522 1600 5605">
     <span class='ocr_line' id='line_1_108' title="bbox 249 5522 1600 5605; baseline 0.001 -29"><span class='ocrx_word' id='word_1_781' title='bbox 249 5526 393 5605; x_wconf 44' lang='lat' dir='ltr'><strong>{sic</strong></span> <span class='ocrx_word' id='word_1_782' title='bbox 422 5522 665 5605; x_wconf 35' lang='lat' dir='ltr'><strong>AQE‘ES</strong></span> <span class='ocrx_word' id='word_1_783' title='bbox 695 5526 971 5605; x_wconf 45' lang='lat' dir='ltr'><strong>siqu-idern.</strong></span> <span class='ocrx_word' id='word_1_784' title='bbox 1049 5525 1092 5556; x_wconf 78' lang='grc'><strong>¹⁰</strong></span> <span class='ocrx_word' id='word_1_785' title='bbox 1118 5525 1209 5605; x_wconf 75' lang='lat' dir='ltr'><strong>Sic</strong></span> <span class='ocrx_word' id='word_1_786' title='bbox 1236 5522 1395 5605; x_wconf 57' lang='lat' dir='ltr'><strong>CDlji;</strong></span> <span class='ocrx_word' id='word_1_787' title='bbox 1440 5525 1481 5577; x_wconf 90' lang='lat' dir='ltr'><strong>A</strong></span> <span class='ocrx_word' id='word_1_788' title='bbox 1529 5536 1600 5579; x_wconf 83' lang='lat' dir='ltr'><strong>et.</strong></span> 
     </span>
    </p>
   </div>
   <div class='ocr_carea' id='block_1_109' title="bbox 248 5596 1029 5733">
    <p class='ocr_par' dir='ltr' id='par_1_109' title="bbox 248 5596 1029 5733">
     <span class='ocr_line' id='line_1_109' title="bbox 248 5596 1029 5658; baseline -0.001 -12"><span class='ocrx_word' id='word_1_789' title='bbox 248 5596 394 5646; x_wconf 63' lang='lat' dir='ltr'><strong>dici.</strong></span> <span class='ocrx_word' id='word_1_790' title='bbox 478 5596 521 5625; x_wconf 83' lang='grc'><strong>¹⁸</strong></span> <span class='ocrx_word' id='word_1_791' title='bbox 554 5596 644 5648; x_wconf 77' lang='lat' dir='ltr'><strong>Sic</strong></span> <span class='ocrx_word' id='word_1_792' title='bbox 699 5596 864 5658; x_wconf 85' lang='lat' dir='ltr'><strong>CDE;</strong></span> <span class='ocrx_word' id='word_1_793' title='bbox 915 5596 956 5647; x_wconf 82' lang='lat' dir='ltr'><strong>A</strong></span> <span class='ocrx_word' id='word_1_794' title='bbox 1013 5610 1029 5645; x_wconf 85' lang='grc'><strong><em>‹</em></strong></span> 
     </span>
     <span class='ocr_line' id='line_1_110' title="bbox 253 5663 1029 5733; baseline 0 -17"><span class='ocrx_word' id='word_1_795' title='bbox 253 5665 302 5695; x_wconf 82' lang='grc'><strong>⁸⁸</strong></span> <span class='ocrx_word' id='word_1_796' title='bbox 327 5664 420 5718; x_wconf 77' lang='lat' dir='ltr'><strong>Sic</strong></span> <span class='ocrx_word' id='word_1_797' title='bbox 452 5663 625 5724; x_wconf 77' lang='lat' dir='ltr'><strong>CDE;</strong></span> <span class='ocrx_word' id='word_1_798' title='bbox 675 5666 714 5718; x_wconf 86' lang='lat' dir='ltr'><strong>A</strong></span> <span class='ocrx_word' id='word_1_799' title='bbox 768 5663 1029 5733; x_wconf 81' lang='lat' dir='ltr'><strong>eligerem.</strong></span> 
     </span>
    </p>
   </div>
   <div class='ocr_carea' id='block_1_110' title="bbox 250 5733 978 5800">
    <p class='ocr_par' dir='ltr' id='par_1_110' title="bbox 250 5733 978 5800">
     <span class='ocr_line' id='line_1_111' title="bbox 250 5733 978 5800; baseline -0.003 -12"><span class='ocrx_word' id='word_1_800' title='bbox 250 5734 300 5766; x_wconf 80' lang='grc'><strong>²⁰</strong></span> <span class='ocrx_word' id='word_1_801' title='bbox 330 5733 424 5789; x_wconf 72' lang='lat' dir='ltr'><strong>Sic</strong></span> <span class='ocrx_word' id='word_1_802' title='bbox 474 5734 639 5800; x_wconf 76' lang='lat' dir='ltr'><strong>CDE;</strong></span> <span class='ocrx_word' id='word_1_803' title='bbox 687 5745 734 5789; x_wconf 85' lang='lat' dir='ltr'><strong>et</strong></span> <span class='ocrx_word' id='word_1_804' title='bbox 776 5750 886 5788; x_wconf 88' lang='lat' dir='ltr'><strong>om.</strong></span> <span class='ocrx_word' id='word_1_805' title='bbox 915 5735 978 5787; x_wconf 85' lang='lat' dir='ltr'><strong>A.</strong></span> 
     </span>
    </p>
   </div>
   <div class='ocr_carea' id='block_1_111' title="bbox 680 5827 1258 5890">
    <p class='ocr_par' dir='ltr' id='par_1_111' title="bbox 680 5827 1258 5890">
     <span class='ocr_line' id='line_1_112' title="bbox 680 5827 1258 5890; baseline 0.002 -1"><span class='ocrx_word' id='word_1_806' title='bbox 680 5831 952 5889; x_wconf 70' lang='grc' dir='ltr'><strong>ΡΑτιιοι..</strong></span> <span class='ocrx_word' id='word_1_807' title='bbox 998 5828 1101 5888; x_wconf 77' lang='lat' dir='ltr'><strong>CX</strong></span> <span class='ocrx_word' id='word_1_808' title='bbox 1116 5827 1258 5890; x_wconf 73' lang='grc' dir='ltr'><strong>ΧΠ.</strong></span> 
     </span>
    </p>
   </div>
   <div class='ocr_carea' id='block_1_112' title="bbox 1110 5665 1842 5729">
    <p class='ocr_par' dir='ltr' id='par_1_112' title="bbox 1110 5665 1842 5729">
     <span class='ocr_line' id='line_1_113' title="bbox 1110 5665 1842 5729; baseline 0.031 -34"><span class='ocrx_word' id='word_1_809' title='bbox 1110 5666 1149 5696; x_wconf 75' lang='grc' dir='ltr'>ιτ</span> <span class='ocrx_word' id='word_1_810' title='bbox 1176 5667 1265 5717; x_wconf 65' lang='grc' dir='ltr'><strong>δερ</strong></span> <span class='ocrx_word' id='word_1_811' title='bbox 1287 5665 1449 5729; x_wconf 65' lang='grc' dir='ltr'><strong>(ἶῦῑίς</strong></span> <span class='ocrx_word' id='word_1_812' title='bbox 1496 5666 1538 5718; x_wconf 80' lang='grc' dir='ltr'><strong>Α</strong></span> <span class='ocrx_word' id='word_1_813' title='bbox 1593 5668 1688 5719; x_wconf 77' lang='lat' dir='ltr'><strong>hoc</strong></span> <span class='ocrx_word' id='word_1_814' title='bbox 1735 5677 1842 5720; x_wconf 84' lang='lat' dir='ltr'><strong>est.</strong></span> 
     </span>
    </p>
   </div>
   <div class='ocr_carea' id='block_1_113' title="bbox 1056 5734 1867 5791">
    <p class='ocr_par' dir='ltr' id='par_1_113' title="bbox 1056 5734 1867 5791">
     <span class='ocr_line' id='line_1_114' title="bbox 1056 5734 1867 5791; baseline 0.005 -4"><span class='ocrx_word' id='word_1_815' title='bbox 1056 5737 1098 5768; x_wconf 81' lang='grc'><strong>²¹</strong></span> <span class='ocrx_word' id='word_1_816' title='bbox 1126 5734 1216 5788; x_wconf 88' lang='lat' dir='ltr'><strong>Sic</strong></span> <span class='ocrx_word' id='word_1_817' title='bbox 1241 5736 1398 5789; x_wconf 71' lang='lat' dir='ltr'><strong>CDE&#39;</strong></span> <span class='ocrx_word' id='word_1_818' title='bbox 1426 5739 1469 5789; x_wconf 84' lang='lat' dir='ltr'><strong>A</strong></span> <span class='ocrx_word' id='word_1_819' title='bbox 1509 5736 1867 5791; x_wconf 72' lang='lat' dir='ltr'><strong>nihilominus.</strong></span> 
     </span>
    </p>
   </div>
   <div class='ocr_carea' id='block_1_114' title="bbox 1900 5386 3526 5470">
    <p class='ocr_par' dir='ltr' id='par_1_114' title="bbox 1900 5386 3526 5470">
     <span class='ocr_line' id='line_1_115' title="bbox 1900 5386 3526 5470; baseline -0.001 -31"><span class='ocrx_word' id='word_1_820' title='bbox 1900 5386 2054 5470; x_wconf 37' lang='grc' dir='ltr'><strong>τιμαί,</strong></span> <span class='ocrx_word' id='word_1_821' title='bbox 2081 5389 2325 5470; x_wconf 40' lang='lat' dir='ltr'><strong>u’i&#39;ilricis‘,</strong></span> <span class='ocrx_word' id='word_1_822' title='bbox 2357 5388 2450 5469; x_wconf 65' lang='lat' dir='ltr'><strong>tibi</strong></span> <span class='ocrx_word' id='word_1_823' title='bbox 2495 5386 2636 5469; x_wconf 64' lang='lat' dir='ltr'><strong>clare</strong></span> <span class='ocrx_word' id='word_1_824' title='bbox 2658 5386 2803 5470; x_wconf 53' lang='lat' dir='ltr'><strong>non:</strong></span> <span class='ocrx_word' id='word_1_825' title='bbox 2877 5388 2901 5419; x_wconf 74' lang='grc'><strong>⁸</strong></span> <span class='ocrx_word' id='word_1_826' title='bbox 2925 5386 3303 5470; x_wconf 46' lang='lat' dir='ltr'><strong>Sicnilmgié</strong></span> <span class='ocrx_word' id='word_1_827' title='bbox 3349 5401 3526 5470; x_wconf 58' lang='lat' dir='ltr'><strong>rerum</strong></span> 
     </span>
    </p>
   </div>
   <div class='ocr_carea' id='block_1_115' title="bbox 478 5568 2905 5662">
    <p class='ocr_par' dir='ltr' id='par_1_115' title="bbox 478 5568 2905 5662">
     <span class='ocr_line' id='line_1_116' title="bbox 478 5568 2905 5662; baseline 0.002 -15"><span class='ocrx_word' id='word_1_828' title='bbox 478 5596 521 5625; x_wconf 83' lang='grc'><strong>¹⁸</strong></span> <span class='ocrx_word' id='word_1_829' title='bbox 554 5568 644 5648; x_wconf 62' lang='lat' dir='ltr'><strong>Sic</strong></span> <span class='ocrx_word' id='word_1_830' title='bbox 699 5568 864 5658; x_wconf 68' lang='lat' dir='ltr'><strong>CbE;</strong></span> <span class='ocrx_word' id='word_1_831' title='bbox 915 5594 956 5647; x_wconf 82' lang='lat' dir='ltr'><strong>A</strong></span> <span class='ocrx_word' id='word_1_832' title='bbox 1013 5596 1275 5662; x_wconf 78' lang='lat' dir='ltr'><strong>quosdam</strong></span> <span class='ocrx_word' id='word_1_833' title='bbox 1320 5568 1451 5648; x_wconf 54' lang='lat' dir='ltr'><strong>dn’os</strong></span> <span class='ocrx_word' id='word_1_834' title='bbox 1490 5607 1782 5650; x_wconf 73' lang='lat' dir='ltr'><strong>extremos.</strong></span> <span class='ocrx_word' id='word_1_835' title='bbox 1862 5597 1905 5626; x_wconf 75' lang='lat'>&quot;</span> <span class='ocrx_word' id='word_1_836' title='bbox 1941 5568 2035 5651; x_wconf 68' lang='lat' dir='ltr'><strong>Sic3</strong></span> <span class='ocrx_word' id='word_1_837' title='bbox 2077 5596 2196 5661; x_wconf 82' lang='lat' dir='ltr'><strong>AC;</strong></span> <span class='ocrx_word' id='word_1_838' title='bbox 2242 5597 2435 5651; x_wconf 55' lang='lat' dir='ltr'><strong>in‘om.</strong></span> <span class='ocrx_word' id='word_1_839' title='bbox 2470 5597 2576 5652; x_wconf 88' lang='lat' dir='ltr'><strong>DE.</strong></span> <span class='ocrx_word' id='word_1_840' title='bbox 2672 5598 2715 5628; x_wconf 79' lang='lat'>”</span> <span class='ocrx_word' id='word_1_841' title='bbox 2743 5570 2905 5652; x_wconf 60' lang='lat' dir='ltr'><strong>Sicé</strong></span> 
     </span>
    </p>
   </div>
   <div class='ocr_carea' id='block_1_116' title="bbox 2672 5594 3524 5664">
    <p class='ocr_par' dir='ltr' id='par_1_116' title="bbox 2672 5594 3524 5664">
     <span class='ocr_line' id='line_1_117' title="bbox 2672 5594 3524 5664; baseline -0.005 -13"><span class='ocrx_word' id='word_1_842' title='bbox 2672 5598 2715 5628; x_wconf 79' lang='grc'><strong>⁸⁵</strong></span> <span class='ocrx_word' id='word_1_843' title='bbox 2743 5598 2834 5651; x_wconf 86' lang='lat' dir='ltr'><strong>Sic</strong></span> <span class='ocrx_word' id='word_1_844' title='bbox 2867 5597 3033 5659; x_wconf 83' lang='lat' dir='ltr'><strong>CDE;</strong></span> <span class='ocrx_word' id='word_1_845' title='bbox 3081 5597 3125 5648; x_wconf 81' lang='grc' dir='ltr'>Α</span> <span class='ocrx_word' id='word_1_846' title='bbox 3150 5594 3524 5664; x_wconf 77' lang='lat' dir='ltr'><strong>intelligamus.</strong></span> 
     </span>
    </p>
   </div>
   <div class='ocr_carea' id='block_1_117' title="bbox 1941 5666 3523 5736">
    <p class='ocr_par' dir='ltr' id='par_1_117' title="bbox 1941 5666 3523 5736">
     <span class='ocr_line' id='line_1_118' title="bbox 1941 5666 3523 5736; baseline 0.001 -17"><span class='ocrx_word' id='word_1_847' title='bbox 1941 5667 1983 5701; x_wconf 73' lang='lat'>&quot;</span> <span class='ocrx_word' id='word_1_848' title='bbox 2016 5668 2057 5719; x_wconf 80' lang='grc' dir='ltr'>Α</span> <span class='ocrx_word' id='word_1_849' title='bbox 2104 5668 2199 5719; x_wconf 88' lang='lat' dir='ltr'><strong>nil.</strong></span> <span class='ocrx_word' id='word_1_850' title='bbox 2278 5667 2320 5699; x_wconf 80' lang='grc'><strong><em>²⁹</em></strong></span> <span class='ocrx_word' id='word_1_851' title='bbox 2358 5666 2451 5722; x_wconf 89' lang='lat' dir='ltr'><strong>Sic</strong></span> <span class='ocrx_word' id='word_1_852' title='bbox 2495 5667 2659 5731; x_wconf 86' lang='lat' dir='ltr'><strong>CDE;</strong></span> <span class='ocrx_word' id='word_1_853' title='bbox 2710 5667 2755 5720; x_wconf 86' lang='lat' dir='ltr'><strong>A</strong></span> <span class='ocrx_word' id='word_1_854' title='bbox 2800 5677 3131 5736; x_wconf 80' lang='lat' dir='ltr'><strong>opponuntur</strong></span> <span class='ocrx_word' id='word_1_855' title='bbox 3174 5682 3201 5719; x_wconf 77' lang='grc' dir='ltr'><em>ε</em></span> <span class='ocrx_word' id='word_1_856' title='bbox 3239 5667 3523 5720; x_wconf 84' lang='lat' dir='ltr'><strong>contrario.</strong></span> 
     </span>
    </p>
   </div>
   <div class='ocr_carea' id='block_1_118' title="bbox 1945 5736 3445 5808">
    <p class='ocr_par' dir='ltr' id='par_1_118' title="bbox 1945 5736 3445 5808">
     <span class='ocr_line' id='line_1_119' title="bbox 1945 5736 3445 5808; baseline 0.001 -18"><span class='ocrx_word' id='word_1_857' title='bbox 1945 5737 1991 5767; x_wconf 77' lang='lat'><strong><em>&quot;</em></strong></span> <span class='ocrx_word' id='word_1_858' title='bbox 2021 5736 2112 5792; x_wconf 88' lang='lat' dir='ltr'><strong>Sic</strong></span> <span class='ocrx_word' id='word_1_859' title='bbox 2144 5737 2306 5804; x_wconf 79' lang='lat' dir='ltr'><strong>CDE;</strong></span> <span class='ocrx_word' id='word_1_860' title='bbox 2340 5738 2385 5791; x_wconf 79' lang='grc' dir='ltr'><strong>Α</strong></span> <span class='ocrx_word' id='word_1_861' title='bbox 2414 5737 2611 5792; x_wconf 90' lang='lat' dir='ltr'><strong>dicitur</strong></span> <span class='ocrx_word' id='word_1_862' title='bbox 2638 5753 2747 5791; x_wconf 75' lang='lat' dir='ltr'><strong>esse</strong></span> <span class='ocrx_word' id='word_1_863' title='bbox 2776 5747 2850 5791; x_wconf 74' lang='lat' dir='ltr'><strong>est</strong></span> <span class='ocrx_word' id='word_1_864' title='bbox 2874 5740 3178 5808; x_wconf 79' lang='lat' dir='ltr'><strong>proximum</strong></span> <span class='ocrx_word' id='word_1_865' title='bbox 3332 5748 3336 5753; x_wconf 76' lang='lat'><strong>‘</strong></span> <span class='ocrx_word' id='word_1_866' title='bbox 3438 5746 3445 5755; x_wconf 83' lang='lat'>‘</span> 
     </span>
    </p>
   </div>
   <div class='ocr_carea' id='block_1_119' title="bbox 3095 5828 3169 5889">
    <p class='ocr_par' dir='ltr' id='par_1_119' title="bbox 3095 5828 3169 5889">
     <span class='ocr_line' id='line_1_120' title="bbox 3095 5828 3169 5889; baseline 0 0"><span class='ocrx_word' id='word_1_867' title='bbox 3095 5828 3169 5889; x_wconf 77' lang='lat'><strong>1-3</strong></span> 
     </span>
    </p>
   </div>
   <div class='ocr_carea' id='block_1_120' title="bbox 2760 5910 2815 5919">
    <p class='ocr_par' dir='ltr' id='par_1_120' title="bbox 2760 5910 2815 5919">
     <span class='ocr_line' id='line_1_121' title="bbox 2760 5910 2815 5919; baseline 0 0"><span class='ocrx_word' id='word_1_868' title='bbox 2760 5910 2815 5919; x_wconf 54' lang='grc' dir='ltr'><strong>η....α</strong></span> 
     </span>
    </p>
   </div>
  </div>
