3966 5778
1734 370 1767 386 γ.

527 405 631 460 557

1919 388 2198 452 JOANNIS
2233 387 2404 483 SCDT
2409 387 2429 442 ι

3701 399 3800 455 $48

526 533 646 573 nem
715 515 1013 581 essentiae,
1087 513 1290 569 formae
1351 512 1810 589 perfectionisque
1849 514 1864 544 ⁸
1900 527 2105 568 rerum.
2134 519 2182 579 Α
2213 508 2311 562 sub
2341 507 2470 578 ipsis
2507 515 2662 573 sunt,
2691 517 2912 577 creant;
2945 524 3070 566 nam
3099 511 3480 582 primordiales
3526 526 3727 569 causas
3752 526 3800 570 ct

530 609 702 665 Causa
735 606 1024 677 siquidem,
1055 605 1103 662 si
1139 619 1265 662 vere
1318 619 1483 661 causa
1529 606 1681 671 est',
1712 605 1893 660 omnia
1919 603 2100 674 perfe-

525 698 789 765 ctissime,
825 711 1058 768 quorum
1085 711 1249 753 causa
1280 704 1384 764 est,
1417 697 1473 752 in
1518 697 1696 768 seipsa
1729 697 2032 769 pracambit
2057 697 2102 764 ³,

529 787 861 857 affectusque
883 802 1032 853 suos,
1060 787 1374 860 priusquam
1405 788 1462 843 in
1491 787 1672 858 aliquo
1697 797 2016 859 appareant,
2049 788 2104 843 in

523 877 701 949 seipsa
723 875 968 948 perficit;
998 885 1055 933 et
1086 876 1214 934 dum
1259 876 1315 932 in
1344 891 1544 948 genera
1585 876 1896 950 formasque
1923 878 2106 934 visibi-

519 967 602 1022 les
629 981 728 1037 per
751 967 1161 1039 generationem
1192 977 1506 1038 erumpunt,
1529 966 1919 1038 perfectionem
1947 983 2104 1026 suam

521 1058 575 1117 in
616 1073 682 1114 ea
723 1074 830 1114 non
860 1058 1149 1126 deserunt,
1184 1061 1279 1116 sed
1323 1059 1480 1130 plene
1531 1059 1553 1092 ‘
1601 1069 1654 1116 et
1693 1061 2105 1118 immutabiliter

520 1158 866 1220 permanent,
889 1149 1199 1221 nulliusque
1220 1150 1446 1207 alterius
1467 1150 1819 1209 perfectionis
1838 1153 2104 1225 indigent,

519 1240 624 1296 nisi
654 1240 825 1311 ipsius
853 1240 1037 1309 unius,
1074 1240 1129 1296 in
1155 1257 1261 1312 qua
1291 1241 1458 1298 semel
1489 1253 1546 1299 et
1571 1243 1590 1275 ⁸
1618 1243 1780 1299 simul
1809 1253 1864 1300 et
1889 1260 2105 1316 semper

522 1330 844 1387 subsistunt.
881 1331 1029 1388 DlSC.
1066 1329 1184 1387 Non
1217 1347 1382 1402 parva
1435 1332 1654 1404 quidem
1685 1335 1708 1367 ⁶
1732 1335 1866 1390 mihi
1893 1336 2106 1392 videtur

533 1438 643 1479 :sse
672 1422 794 1479 talis
838 1420 1182 1490 ditlerentia;
1228 1422 1388 1494 longe
1410 1423 1678 1494 siquidem
1708 1439 1740 1479 a
1792 1425 1990 1496 seipsis
2027 1427 2106 1483 di-

520 1523 668 1570 stant
699 1513 1079 1586 primordiales
1104 1530 1324 1584 causae,
1358 1531 1500 1587 quae
1539 1519 1608 1574 ab
1642 1534 1751 1576 uno
1780 1534 2105 1592 summoque

519 1606 760 1660 omnium
790 1605 1076 1678 principio,
1123 1608 1270 1677 quod
1307 1622 1338 1662 a
1369 1607 1519 1664 nullo
1558 1617 1662 1677 est,
1706 1609 2105 1682 perfectissime

519 1695 574 1750 in
601 1697 717 1752 suis
743 1696 1170 1754 immutabilibus
1210 1699 1520 1757 rationibus
1560 1701 1814 1759 conditae
1855 1711 2005 1771 sunt,
2049 1711 2106 1760 et

517 1785 884 1844 informitates
931 1788 1176 1845 omnium
1229 1804 1449 1858 rerum,
1494 1806 1634 1862 quae
1675 1808 1784 1850 non
1829 1793 2004 1851 solum
2033 1795 2102 1851 ad

2208 599 2383 654 creari
2402 607 2456 654 et
2472 613 2660 655 creare
2681 600 3046 670 praediximus
3061 603 3102 634 ⁸⁷
3127 604 3284 674 :quid
3306 605 3535 671 mirum,
3553 605 3599 659 si
3622 620 3798 674 quem-

2205 690 2492 745 admodum
2543 691 2596 745 in
2644 705 2870 748 numero
2925 708 3145 761 eorum,
3180 710 3320 765 quae
3356 705 3516 767 post,
3547 705 3605 750 et
3637 709 3732 766 per
3763 697 3804 730 ³⁸

2205 782 2584 854 primordialcs
2623 800 2816 842 causas
2856 787 3070 842 condita
3105 798 3267 855 sunt,
3304 788 3604 844 infamem
3636 799 3800 843 mate-

2207 873 2344 930 riam
2376 889 2498 932 esse
2536 874 2832 943 credimus,
2863 877 3133 948 certisque
3158 879 3464 936 rationibus
3491 879 3801 942 ﬁrmamus,

2206 978 2328 1019 eam
2375 979 2590 1036 quoque
2650 980 2682 1021 a
2746 967 3191 1038 primordialibus
3235 971 3433 1027 causis
3479 970 3667 1026 creari
3734 967 3804 1021 fa-

2209 1057 2456 1113 teamur?

2276 1143 2364 1200 16.
2381 1143 2520 1201 Mss.
2542 1145 2693 1204 Alius
2709 1147 2873 1220 igitur
2885 1149 3190 1207 intellectus
3208 1159 3292 1208 est
3314 1153 3358 1187 υ
3372 1152 3803 1223 primordialinm

2206 1251 2520 1306 causarum,
2551 1240 2689 1296 alius
2718 1241 3027 1298 informium
3051 1245 3426 1301 materiarum.
3459 1246 3612 1301 Dtsc.
3641 1245 3802 1300 Prae-

2205 1328 2368 1384 dictis
2398 1330 2702 1388 rationibus
2730 1333 2806 1390 ita
2832 1336 3128 1391 concedere
3151 1337 3427 1408 cogimur;
3460 1344 3654 1392 cetera
3689 1353 3806 1392 con-

2204 1420 2406 1477 sidera.
2428 1419 2565 1478 Mss.
2587 1423 2845 1480 Similiter
2860 1433 2936 1491 et,
2951 1427 3092 1495 quod
3105 1428 3374 1498 sequitur,
3389 1429 3546 1484 varie
3565 1430 3800 1484 tradunt.

2209 1509 2374 1565 Terra
2413 1521 2588 1566 autem
2625 1523 2737 1568 erat
2764 1515 2938 1570 inanis
2970 1525 3017 1570 et
3055 1533 3256 1583 uacua,
3288 1516 3404 1581 vel,
3430 1516 3592 1587 juxta
3627 1519 3802 1584 LXX,

2205 1602 2476 1658 invisibilis
2508 1613 2556 1658 et
2587 1605 2958 1676 incomposita,
2991 1615 3039 1661 et
3083 1605 3322 1661 tenebrae
3353 1608 3400 1639 ⁸⁸
3435 1625 3598 1678 super
3619 1609 3804 1677 {aciem

2206 1693 2401 1764 abyssi.
2433 1694 2540 1750 Alii
2577 1710 2813 1766 namque
2843 1705 3022 1752 terrae
3047 1696 3223 1753 inanis
3249 1706 3303 1752 et
3333 1713 3570 1760 vacuae.
3597 1714 3704 1755 seu
3728 1701 3800 1754 in-

2204 1785 2432 1842 visibilis
2456 1795 2512 1843 et
2554 1787 2943 1859 incompositae
2975 1789 3345 1846 nominatione
3384 1791 3629 1847 visibilis
3656 1808 3803 1848 erea-

519 1878 904 1948 perfectionem
983 1879 1190 1938 formae
1255 1883 1494 1941 nondum
1567 1887 1936 1956 perveniunt,
2007 1888 2102 1944 sed
2131 1905 2179 1966 Β
2209 1886 2394 1947 turae,
2440 1881 2620 1952 abyssi
2665 1895 2798 1936 vero
2845 1881 3158 1937 tenebrosae
3204 1881 3465 1938 vocabulo
3512 1883 3806 1940 invisibﬂis

518 1972 610 2026 vix
641 1973 753 2044 jam
780 1987 902 2030 esse
936 1973 1224 2043 incipiunt,
1262 1989 1364 2030 nec
1388 1973 1546 2047 longe
1567 1991 1636 2031 ex
1668 1992 1773 2032 non
1802 1992 1922 2034 esse
1945 1993 2099 2034 rece-

519 2063 674 2118 dunt.
726 2063 986 2131 Quamvis
1016 2063 1164 2120 enim
1201 2065 1491 2121 videantur
1521 2082 1706 2122 rerum
1736 2067 2101 2126 informitates

513 2155 822 2211 medietatis
874 2155 1054 2210 locum
1096 2155 1348 2213 obtinere
1390 2157 1533 2213 inter
1566 2168 1767 2216 esseet
1802 2176 1910 2217 non
1958 2177 2098 2229 esse,

514 2246 836 2316 incipientes
888 2261 958 2301 ex
1011 2260 1293 2302 non-esse
1352 2261 1474 2304 esse
1523 2249 1544 2280 ⁷
1595 2279 1661 2291 -—
1711 2251 1976 2320 siquidem
2032 2268 2100 2310 ex

515 2349 625 2393 non
673 2351 794 2393 esse
818 2337 1218 2409 processionem
1255 2339 1525 2409 quandam
1556 2341 1623 2397 ad
1653 2357 1776 2398 esse
1822 2344 2101 2415 inchoant,

519 2428 760 2484 nondum
785 2437 964 2485 tamen
995 2430 1062 2486 ad
1090 2429 1480 2501 perfectionem
1500 2431 1708 2489 formae
1733 2444 1895 2506 atque
1917 2453 2102 2495 essen-

513 2517 630 2575 tiae
653 2519 1026 2593 intelliguntur
1051 2523 1365 2592 pervenisse
1401 2555 1474 2565 —
1501 2525 1622 2596 plus
1666 2529 2102 2600 appropinquare

506 2611 818 2680 iudicantur
857 2613 880 2646 ⁸
924 2615 992 2669 ad
1052 2630 1160 2670 non
1229 2629 1350 2671 esse
1410 2631 1573 2686 quam
1623 2618 1694 2674 ad
1749 2633 1870 2677 esse
1917 2621 1963 2676 ’.
2017 2621 2102 2678 Nil

511 2703 657 2758 enim
701 2711 786 2760 est
820 2702 965 2760 aliud
1003 2704 1050 2739 "
1091 2719 1272 2762 rerum
1313 2705 1616 2764 informitas
1650 2709 1756 2766 nisi
1782 2718 1960 2768 motus
1985 2713 2103 2784 qui-

513 2795 661 2862 dam,
693 2810 802 2851 non
838 2809 961 2852 esse
987 2795 1209 2852 omnino
1235 2796 1490 2854 deserens
1509 2839 1524 2865 ,
1550 2807 1607 2855 et
1637 2807 1836 2856 statum
1864 2817 2020 2859 suum
2048 2805 2101 2860 in

510 2899 607 2952 eo,
657 2885 798 2955 quod
848 2899 976 2942 vere
1029 2893 1148 2954 est,
1205 2894 1479 2958 appetens.
1535 2887 1918 2948 Primordiales
1973 2909 2103 2951 vero

512 2993 708 3034 causae
737 2979 812 3034 ita
842 2979 894 3035 in
915 2980 1202 3052 principio,
1227 2981 1329 3039 hoc
1349 2989 1451 3049 est,
1470 2981 1566 3038 Dei
1590 2982 1792 3051 Verbo,
1811 2985 1954 3056 quod
1978 3002 2104 3042 vere

449 3102 474 3150 ς
510 3070 712 3127 dicitur
733 3085 851 3128 esse
872 3082 1054 3140 etest,
1076 3073 1324 3146 conditae
1345 3085 1496 3142 sunt,
1515 3083 1576 3132 ut
1589 3075 1735 3133 nullo
1759 3087 1908 3133 motu
1931 3079 2104 3150 perfe-

507 3161 742 3217 ctionem
756 3177 910 3218 suam
924 3163 977 3218 in
990 3163 1170 3234 aliquo
1184 3175 1461 3236 appetant,
1477 3166 1580 3222 nisi
1596 3167 1650 3222 in
1665 3183 1755 3234 eo,
1776 3169 1828 3225 in
1851 3185 1958 3240 quo
1978 3181 2104 3227 sunt

2112 2107 2196 2393 ἱ

2204 1971 2473 2028 essentiae
2507 1970 2892 2028 informitatem
2925 1973 3149 2043 ﬁgurate
3186 1974 3482 2044 signiﬁcari
3511 1975 3567 2006 ³⁸
3599 1975 3804 2030 volunt.

2203 2063 2391 2120 Omnis
2417 2064 2681 2135 siquidem
2713 2065 3008 2137 corporalis
3035 2065 3420 2134 sensibilisque
3450 2075 3719 2122 creatura
3744 2083 3804 2122 ex

2202 2156 2432 2212 materia
2472 2165 2527 2212 et
2569 2155 2745 2212 forma
2785 2156 3151 2221 constituitur,
3199 2164 3364 2226 atque
3407 2156 3535 2212 ideo
3575 2159 3808 2214 materia

2203 2261 2396 2302 carens
2421 2246 2618 2314 forma,
2636 2246 2881 2302 informis
2901 2247 3117 2314 dicitur,
3137 2247 3242 2302 hoc
3255 2254 3363 2315 est,
3385 2263 3590 2304 carens
3611 2248 3803 2314 ferina,

2201 2348 2256 2395 et
2305 2339 2585 2396 invisibilis
2625 2348 2680 2395 et
2716 2340 3094 2411 incomposita,
3135 2355 3229 2395 seu
3278 2341 3458 2395 inanis
3496 2351 3557 2396 et
3601 2357 3806 2409 vacua;

2208 2429 2502 2484 accedente
2529 2443 2658 2485 vero
2692 2428 2865 2484 forma
2899 2428 3126 2484 visibilis
3163 2428 3363 2483 dicitur
3390 2437 3447 2484 et
3476 2433 3802 2500 composita,

2207 2521 2489 2591 solidaque
2519 2530 2684 2592 atque
2708 2519 2971 2591 perfecta,
2999 2529 3225 2575 naturae
3248 2535 3379 2576 suae
3401 2522 3578 2576 certis
3607 2522 3808 2576 ﬁnibus

2205 2611 2635 2678 circumscripta.
2680 2609 2970 2666 Invisibilis
3007 2623 3138 2665 vero
3177 2619 3450 2675 creatura,
3491 2611 3547 2666 id
3594 2625 3682 2666 est
3727 2611 3804 2666 in-

2205 2699 2527 2756 tellectualis
2580 2709 2636 2756 et
2695 2698 3006 2764 rationalis,
3060 2697 3307 2753 informis
3352 2698 3580 2766 dicitur,
3628 2701 3804 2770 prius-

2203 2809 2367 2864 quam
2407 2793 2476 2847 ad
2504 2791 2732 2847 formam
2771 2806 2952 2859 suam,
2975 2790 3284 2846 Creatorem
3315 2790 3573 2847 videlicet
3602 2808 3763 2847 suum
3785 2832 3804 2859 ,

2204 2894 2570 2944 convertatur.
2603 2885 2721 2940 Non
2748 2885 2892 2940 enim
2919 2885 2970 2940 ei
2999 2885 3046 2914 "
3087 2883 3283 2939 suiIicit
3310 2885 3378 2939 ad
3404 2883 3802 2954 perfectionem

2205 2991 2271 3034 ex
2305 2977 2539 3032 essentia
2575 2975 2957 3044 essentialique
2997 2973 3302 3030 differentia
3350 2977 3684 3044 subsistere,
3720 2980 3807 3034 his

2205 3070 2349 3124 enim
2391 3068 2602 3123 duobus
2648 3067 2827 3124 ontnis
2870 3066 3248 3122 intellectualis
3289 3077 3545 3124 creatura
3587 3085 3804 3142 compo-

2207 3160 2376 3225 nitur,
2405 3160 2506 3215 nisi
2527 3161 2594 3214 ad
2618 3157 2850 3213 Verbum
2874 3158 3231 3230 unigenitum,
3249 3158 3343 3213 Dei
3367 3159 3572 3216 Filium
3592 3162 3714 3218 dico
3729 3163 3802 3227 ³³,

506 3255 946 3321 immutabiliter,
989 3256 1337 3329 parcamque
1386 3258 1650 3317 formatae
1684 3271 1833 3317 sum,
1873 3261 2100 3334 semper
2127 3260 2170 3320 C
2203 3253 2294 3322 qui
2336 3261 2419 3308 est
2465 3252 2635 3307 forma
2681 3251 2858 3307 omnis
2892 3251 3273 3309 intellectualis
3315 3254 3494 3320 vitae,
3534 3269 3800 3311 conversa

505 3347 652 3400 enim
668 3348 733 3402 ad
750 3362 910 3402 unam
925 3363 1105 3404 rerum
1118 3350 1360 3405 omnium
1374 3349 1628 3419 formam,
1643 3368 1805 3424 quam
1819 3354 1998 3409 omnia
2012 3369 2102 3425 ap.

505 3445 716 3506 petunt,
746 3436 981 3495 Verbum
1002 3436 1182 3496 Patris
1202 3439 1342 3506 dico,
1380 3455 1676 3498 conversae
1700 3441 2024 3510 formantur,
2046 3453 2101 3500 et

507 3525 886 3591 formationem
900 3543 1052 3584 suam
1065 3545 1330 3600 nusquam
1346 3532 1387 3563 “
1400 3548 1675 3604 nunquam
1689 3534 2101 3592 deserunt.Cau-

507 3633 602 3673 sae
623 3618 820 3688 quippe
832 3617 1073 3674 locorum
1087 3627 1141 3676 et
1155 3629 1454 3692 temporum
1469 3623 1523 3677 in
1544 3623 1626 3679 eis
1638 3633 1794 3690 sunt;
1817 3639 1956 3694 quae
1971 3641 2099 3682 vero

505 3709 608 3766 sub
634 3708 766 3778 ipsis
797 3717 925 3765 sunt
952 3709 1006 3764 in
1038 3711 1082 3742 "
1112 3710 1460 3769 inferioribus
1485 3729 1666 3769 rerum
1694 3715 1993 3783 ordinibus,
2021 3717 2098 3772 ita

511 3803 581 3859 ab
606 3803 686 3859 eis
716 3811 992 3871 creantur,
1016 3813 1075 3859 ut
1098 3804 1165 3860 ad
1191 3805 1398 3876 seipsas
1421 3820 1485 3861 ea
1508 3807 1806 3873 attrahant,
1828 3809 2098 3864 omnium-

507 3909 613 3964 que
641 3910 822 3950 rerum
853 3902 1017 3952 unum
1043 3896 1368 3968 principium
1393 3898 1436 3931 ”
1466 3907 1752 3971 appetant;
1784 3900 1931 3972 ipsae
1966 3917 2097 3959 vero

504 3994 651 4051 nullo
677 3995 838 4052 modo
863 3996 932 4052 ad
952 4010 1036 4062 ea,
1061 4012 1201 4067 quae
1237 3999 1338 4054 sub
1368 3999 1448 4056 eis
1475 4010 1622 4068 sunt,
1650 4003 1972 4072 respiciunt,
1999 4003 2096 4061 sed

504 4099 659 4140 suam
705 4084 932 4141 formam
983 4089 1318 4157 superiorem
1363 4105 1426 4146 se
1460 4105 1674 4161 semper
1712 4091 2096 4161 intuentur,ut

505 4193 720 4248 semper
742 4179 810 4233 ab
839 4193 902 4235 ea
931 4178 1154 4234 formari
1181 4196 1289 4236 non
1309 4181 1574 4238 desinant.
1606 4181 1742 4238 Nam
1768 4198 1865 4254 per
1887 4186 2094 4256 seipsas

504 4267 767 4323 informes
802 4277 970 4337 sunt,
1015 4278 1072 4325 et
1112 4271 1168 4324 in
1211 4286 1275 4326 ea
1319 4271 1611 4328 universali
1649 4290 1745 4329 sua
1785 4274 1992 4341 forma,
2038 4275 2094 4330 in

506 4357 686 4414 Verbo
708 4360 850 4426 dico,
872 4361 1189 4430 semetipsas
1209 4361 1448 4432 perfecte
1470 4365 1717 4420 conditas
1739 4375 2091 4436 cognoscunt.

505 4449 636 4514 Quis
661 4458 841 4503 autem
869 4459 1051 4504 rectae
1088 4450 1471 4519 intelligentiae
1509 4454 1662 4518 haec,
1699 4469 1838 4524 quae
1875 4455 1943 4511 de
1977 4456 2092 4526 pri-

506 4539 858 4594 mordialibus
870 4540 1050 4595 causis
1070 4541 1172 4595 dici
1199 4551 1448 4610 possunt,
1471 4543 1535 4599 de
1558 4543 1886 4602 informitate
1908 4563 2089 4603 rerum

2202 3335 2536 3412 perficiatur;
2555 3341 2789 3410 alioquin
2812 3340 3124 3414 imperfecta
3147 3341 3511 3414 informisque
3533 3354 3797 3400 remanet.

2199 3433 2303 3487 Alii
2331 3443 2532 3488 terram
2563 3434 2777 3488 inanem
2815 3446 3172 3502 vacuamque,
3209 3447 3304 3490 seu
3337 3434 3671 3491 invisibilem
3709 3437 3797 3490 in-

2201 3523 2688 3594 compositamque,
2713 3523 2912 3579 dictam
2937 3524 3272 3579 arbitrantur
3301 3525 3504 3581 molem
3529 3527 3668 3583 hanc
3691 3536 3798 3582 ter-

2203 3613 2319 3669 reni
2372 3614 2615 3685 corporis
2683 3615 2859 3684 primo
2921 3615 3217 3682 conditam,
3286 3634 3514 3672 securim
3581 3619 3794 3688 quidem

2201 3713 2357 3773 atque
2381 3704 2428 3734 ”
2456 3704 2688 3770 inanem,
2719 3712 2778 3758 ut
2805 3704 2911 3760 illis
2947 3705 3181 3769 videtur,
3206 3707 3331 3777 quia
3365 3709 3605 3762 nondum
3635 3709 3794 3762 direr-

2199 3795 2272 3849 sis
2306 3795 2577 3864 generibus
2620 3795 2902 3866 [armisque
2940 3797 3253 3867 germinum,
3284 3798 3563 3868 fruticum,
3592 3802 3793 3853 anima.

2198 3886 2427 3959 fiuntque
2451 3898 2636 3942 ornata
2662 3899 2772 3942 erat
2796 3906 2815 3954 ;
2855 3890 3125 3944 invisibilis
3155 3908 3310 3956 vero,
3345 3903 3440 3946 aut
3473 3895 3599 3965 quia
3619 3895 3789 3947 lieni-

2197 3980 2298 4036 dae
2324 3991 2546 4035 naturae
2571 3981 2896 4036 abundantia
2929 3983 3158 4053 undique
3191 3983 3478 4053 superfusa
3509 3996 3622 4038 erat
3641 4025 3657 4050 ,
3696 3994 3788 4037 au

2195 4073 2319 4143 quia
2352 4073 2528 4139 homo,
2558 4075 2647 4144 qui
2688 4089 2804 4128 eam
2841 4074 3071 4144 aspicere
3101 4083 3293 4144 posset,
3326 4077 3568 4130 nondum
3597 4093 3660 4131 es
3682 4077 3790 4145 pri-

2196 4167 2538 4222 mordialibus
2560 4169 2731 4222 causis
2745 4183 2839 4238 per
2853 4168 3236 4239 generationem
3253 4177 3500 4238 eruperat
3515 4185 3538 4232 ;
3556 4169 3788 4222 tenebras

2195 4269 2371 4314 autem
2398 4260 2447 4291 "
2480 4278 2632 4332 super
2668 4261 2912 4331 abyssum
2951 4260 3112 4330 fuisse
3143 4261 3189 4292 “
3223 4261 3404 4326 aiunt,
3438 4263 3565 4331 quia
3596 4262 3640 4292 ³⁷
3672 4277 3781 4324 σιτ,

2193 4354 2283 4424 qui
2309 4352 2495 4422 abysso
2520 4353 2747 4424 undique
2772 4352 2818 4384 ³⁸
2845 4351 3194 4421 circumfusus
3225 4353 3428 4423 fuerat,
3463 4355 3639 4407 adhuc
3657 4353 3780 4406 isci-

2194 4444 2292 4498 dus
2335 4461 2436 4498 non
2474 4453 2618 4510 erat,
2649 4445 2864 4515 ideoque
2900 4445 3231 4498 constitutam
3281 4445 3423 4499 inter
3450 4463 3508 4500 se
3547 4447 3779 4517 atque:

2195 4535 2424 4590 nondum
2454 4535 2752 4589 illuminare
2771 4544 2990 4605 poterat.
3017 4534 3110 4590 Cui
3156 4536 3341 4590 sensui
3376 4538 3633 4606 quamvis
3659 4554 3774 4593 san»

507 4629 688 4683 dicere
724 4629 972 4696 audebit,
1011 4607 1330 4700 praesertim
1363 4607 1485 4688 cum
1529 4642 1584 4690 et
1625 4636 1872 4693 informis
1910 4654 2093 4694 rerum
2121 4607 2316 4683 Dctus
2365 4626 2693 4698 Augustinus
2743 4625 3002 4696 refragari
3065 4626 3333 4692 videatur,
3396 4643 3506 4682 non
3569 4629 3778 4683 omnino

507 4720 732 4774 materia
764 4737 870 4776 non
900 4722 1115 4777 aliunde
1143 4723 1398 4779 credatur
1432 4740 1678 4793 manare,
1726 4727 1829 4783 nisi
1870 4743 1935 4784 ex
1979 4729 2089 4802 pri-

506 4807 854 4864 mordialibus
888 4812 1066 4867 causis
1095 4811 1178 4866 ‘5?
1218 4811 1274 4868 Si
1301 4814 1444 4868 enim
1482 4815 1855 4885 primordiales
1893 4833 2090 4876 causae

507 4899 629 4954 ideo
653 4899 698 4932 ”
719 4901 1094 4977 primordialcs
1121 4904 1477 4974 appellantur,
1501 4906 1627 4976 quia
1667 4907 1711 4938 "
1745 4908 1996 4976 primitus
2021 4907 2089 4964 ab

507 5006 613 5044 una
644 4991 905 5047 creatrice
933 4993 1172 5048 omnium
1218 5009 1382 5051 causa
1413 5007 1694 5062 creantur,
1733 5005 1788 5052 et
1823 5013 1909 5065 ea,
1947 5011 2088 5067 quae

2200 4729 2401 4785 tamen,
2429 4719 2684 4789 quoniam
2712 4720 2882 4775 sancti
2907 4718 3088 4773 Basilii
3113 4725 3218 4784 cst,
3248 4734 3278 4772 a
3308 4719 3470 4776 nobis
3500 4720 3770 4776 refellitur.

2194 4813 2312 4870 Non
2350 4815 2496 4870 enim
2537 4821 2780 4868 nostrum
2819 4819 2932 4879 est,
2972 4811 3038 4866 de
3078 4811 3448 4868 intellectibus
3475 4825 3772 4869 sanemu-

2194 4909 2415 4966 Patrum
2461 4906 2755 4977 diiudicare
2800 4906 2867 4970 ”,
2901 4905 2993 4961 sed
3036 4920 3130 4960 eos
3169 4906 3258 4976 pie
3292 4920 3357 4961 ac
3400 4908 3772 4963 venerabiliter

2194 5000 2508 5071 suscipere;
2538 5014 2643 5054 non
2675 5008 2852 5052 tamen
2879 4995 3228 5066 prohibemur
3255 4995 3487 5068 eligere,
3511 4999 3654 5070 quod
3674 5013 3774 5054 m-

1788 5155 2042 5214 VARIAE
2078 5154 2481 5214 LECTIONES.

585 5267 605 5342 ξ
632 5266 722 5322 Sic
744 5265 873 5342 CBA;
909 5265 955 5321 A
982 5265 1367 5342 {canaeque}:
1389 5267 1742 5342 _per[eclionis
1765 5269 1875 5342 ;_AD
1923 5269 2124 5342 [erutae
2169 5289 2230 5326 ac
2285 5269 2777 5342 perfectionisque."
2815 5272 2838 5301 ¹
2865 5269 2953 5342 Sic
3003 5266 3166 5342 (SBE;
3197 5266 3241 5319 A
3271 5266 3362 5342 sit:

1469 5337 1688 5406 plane:
1719 5337 1739 5367 ⁸
1781 5337 1872 5393 Sic
1911 5337 2078 5404 ADE;
2121 5352 2166 5395 et
2207 5337 2316 5396 oni.
2362 5337 2421 5394 Ο,

1567 5406 1590 5437 ⁸
1637 5404 1729 5459 Sic
1777 5407 1895 5473 AC;
1949 5407 1994 5461 Β
2038 5411 2331 5464 videantur.

509 5335 602 5388 AD
644 5338 915 5404 perambit.
989 5341 1012 5366 ⁵
1051 5335 1143 5389 Sic
1183 5335 1346 5401 ACE;
1389 5336 1433 5388 D

512 5404 830 5529 sane
870 5419 1105 5528 res:
1297 5404 1506 5526 an...
1558 5406 1599 5528 ἐς

630 5491 676 5530 ιο
817 5493 832 5541 ;
1007 5492 1022 5527 ι
1241 5491 1258 5535 ,'
1515 5511 1528 5525 .
1607 5513 1620 5526 .

517 5613 556 5643 "
591 5614 682 5668 Sic
708 5614 866 5677 CDE;
893 5614 935 5666 Α
953 5614 1203 5666 diximus.

1699 5476 1737 5505 ”
1773 5474 1865 5550 Sic
1891 5477 2005 5550 CE;
2035 5495 2288 5550 nusquam
2315 5495 2425 5534 om.

513 5543 557 5594 Δ
587 5547 895 5604 principium
917 5559 1100 5597 unum.
1174 5543 1218 5573 “
1250 5543 1342 5596 Sic
1368 5542 1531 5604 CDE;
1561 5543 1606 5595 A
1635 5557 1699 5595 ea:
1722 5548 1892 5599 causis
1922 5542 2365 5604 primordialibns.

587 5561 895 5612 principium
917 5561 1100 5597 unum.
1175 5561 1218 5573 ’ν
1250 5561 1342 5596 me
1368 5561 1531 5604 nun;
1561 5561 1606 5595 Α
1635 5561 1699 5595 ea:
1722 5561 1892 5599 causis
1920 5561 2358 5617 primm-araneus.

591 5614 682 5668 Sic
708 5614 866 5686 CDE;
893 5614 935 5666 Α
953 5614 1203 5666 diximus.
1287 5611 1331 5642 ⁸⁸
1359 5610 1788 5686 SigDELeLp'er
1809 5631 1918 5668 om.
1949 5617 2016 5686 A;
2042 5634 2132 5686 per
2156 5634 2265 5671 out.
2297 5619 2358 5672 C.

3444 5267 3466 5298 ³
3517 5268 3610 5322 Sic
3655 5269 3765 5331 CK;

3341 5338 3363 5368 τ
3397 5336 3493 5392 Sic
3522 5337 3688 5404 CDE;
3729 5343 3766 5391 Α

2421 5411 2445 5442 ⁸
2515 5409 2597 5463 lus
2641 5411 3055 5479 appropinquare
3105 5435 3178 5446 —-
3237 5407 3310 5460 ad
3372 5425 3488 5461 esse
3540 5425 3651 5461 om.
3710 5409 3766 5463 Ε.

2421 5519 2425 5530 .
2463 5427 2574 5532 ID.
2661 5481 2707 5511 "
2738 5480 2829 5533 Sic
2856 5477 3017 5533 CDE:
3045 5478 3101 5531 in
3122 5491 3232 5531 om.
3259 5477 3329 5528 Α.
3414 5479 3462 5508 ¹³
3492 5476 3584 5531 Sic
3609 5479 3766 5533 CDE:

2781 5496 2829 5533 lc
2856 5496 3017 5541 um;
3045 5496 3101 5531 ιη
3122 5496 3232 5531 om.
3259 5496 3329 5528 si.
3415 5496 3460 5508 ισ
3492 5496 3584 5531 διε
3609 5496 3769 5538 um;

2791 5565 2806 5614 ;
2836 5552 2881 5603 A
2910 5547 3074 5601 ideae.
3171 5545 3219 5578 ⁸⁸
3244 5547 3338 5600 Sic
3358 5545 3529 5609 CDE;
3561 5550 3605 5600 Δ
3623 5566 3766 5614 quae.

3405 5617 3453 5648 ³ο
3487 5618 3578 5671 Sic
3607 5617 3771 5680 CDE;

2496 5340 2516 5370 ⁸
2565 5337 2656 5394 Sic
2695 5340 2812 5403 CE;
2849 5341 2939 5394 AD
2985 5337 3262 5407 siquidem.

2445 5549 2491 5580 "
2529 5549 2618 5602 Sic
2642 5548 2806 5614 CDE;
2836 5552 2881 5603 A
2910 5547 3074 5601 ideae.

2442 5619 2485 5648 ³⁸
2514 5617 2605 5673 Sic
2641 5618 2804 5685 CDE;
2838 5618 2879 5672 A
2910 5627 2982 5670 est
3011 5616 3326 5671 intellectus.

516 5682 564 5778 ἐξ
584 5685 834 5775 avenas
855 5679 1789 5778 etdeesse.$292913
1812 5679 2277 5778 exclusisse
2298 5689 2419 5778 ,αξξ
2450 5691 2498 5778 ei
2522 5703 2636 5778 ρψ-
2655 5679 2823 5778 ,Αυ-ξ,
2841 5687 3189 5778 δέξω
3207 5703 3224 5750 ;
3245 5687 3769 5778 enecasse:-

519 5749 564 5778 ,δ
591 5751 643 5775 ρ.
701 5752 824 5764 ηδε-
904 5751 915 5760 ι
973 5761 1008 5772 ,ι
1095 5747 1153 5768 Ὃκ
1183 5749 1237 5766 τ’·
1261 5765 1272 5778 .
1310 5747 1461 5778 Δί’ῐὲι
1501 5760 1668 5778 nus...“
1700 5767 1782 5778 ﬂ...

1971 5756 2017 5778 ’ἢ
2040 5756 2091 5778 ΟΞ
2107 5774 2123 5778 ..
2151 5757 2277 5778 nnn
2298 5775 2306 5778 -

2781 5761 2823 5778 ui!
2841 5757 2924 5778 βε-
2943 5757 3072 5778 ΠΠΙΡ
3092 5773 3102 5778 -
