3966 5652
197 389 300 448 540

1018 384 1108 442 DE
1143 383 1483 443 DIVISIONE
1521 365 1872 440 NATURAE.
1908 411 1977 422 -—
2014 380 2217 438 LIBER
2256 380 2639 441 SECUNDUS.

3354 385 3460 443 550

198 504 278 578 gis
322 501 536 560 videtur
575 498 774 558 divinis
812 497 1040 570 eloquiis
1077 499 1303 555 rationis
1347 496 1779 556 consideratione
1806 500 1855 560 Α
1882 494 2070 552 Graeci
2097 496 2315 570 ἀτμίδας
2345 505 2561 563 vocant,
2594 496 2950 568 bumidacque
2978 497 3157 571 abyssi
3188 499 3462 559 vicinitate

197 594 502 672 convenire.
538 591 647 648 Sed
685 591 730 647 si
755 592 877 662 quis
906 589 1135 656 dixerit,
1175 588 1454 660 praedicta
1484 586 1780 659 prophetae

190 685 354 742 verba
383 702 492 743 non
526 685 670 743 aliud
691 727 708 754 ,
754 700 915 756 quam
948 685 1328 756 primordiales
1369 699 1553 742 rerum
1587 699 1780 740 causas

196 779 438 845 innuere,
465 794 573 838 non
612 778 881 834 videbitur
923 778 940 810 ¹
998 792 1066 834 ex
1103 777 1334 834 veritate
1357 775 1592 833 deviare.
1639 775 1779 844 Quid

193 868 392 924 enim?
424 867 565 923 Num
619 867 938 924 incredibile
979 877 1084 934 est,
1134 867 1497 944 πρωτότυπον,
1545 866 1649 923 hoc
1695 873 1780 922 est

192 956 487 1028 principale
510 957 792 1028 exemplar
827 957 1128 1028 corporalis
1163 965 1414 1023 naturae,
1442 955 1586 1028 quod
1611 955 1777 1027 signi.

193 1046 384 1102 ficatur
411 1058 588 1106 terrae
614 1049 868 1115 nomine,
908 1047 1162 1118 quodque
1189 1056 1317 1105 ante
1344 1047 1489 1104 hunc
1517 1047 1777 1104 mundum

190 1139 504 1196 sensibilem
530 1150 793 1213 perpetuo
830 1139 1335 1213 perfectissimeque
1372 1141 1516 1196 Deus
1545 1140 1598 1195 in
1629 1138 1777 1211 prin-

188 1227 348 1298 cipio,
399 1230 502 1286 hoc
549 1239 636 1287 est
675 1231 838 1287 Pater
872 1233 926 1288 in
968 1231 1105 1288 Filio
1153 1230 1493 1297 condiderat,
1543 1244 1774 1285 vacuum

190 1324 348 1381 atque
368 1319 532 1377 inane
556 1335 715 1392 posse
738 1321 958 1378 vocari?
987 1321 1226 1378 Vacuum
1254 1322 1491 1393 quidem,
1517 1321 1773 1392 quoniam

187 1415 375 1460 omnm
393 1408 607 1466 ensibili
633 1411 686 1466 in
722 1411 836 1469 suis
860 1411 1144 1470 eﬂ'cctibus
1165 1411 1423 1478 vacabat,
1453 1411 1772 1483 piiusquam

187 1499 242 1554 in
267 1490 493 1568 ‘ghiara
548 1502 857 1576 formasque
912 1504 1185 1560 sensibilis
1247 1512 1478 1564 naturae
1539 1522 1638 1578 per
1675 1522 1772 1578 ge-

185 1602 522 1648 nerationem
587 1594 724 1652 locis
791 1597 1234 1668 temporibusque
1291 1596 1556 1668 prodiret.
1608 1598 1773 1654 lnane

183 1698 344 1751 vero,
385 1686 512 1756 quia
554 1688 755 1744 nullam
784 1690 1175 1760 quantitatem,
1204 1688 1282 1744 nil
1317 1689 1583 1760 corporali
1628 1691 1773 1746 mole

182 1773 431 1840 densum,
460 1775 538 1832 nil
566 1776 700 1832 locis
723 1779 1051 1850 dispersum,
1095 1778 1172 1834 nil
1199 1780 1530 1851 temporibus
1571 1781 1770 1838 mobile

1879 588 2132 644 accidunt
2149 589 2210 644 ".
2229 588 2400 660 Hujus
2421 603 2635 658 quoque
2648 590 3068 660 corpulentioris
3081 591 3224 648 acris
3240 592 3462 649 inferio-

1878 681 2062 753 risque
2090 681 2422 739 nebulositas
2453 691 2508 738 et
2543 682 2848 738 obscuritas
2880 699 2986 739 non
3017 699 3085 739 ex
3125 684 3336 756 scipso,
3367 685 3460 742 sed

1877 787 1944 830 ex
1991 789 2254 845 aquarum
2322 781 2698 843 terrarumque
2765 773 3167 844 propinquitate
3221 775 3460 831 advenit.

1879 861 2033 920 Unde
2066 863 2211 918 enim
2270 864 2514 920 nascitur
2570 863 2730 918 lunae
2755 853 3081 930 humiditits,
3122 863 3246 920 inde
3295 865 3462 922 etiam

1877 958 2021 1014 aeris
2064 956 2414 1022 nebulositas,
2469 956 2707 1014 tonitrua
2765 969 2978 1026 quoque
3010 956 3052 988 ⁸⁸
3097 954 3461 1028 fulminaque,

1877 1048 2101 1114 imbres,
2129 1048 2363 1119 pluviae,
2387 1047 2504 1115 nix,
2529 1047 2672 1120 gelu,
2707 1047 2842 1104 varii
2874 1056 3156 1103 ventorum
3193 1047 3348 1106 ﬂatus
3372 1049 3415 1082 ¹⁹
3440 1067 3455 1104 :

1875 1156 1982 1197 non
2011 1141 2228 1197 aliunde
2264 1141 2365 1197 nisi
2396 1157 2464 1198 ex
2510 1140 2742 1197 terrenis
2767 1139 3139 1212 aquaticisque
3176 1141 3464 1212 vaporibus

1875 1233 2215 1289 occasionem
2237 1232 2527 1304 accipiunt.

1947 1325 2013 1379 l7
2055 1324 2192 1392 Quid
2237 1338 2366 1395 ergo
2407 1323 2635 1387 mirum,
2681 1323 2728 1378 si
2769 1321 3147 1393 primordiales
3172 1321 3465 1378 visibilium

1875 1432 2057 1473 rerum
2076 1418 2119 1449 '°
2137 1432 2333 1473 causae
2362 1424 2538 1472 terrae
2554 1415 2731 1472 inanis
2754 1423 2809 1471 et
2827 1430 3032 1471 vacuae
3051 1415 3315 1471 vocabulo
3332 1415 3468 1487 figu-

1873 1521 1990 1567 rate
2018 1511 2527 1579 insinuentur,prae
2557 1508 2780 1563 nimia“
2801 1505 3466 1563 sui"subtilitateineﬂ'a-

1874 1605 2076 1676 bilique
2099 1602 2475 1660 intellectualis
2490 1616 2624 1657 suae
2640 1610 2868 1657 naturae
2889 1601 3265 1671 simplicitate,
3288 1601 3466 1670 prius-

1873 1711 2034 1766 quam
2078 1696 2132 1751 in
2183 1709 2382 1766 genera
2423 1702 2480 1748 et
2517 1693 2721 1748 formas
2756 1692 3146 1762 sensibilesque
3184 1705 3462 1755 numeros,

1874 1788 1926 1842 in
1955 1786 2152 1858 quibus
2189 1785 2352 1841 veluti
2379 1783 2699 1855 quibusdam
2739 1782 2950 1839 nebulis
2977 1783 3254 1852 corporeis
3291 1781 3466 1838 sensi-

179 1863 358 1920 adhuc
379 1865 434 1920 in
481 1869 589 1922 eo’
615 1867 922 1926 intellectus
959 1869 1340 1941 propheticus,
1381 1872 1471 1942 qui
1511 1873 1566 1928 in
1595 1873 1776 1929 divina
1807 1871 1853 1932 B
1883 1879 1983 1934 bus
2026 1884 2329 1948 apparent,
2387 1891 2485 1946 per
2536 1875 2941 1947 generationem
2994 1873 3326 1945 profluerent
3374 1873 3461 1934 ³³,

178 1957 443 2030 mysteria
483 1967 569 2016 est
616 1961 998 2029 introductus,
1054 1973 1363 2036 aspexerat.
1429 1965 1573 2022 Haec
1621 1968 1766 2022 enim

175 2047 459 2115 voeabula,
490 2050 647 2106 inane
685 2050 808 2108 dico
845 2061 895 2107 et
942 2069 1196 2121 vacuum,
1246 2054 1367 2126 plus
1404 2056 1772 2126 primordialis

175 2147 406 2197 naturae
444 2152 570 2199 ante
593 2143 862 2222 omniain
897 2145 1078 2202 Verbo
1118 2146 1369 2202 conditae
1398 2147 1768 2218 plenissimam

174 2232 681 2306 immutabilemque
732 2234 1042 2308 significant
1099 2237 1490 2308 perfectionem
1521 2280 1537 2306 ,
1605 2255 1770 2311 quam

175 2320 498 2378 mutabilem
542 2321 1026 2396 imperfectamque
1067 2326 1226 2398 hujus
1272 2328 1458 2385 mundi
1499 2330 1771 2394 sensibilis

172 2408 467 2468 informem
491 2412 672 2470 adhuc
694 2417 1098 2486 processionem
1121 2459 1138 2485 ,
1170 2419 1306 2475 locis
1332 2420 1771 2492 temporibusque

172 2500 518 2571 dispersam,
545 2519 755 2577 perque
791 2508 1196 2578 generationem
1235 2524 1354 2566 esse
1385 2511 1730 2569 inchoantem
1751 2553 1769 2580 ,

173 2593 522 2668 diversisque
581 2597 854 2656 sensibilis
905 2609 1187 2657 creaturae
1241 2604 1484 2659 numeris
1544 2603 1768 2660 formari

166 2692 544 2754 appetentem.
616 2686 792 2760 Saepe
838 2689 1108 2761 siquidem
1158 2693 1178 2724 ³
1225 2692 1388 2749 inane
1435 2702 1492 2748 et
1536 2711 1767 2752 vacuum

161 2777 337 2832 etiam
378 2777 402 2808 δ
448 2776 507 2834 in
551 2777 798 2838 laudibus
872 2783 1235 2854 corporalium
1301 2799 1484 2840 rerum
1527 2786 1548 2818 ⁸
1592 2787 1769 2843 solent

163 2869 322 2940 poni.
359 2869 557 2926 Totum
597 2888 837 2945 namque
876 2877 1132 2946 spatium,
1179 2878 1323 2948 quod
1369 2877 1514 2934 inter
1552 2879 1768 2951 globum

163 2967 353 3017 terrae
376 2959 683 3034 chorosque
710 2963 950 3020 siderum
989 2973 1402 3038 extremumque
1435 2969 1622 3024 mundi
1647 2985 1768 3025 am-

158 3048 429 3130 bitumpin
464 3052 642 3109 medie
669 3063 754 3110 est
781 3056 1156 3124 constitutum,
1198 3057 1250 3112 in
1305 3058 1446 3114 duas
1476 3070 1662 3131 partes
1687 3077 1718 3116 a
1747 3062 1768 3095 °

154 3141 508 3218 sapientibus
545 3146 730 3202 mundi
775 3147 1096 3220 divinaeque
1135 3148 1451 3220 Scripturae
1511 3152 1764 3207 divisum.

1869 1969 2085 2040 quando
2110 1970 2156 2000 “
2179 1967 2455 2040 praedicta
2482 1967 2709 2024 visibilis
2734 1967 2917 2022 mundi
2946 1968 2992 1999 "
3019 1966 3214 2036 spatia,
3241 1974 3464 2036 propter

1871 2061 1954 2116 sui
1998 2059 2351 2116 subtilitatem
2391 2073 2457 2114 ac
2498 2073 2668 2128 paene
2715 2057 3232 2128 incorporalitatem,
3277 2057 3461 2111 inania

1871 2166 1964 2205 seu
1997 2165 2165 2204 vacua
2209 2164 2317 2204 non
2364 2149 2658 2219 incongrue
2701 2149 3070 2218 appellantur,
3122 2149 3264 2204 sicut
3302 2147 3348 2178 ⁸⁸
3386 2147 3465 2201 ait

1870 2240 2088 2311 quidam
2116 2248 2396 2310 poetarum
2423 2256 2436 2292 :

2054 2343 2184 2392 Aera
2209 2355 2299 2404 per
2324 2354 2523 2391 vacuum
2545 2339 2671 2391 saltu
2694 2340 2975 2402 iaculabere
2999 2351 3193 2404 corpus.

1870 2425 2006 2482 ltem
2038 2424 2296 2495 Virgilius
2321 2423 2376 2479 in
2407 2423 2756 2480 duodecimo:

2053 2522 2180 2576 Tum
2203 2521 2326 2586 lapis
2351 2525 2457 2587 ipse
2480 2524 2569 2574 viri
2596 2536 2800 2574 vacuum
2824 2537 2915 2588 per
2940 2525 3087 2576 inane
3117 2525 3328 2576 volutus.

1868 2609 2072 2666 Eadem
2110 2609 2251 2664 ratio
2274 2617 2357 2664 est
2383 2607 2608 2664 alterius
2637 2608 3121 2679 interpretationis,
3147 2624 3286 2679 quae
3308 2611 3460 2674 dicit,

1869 2710 2071 2756 terram
2114 2699 2440 2755 invisibilem
2487 2699 3009 2771 incompositamque
3068 2699 3255 2757 fuisse.
3321 2701 3462 2769 Quid

1868 2797 2012 2852 enim
2057 2795 2200 2850 aliud
2244 2794 2619 2851 rationabilius
2661 2795 2765 2851 ista
2801 2795 3148 2852 invisibilitas
3195 2797 3460 2868 mysticae

1869 2897 2050 2944 terrae
2096 2888 2464 2960 significaret,
2502 2903 2665 2958 quam
2699 2887 3132 2960 primordialium
3167 2899 3456 2944 causarum

1868 2983 2164 3053 corporalis
2192 2989 2475 3038 creaturae
2508 2981 2918 3048 obscuritatem,
2960 2980 3106 3036 nullo
3144 2981 3341 3036 coloris
3377 2981 3459 3035 lu-

1845 3075 2034 3139 mine,
2056 3074 2200 3128 nulla
2230 3073 2528 3130 formarum
2551 3073 2874 3128 discretione
2899 3072 3076 3128 adhuc
3099 3072 3452 3136 declaratam,

1869 3165 2090 3235 insuper
2135 3165 2296 3221 etiam
2351 3166 2670 3236 purissimos
2723 3164 3028 3221 intellectus
3080 3175 3449 3236 superantem.

157 3231 399 3288 Inferior
420 3234 568 3290 enim
604 3250 734 3306 pars
772 3251 802 3291 a
849 3247 991 3293 terra
1044 3255 1216 3310 usque
1260 3241 1280 3272 ⁷
1331 3241 1397 3296 ad
1444 3241 1624 3296 lunam
1670 3258 1764 3297 aer

1868 3255 2061 3311 Merito
2123 3271 2336 3326 quoque
2392 3272 2591 3312 causae
2640 3255 3017 3327 primordiales
3062 3255 3455 3328 incompositae

153 3323 388 3390 dicitur,
411 3325 518 3382 hoc
543 3336 629 3382 est
656 3327 914 3397 spiritus:
947 3331 1196 3402 superior
1223 3345 1348 3387 vero
1370 3348 1399 3386 a
1443 3331 1566 3387 luna
1589 3348 1760 3403 usque

151 3415 229 3468 ad
282 3414 462 3471 sidera
504 3427 782 3474 extremae
824 3419 1088 3491 Sphaerae
1125 3422 1333 3487 aether,
1375 3422 1427 3478 id
1475 3432 1560 3479 est
1595 3440 1764 3494 purus

149 3505 422 3575 spiritus;
463 3509 657 3564 ambae
693 3520 879 3567 autem
921 3519 1072 3587 κῦφος
1100 3513 1121 3545 ⁸
1158 3529 1190 3568 a
1243 3515 1490 3583 Graecis,
1532 3531 1760 3572 vacuum

147 3610 264 3650 seu
297 3596 462 3654 inane
488 3613 520 3653 a
550 3599 765 3657 Latinis
806 3613 1089 3660 vocantur.
1124 3603 1231 3661 Sed
1271 3607 1619 3677 purissimum
1646 3608 1759 3665 cla-

146 3685 558 3760 rissimumque
593 3691 728 3748 illud
762 3695 1012 3764 superius
1045 3696 1280 3766 spatium
1307 3701 1522 3756 constat
1547 3716 1762 3772 semper

142 3791 288 3834 esse
329 3777 351 3809 ⁹
389 3782 828 3852 serenissimnm,
852 3795 1180 3859 aeternoque
1234 3790 1450 3847 siientio
1491 3793 1757 3863 quietum,

140 3868 410 3938 exceptis
466 3872 803 3948 harmonicis
872 3879 1242 3935 consonantiis
1296 3881 1340 3912 ³⁸
1395 3881 1756 3950 planetarum,

137 3975 384 4017 omnem
429 3965 714 4022 mortalem
757 3975 1139 4040 terrenumque
1181 3971 1222 4002 “
1257 3986 1474 4027 sensum
1508 3982 1756 4030 tonorum

139 4053 666 4128 semitonorumque
719 4059 760 4091 ¹²
811 4063 1061 4117 acumine
1113 4077 1418 4134 superans,
1469 4065 1756 4122 subtilissi-

137 4143 350 4213 mique
377 4145 516 4218 ignis
541 4149 778 4205 motibus
819 4150 1036 4218 labens,
1068 4153 1304 4209 diuturni
1335 4155 1376 4186 ³³
1401 4155 1619 4212 luminis
1648 4157 1760 4228 ple-

135 4253 324 4305 num,
385 4249 608 4311 praeter
649 4244 1076 4314 portiunculam,
1121 4263 1285 4318 quam
1338 4251 1530 4306 umbra
1579 4262 1759 4312 terrae

133 4329 388 4398 obtinet,
401 4346 543 4402 quae
566 4349 670 4389 nox
694 4335 1017 4408 appellatur,
1034 4338 1259 4408 ideoque
1279 4340 1479 4396 dicitur
1502 4358 1753 4400 vacuum.

136 4419 272 4476 Nec
301 4422 594 4490 immerito,
625 4427 881 4496 quoniam
919 4430 1066 4484 omni
1107 4439 1322 4488 terrena
1368 4432 1412 4464 “
1459 4450 1756 4508 crassaque

133 4508 300 4564 mole
338 4520 517 4579 vacat,
567 4513 825 4585 nulloque
863 4532 1127 4588 corporeo
1181 4522 1422 4590 pondere
1472 4525 1746 4595 impletur.

132 4599 506 4658 Planetarum
550 4604 754 4660 etenim
799 4606 941 4678 globi
973 4609 1231 4664 levissimi
1280 4612 1324 4643 ¹⁸
1354 4621 1410 4666 et
1443 4615 1749 4685 spirituales

132 4701 303 4759 sunt,
346 4695 494 4749 nulla
543 4696 588 4727 ³⁸
636 4703 850 4753 terrena
890 4697 1150 4769 qualitate
1192 4715 1504 4772 gravantur,
1547 4708 1746 4763 nullam

129 4782 546 4840 obscuritatem
596 4784 855 4843 elliciunt.
901 4789 1085 4844 Lunae
1118 4791 1382 4862 siquidem
1424 4796 1744 4860 humiditas,

131 4873 474 4946 sordesque,
500 4893 643 4947 quae
669 4878 722 4934 in
746 4895 808 4936 ea
835 4892 1118 4951 apparent,
1149 4901 1254 4941 non
1279 4903 1342 4942 ex
1368 4903 1499 4944 suae
1521 4898 1748 4945 naturae

129 4965 413 5034 puritate,
468 4969 569 5024 sed
623 4983 692 5025 ex
726 5023 728 5026 ,
764 4979 1017 5036 terrenae
1065 4974 1222 5031 molis
1262 4978 1572 5048 vaporibus,
1611 4995 1748 5048 quos

1865 3348 2274 3417 praedicantur;
2305 3356 2429 3404 sunt
2459 3349 2602 3403 enim
2633 3347 2902 3419 simplices
2944 3347 3200 3417 omnique
3237 3362 3453 3419 compo-

1864 3439 2060 3494 sitione
2088 3438 2308 3494 omnino
2337 3451 2606 3494 carentes.
2648 3437 2781 3492 Nam
2826 3438 2879 3492 in
2921 3439 3002 3496 eis
3035 3446 3119 3494 est
3166 3439 3455 3496 incll’abilis

1865 3531 2066 3596 unitas,
2111 3529 2595 3600 inseparabilisque
2635 3529 3098 3601 incompositaque
3145 3531 3450 3606 harmonia,

1863 3623 2246 3679 universaliter
2315 3621 2678 3678 differentium
2741 3635 2836 3677 seu
2903 3623 3159 3678 similium
3214 3625 3452 3695 partium

1864 3715 2259 3786 copulationem
2307 3715 2742 3786 supergrediens.
2787 3716 2925 3784 Quid
2955 3717 3130 3773 dicam
3171 3719 3237 3775 de
3263 3720 3453 3793 causis

1861 3805 2248 3875 principalibus
2305 3805 2684 3862 intellectualis
2732 3808 3036 3863 essentiae‘!
3079 3807 3267 3866 Nonne
3321 3826 3452 3867 con-

1861 3897 2241 3965 gruentissime
2284 3896 2600 3952 tenebrosae
2645 3897 2824 3968 abyssi
2872 3898 3137 3954 vocabulo
3173 3916 3203 3955 a
3241 3899 3448 3971 Spiritu

1861 3996 2048 4042 sancto
2075 3986 2372 4057 appellatae
2395 3988 2551 4042 sunt?
2588 3988 2830 4058 Abyssus
2857 3989 2999 4043 enim
3043 3990 3296 4045 dicuntur
3324 4006 3449 4060 pro-

1859 4093 1981 4153 pter
2005 4097 2192 4137 earum
2233 4082 2832 4152 incomprehensibilem
2874 4083 3233 4150 altitudinem,
3268 4085 3448 4140 inlini-

1861 4184 2079 4244 tamque
2110 4173 2190 4229 sui
2215 4188 2312 4245 per
2337 4173 2518 4227 omnia
2547 4172 2909 4239 diffusionem,
2935 4188 3074 4244 quae
3094 4173 3240 4229 nullo
3267 4175 3447 4244 perci-
3516 4236 3523 4241 A

1859 4268 2006 4339 pitur
2035 4283 2235 4331 sensu,
2273 4267 2419 4323 nullo
2453 4265 2931 4335 comprehenditur
2960 4265 3257 4332 intellectu,
3289 4281 3449 4336 prae-

1859 4375 1964 4431 que
1992 4357 2278 4414 ineffabilis
2311 4373 2442 4414 suae
2470 4357 2723 4430 puritatis
2753 4356 3069 4413 excellentia
3099 4355 3443 4412 tenebrarum

1859 4452 2076 4506 nomine
2123 4451 2380 4523 appellari
2421 4459 2756 4507 meruerunt.
2803 4449 3083 4520 Siquidem
3122 4457 3178 4504 et
3229 4449 3310 4504 sol
3341 4449 3443 4505 iste

1858 4544 2129 4603 sensibilis
2178 4544 2510 4600 intuentibus
2557 4559 2680 4598 eum
2725 4557 2886 4612 saepe
2936 4540 3131 4612 ingerit
3170 4538 3442 4604 tenebras,

1855 4653 1961 4692 non
1988 4636 2292 4692 valentibus
2317 4635 2573 4691 eximium
2604 4633 2687 4690 sui
2727 4633 2923 4688 intueri
2952 4632 3234 4702 fulgorem.
3265 4630 3442 4686 Tene-

1853 4730 1984 4785 brae
2042 4728 2225 4798 itaque
2271 4736 2425 4783 erant
2473 4742 2634 4797 super
2684 4740 2970 4780 causarum
3015 4723 3442 4795 primordialium

1853 4819 2127 4892 abyssum.
2159 4817 2293 4873 Nam
2330 4817 2647 4887 priusquam
2687 4815 2740 4868 in
2781 4813 3143 4886 spiritualium
3175 4813 3442 4868 essentia—

1851 4924 1972 4964 rum
2014 4908 2459 4965 numerositatem
2506 4904 2895 4977 procederent,
2924 4904 3104 4960 nullus
3141 4903 3446 4959 intellectus

1851 5003 2106 5056 conditus
2136 5003 2180 5039 ι’
2211 5013 2542 5070 cognoscere
2571 5011 2664 5052 eas
2687 4995 2735 5026 ”
2767 4998 2962 5066 potuit,
2990 4996 3117 5066 quid
3143 5002 3344 5049 essent.
3377 4991 3449 5045 Et

1431 5129 1688 5185 VAllIAE
1748 5129 2044 5192 LECTION
2054 5131 2157 5187 ES.

208 5232 230 5264 ²
279 5229 379 5288 Sic
436 5231 602 5301 ACE;
644 5234 1050 5316 Dnvidetur.m'
1081 5234 1191 5316 Sic
1207 5238 1370 5316 με)
1415 5241 1460 5297 D
1495 5247 1545 5303 in
1574 5262 1676 5316 ea:
1734 5242 1760 5316 ξ
1785 5242 1876 5301 Sic
1901 5248 2023 5314 CE;
2055 5245 2149 5300 AD
2190 5244 2436 5316 quidem.
2511 5249 2533 5281 ⁸
2563 5241 2842 5316 Sic_CDE;
2870 5242 2923 5316 Α
2953 5251 3023 5316 et.

1657 5315 1676 5345 "
1729 5312 1821 5370 Sic
1862 5312 2041 5388 VADE;
2075 5312 2236 5388 usque
2279 5331 2400 5388 om.
2451 5323 2512 5379 C.
2575 5317 2610 5388 γ’
2650 5312 2741 5388 Sic
2777 5313 2944 5379 CDE;
2980 5314 3231 5388 Αλεοῧφα·

115 5300 408 5376 ῥ-ρηιγη
455 5300 830 5376 carperalium.
917 5307 938 5337 ⁸
973 5305 1066 5360 Sic
1112 5307 1278 5374 CDE;
1324 5300 1368 5366 A'
1409 5300 1577 5373 estita.

357 5389 459 5444 pro
509 5371 714 5444 semper
755 5393 864 5431 esse
903 5377 950 5430 A
999 5371 1288 5446 superioris
1336 5399 1446 5438 esse
1472 5371 1743 5445 ynnlurae.

2422 5375 2695 5447 cantilenis
2745 5375 3214 5447 consonantiisqtie.
3281 5377 3324 5447 7’}
3355 5375 3454 5447 Sic

1855 5387 1898 5418 ⁸⁰
1945 5391 2040 5446 Sic
2091 5388 2254 5452 CDE;
2307 5387 2349 5439 A

114 5439 398 5531 92m
425 5439 1108 5531 ἒεντεηάπε.εέ.ηιίὲ’ίιῐξεηδι
1255 5449 1345 5531 se
1373 5455 1448 5531 ιαμ
1483 5439 1620 5531 (ibe
1667 5439 2280 5531 ετηειρμονεῑιίτῖφιῖ-ίι
2310 5439 2558 5525 saevite
2586 5439 2634 5531 Α
2669 5453 2891 5531 discuti
2924 5439 3203 5531 υηέευθείλ

111 5511 220 5552 οε·
243 5528 261 5540 ι
311 5513 401 5548 An
431 5524 571 5552 humu

674 5515 718 5545 ’⁸
748 5515 836 5572 Si“
877 5515 1040 5582 CDE‘
1078 5516 1131 5615 λλ
1162 5515 1742 5650 έῗῖίδὲξπιξρίξδὶὶηι.ἷῖ
1776 5515 2083 5634 $3.395"
2121 5531 2342 5638 λξοεὲςηίι

2347 5513 2674 5588 uiri—nulla.
2752 5523 2794 5555 "
2837 5519 2930 5573 Sic
2965 5519 3079 5579 CE;
3117 5514 3205 5567 AD
3234 5513 3451 5588 accidit.

2149 5580 2570 5640 ἶο-’ςῑὲρῖἶᾱῖ
2599 5597 2628 5630 Α
2679 5605 2852 5624 non...
2906 5587 3200 5624 nﬁog'ln'la'um_
3273 5581 3318 5612 at
3358 5580 3456 5620 mn
