4064 6292
507 338 611 396 851

1891 337 2171 397 JOANNIS
2206 337 2400 398 SCOTI

3113 329 3165 341 ν.

3668 341 3777 398 55!

506 460 687 513 adhuc
714 458 967 513 tenebrae
987 466 1110 513 sunt
1138 471 1298 528 super
1329 456 1469 511 hanc
1497 455 1771 530 abyssum,
1800 458 1924 528 quia
1948 456 2092 511 nullo
2119 464 2167 520 Α
2196 459 2500 513 animorum
2528 459 2573 491 "
2599 457 2844 515 notitiam
2870 458 3207 516 naturalibus
3228 457 3707 531 artiliciaﬁbusque
3730 459 3778 489 ⁸⁸

502 548 804 620 percipitur
828 549 1100 604 intellectu
1118 588 1133 612 ,
1158 538 1225 604 eo
1249 556 1476 617 excepto
1493 588 1507 614 ,
1535 549 1624 618 qui
1654 564 1773 604 eam
1811 548 1864 603 in
1888 547 2092 618 princi-
2156 550 2658 648 ‘progressionibus
2686 551 2929 621 proferre
2957 566 3065 605 non
3095 551 3335 607 retardat
3360 551 3429 605 ³⁵.

503 640 597 709 pio
622 639 892 695 formavit.
933 640 1009 693 Ex
1050 638 1330 695 elfectibus
1352 647 1529 695 autem
1547 681 1561 705 ,
1589 641 1692 695 hoc
1718 648 1801 696 est
1818 681 1833 707 ,
1868 655 2090 711 proces-

507 730 747 785 sionihus
792 731 910 801 ejus
961 731 1015 785 in
1067 730 1428 801 intelligibiles
1494 731 1698 788 formas
1749 732 2091 803 cognoscitur

504 823 864 889 solummodo,
885 824 1010 894 quia
1033 832 1136 889 est,
1153 839 1260 880 non
1278 833 1456 880 autem
1481 824 1817 895 intelligitur,
1842 824 1970 895 quid
1984 834 2088 880 est.

575 913 662 968 18.
688 912 794 968 Sed
815 922 997 968 utrum
1016 913 1243 984 mystica
1263 913 1350 968 illa
1372 922 1515 969 terra
1538 914 1842 982 invisibilis,
1868 915 2091 987 ipsaque

503 1005 791 1060 tenebrosa
839 1005 1066 1076 abyssus
1108 1013 1163 1059 et
1205 1004 1586 1061 intellectualis
1629 1006 1925 1076 primarum
1959 1022 2089 1062 cau-

498 1111 686 1151 sarum
712 1105 978 1167 perpetuo
1018 1096 1302 1155 invisibilis
1333 1097 1349 1127 ¹
1389 1096 1513 1161 erit,
1555 1097 1888 1168 abyssusque
1945 1106 2091 1152 teneo

502 1187 664 1240 brosa
699 1185 1048 1241 aeternaliter
1074 1185 1445 1255 permanebit,
1488 1200 1556 1240 an
1581 1186 1906 1257 quandoque
1929 1227 1943 1251 ,
1992 1187 2095 1241 hoc

500 1283 605 1337 est,
634 1282 754 1343 post
788 1273 949 1328 linem
989 1273 1151 1343 hujus
1194 1274 1379 1329 mundi
1422 1275 1442 1305 ³
1481 1273 1709 1329 visibilis
1750 1274 1801 1327 in
1842 1274 2090 1328 notitiam

496 1363 955 1421 intellectualium
983 1364 1441 1435 rationaliumque
1472 1365 1830 1420 essentiarum
1860 1379 2090 1434 perven-

500 1464 653 1511 turae
678 1463 828 1520 sunt,
859 1471 964 1510 non
1004 1470 1168 1525 parva
1210 1455 1413 1527 indiget
1441 1456 1713 1526 indagine.
1745 1456 1892 1511 Dtsc.
1923 1456 2092 1511 Immo

499 1546 757 1611 maxima,
782 1556 837 1601 et
870 1560 939 1599 ne
977 1545 1082 1601 hoc
1121 1545 1384 1600 intactum
1425 1545 1857 1616 praetermittas,
1894 1545 2094 1602 obnixe

495 1648 645 1709 peto.
675 1637 815 1694 Mss.
853 1637 974 1703 Dic,
1002 1652 1207 1708 quaeso
1227 1677 1242 1701 ,
1284 1636 1414 1706 quid
1458 1636 1555 1692 tibi
1607 1637 1865 1693 videtur?
1903 1638 2042 1693 Num
2068 1638 2092 1670 ³

497 1728 872 1798 primordiales
922 1743 1105 1782 rerum
1155 1741 1352 1783 causae
1399 1726 1446 1793 ‘,
1512 1741 1650 1796 quas
1700 1735 1880 1784 terrae
1929 1737 2092 1798 atque

2264 641 2407 697 MAG.
2446 641 2785 713 Principales
2810 642 2993 712 itaque
3031 654 3226 697 causae
3256 651 3312 698 et
3344 643 3402 697 in
3432 654 3518 708 ea,
3548 654 3781 712 quorum

2192 726 2392 786 causae
2438 738 2585 795 sunt,
2639 731 2996 801 proveniunt,
3030 738 3103 785 ‘et
3162 731 3521 801 principium,
3566 731 3633 785 ιιι.
3674 741 3780 794 est,

2194 821 2515 891 sapientiam
2562 820 2742 877 Patris
2764 822 2832 885 '°,
2857 822 2909 875 in
2934 836 3042 891 qua
3071 821 3245 876 factae
3270 830 3418 887 sunt,
3464 835 3572 877 non
3616 822 3785 877 rtliu~

2192 922 2385 983 quunt,
2411 920 2483 977 et,
2511 914 2677 967 utsic
2697 913 2746 946 “
2769 914 2968 979 dicam,
3000 912 3054 967 in
3087 914 3135 946 ²¹
3165 926 3224 968 se
3248 912 3380 983 ipsis
3402 923 3784 983 permanentes

2191 1003 2513 1070 invisibiles,
2544 994 2781 1059 tenebris
2809 1004 2855 1036 ⁸³
2886 1018 3015 1061 suae
3040 1005 3634 1075 excellentiae—semper
3660 1008 3786 1060 al.3-

2194 1097 2457 1161 conditae,
2479 1096 2530 1150 in
2552 1094 2830 1151 effectibus
2855 1097 2969 1152 suis
2982 1096 3142 1152 veluti
3168 1096 3220 1150 in
3245 1097 3517 1166 quandam
3539 1096 3713 1151 lucem
3738 1096 3783 1127 ’δ

2194 1188 2520 1258 cognititlnis
2569 1187 2835 1257 prolatae,
2892 1204 2998 1243 non
3044 1180 3261 1244 cessant
3308 1194 3589 1259 apparere.
3633 1187 3794 1240 nise.

2194 1278 2340 1333 Haec
2365 1278 2719 1349 probabiliter
2747 1278 2963 1333 suaderi
2994 1285 3241 1349 possunt.
3274 1277 3384 1332 Sed
3407 1287 3569 1331 nosse
3593 1271 3780 1337 velim.

2194 1377 2373 1425 utrum
2406 1369 2669 1439 principia
2709 1383 2915 1433 rerum,
2953 1382 3095 1438 quae
3128 1366 3562 1437 primordialinm
3592 1379 3730 1422 caus
3765 1385 3796 1403 -

2193 1472 2314 1511 rum
2338 1458 2647 1513 nominibus
2666 1457 3024 1529 appellantur,
3050 1457 3227 1528 seipsa
3252 1455 3575 1526 intelligunt,
3606 1460 3789 1528 prius-

2193 1561 2355 1617 quam
2389 1547 2442 1602 in
2472 1547 2621 1617 ipsas
2646 1562 2754 1613 res,
2772 1560 3005 1618 quarum
3030 1562 3228 1603 causae
3247 1557 3376 1601 sunt
3396 1545 3467 1611 “,
3486 1532 3778 1616 prditum,

2191 1638 2401 1693 necne?
2436 1638 2577 1695 MAG.
2624 1636 2708 1692 Ad
2765 1639 2870 1694 hoc
2920 1637 3159 1693 breviter
3207 1637 3663 1707 respondendum.
3708 1634 3781 1689 Si

2195 1728 2337 1784 Deus
2374 1728 2427 1783 in
2471 1728 2735 1799 sapientia
2767 1742 2863 1783 sua
2908 1728 3035 1781 fecit
3063 1726 3245 1782 omnia
3274 1741 3414 1795 quae
3456 1725 3602 1787 fecit,
3642 1735 3785 1781 teste

497 1820 678 1893 abyssi
721 1818 992 1875 vocabulis
1038 1818 1369 1890 signiﬁcatas
1411 1832 1562 1885 esse,
1602 1834 1841 1890 praeque
1881 1821 2088 1876 incom—
2119 1809 2167 1869 Β
2197 1818 2493 1889 Scriptura,
2522 1834 2662 1891 quae
2688 1820 2840 1885 dicit,
2876 1818 3059 1872 omnia
3086 1816 3429 1888 insapientia
3460 1816 3655 1885 fecisti,
3692 1817 3783 1869 cui

493 1911 841 1983 prchensibili
861 1919 1024 1980 atque
1037 1910 1319 1967 excellenti
1335 1910 1621 1966 altitudine
1632 1911 1935 1968 invisibiles
1946 1920 2091 1967 tene-

494 2006 794 2076 brosasque
807 2006 982 2060 dictas
995 2004 1343 2069 arbitramur,
1370 2004 1498 2060 dum
1514 2004 1537 2036 ⁸
1560 2019 1657 2075 per
1689 2007 2090 2075 generationem

494 2096 550 2149 iu
596 2110 794 2165 genera
846 2094 1194 2162 formasque,
1251 2094 1304 2147 in
1350 2107 1605 2163 numeros
1651 2092 2093 2163 dill‘erentiasque

493 2202 677 2240 rerum
718 2201 812 2240 seu
856 2200 1016 2239 sensu
1065 2198 1160 2238 seu
1211 2181 1484 2239 intellectu
1519 2185 2089 2253 comprehensibiliutn

492 2276 823 2346 procedunt,
890 2273 1186 2329 invisibiles
1237 2274 1918 2345 iucomprebensibilcsque
1969 2291 2092 2332 esse

492 2367 745 2421 desinunt
766 2366 790 2419 ?
813 2365 893 2418 An
916 2379 1130 2435 semper
1161 2365 1213 2419 in
1252 2364 1573 2421 excellentia
1601 2380 1736 2421 suae
1759 2374 2007 2434 naturae,
2033 2368 2091 2422 in

492 2473 600 2527 qua
640 2465 767 2513 ante
799 2456 983 2511 omnia
1023 2456 1076 2510 in
1105 2456 1375 2527 principio
1403 2456 1654 2513 conditae
1676 2466 1839 2524 sunt,
1878 2474 2091 2530 perma-

492 2558 647 2614 nent,
686 2557 741 2603 et
772 2547 876 2603 sub
911 2546 1117 2602 nullum
1159 2561 1378 2603 sensum
1422 2546 1828 2605 intellectumve
1857 2551 2088 2616 cadunt,

489 2643 567 2696 ita
616 2649 676 2695 ut
716 2649 773 2701 et
808 2639 861 2695 in
912 2640 1095 2704 rebus,
1124 2655 1356 2711 quarum
1391 2655 1590 2697 causae
1638 2650 1796 2708 sunt,
1839 2642 2090 2700 sensibus

489 2748 588 2789 seu
615 2731 979 2788 intellectibus
1005 2731 1402 2802 quodammodo
1427 2740 1752 2803 appareant,
1778 2741 1835 2789 et
1860 2734 2091 2790 excelsi-

489 2824 732 2880 tudinem
770 2838 904 2879 suae
946 2823 1610 2893 incomprehensibilitatis
1660 2839 1768 2880 non
1813 2826 2087 2889 deserant,
2124 2824 2129 2827 ’

490 2930 555 2971 ac
596 2914 759 2970 veluti
810 2913 866 2969 in
916 2914 1158 2970 tenebris
1207 2913 1561 2985 quibusdam,
1601 2915 1659 2970 in
1711 2916 2090 2972 secretissimis

489 3007 613 3062 dico
649 3006 866 3062 divinae
924 3005 1223 3075 sapientiae
1265 3005 1502 3071 sinibus,
1560 3019 1778 3077 semper
1827 3005 2089 3062 sedeant?

488 3096 639 3152 lltsc.
702 3096 807 3151 Eas
874 3104 1134 3166 perpetuo
1209 3094 1509 3151 invisibiles
1582 3093 2010 3166 tenebrosasque
2065 3095 2086 3126 ⁸

2191 1910 2441 1966 dubitare
2491 1909 2861 1980 permittitur,
2912 1909 3094 1965 omnia
3124 1949 3142 1972 ,
3194 1922 3342 1978 quae
3395 1907 3450 1963 in
3509 1906 3784 1977 sapientia

2192 1999 2332 2056 facta
2402 2010 2569 2066 sunt,
2642 1999 2785 2056 sicut
2850 2000 2971 2069 ipsa
3038 1997 3301 2068 sapientia
3375 1997 3610 2066 seipssnt
3680 2010 3781 2050 eo-

2191 2090 2420 2161 gnoscit,
2473 2099 2531 2146 et
2575 2104 2716 2161 quae
2765 2090 2818 2145 in
2871 2090 2989 2161 ipsa
3039 2088 3182 2144 facta
3231 2094 3380 2153 sunt,
3437 2100 3544 2142 non
3601 2085 3780 2141 solum
3870 2134 3875 2137 _

2191 2185 2368 2256 seipsa
2398 2199 2744 2257 cognoscere,
2786 2184 2881 2240 sed
2921 2191 2978 2239 et
3018 2198 3221 2248 rerum,
3253 2196 3481 2253 quarum
3511 2180 3783 2250 principia

2191 2286 2338 2341 sunt,
2372 2276 2559 2332 notitia
2597 2292 2704 2332 non
2734 2275 2959 2332 carere?
2994 2274 3112 2330 Non
3139 2273 3284 2328 enim
3309 2271 3636 2327 credendum
3671 2282 3781 2337 est,

2196 2368 2252 2422 in
2315 2368 2497 2422 divina
2543 2367 2808 2439 sapientia
2867 2365 3071 2435 aliquid
3121 2363 3383 2433 insipiens
3428 2371 3486 2418 et
3542 2361 3782 2430 seipth

2197 2458 2455 2529 ignorans
2476 2458 2750 2513 conditum
2776 2456 2969 2513 fuisse.
2990 2454 3098 2511 Sed
3124 2454 3190 2511 de
3213 2455 3299 2510 bis
3315 2453 3631 2525 diligentius
3648 2452 3781 2508 alibi

2189 2549 2661 2605 considerandum.
2724 2549 2871 2604 DISC.
2921 2547 2998 2602 ιω
3050 2546 3166 2601 ﬁat.
3218 2544 3355 2601 Nam
3408 2560 3516 2601 non
3556 2544 3782 2600 brevem

2191 2638 2668 2709 transitoriatnque
2716 2639 2934 2708 quaerit
2973 2635 3395 2708 indagationcm,
3444 2637 3507 2691 si‘
3544 2636 3782 2705 primor-

2189 2729 2362 2785 diales
2388 2744 2586 2785 causae
2626 2729 2834 2801 seipsas
2861 2728 3099 2806 sapiunt,
3136 2728 3395 2796 quoniam
3426 2727 3481 2781 in
3511 2726 3780 2796 sapientia

2191 2832 2408 2877 creatae
2437 2829 2583 2887 sunt,
2614 2818 3070 2891 aeternaliterque
3111 2818 3166 2871 in
3193 2831 3258 2874 ea
3280 2818 3605 2881 subsistunt,
3636 2832 3783 2886 quae

2188 2911 2393 2966 nullum
2422 2896 2682 2983 insipiens
2726 2910 2782 2966 in
2827 2925 2889 2965 se
2936 2910 3132 2981 recipit
3155 2911 3232 2975 “,
3279 2908 3553 2979 quomodo
3579 2923 3648 2963 ex
3689 2922 3785 2962 sa-

2189 3002 2458 3072 pientibus
2502 3001 2681 3057 causis
2726 3002 2893 3056 multa
2938 3000 3247 3071 insipientia
3295 3000 3612 3070 procedunt.
3662 2999 3784 3054 Non

2190 3093 2333 3147 enim
2373 3092 2583 3158 omnia,
2608 3106 2747 3162 quae
2790 3107 2858 3148 ex
2902 3091 2972 3148 iis
3013 3090 3302 3162 proﬂuunt,
3328 3090 3599 3162 sapientia
3633 3098 3784 3145 sunt.

490 3201 610 3244 esse
684 3157 1031 3242 crediderim.
1101 3183 1158 3239 Si
1237 3184 1384 3238 enim
1449 3185 1565 3255 ipsa
1640 3157 1936 3255 sapientia.
1990 3185 2084 3239 Dei
2112 3157 2157 3220 (ἶ
2191 3183 2333 3238 Duas
2376 3157 2642 3253 siquidem
2697 3190 2921 3238 naturas
2974 3157 3273 3251 sapientiae
3320 3157 3615 3250 participes
3662 3193 3788 3235 esse

488 3276 688 3342 Patris,
714 3276 767 3330 in
801 3288 907 3345 qua
930 3274 952 3304 "
975 3272 1157 3328 omnia
1178 3273 1318 3327 l'acta
1343 3281 1468 3327 sunt
1494 3287 1727 3343 vereque
1767 3273 2087 3338 subsistunt,

490 3378 547 3423 et
569 3376 724 3423 cura
752 3381 918 3435 quam
963 3364 1098 3418 nihil
1124 3378 1245 3419 esse
1294 3362 1610 3435 intelligitur
1631 3363 1677 3429 ⁸,
1719 3363 1774 3418 in
1797 3364 1974 3435 seipsa
2003 3365 2087 3419 iu-

490 3452 1002 3527 comprehensibilis
1039 3452 1435 3521 invisibilisque
1470 3460 1786 3522 permanet;
1826 3452 1919 3506 lux
1942 3452 2086 3506 enim

490 3557 577 3603 est
619 3543 998 3600 inaccessibilis
1030 3583 1045 3607 ,
1092 3555 1311 3597 omnem
1374 3540 1708 3596 intellectum
1759 3556 2024 3612 superans
2071 3560 2084 3595 :

494 3639 624 3710 quid
655 3638 875 3702 mirum,
902 3634 946 3690 si
978 3649 1178 3690 causae
1203 3633 1470 3698 omnium,
1501 3647 1642 3703 quae
1682 3633 1735 3687 in
1782 3647 1869 3700 ea,
1904 3642 1959 3688 et
1992 3648 2091 3702 per

494 3744 639 3792 eam,
667 3737 721 3781 et
745 3725 812 3780 ad
833 3740 954 3779 eam
980 3723 1156 3779 factae
1181 3732 1323 3786 sunt,
1352 3722 1652 3778 invisibiles
1679 3723 2089 3793 incomprehen-

493 3819 784 3888 sibilesque
813 3815 1166 3871 acternaliter
1191 3813 1481 3869 credantur
1514 3825 1659 3875 esse,
1703 3821 1756 3868 et
1785 3812 2089 3867 incommu-

494 3909 734 3965 tabiliter
756 3906 1112 3979 permanere?
1133 3904 1200 3958 Et
1221 3902 1469 3973 exemplo
1487 3906 1509 3937 ⁹
1530 3910 1749 3959 nostrae
1794 3913 2023 3957 naturae
2044 3901 2088 3933 ⁸ο

492 3999 625 4055 illud
668 4013 957 4069 possumus
1002 3994 1271 4065 conjicere
1318 3995 1384 4048 “.
1416 3992 1552 4049 Nam
1591 3994 1735 4065 quod
1777 3993 2090 4050 intellectus

492 4103 683 4149 noster
726 4095 779 4149 in
822 4094 1001 4163 seipso
1031 4091 1268 4162 primum
1314 4090 1710 4146 rationabiliter
1744 4090 2003 4159 concipit,
2035 4098 2091 4146 et

493 4184 561 4239 ad
590 4184 836 4239 habitum
870 4197 1039 4253 purae
1068 4180 1450 4253 perfectaeque
1478 4180 1863 4253 intelligentiae
1888 4183 2088 4253 perdu-

491 4277 589 4342 cit,
619 4289 834 4345 semper
877 4282 933 4327 et
979 4274 1032 4327 in
1089 4287 1147 4328 se
1196 4271 1423 4335 obtinet,
1469 4279 1523 4325 et
1571 4271 1892 4338 quibusdam
1923 4270 2091 4342 signis

491 4366 831 4422 extrinsecus
872 4363 1099 4433 profert.
1146 4362 1310 4418 Verbi
1350 4362 1542 4433 gratia,
1583 4360 1628 4415 si
1679 4376 1860 4414 veram
1905 4361 2092 4429 cogni-

493 4458 693 4512 tionem
744 4455 811 4509 de
859 4453 1039 4523 aliquo
1091 4451 1333 4507 sensibili
1381 4450 1463 4505 vel
1511 4450 1830 4521 intelligibili
1874 4451 2089 4521 sapiens

2190 3276 2484 3343 credimus,
2502 3275 2915 3331 intellectualem
2931 3276 2984 3330 in
3000 3274 3296 3347 angelis,et
3313 3274 3358 3308 ⁸⁷
3388 3273 3441 3328 in
3466 3272 3786 3328 hominibus

2191 3363 2507 3421 rationalem
2534 3379 2549 3417 :
2573 3373 2755 3420 cetera
2793 3379 2946 3431 vero,
2975 3379 3116 3436 quae
3149 3379 3181 3419 a
3212 3364 3466 3420 sensibus
3493 3376 3588 3418 seu
3620 3362 3780 3417 intel-

2191 3458 2335 3514 lectu
2364 3458 2410 3490 ³⁸
2441 3456 2826 3527 comprehendi
2877 3465 3138 3528 possunt,
3187 3457 3485 3527 sapientiae
3537 3455 3786 3525 expertia

2191 3547 2568 3602 existimamus
2597 3546 2643 3577 ²⁹
2674 3558 2816 3602 esse.
2857 3545 3115 3613 Quamvis
3142 3545 3380 3601 breviter
3407 3544 3532 3615 quis
3555 3559 3788 3614 respon-

2189 3640 2318 3695 dere
2353 3636 2547 3703 valeat,
2588 3652 2695 3692 non
2723 3651 2844 3694 esse
2872 3638 3095 3702 mirum,
3122 3636 3176 3690 in
3221 3635 3557 3705 sapientibus
3603 3649 3791 3689 exem-

2188 3726 2430 3798 plaribus
2469 3726 2838 3796 insipientium
2871 3741 3068 3782 causas
3111 3725 3430 3788 subsistere,
3469 3723 3597 3779 dum
3639 3722 3788 3779 vide-

2189 3832 2332 3884 mus,
2359 3816 2412 3871 in
2435 3815 2701 3873 solaribus
2729 3815 2895 3872 radiis
2918 3815 3262 3871 tenebrarum
3284 3812 3601 3870 occasiones
3626 3822 3789 3866 natu.

2190 3909 2381 3964 raliter
2412 3908 2613 3975 inesse,
2644 3909 2883 3979 dumque
2927 3909 2982 3963 in
3020 3923 3080 3963 se
3123 3907 3258 3978 ipsis
3308 3905 3482 3961 nullas
3530 3906 3790 3960 tenebras

2191 4012 2312 4054 esse
2343 3998 2549 4065 sinunt,
2579 4013 2672 4053 eas
2701 4006 2882 4053 tamen
2914 3995 2983 4052 de
3018 3995 3201 4051 causis
3241 3994 3295 4048 in
3323 4008 3383 4050 se
3413 3992 3593 4050 insitis
3619 3992 3788 4047 veluti

2192 4088 2295 4144 sibi
2322 4088 2599 4159 oppositas
2628 4088 2872 4159 gignunt.

2264 4178 2350 4233 l9.
2388 4180 2536 4234 Disc.
2576 4177 2715 4245 Quid
2744 4192 2873 4248 ergo
2908 4177 3025 4234 vult
3057 4177 3200 4247 quod
3230 4175 3476 4246 sequitur
3513 4192 3529 4228 :
3563 4172 3630 4227 Et
3660 4171 3791 4243 Spi-

2193 4277 2325 4329 ritus
2370 4274 2469 4329 Dei
2497 4274 2923 4343 superferebatur
2965 4288 3123 4343 super
3146 4286 3310 4343 aquas
3330 4270 3357 4324 7
3400 4269 3483 4323 An
3512 4267 3657 4323 forte
3684 4267 3791 4323 hoc

2193 4365 2459 4431 additum,
2491 4378 2559 4418 ne
2587 4364 3009 4419 aestimarentur
3046 4359 3428 4432 primordiales
3456 4372 3658 4414 causae
3680 4371 3789 4411 non

2196 4471 2247 4513 sc
2262 4456 2371 4510 lum
2397 4453 2778 4511 intellectualis
2803 4452 3186 4520 rationalisque
3207 4457 3489 4504 creaturae
3506 4447 3787 4510 virtutem,

494 4546 707 4601 animus
734 4520 1041 4614 ρενοθρέτίι
1069 4544 1136 4608 ¹²ν
1186 4542 1299 4612 ipsa
1346 4541 1581 4611 cognitio
1612 4520 1765 4597 ‘etiin
1794 4556 1859 4596 eo
1893 4541 1937 4573 ³³
1984 4542 2088 4597 lixa
2117 4520 2170 4580 D
2192 4564 2381 4604 verum
2406 4548 2571 4604 etiam
2598 4547 2644 4578 ³⁰
2671 4546 2947 4601 Creatoris
2971 4558 3159 4600 earum
3187 4539 3579 4612 intelligibilem
3599 4538 3789 4609 cogni-

494 4644 778 4706 permanet
816 4632 876 4697 “,
907 4641 962 4688 et
986 4631 1299 4701 phantasias
1338 4630 1511 4701 primo
1553 4631 1605 4685 in
1634 4632 1677 4662 ”
1704 4632 2085 4704 cognitionem,

496 4727 691 4784 deinde
723 4727 766 4759 “
794 4727 847 4782 in
878 4741 1092 4791 sensus,
1123 4725 1319 4780 deinde
1346 4724 1387 4756 “
1422 4725 1474 4779 in
1505 4740 1696 4781 vocum
1724 4728 1898 4798 signa,
1926 4726 2090 4783 alios-

496 4837 601 4890 que
630 4827 812 4884 nutus,
839 4818 1036 4886 quibus
1056 4818 1271 4873 animus
1297 4826 1505 4873 secreta
1541 4833 1637 4872 sua
1666 4817 1939 4872 molimina
1968 4834 2088 4889 gra-

502 4908 665 4965 datim
719 4906 1100 4964 descendentia
1160 4905 1296 4962 solet
1345 4906 1578 4976 aperire,
1630 4906 1793 4977 inque
1853 4907 2086 4962 aliorum

2190 4640 2393 4694 tionem
2426 4651 2558 4708 prae
2603 4636 2771 4692 nimia
2820 4640 2963 4691 suae
2997 4643 3225 4690 naturae
3254 4629 3578 4687 excellentia
3621 4642 3788 4698 supe-

2150 4784 2160 4793 ,
2192 4729 2352 4787 rare?
2389 4728 2456 4783 Et
2480 4727 2730 4798 Spiritus,
2764 4727 2958 4797 inquit,
2986 4725 3087 4780 Dei
3114 4723 3380 4794 ferebatur
3415 4736 3572 4789 super
3594 4735 3782 4789 aquas.

2188 4819 2268 4876 Ac
2298 4819 2345 4875 si
2375 4819 2583 4875 diceret
2617 4836 2630 4871 :
2662 4815 3087 4888 primordialium
3126 4826 3416 4869 causarum
3458 4810 3669 4865 inﬁnita
3701 4809 3787 4863 in-

2189 4908 2811 4981 comprehensibilisque
2848 4907 3108 4977 abyssus,
3154 4919 3219 4961 ac
3244 4917 3343 4973 per
3367 4904 3473 4958 hoc
3498 4898 3788 4959 invisibilis

1754 5062 2007 5118 VARIAE
2043 5064 2449 5121 LECTIONES.

567 5206 585 5237 ⁸
635 5204 727 5260 Sic
769 5202 934 5267 CDE;
970 5202 1011 5255 A
1040 5201 1313 5256 invisibilis
1360 5211 1499 5256 terra
1555 5211 1798 5270 perpetuo
1826 5205 1951 5258 erit.
2027 5206 2047 5235 ³
2081 5204 2171 5259 Sic
2210 5204 2374 5269 CDE;
2426 5206 2467 5257 Δ
2510 5204 2692 5258 mundi
2716 5204 2896 5258 huius.
2974 5203 2994 5234 ³
3032 5200 3122 5257 Sic
3153 5199 3318 5270 ADE;
3343 5197 3394 5270 l1
3430 5212 3559 5251 non.
3630 5194 3786 5270 fSic

497 5274 661 5339 CDE;
691 5276 732 5329 A
768 5265 960 5329 causae
1004 5288 1201 5324 rerum.
1283 5271 1306 5303 ⁸
1338 5272 1431 5325 Sic
1470 5265 1719 5332 CD'EfA
1771 5287 1909 5327 cum.
1987 5275 2009 5305 ⁸
2037 5273 2128 5329 Sic
2170 5273 2335 5338 CDE;
2362 5265 2430 5327 Ἀ
2480 5275 2840 5340 tenebrasque.
2918 5275 2936 5306 ⁷
2982 5271 3073 5328 Sic
3117 5271 3235 5332 CD;
3289 5267 3381 5321 AE
3408 5282 3549 5340 quo.
3619 5265 3785 5340 :‘Sjc

497 5334 661 5411 ίῖυΕξ
712 5346 757 5398 Α
788 5342 1096 5413 intelligitur
1140 5357 1267 5413 esse.
1344 5341 1365 5413 ?
1406 5341 1496 5395 Sic
1540 5341 1656 5403 (3E;
1690 5340 1784 5413 Al)
1810 5342 1946 5398 Mss.
1993 5343 2264 5413 Exemplo.
2324 5334 2384 5376 ἰθ
2410 5342 2597 5407 SicA;
2650 5334 2805 5413 (10E;
2831 5354 3051 5413 naturae
3097 5350 3368 5413 nostrae.”
3404 5334 3783 5413 Sic_§_DE_;

498 5415 538 5468 Α
564 5416 850 5481 concipere.
929 5414 971 5444 “
1009 5412 1097 5466 Sic.
1129 5410 1376 5481 (ἷυΕςγΛ

1404 5413 1648 5482 percepit.
1729 5410 1772 5440 “
1809 5413 1898 5468 Sic
1927 5413 2093 5479 CDE;
2124 5404 2169 5467 Α
2210 5415 2343 5482 ipso.
2424 5413 2468 5444 “
2508 5404 2601 5467 Sic
2624 5413 2703 5474 A;
2740 5411 2873 5465 CDE
2925 5418 3255 5482 permaneat.
3325 5404 3502 5482 ‘:_S_ic
3528 5404 3782 5482 QDE;_§

497 5486 675 5555 primo
714 5474 876 5537 'mittit
900 5484 1009 5555 Ain_.i
1080 5481 1252 5555 ‘f‘Sic
1284 5474 1452 5555 CDE;
1475 5550 1484 5555 Α
1505 5474 1822 5555 Α’Δάςῃιιίηι.
1862 5474 2090 5555 μίτηὸἰὰ
2117 5474 2282 5546 CDE;
2316 5484 2357 5536 A
2400 5484 2697 5555 animorum
2722 5474 3096 5555 aliqnor'unt:_
3122 5476 3292 5555 “‘Sic
3336 5474 3471 5555 οιξβ
3487 5475 3581 5555 LA
3611 5475 3788 5555 uili!-

500 5542 796 5624 rialibus‘ue.
872 5553 915 5624 “f
955 5553 1048 5624 _Sic
1072 5550 1335 5624 _Q[_)_E;_A
1365 5542 1591 5624 tardalf
1639 5548 1684 5577 ’°
1724 5548 2010 5624 SieACDE;
2061 5555 2103 5607 Δ
2142 5542 2309 5624 patris
2339 5553 2672 5624 sapientiam.
2748 5542 2928 5624 "iSic
2961 5550 3138 5624 Al)_E_;_
3162 5548 3203 5603 C
3229 5549 3328 5624 ita.
3397 5546 3451 5624 ξ’
3487 5544 3579 5599 Sic
3601 5542 3779 5624 .ADE:

501 5625 541 5676 (ἶ
562 5625 695 5677 Sicut
722 5623 825 5693 ἷηχ
871 5620 1225 5693 ’³δίςουβς
1255 5621 1296 5672 Α
1323 5618 1664 5693 tenebrisque.
1693 5688 1723 5693 _
1743 5621 1791 5652 ”
1815 5622 1906 5677 Sic
1946 5624 2112 5688 CDE;
2142 5616 2185 5677 Ἀ
2212 5623 2378 5677 lucem
2402 5616 2701 5693 quandam.
2780 5622 2826 5652 ³⁸
2878 5621 2971 5693 Sic
2992 5620 3170 5693 ,ADE;
3225 5616 3266 5671 C

502 5705 644 5746 sunt.
720 5693 766 5723 “
804 5692 895 5747 Sic
920 5689 1406 5763 A_DE;M(}_recepit.
1483 5689 1524 5720 ³⁷
1568 5689 1659 5744 Sic
1684 5688 1848 5763 CDE;
1881 5705 1929 5751 et
1956 5710 2066 5750 om.
2091 5694 2154 5748 Α.
2233 5696 2278 5725 ⁸³
2320 5688 2612 5759 5ἰοὈΙ)Ε;
2646 5692 2689 5745 Α
2733 5706 2827 5747 seu
2865 5692 2929 5745 ab
2962 5691 3257 5746 intellectu.

505 5764 789 5817 ursdimus.
864 5763 906 5793 ²⁹
945 5761 1034 5817 Sic
1061 5759 1218 5825 Clllﬂ;
1252 5759 1295 5812 A
1323 5770 1390 5812 et.

3356 5615 3509 5668 uibus
3563 5613 3781 5668 clausae

3363 5685 3382 5715 ’
3421 5684 3514 5740 Sic
3538 5682 3705 5750 CDE;
3741 5682 3780 5737 Α
