4064 6292
511 346 618 402 555

1865 361 2146 420 JOANMS
2187 365 2383 424 SCOTI

3650 385 3754 442 556

511 462 745 518 situdine
771 474 1035 522 carentes.
1067 469 1150 525 his
1175 472 1355 528 verbis
1405 475 1703 530 insinuatas
1728 491 1848 532 esse
1875 492 2079 544 cogno-
2109 483 2159 541 Α
2185 481 2365 537 verbis
2414 499 2597 558 aperte
2641 474 3027 563 distincteque,
3088 493 3140 549 ni
3201 495 3376 563 fallor,
3431 496 3752 554 declaralas.

512 569 648 611 sce:
705 556 864 614 Terra
916 574 1092 614 atttem
1138 574 1250 618 erat
1277 565 1548 621 invisibilis
1599 579 1646 622 et
1699 571 2080 643 incomposita;

2186 579 2328 634 Dtsc.
2354 579 2536 635 Habeo
2561 580 2737 650 plane,
2770 582 3104 654 libenterque
3145 587 3369 656 accipio,
3412 586 3505 642 Dei
3537 591 3756 644 nomine

511 646 593 749 sic
633 649 776 749 enim
820 652 1210 749 transtulerunt
1262 657 1611 732 Septuaginta
1670 663 1841 730 ';seu
1890 681 2084 726 secun-
2183 667 2419 735 Patrem,
2461 646 2708 742 principii
2737 672 2930 728 Filium
2977 646 3054 739 η’,
3094 646 3325 746 Spiritus
3353 646 3444 732 Dei
3491 677 3752 749 Spiritum

481 789 486 793 .
509 736 636 792 dum
663 738 971 798 hebraicam
995 745 1278 802 veritatem
1302 764 1316 802 :
1345 748 1507 806 Terra
1549 763 1724 807 autem
1745 766 1856 811 erat
1907 759 2081 817 inanis

507 834 556 879 et
623 844 787 885 vacua
826 831 868 886 ².
933 832 1138 891 Deinde
1199 837 1509 895 caelestium
1556 841 2010 918 invisibiliumque
2057 851 2080 883 ³

507 922 866 979 essentiarum
921 926 1194 994 primitiva
1241 931 1528 1002 principia,
1586 943 1734 992 tanta
1794 938 2077 1000 altitudine

507 1016 763 1082 tantaque
792 1014 1093 1072 subtilitate
1122 1019 1560 1094 obseuritateque
1578 1040 1708 1081 suae
1753 1031 2077 1088 conditionis

502 1113 719 1154 onmem
748 1101 1076 1160 intellectum
1122 1111 1453 1179 superantia,
1497 1113 1584 1168 his
1636 1117 1816 1172 verbis
1856 1121 2076 1177 noveris

501 1202 623 1242 esse
645 1188 946 1248 introducta
970 1197 1248 1268 utriusque
1282 1200 1747 1272 interpretationis
1771 1223 2078 1267 consonan-

501 1277 576 1333 tia
601 1297 613 1333 :
640 1278 708 1336 Et
738 1287 978 1344 tenebrae
1032 1303 1180 1346 erant
1206 1311 1362 1366 super
1401 1277 1644 1369 abyssum
1676 1302 1716 1356 ⁸.
1741 1303 2004 1371 Quoniam
2049 1309 2074 1341 ⁸

499 1384 630 1427 vero
647 1389 934 1433 causarum
963 1383 1203 1438 omnium
1237 1401 1426 1453 causa,
1465 1391 1816 1462 omniumque
1867 1397 2072 1465 princi-

496 1463 712 1556 piorum
753 1469 1073 1540 principium
1119 1474 1518 1550 singularisque
1547 1480 1688 1549 fons,
1723 1499 1791 1540 ex
1819 1463 1928 1556 quo
1953 1501 2070 1543 om-

498 1552 609 1619 nia,
639 1570 774 1624 quae
803 1558 855 1612 in
881 1561 1032 1617 caelo
1053 1573 1107 1618 et
1137 1565 1188 1620 in
1214 1576 1356 1624 terra
1379 1580 1505 1626 sunt
1532 1572 1575 1638 ⁸,
1605 1552 1894 1644 proﬂuunt,
1920 1579 2069 1637 inac-

493 1645 727 1701 cessibili
767 1649 1398 1730 incomprehensibilique
1442 1661 1576 1718 lucis
1620 1679 1753 1721 suae
1799 1670 2070 1727 excellen-

492 1735 567 1788 tia
598 1739 798 1803 omnia,
851 1757 992 1812 quae
1020 1745 1071 1800 in
1119 1749 1558 1816 primordialibus
1585 1760 1766 1815 causis
1796 1763 2060 1831 condidit,

2181 768 2427 814 sanctum
2455 760 2816 832 signiﬁcatos,
2866 771 3044 819 terrae
3087 781 3216 820 vero
3258 765 3520 822 vocabulo
3560 767 3753 824 visibi-

2180 849 2309 905 lium
2362 864 2588 916 causas,
2651 851 2827 922 abyssi
2860 853 3271 923 intelligibilium
3317 855 3616 922 iudicatas,
3664 857 3752 912 di-

2177 941 2336 996 vinae
2361 957 2490 998 vero
2517 951 2743 998 naturae
2759 945 3291 1015 supereminentiam,
3314 947 3416 1002 hoc
3437 955 3540 1010 est,
3570 948 3756 1003 altitu-

2177 1032 2355 1086 dinem
2384 1047 2576 1089 causae
2605 1049 2890 1089 causarum
2938 1035 3313 1107 superlationis
3355 1051 3448 1092 seu
3486 1036 3628 1093 fotus
3655 1053 3751 1093 seu

2174 1119 2522 1178 fecunditatis
2557 1123 2802 1195 symbolo
2837 1139 2956 1180 esse
2991 1140 3226 1181 suasam.
3258 1127 3399 1183 MAG.
3447 1128 3604 1183 Prius
3649 1130 3756 1183 ita-

2172 1224 2280 1281 que
2329 1226 2492 1282 quam
2543 1212 2611 1267 ad
2657 1213 2908 1268 senariae
2955 1215 3272 1283 quantitatis
3321 1215 3752 1284 primordialium

2172 1316 2458 1358 causarum
2491 1303 2545 1358 in
2574 1318 2668 1358 sex
2701 1302 3062 1376 intelligibiles
3093 1306 3300 1374 primas
3329 1307 3443 1362 dies
3472 1322 3503 1360 a
3543 1307 3754 1362 theolo-

2170 1395 2254 1465 gia
2289 1395 2666 1450 distinctarum
2710 1395 2993 1450 veniamus
3030 1397 3542 1461 considerationem,
3578 1405 3753 1468 pauca

2169 1485 2236 1540 de
2273 1483 2444 1552 prima
2485 1498 2802 1552 summaque
2833 1483 3071 1538 omnium
3104 1499 3290 1549 causa,
3318 1483 3389 1542 de
3415 1496 3602 1542 sancta
3632 1487 3756 1542 dico

2169 1575 2454 1642 Trinitate,
2485 1575 2708 1631 dicenda
2740 1575 2996 1642 arbitror,
3031 1576 3075 1632 si
3109 1577 3204 1632 tibi
3234 1578 3466 1633 videtur.

2242 1667 2393 1723 Dtsc.
2420 1665 2502 1721 Nil
2536 1665 2744 1722 avidius
2777 1667 3123 1736 quaesierim,
3160 1667 3237 1723 nil
3261 1667 3534 1724 lubentius
3558 1669 3750 1725 audie-

2168 1757 2273 1812 rim
2299 1758 2375 1822 ³⁸,
2409 1756 2780 1813 nil“Salubrius
2808 1755 3150 1824 crediderim,
3181 1757 3254 1812 nil
3284 1759 3446 1813 altius
3472 1759 3754 1814 intellexe-

491 1828 893 1896 superexaltat,
943 1841 997 1888 et
1052 1845 1530 1912 supercognoscit,
1605 1828 2064 1917 superessentiali;
2093 1836 2144 1896 Β
2171 1848 2309 1915 rim,
2351 1861 2514 1918 quam
2561 1846 2703 1917 quod
2749 1847 2818 1903 de
2865 1847 3155 1906 universali
3202 1849 3441 1904 omnium
3491 1849 3754 1905 ineffabili

490 1921 655 1970 tatem
687 1924 1335 2000 supercxcellentiamque
1384 1934 1405 1966 ⁷
1456 1936 1626 2004 ipsius
1647 1939 1733 1995 his
1769 1943 1948 2000 verbis
1988 1944 2069 2000 in-

488 2005 634 2072 spice
684 2022 804 2064 esse
831 2010 1131 2070 intimatam
1173 2031 1190 2071 :
1246 2019 1315 2075 Et
1367 2021 1599 2093 Spiritus
1640 2027 1736 2082 Dei
1773 2032 2068 2102 superfere-

487 2097 684 2194 buturii
707 2117 863 2194 super
907 2121 1090 2176 aquas.
1123 2107 1255 2164 Nam
1278 2115 1420 2181 quod
1440 2117 1748 2186 specialiter
1797 2097 2065 2194 theologia

485 2184 554 2240 de
583 2188 789 2258 Spiritu
815 2203 1004 2248 sancto
1029 2199 1270 2266 protulit,
1299 2201 1400 2258 hoc
1424 2184 1786 2265 communiter
1813 2211 1879 2266 de
1910 2184 2062 2268 suin-

484 2292 571 2330 ma
595 2289 890 2351 sanctaque
916 2285 1178 2344 Trinitate
1200 2306 1334 2348 sana
1357 2294 1494 2351 ﬁdes
1508 2307 1564 2352 et
1598 2299 1808 2356 credit’
1825 2311 1880 2357 et
1905 2304 2064 2360 intel-

482 2366 620 2435 ligit.
655 2369 852 2427 Sancta
877 2377 1075 2432 etenim
1102 2379 1146 2410 “
1175 2390 1227 2436 et
1250 2383 1622 2455 inseparabilis
1645 2391 1880 2450 Trinitas
1902 2395 1945 2427 “
1976 2395 2061 2450 in-

484 2458 636 2516 tinite
657 2462 850 2533 abysso
884 2481 914 2520 a
947 2481 1004 2522 se
1025 2471 1274 2529 conditae
1301 2477 1616 2534 excellentia
1640 2497 1772 2538 suae
1793 2487 2062 2544 essentiae

485 2553 889 2628 sapientiaeque
960 2563 1310 2632 superfertur.
1367 2568 1423 2624 Si
1471 2587 1599 2629 vero
1648 2574 1796 2631 illum
1839 2576 2057 2649 Syrum,

486 2658 647 2714 quem
683 2659 901 2707 sanctus
929 2651 1158 2712 Basilius
1179 2657 1231 2712 in
1254 2659 1524 2719 Exemcro
1547 2681 1644 2722 suo
1676 2670 1888 2741 magnis
1938 2672 2058 2726 lau-

480 2735 638 2792 dibus
663 2741 959 2833 praedicat,
981 2746 1073 2815 qui
1104 2763 1202 2817 pro
1229 2765 1311 2814 eo,
1343 2754 1486 2823 quod
1509 2755 1596 2812 alii
1622 2735 1943 2829 interpretes
1964 2778 2058 2833 po-

479 2841 660 2896 suere,
677 2829 776 2886 boc
789 2842 873 2888 est
890 2836 932 2865 ¹²
948 2850 962 2889 :
979 2836 1046 2891 Et
1063 2838 1293 2909 Spiritus
1305 2843 1404 2898 Dei
1416 2848 1835 2917 superferebatur
1852 2829 2059 2924 "super

476 2934 661 2989 aquas,
677 2922 1064 2995 interpretatus
1083 2940 1212 2988 este
1234 2948 1358 3006 syra
1381 2936 1582 3009 lingua,
1605 2955 1744 3009 quae
1767 2922 2055 3000 hebraicae

473 3011 652 3103 vicina
684 3025 767 3071 est
798 3035 811 3071 :
854 3015 922 3072 Et
949 3017 1179 3090 Spiritus
1225 3024 1323 3080 Dei
1368 3028 1570 3098 [avebat
1609 3049 1794 3103 aquas,
1821 3035 1905 3091 vel
1938 3053 1952 3090 :
1982 3037 2053 3092 Et

477 3101 710 3171 Spiritus
757 3105 854 3162 Dei
902 3109 1217 3178 fecundabat
1249 3133 1432 3186 aquas,
1475 3122 1627 3190 sequi
1657 3101 1925 3194 volucris,
1971 3130 2052 3185 di-

2168 1937 2318 1993 fonte
2339 1938 2485 1994 veris
2513 1937 2986 2008 probabilibusque
3017 1938 3750 2011 diciturinvestigationibus.

2167 2025 2284 2081 Non
2325 2027 2470 2081 enim
2502 2027 2606 2081 alia
2637 2025 2871 2081 ﬁdelium
2917 2027 3221 2083 animarum
3265 2030 3412 2086 salus
3447 2039 3552 2092 est,
3583 2047 3751 2101 quam

2168 2118 2234 2173 de
2258 2133 2366 2174 uno
2414 2118 2654 2173 omnium
2685 2117 2981 2189 principio,
3011 2134 3154 2190 quae
3182 2125 3316 2176 vere
3339 2121 3750 2191 praedicantur,

2165 2207 2415 2273 credere,
2458 2217 2513 2264 et
2537 2221 2676 2278 quae
2705 2223 2834 2263 vere
2871 2208 3200 2275 credunt-ur,
3233 2208 3550 2278 intelligere.
3602 2209 3748 2265 Msa.

2165 2297 2262 2352 Dic
2291 2298 2507 2366 itaque,
2543 2300 2748 2368 quaeso
2769 2337 2784 2364 ,
2822 2296 2951 2367 quid
2978 2297 3252 2368 intelligis,
3281 2299 3498 2368 quando
3535 2297 3750 2354 theolo-

2164 2388 2306 2459 giam
2331 2389 2595 2442 dicentem
2623 2388 2776 2442 audis
2801 2405 2816 2442 :
2847 2385 2915 2441 In
2937 2388 3192 2457 principia
3217 2377 3338 2457 fecit
3366 2387 3552 2442 Deus?
3593 2388 3744 2444 DISC.

2162 2478 2248 2533 Nil
2275 2479 2417 2534 aliud
2447 2479 2553 2534 nisi
2583 2479 2630 2512 ⁸³
2669 2480 2813 2550 quod
2859 2481 2998 2536 inter
3024 2491 3122 2537 nos‘
3148 2491 3498 2548 convenerat,
3525 2481 3747 2538 Patrem

2163 2571 2216 2625 in
2241 2570 2420 2627 Verbo
2446 2586 2545 2626 suo
2572 2571 2754 2626 omnia
2785 2571 2998 2628 fecisse.
3030 2571 3165 2627 Dum
3189 2573 3336 2628 enim
3363 2574 3531 2629 Deum
3559 2575 3744 2636 audio.

2165 2662 2332 2718 Deum
2382 2661 2598 2718 Patrem
2643 2663 2859 2735 cogito,
2908 2665 3034 2721 dum
3087 2665 3452 2736 principium,
3503 2666 3750 2738 intelligo

2161 2755 2330 2810 Deum
2378 2756 2635 2812 Verbum.
2691 2757 2832 2812 MAG.
2872 2757 3010 2824 Quid
3046 2767 3130 2813 est
3157 2758 3224 2824 “,
3255 2759 3397 2827 quod
3437 2758 3748 2830 Theologns

2160 2850 2269 2904 ait:
2293 2849 2360 2904 In
2383 2851 2636 2922 principio
2663 2851 2781 2922 fecit
2809 2851 2986 2906 Deus?
3007 2851 3198 2908 Utrum
3225 2851 3496 2922 intelligis,
3523 2851 3741 2906 Patrem

2161 2942 2396 2997 Verbum
2442 2959 2597 2999 suum
2647 2943 2824 3014 primo
2855 2944 3141 3014 genuisse,
3190 2958 3256 2999 ac
3303 2944 3498 2999 deinde
3528 2943 3740 2999 caelum

2159 3041 2214 3087 et
2239 3032 2288 3064 ”
2314 3042 2511 3087 terram
2542 3033 2595 3086 in
2621 3047 2686 3088 eo
2716 3031 2944 3088 fecisse?
2978 3032 3059 3086 An
3091 3032 3230 3088 forte
3257 3049 3415 3088 suum
3443 3033 3666 3088 verbum
3693 3033 3744 3065 "

2160 3124 2506 3180 aeternaliter
2554 3125 2738 3194 genuit
2764 3165 2778 3189 ,
2830 3134 2885 3180 et
2930 3125 2982 3178 in
3022 3123 3137 3194 ipso
3168 3125 3514 3178 actem-aliter
3555 3125 3737 3178 omnia

473 3195 654 3250 vinam
685 3199 958 3266 pietatem,
981 3203 1262 3262 altitudine
1287 3223 1416 3264 suae
1437 3213 1756 3272 clementiae
1798 3219 2047 3275 tenebro-
2080 3197 2123 3258 C
2156 3217 2308 3282 fecit,
2340 3217 2413 3271 ita
2445 3225 2504 3271 ut
2533 3216 2679 3272 nullo
2705 3216 2862 3271 modo
2884 3215 3158 3286 processio
3199 3217 3360 3272 Verbi
3393 3232 3421 3269 a
3452 3215 3615 3270 Patre
3640 3233 3740 3286 per

473 3299 589 3340 sam
622 3288 1046 3357 primordialium
1070 3310 1352 3352 causarum
1379 3302 1633 3371 abyssum
1679 3319 2045 3375 superantem,

473 3393 704 3449 eamque
760 3383 1029 3446 foventem
1079 3397 1134 3442 et
1172 3387 1570 3460 fecundantem,
1625 3406 1773 3452 utex
1821 3402 2046 3458 occultis

473 3465 785 3538 ignotisque
813 3485 946 3526 suae
969 3483 1192 3530 naturae
1219 3467 1487 3538 “finibus
1508 3483 1561 3538 in
1618 3488 1936 3558 cegnitionis
1964 3491 2044 3546 fas

473 3555 730 3614 cnltatem
759 3575 856 3630 per
876 3565 1299 3634 generationem,
1327 3586 1529 3643 perque
1559 3574 1610 3629 in
1631 3577 1677 3608 "
1688 3555 1887 3648 genera
1912 3597 1974 3636 ac
2003 3583 2046 3615 ‘°

470 3647 678 3742 formas
702 3653 1016 3724 speciesque
1064 3659 1311 3727 proprias
1340 3665 1668 3720 sensibilium
1698 3647 1705 3648 ί
1731 3669 2041 3742 intelligibi-

467 3739 708 3812 liumque
734 3745 1152 3803 substantiarum
1177 3752 1520 3823 multiplicem
1552 3739 2043 3830 processionemﬁn

466 3847 595 3888 suos
614 3834 794 3890 varios
820 3835 1343 3912 innumerabilesque
1370 3847 1647 3914 prodirent
1666 3832 1908 3919 eﬂ'ectus,
1957 3856 2041 3910 his

458 3921 647 3977 verbis
667 3923 998 3981 insinuatum
1029 3930 1266 3998 reperies
1297 3951 1310 3986 :
1337 3933 1405 3986 Et
1456 3934 1686 4007 Spiritus
1718 3940 1816 3997 Dei
1836 3943 2040 4013 fovebat

459 4029 645 4081 aquas,
681 4030 745 4072 ac
773 4032 871 4087 per
916 4017 1018 4075 hoc
1066 4035 1330 4079 summam
1355 4041 1420 4080 ac
1449 4028 1490 4060 ¹⁷
1541 4030 1868 4102 singularem
1918 4052 2039 4092 om-

458 4100 610 4158 nium
641 4118 891 4170 causam,
927 4119 1166 4165 sanctam
1197 4114 1318 4170 dico
1347 4100 1663 4175 Trinitatem
1683 4163 1700 4187 ,
1727 4135 1913 4195 aperte
1940 4127 2035 4182 de-

460 4191 718 4251 claratam
746 4197 831 4254 bis
859 4201 1036 4258 verbis
1064 4205 1300 4277 intellige
1332 4228 1345 4263 :
1377 4210 1444 4266 In
1468 4215 1723 4283 principio
1753 4191 1872 4288 fecit
1897 4220 2035 4278 Deus

459 4285 660 4341 caelum
698 4298 746 4344 et
779 4300 994 4358 terram,
1040 4294 1254 4353 Patrem
1299 4302 1546 4360 videlicet
1589 4307 1683 4364 Dei
1721 4285 1940 4369 nomine
1969 4315 2034 4381 ³⁸,

462 4373 807 4472 Verbumque
819 4381 935 4450 ejus
959 4384 1208 4456 principii
1247 4391 1623 4461 appellatione,
1651 4407 1707 4452 et
1731 4401 1889 4467 paulo
1915 4373 2035 4472 posi

453 4465 717 4534 Spiritum
751 4479 995 4527 sanctum
1042 4475 1130 4530 ubi
1174 4478 1251 4532 ait
1293 4493 1307 4531 :
1345 4478 1571 4551 Spiritus
1611 4486 1704 4540 Dei
1732 4465 2034 4559 superfere-

457 4557 614 4610 batur
649 4559 712 4613 ".
750 4560 866 4616 Non
894 4563 1036 4617 enim
1065 4565 1130 4619 de
1153 4567 1258 4622 alio
1277 4571 1467 4638 spiritu
1494 4573 1636 4629 hunc
1674 4575 1847 4634 locum
1876 4557 2029 4637 sacra

455 4647 737 4718 Scriptura
776 4653 1019 4721 protulit.
1057 4654 1196 4710 Ecce
1231 4658 1398 4715 babes
1425 4670 1479 4716 et
1501 4662 1547 4693 ’⁸
1574 4681 1766 4722 causas
1795 4670 2028 4738 primor-

453 4739 641 4808 diales,
671 4750 726 4798 et
772 4757 1057 4800 causarum
1105 4762 1322 4806 causam
1378 4755 1671 4823 praedictis
1729 4761 2030 4835 tbcologiae

2153 3306 2552 3377 generationem
2583 3306 2871 3375 praecedat
2895 3307 2941 3338 "’
2966 3307 3365 3376 processionem
3395 3308 3635 3360 omnium
3671 3309 3738 3362 de

2151 3396 2319 3450 nihilo
2351 3397 2403 3450 in
2429 3397 2604 3452 Verbo
2635 3413 2729 3468 per
2755 3397 3085 3452 creationem
3114 3399 3199 3452 ’9?
3221 3398 3287 3452 Et
3309 3391 3371 3452 at
3394 3399 3734 3453 manifestius

2148 3485 2348 3550 dicam,
2377 3496 2556 3540 utrum
2599 3487 2976 3556 primordiales
3007 3504 3204 3543 causae
3238 3489 3291 3542 in
3323 3486 3502 3544 Verbo
3531 3489 3647 3551 Dei,
3677 3489 3729 3542 in

2147 3591 2254 3646 quo
2278 3575 2453 3632 factae
2475 3585 2619 3643 sunt,
2643 3592 2746 3632 non
2775 3593 2986 3648 semper
3007 3579 3244 3644 fuerunt,
3268 3579 3730 3641 eteratVerbnm,

2146 3669 2362 3737 quando
2392 3684 2497 3723 non
2525 3679 2680 3724 erant
2710 3670 2944 3726 causae?
2970 3669 3052 3723 An
3080 3679 3398 3725 coaeternae
3421 3669 3470 3724 ei
3503 3677 3649 3731 sunt,
3675 3678 3728 3722 et

2146 3776 2421 3830 nunquam
2447 3770 2565 3816 erat
2599 3761 2837 3815 Verbum
2867 3761 2982 3815 sine
3013 3761 3192 3815 causis
3222 3762 3274 3814 in
3303 3775 3362 3815 se
3393 3760 3647 3825 conditis,
3675 3767 3730 3813 et

2145 3849 2292 3904 nullo
2333 3849 2440 3906 alio
2488 3850 2646 3905 modo
2693 3849 3009 3920 intelligitur
3053 3847 3288 3904 Verbum
3335 3865 3528 3903 causas
3573 3849 3626 3903 in
3668 3865 3730 3903 se

2145 3942 2388 3998 conditas
2428 3943 2778 4014 praecedere,
2825 3941 2926 3996 nisi
2963 3942 3105 4010 quod
3138 3943 3372 3996 Verbum
3413 3951 3562 3996 creat
3591 3958 3724 3996 cau-

2142 4049 2228 4089 sas
2262 4033 2337 4099 ‘9,
2376 4049 2573 4089 causae
2617 4049 2745 4088 vero
2783 4043 3039 4089 creantur
3068 4049 3098 4086 a
3127 4031 3306 4088 Verbo
3332 4033 3472 4089 ct-in
3511 4033 3729 4088 Verbo?

2140 4126 2286 4181 DISC.
2334 4123 2466 4179 lliud
2517 4125 2750 4194 primum
2785 4139 2889 4179 non
2926 4125 3146 4178 omnino
3185 4125 3570 4178 concesserim.
3604 4123 3722 4178 Non

2137 4215 2280 4270 enim
2311 4215 2465 4270 video
2494 4214 2563 4281 ³⁰,
2593 4213 2861 4285 quomodo
2883 4215 3055 4283 possit
3092 4213 3461 4284 temporaliter
3493 4231 3719 4285 praece-

2136 4310 2263 4365 dere
2289 4310 2565 4382 generatin
2585 4310 2746 4365 Verbi
2775 4324 2839 4364 ex
2873 4308 3030 4363 Patre
3059 4309 3390 4364 creationem
3420 4309 3659 4362 omnium
3689 4325 3717 4363 a

2136 4400 2291 4456 Patre
2336 4404 2388 4457 in
2419 4403 2594 4456 Verbo
2623 4411 2677 4456 et
2707 4417 2801 4472 per
2829 4401 3061 4456 Verbum
3082 4441 3096 4464 ,
3139 4401 3230 4455 sed
3271 4401 3404 4455 haec
3431 4410 3720 4455 coacterna

2137 4493 2238 4547 sibi
2283 4507 2402 4547 esse
2451 4492 2498 4523 ³³
2542 4491 2794 4557 arbitror,
2849 4491 3250 4561 generationem
3287 4489 3409 4545 dico
3448 4488 3632 4550 Verbi.
3664 4497 3720 4543 et

2139 4584 2468 4640 creationem
2492 4584 2732 4638 omnium
2756 4584 2807 4637 i'n
2833 4583 3039 4647 Verbo;
3071 4581 3271 4637 nullum
3303 4581 3500 4650 quippe
3527 4582 3579 4634 in
3609 4581 3724 4634 Deo

2137 4676 2388 4730 accidens
2413 4686 2504 4730 aut
2537 4676 2856 4746 temporales
2903 4684 3080 4729 motus
3113 4684 3203 4726 aut
3235 4673 3558 4743 temporales
3588 4687 3716 4741 pro-

2135 4769 2410 4825 cessioncs
2455 4778 2600 4826 recte
2628 4769 2750 4840 quis
2782 4768 3058 4825 existimat
3078 4767 3144 4822 ⁸³.
3192 4765 3304 4823 Hoc
3337 4775 3540 4833 autem,
3573 4764 3718 4836 quod

1733 4943 1980 5000 VARIAE
2017 4945 2418 5004 LECTlONES.

527 5064 543 5095 ³
576 5063 669 5119 Sic
723 5064 843 5144 CD;
888 5065 933 5118 A
962 5067 1284 5191 segluagiuta
1311 5068 1613 5141 interpretes
1693 5077 1714 5108 '
1740 5079 1816 5130 sic
1845 5083 1980 5130 enim
2038 5109 2108 5118 —
2165 5097 2327 5134 vacua
2362 5096 2470 5135 om.
2501 5079 2563 5137 C.

527 5135 754 5191 iumauc.
831 5135 852 5166 δ
1033 5135 1162 5190 ΊΒΕ.
1194 5136 1239 5190 Α
1287 5154 1646 5191 suncramms-
1755 5146 1895 5191 “Sin.
1941 5149 2110 5191 “DF.
2162 5149 2196 5191 Α
2251 5152 2511 5191 nunmndn

1401 5154 1416 5175 δ
1755 5148 1780 5179 δ
1850 5151 1857 5158 ·
1968 5149 1980 5164 ‘
2093 5165 2110 5179 ο

1401 5159 1720 5290 ξνὲῗὲιὶε
1743 5234 1757 5284 ;
1803 5146 2143 5290 ἓωδιιξὲξᾶο
2156 5149 2568 5274 Aexgglib'it‘iiiiin.

453 5133 754 5213 biliumque.
792 5129 807 5144 ’
831 5129 852 5166 ⁸
894 5135 986 5213 Sic
1010 5129 1165 5191 CDE:
1194 5136 1239 5190 A
1287 5129 1646 5213 supcr'gquas.

448 5205 601 5276 caelo
660 5214 866 5276 etquae
901 5206 952 5259 in
978 5214 1121 5261 terra
1163 5218 1306 5262 sunt.

450 5273 614 5339 CDE;
654 5273 698 5329 A
729 5273 775 5328 et
806 5276 968 5330 credit
994 5293 1125 5330 sana

449 5359 539 5398 om
577 5345 643 5398 A.

445 5429 546 5483 pro
575 5414 698 5469 acA
727 5416 801 5470 in.
875 5417 916 5449 ¹⁷
951 5417 1042 5472 Sic
1062 5417 1194 5473 CDE
1213 5435 1228 5482 ;
1249 5414 1378 5474 Ἀρι.

445 5500 601 5562 super
631 5503 801 5562 aquas
830 5488 1022 5562 {super
1059 5505 1223 5562 aquas
1249 5503 1359 5562 om.
1389 5489 1562 5562 QDE).

445 5552 991 5636 iitbfntiuls_audie_rim
1016 5552 1124 5636 om.
1170 5557 1232 5610 Α.
1309 5558 1355 5590 ³³
1404 5559 1492 5616 Sic
1517 5552 1679 5629 CDE;
1723 5565 1767 5619 A
1795 5584 1972 5636 quam.

444 5623 490 5654 "
524 5623 617 5679 Sic
661 5625 778 5689 CE;
836 5626 927 5679 AD
958 5627 1166 5696 verbum
1211 5645 1384 5682 suum.
1505 5636 1548 5665 ³⁷
1606 5623 1697 5692 Sic
1748 5623 1916 5696 CDE;
1969 5639 2010 5692 A

443 5695 776 5765 creationem.
871 5698 915 5728 ”
947 5696 1037 5750 Sic
1063 5695 1195 5750 CDE
1221 5740 1234 5760 ,
1283 5699 1324 5750 A
1374 5717 1562 5762 causas
1594 5719 1755 5764 creat.

441 5763 604 5830 CDE;
655 5765 695 5820 Α
736 5767 851 5836 quis
900 5766 1163 5820 existimat
1196 5778 1348 5824 recte.

1163 5277 1294 5349 ﬁdes
1375 5281 1418 5312 ¹⁰
1449 5282 1538 5338 Sic
1565 5283 1696 5340 CDE
1720 5277 1754 5349 ς’
1785 5287 1831 5341 Α
1861 5277 2018 5343 eniin.

1640 5497 1684 5580 ξ⁰
1711 5496 1800 5602 S‘ic
1826 5497 1989 5565 CDE;
2021 5510 2202 5602 euinci:
2236 5501 2316 5602 Αἱ,

2064 5570 2110 5602 ’⁸
2145 5569 2235 5625 Sic
2278 5571 2440 5636 CDE;

2053 5641 2342 5710 praecedet.

1871 5709 1914 5741 ³⁰
1948 5710 2039 5767 Sic
2085 5711 2252 5779 CDE;
2303 5710 2347 5767 A
2389 5712 2524 5767 diro.

2643 5080 2663 5111 ³
2688 5079 2778 5134 Sic
2835 5078 2874 5131 (ἶ
2903 5086 2956 5131 ct
3011 5092 3154 5131 corr.
3198 5075 3720 5148 ALDEiinleHig-i-

2617 5150 2638 5181 ⁸
2677 5150 2770 5204 Sic
2818 5149 2927 5210 AC;
2968 5159 3088 5200 sunt
3129 5162 3238 5216 om.
3288 5147 3367 5216 D;
3422 5147 3464 5200 E
3491 5147 3721 5216 quac'in

2672 5221 2693 5252 ε
2723 5219 2815 5274 Sic
2863 5218 2979 5282 Cl);
3038 5216 3127 5270 ΛΕ
3181 5215 3465 5285 ferebatur.
3514 5215 3517 5216 ⁷
3571 5220 3592 5251 ’
3626 5217 3719 5273 Sic

2144 5291 2182 5322 “
2233 5289 2324 5345 Sic
2365 5290 2526 5356 CDE;
2579 5290 2620 5345 A
2684 5290 2878 5343 unitas.
2985 5287 3028 5318 ³²
3067 5287 3157 5340 Sic
3183 5284 3370 5356 CDE;
3405 5286 3502 5339 hoc
3542 5297 3642 5348 est,
3669 5298 3719 5340 et

741 5345 788 5423 ξ’
829 5346 922 5423 Sic
954 5345 1218 5423 ῥιψὶ-Α
1249 5349 1568 5423 ῙξενειηιιηνἈ
1611 5355 1660 5388 ¹⁴
1688 5345 1779 5411 Sic
1804 5356 1969 5422 CDE;
2030 5358 2074 5412 Α
2129 5369 2348 5414 naturae
2389 5345 2534 5415 suae.
2613 5361 2658 5393 "
2702 5359 2794 5414 Sic
2819 5357 2980 5423 CDE;
3015 5357 3070 5410 in
3105 5372 3214 5410 om.
3246 5355 3288 5408 A
3359 5345 3410 5387 ’⁸⁸
3435 5355 3528 5410 Sic
3551 5345 3718 5421 CDE;

1477 5423 1530 5495 ξ
1548 5421 1639 5481 Sic
1663 5426 1781 5490 DE;
1819 5427 1859 5480 A
1890 5421 1962 5481 iur
1994 5429 2088 5483 Dei
2133 5431 2380 5495 nomine;
2412 5430 2452 5484 C
2477 5441 2523 5484 et
2548 5431 2640 5484 Dei
2675 5431 2912 5484 nomine.

2995 5427 3038 5458 ¹⁹
3069 5426 3162 5481 Sic
3185 5424 3351 5488 CDE;
3384 5425 3428 5479 A
3453 5425 3718 5493 ferebatur

2376 5502 2415 5576 ’_'
2449 5500 2538 5556 Sic
2562 5501 2724 5564 CDE;
2755 5499 2800 5576 ᾼ
2834 5499 2999 5576 filium
3037 5497 3197 5576 Dei.__
3233 5496 3289 5576 1'.
3311 5495 3433 5576 Sig
3447 5495 3609 5576 ;
3641 5496 3718 5550 ηίι

2480 5586 2578 5639 pro
2629 5580 2702 5625 est
2748 5569 2786 5621 A
2837 5571 2901 5623 de
2940 5567 3056 5621 hoc.
3151 5566 3197 5597 "
3234 5565 3325 5639 Sic
3354 5566 3599 5639 CDE;_A
3629 5583 3711 5619 ac.

2461 5636 2504 5673 ’ὃ
2539 5642 2630 5697 Sic
2674 5639 2841 5706 ADE;
2890 5653 2991 5708 pro
3025 5652 3116 5708 per
3152 5637 3463 5690 creationem
3500 5636 3564 5708 [ζΔ
3591 5652 3715 5708 pio-

2633 5712 2676 5750 ³¹
2705 5711 2794 5768 Sic
2830 5705 3098 5776 CDE;'A
3143 5724 3280 5762 esse-
3299 5708 3418 5764 sibi.
3524 5706 3570 5741 ³³
3621 5705 3713 5762 Sic
