4064 6292
328 238 436 295 55Ἶ

1141 247 1231 306 ne
1268 248 1608 309 mvrsrons
1645 228 1996 309 NATURA'E.
2032 286 2103 295 _
2139 254 2344 312 LIBER
2383 233 2768 315 SECUNDUS;

3482 256 3586 313 558

324 358 597 428 posterius
624 359 960 431 propositum
998 362 1158 439 ‘.est,
1198 379 1305 422 non
1362 366 1657 438 incongrue
1688 382 1909 424 concesv
1936 370 1984 430 A
2011 383 2350 439 consequens
2368 371 2510 427 est"
2526 347 2728 436 dicere,
2746 383 2904 426 nemo
2916 370 3064 425 novit
3082 367 3273 425 Filium
3288 368 3390 425 nisi
3405 368 3585 434 Pater,

324 450 529 515 serim,
572 451 678 508 hoc
718 460 828 520 est,
855 454 1256 525 generationem
1286 455 1449 513 Verbi
1488 474 1519 513 a
1559 456 1724 516 Patre
1762 457 1913 515 nullo

324 543 491 598 modo
516 542 845 599 creationem
873 546 1115 603 omnium
1154 547 1210 603 in
1238 546 1419 604 Verbo
1456 564 1487 605 a
1514 547 1677 606 Patre
1709 557 1914 622 tempo-

325 631 519 687 raliter
542 635 900 702 praecedere,
937 636 1032 692 sed
1071 645 1415 695 coaetemam
1454 640 1557 696 sibi
1597 655 1737 699 esse.
1773 639 1911 715 Nam

319 731 381 778 et
419 722 689 797 Propheta
728 724 860 782 dicit
898 726 1116 785 Patrem
1160 728 1486 800 alloquens:
1520 732 1714 789 Omnia
1741 734 1798 789 in
1824 751 1914 790 sa-

320 812 523 883 pientia
590 813 781 883 fecisti.
825 817 1001 873 Simul
1062 819 1210 875 enim
1271 819 1436 878 Pater
1487 832 1545 879 et
1587 824 1911 895 sapientiam

322 915 482 956 suam
509 903 712 975 genuit,
739 912 793 960 et
822 905 877 961 in
902 906 1019 978 ipsa
1041 909 1063 941 ⁸
1091 910 1274 966 omnia
1300 910 1449 968 fecit.
1492 912 1560 968 Et
1586 912 1713 970 alibi
1765 915 1910 972 idem

322 991 599 1064 Propheta
624 1009 699 1055 ex
716 1011 948 1068 persona
972 999 1153 1058 Patris
1181 1001 1259 1059 ait
1287 1016 1304 1058 :
1328 1002 1603 1060 Eructasit
1625 1022 1717 1061 cor
1737 1022 1908 1062 meum

320 1084 537 1140 uerbum
582 1085 807 1156 bonum,
858 1088 980 1145 dico
1022 1091 1047 1124 ⁸
1082 1108 1176 1164 ego
1205 1109 1363 1165 opera
1406 1111 1523 1150 mea
1560 1097 1689 1168 regi.
1735 1097 1815 1155 Ac
1861 1100 1909 1157 si

322 1182 514 1244 aperte
539 1174 765 1244 diceret,
795 1191 863 1235 ex
908 1189 1121 1251 secreto
1159 1184 1495 1242 substantiae
1526 1201 1682 1244 meae
1729 1187 1910 1246 Verbo

321 1263 383 1354 in
426 1279 494 1322 eo
529 1277 786 1326 nascente
827 1285 993 1342 opera
1021 1287 1144 1331 mea
1171 1274 1225 1331 in
1258 1290 1326 1332 eo
1356 1276 1498 1333 facio
1524 1278 1576 1347 ⁸,
1618 1293 1760 1351 quae
1807 1295 1909 1354 ego

323 1353 476 1424 ipsi'
501 1360 748 1430 regnanti
796 1361 885 1418 do.
927 1360 1061 1420 item
1098 1364 1294 1422 iterum
1334 1367 1403 1423 ad
1437 1367 1692 1427 Patrem:
1718 1353 1909 1429 Tecum

319 1443 637 1515 principium
662 1449 717 1503 in
741 1449 827 1506 die
838 1451 1045 1509 uirtutis
1070 1463 1217 1511 tuae.
1239 1456 1321 1513 Ac
1345 1457 1391 1514 si
1407 1459 1634 1517 dixisset
1660 1476 1675 1516 :
1704 1461 1907 1519 Tecum

319 1548 541 1607 semper
573 1545 687 1605 est,
727 1548 784 1597 et
816 1541 872 1597 in
913 1550 965 1601 te
1008 1544 1334 1618 principium
1373 1551 1640 1618 omnium,
1672 1552 1777 1610 hoc
1802 1563 1906 1622 est,

320 1622 561 1715 Verbum
586 1636 757 1689 tuum.
799 1631 860 1691 Si
897 1648 1030 1707 ergo
1080 1653 1296 1710 semper
1330 1642 1653 1715 principium
1682 1653 1770 1702 est
1797 1647 1821 1680 ⁸
1850 1646 1905 1703 in

319 1714 488 1771 Patre
525 1725 584 1774 et
617 1734 742 1809 cum
786 1722 979 1793 Patre,
1017 1743 1295 1800 nunquam
1339 1743 1461 1789 erat
1489 1714 1546 1790 et
1578 1736 1905 1809 principium

319 1818 432 1895 non
452 1814 594 1874 erat,
617 1808 719 1865 sed
737 1826 953 1884 semper
980 1815 1327 1889 principium.
1354 1821 1425 1878 Et
1468 1823 1599 1895 quia
1625 1827 1646 1859 ⁷
1677 1808 1785 1884 non
1816 1843 1907 1885 ae-

318 1893 458 1988 cidit
480 1897 885 1988 eiprincipium
924 1919 1064 1975 esse,
1089 1925 1363 1981 nunquam
1389 1893 1511 1970 sine
1540 1893 1645 1983 bis,
1675 1932 1905 1988 quorum

319 1983 648 2057 principium
667 1998 776 2060 est,
798 1995 970 2053 erat'.
993 1994 1065 2061 In
1089 1998 1174 2054 die
1193 2000 1400 2057 virtutis
1419 2012 1560 2059 tuae.
1585 2004 1654 2060 In
1672 1983 1778 2073 die,
1806 2008 1907 2064 hoc

318 2084 409 2132 est
431 2116 450 2145 ,
500 2078 556 2134 in
599 2083 791 2145 notitia
831 2084 1211 2149 intellectualis
1244 2103 1301 2150 et
1321 2096 1601 2156 rationalis
1623 2108 1908 2169 creaturae

321 2172 689 2265 generationis
708 2190 738 2231 a
758 2183 814 2233 te
836 2176 881 2233 '.
914 2178 1136 2239 Virtutis
1158 2192 1301 2253 tuae,
1330 2188 1434 2247 hoc
1477 2199 1585 2260 est,
1611 2194 1909 2265 sapientiae

323 2268 471 2317 tuae.
515 2263 640 2321 Dies
662 2266 809 2323 enim
849 2269 1065 2329 virtutis
1093 2272 1274 2332 Patris
1305 2277 1359 2333 in
1402 2279 1507 2336 hoc
1534 2279 1651 2338 loco
1676 2263 1784 2341 non
1821 2285 1906 2340 in-

323 2365 566 2424 congrue
614 2355 938 2430 intelligitur
988 2364 1228 2436 cognitio
1282 2366 1565 2427 inell‘abilis
1610 2373 1910 2433 nativitatis

322 2445 422 2502 Dei
451 2446 614 2505 Verbi
640 2465 711 2507 ex
735 2450 847 2508 Deo
869 2451 1051 2523 Patre,
1074 2464 1334 2526 quantum
1371 2460 1529 2535 datur
1555 2471 1841 2522 creaturae
1865 2467 1907 2500 ¹⁶

322 2536 631 2611 intelligere
651 2543 793 2613 quod
823 2554 1047 2616 superat
1075 2562 1291 2606 omnem
1321 2550 1656 2610 intellectum
1681 2594 1697 2622 ,
1740 2564 1797 2611 et
1839 2558 1908 2614 ad

325 2625 503 2685 lucem
539 2629 968 2691 inaccessibilem
1007 2636 1323 2693 conceditur
1350 2653 1602 2698 accessus
1630 2658 1727 2713 per
1752 2645 1910 2702 theo-

325 2717 577 2789 pbanias,
610 2721 715 2779 hoc
740 2731 843 2791 est,
873 2725 1086 2784 divinas
1122 2728 1509 2799 apparitiones,
1537 2747 1674 2803 quas
1705 2734 1909 2791 theolo—

327 2810 417 2882 gia
459 2812 611 2883 puris
653 2814 1018 2874 intellectibus
1060 2819 1293 2892 ingerit,
1329 2829 1386 2877 et
1420 2821 1676 2881 ineffabili
1721 2828 1904 2895 modo,

327 2901 570 2975 nullique
590 2906 806 2978 cognito
832 2908 1025 2981 infigit,
1055 2920 1117 2968 ut
1139 2912 1206 2969 de
1232 2914 1272 2946 υ
1299 2914 1521 2971 omnino
1543 2930 1642 2986 per
1669 2918 1906 2989 seipsum

328 2993 603 3069 incognito
629 2998 871 3057 habitum
897 3005 1167 3073 quendam
1196 3020 1358 3062 verae
1380 3008 1706 3080 cognitionis
1735 3011 1789 3066 in
1819 3026 1906 3067 se-

328 3086 576 3159 metipsis
594 3090 925 3160 possideant.
948 3093 1134 3152 Virtus
1158 3096 1299 3153 enim
1328 3098 1507 3156 Patris
1530 3108 1615 3156 est
1638 3102 1903 3172 sapientia

329 3178 531 3247 Patris,
558 3181 611 3237 in
643 3197 749 3254 qua
775 3186 957 3242 omnia
990 3185 1141 3244 fecit.
1170 3187 1277 3245 Sed
1306 3189 1395 3246 illa
1424 3192 1663 3264 cognitio
1692 3194 1906 3252 divinae

327 3271 694 3340 generationis
732 3274 909 3332 adhuc
953 3277 1007 3333 in
1046 3293 1134 3334 me
1170 3288 1254 3336 est
1289 3296 1388 3352 per
1430 3281 1611 3350 iidem,
1639 3284 1692 3340 in
1718 3287 1909 3358 angelo

328 3366 417 3415 est
444 3360 489 3393 “
516 3374 616 3432 per
658 3364 923 3434 speciem;
969 3367 1135 3424 immo
1160 3371 1324 3427 etiam
1368 3371 1416 3407 ¹³
1458 3388 1558 3431 nec
1588 3375 1642 3431 in
1693 3392 1781 3433 me
1823 3386 1908 3435 cst

326 3462 430 3520 per
451 3452 707 3523 speciem,
723 3469 824 3512 nec
843 3457 897 3512 in
914 3459 1105 3529 angelo
1126 3460 1190 3516 ⁸⁸.
1211 3460 1608 3521 Generationem
1635 3469 1773 3524 enim
1794 3469 1907 3540 ejus

326 3541 447 3612 quis
470 3545 777 3602 enarrabilil
806 3547 995 3607 Nullus
1014 3551 1211 3623 quippe
1235 3554 1539 3628 hominum,
1564 3560 1708 3616 nulla
1735 3562 1908 3619 caele~

328 3633 496 3690 stium
526 3636 785 3695 virtutum
816 3643 1216 3713 generationem
1259 3646 1423 3704 Verbi
1466 3663 1500 3704 a
1533 3648 1695 3707 Patre
1732 3662 1910 3722 potest

328 3741 683 3799 cognoscere,
713 3736 1004 3805 quomodo,
1048 3739 1132 3795 vel
1158 3740 1333 3811 qualis
1359 3751 1473 3809 est;
1511 3744 1652 3801 sicut
1679 3747 1725 3780 "
1749 3763 1909 3805 nemo

328 3818 484 3875 novit
527 3820 806 3880 hominum
841 3826 927 3882 vel
972 3828 1305 3899 angelorum,
1345 3833 1473 3903 quid
1510 3841 1596 3891 est
1638 3835 1722 3892 vel
1760 3838 1904 3908 quis,

329 3909 425 3979 qui
453 3909 499 3942 “
541 3912 744 3984 genuit,
775 3923 834 3972 et
862 3916 902 3949 "
926 3917 1048 3989 quis
1070 3929 1155 3977 est
1182 3921 1266 3977 vel
1297 3922 1425 3993 quid
1447 3932 1551 3989 est,
1580 3926 1722 3996 quod
1751 3928 1906 3998 geni-

330 4008 447 4055 tum
476 4009 597 4071 est;
637 4004 730 4060 sed
759 4005 908 4065 solus
935 4011 1091 4066 novit
1113 4012 1241 4082 quid
1272 4014 1475 4082 genuit,
1506 4017 1598 4087 qui
1627 4019 1830 4088 genuit,
1855 4029 1911 4076 ει

327 4094 602 4163 quomodo
630 4095 674 4128 “
694 4097 935 4167 genitum
963 4109 1066 4168 est,
1096 4103 1238 4177 quod
1267 4103 1312 4135 "
1338 4104 1579 4174 genitum
1606 4115 1689 4163 est
1724 4108 1791 4175 ³ο,
1831 4118 1908 4178 ει,

327 4184 424 4255 qui
450 4187 654 4257 genuit,
679 4188 832 4245 novit
855 4192 1114 4264 seipsum,
1142 4195 1272 4266 quid
1303 4196 1349 4229 ’ί
1385 4204 1497 4261 εει,
1535 4205 1589 4254 ει
1616 4202 1911 4272 quomodo,

326 4283 389 4329 et
427 4276 659 4346 qualiter
695 4280 905 4349 genuit,
941 4283 1086 4353 quod
1114 4285 1162 4318 ¹²
1189 4286 1256 4342 de
1297 4300 1357 4342 se
1396 4287 1610 4355 genuit;
1661 4289 1911 4349 similiter

2014 466 2070 515 et
2093 460 2179 516 cui
2209 460 2323 515 vult
2348 460 2509 519 Pater
2536 461 2812 517 revelare?
2843 460 2917 516 ita
2944 469 3004 517 ut
3027 459 3405 531 intelligamus,
3439 473 3589 514 revc-
3656 515 3666 529 ,

2013 549 2127 605 lare
2151 550 2195 582 "
2230 563 2330 620 per
2374 550 2763 622 theophanias;
2811 566 2935 606 nam
2979 550 3268 606 essentiam
3313 548 3493 605 Patris
3535 556 3593 605 et

2012 638 2136 696 Filii
2163 648 2219 697 et
2246 640 2483 712 Spiritus
2509 640 2708 706 sancti,
2735 651 2899 712 atque
2926 641 3254 698 substantias
3280 649 3466 695 eorum
3494 654 3593 711 per

2013 732 2224 803 seipsas
2247 733 2559 790 immediate
2586 733 2634 766 ’⁸
2660 742 2944 791 creaturae
2989 731 3218 789 revelari
3263 732 3593 804 impossibile

2011 831 2114 880 est.
2142 823 2405 881 Similiter
2425 824 2492 882 de
2512 825 2672 882 modo
2691 833 2748 881 et
2765 826 3028 897 qualitate
3053 825 3267 882 divinae
3291 823 3595 907 generatio-

2012 914 2098 971 nis
2118 914 2545 988 intelligendum,
2567 916 2611 973 si
2637 926 2814 973 tamen
2836 916 3053 989 proprie
3084 917 3280 973 dicitur
3310 915 3383 972 de
3408 916 3589 971 divina

2013 1013 2206 1061 natura
2226 1007 2346 1078 quis
2366 1005 2579 1080 etquid.
2599 1004 2727 1063 Plus
2749 1009 2891 1063 enim
2913 1015 2995 1064 εει
3017 1022 3179 1078 quam
3208 1019 3462 1077 persona,
3482 1003 3592 1059 ct"

2011 1095 2135 1166 plus
2173 1107 2260 1153 est
2300 1111 2464 1167 quam
2499 1097 2825 1166 substantia,
2854 1098 3122 1165 similiter,
3158 1097 3202 1153 si
3234 1095 3450 1175 proprie
3479 1110 3596 1151 mo-

2010 1186 2112 1243 dus
2130 1197 2186 1243 et
2204 1187 2435 1258 qualitas
2454 1186 2522 1243 de
2545 1203 2608 1244 ea
2631 1198 2821 1244 natura
2842 1188 3200 1260 praedicanda
3221 1196 3346 1245 sunt
3366 1187 3436 1256 ",
3455 1201 3596 1257 quae

2011 1286 2234 1346 superat
2264 1292 2481 1333 omnem
2516 1278 2735 1333 modum
2765 1293 3092 1348 omnemque
3132 1277 3469 1350 qualitatem,
3501 1290 3592 1332 ce-

2012 1371 2258 1436 teraque,
2290 1380 2430 1436 quae
2466 1359 2761 1422 secundum
2789 1366 3044 1424 accidens
3069 1367 3339 1423 dicuntur.
3369 1365 3446 1423 De
3476 1366 3595 1435 qui-

2010 1455 2112 1512 bus
2138 1456 2191 1511 in
2218 1455 2388 1527 priori
2412 1456 2457 1489 ³¹
2488 1456 2630 1514 libro
2656 1456 2800 1513 inter
2839 1472 2941 1515 nos
2974 1458 3249 1515 convenit.
3288 1456 3548 1527 Sequitur
3575 1474 3589 1510 :

2009 1546 2078 1602 In
2107 1546 2469 1619 splendoribus
2510 1558 2812 1605 sanctorum
2854 1565 2920 1605 ea:
2957 1557 3105 1604 utero
3154 1557 3275 1603 ante
3314 1546 3593 1618 luciferum

2010 1638 2165 1709 genui
2190 1647 2240 1694 te
2266 1639 2333 1693 ³⁸.
2378 1639 2523 1696 Ordo
2561 1640 2849 1696 verborum
2882 1657 2896 1694 :
2936 1653 3005 1696 ex
3045 1647 3202 1696 utero
3247 1638 3406 1711 genui
3447 1648 3500 1693 te
3536 1638 3594 1691 iu

2009 1729 2368 1801 splendoribus
2386 1740 2685 1786 sanctorum
2715 1741 2835 1786 ante
2855 1729 3154 1801 luciferum.
3178 1728 3404 1787 Uterum
3430 1729 3475 1761 ³³
3504 1730 3594 1786 hic

2009 1821 2248 1893 iutcllige
2296 1829 2540 1879 secretos
2586 1831 2844 1893 paternae
2892 1821 3229 1879 substantiae
3275 1820 3427 1877 sinus
3449 1860 3466 1886 ,
3518 1835 3588 1876 ex

2006 1912 2205 1982 quibus
2225 1912 2529 1983 unigenitus
2559 1911 2817 1980 Filius”,
2862 1912 3065 1984 quiest
3105 1909 3342 1967 Verbum
3389 1907 3591 1975 Patris,

2008 2011 2169 2059 natus
2195 2016 2298 2069 εει,
2324 2010 2380 2060 ει
2406 2004 2474 2059 de
2503 2001 2698 2073 quibus
2740 2016 2958 2074 semper
2996 2001 3258 2069 nascitur,
3292 2008 3349 2057 et
3378 2000 3434 2055 in
3472 1999 3594 2068 qni-

2006 2093 2128 2158 bus,
2150 2092 2277 2148 dum
2303 2107 2519 2164 semper
2537 2092 2798 2157 nascitur,
2822 2106 3040 2162 semper
3060 2098 3262 2147 manet.
3289 2090 3366 2145 De
3389 2087 3590 2161 quibus

2009 2181 2062 2237 in
2092 2180 2383 2253 Evangelio
2407 2182 2610 2238 dictum
2636 2189 2721 2240 est
2750 2197 2766 2238 :
2798 2180 2968 2236 Deum
2998 2195 3147 2235 nemo
3168 2179 3297 2235 vidit
3334 2192 3589 2250 unquam.

2009 2272 2319 2345 Uuigem'tus
2346 2284 2519 2328 autem
2541 2270 2714 2329 Filius
2733 2272 2801 2306 “'
2812 2273 2905 2345 qui
2923 2279 2998 2328 est
3024 2271 3078 2327 in
3099 2268 3301 2327 sinibus
3317 2269 3366 2303 ⁸⁸
3387 2267 3590 2333 Patris,

2006 2362 2114 2436 ipse
2143 2365 2398 2420 narrabit.
2430 2362 2548 2422 Non
2580 2364 2726 2421 enim
2763 2358 3046 2435 separatur
3086 2377 3117 2418 a
3159 2360 3354 2426 Patre,
3391 2360 3521 2431 quia
3545 2358 3592 2395 “

2008 2456 2358 2512 aeternaliter
2388 2465 2447 2513 et
2475 2455 2993 2514 incommutabilitcr
3020 2463 3106 2512 est
3134 2454 3187 2510 in
3217 2452 3411 2518 Patre,
3452 2451 3595 2508 sicut

2008 2548 2123 2620 ipse
2150 2546 2227 2604 ait
2257 2565 2272 2602 :
2302 2546 2417 2619 Ego
2445 2548 2503 2603 in
2542 2543 2706 2602 Patre
2732 2556 2780 2601 et
2813 2542 2978 2601 Pater
3009 2544 3065 2600 in
3089 2561 3192 2599 me.
3238 2542 3401 2600 Pater
3428 2543 3595 2615 igitur

2005 2655 2071 2695 ea:
2107 2648 2255 2695 utero
2296 2654 2397 2696 suo
2441 2637 2628 2711 genuit
2674 2636 2873 2694 Filium
2924 2651 3083 2694 suum
3125 2637 3182 2692 in
3228 2634 3595 2708 splendoribus

2006 2739 2326 2785 sanctorum.
2360 2727 2627 2787 Nascente
2652 2729 2797 2787 enim
2834 2728 2974 2785 Filio
2994 2742 3061 2783 ex
3082 2726 3247 2783 Patre
3273 2723 3592 2796 splendores

2008 2821 2146 2876 liunt
2174 2829 2511 2887 sanctorum,
2547 2820 2652 2876 hoc
2677 2828 2780 2885 est,
2819 2817 3159 2889 cognitiones
3189 2814 3507 2880 electorum,
3530 2820 3592 2869 et

2006 2910 2531 2982 praedestinationes
2569 2908 2951 2966 substantiales
2990 2908 3047 2963 in
3091 2905 3271 2964 Verbo
3312 2903 3446 2971 Dei,
3493 2903 3593 2973 qui

2007 3014 2135 3064 nos,
2177 2998 2421 3070 apostolo
2458 3006 2631 3065 teste,
2666 3004 2793 3053 ante
2831 3005 3072 3066 tempora
3121 2993 3385 3051 secularia
3432 3006 3591 3064 prae-

2009 3090 2301 3146 destinavit
2350 3089 2407 3146 in
2474 3104 2721 3161 regnum.
2789 3086 2906 3144 Non
2967 3085 3108 3143 dixit
3158 3093 3286 3141 ante
3344 3092 3596 3154 tempora

2009 3189 2263 3247 aeterna;
2313 3188 2557 3252 tempora
2594 3179 2740 3236 enim
2775 3187 2995 3234 aeterna
3038 3181 3167 3232 sunt
3217 3174 3263 3207 ³⁷
3307 3171 3488 3230 Patris
3534 3180 3598 3229 et

2008 3277 2130 3333 Filii
2174 3285 2233 3333 et
2257 3276 2491 3349 Spiritus
2539 3276 2714 3333 sancti
2744 3271 3117 3331 coessentialis
3154 3270 3449 3328 aeternitas
3472 3307 3491 3335 ,
3529 3265 3596 3323 in

2010 3387 2113 3442 qua
2141 3370 2525 3427 substantiales
2548 3369 2861 3440 splendores
2883 3374 3218 3431 sanctorum,
3239 3362 3599 3431 omniumque

2012 3476 2191 3519 rerum
2242 3461 2619 3534 primordiales
2668 3474 2866 3515 causae
2937 3456 3286 3514 aeternaliter
3343 3452 3597 3512 conditae

2009 3562 2158 3618 sunt,
2183 3552 2525 3623 ipsarumque
2549 3564 2837 3608 causarum
2862 3547 3083 3606 effectus
3106 3556 3162 3605 et
3185 3546 3232 3580 ³⁸
3260 3543 3516 3619 praesciti
3535 3552 3603 3601 ει

2011 3643 2397 3713 praedestinati
2436 3642 2686 3709 fuerunt;
2728 3641 2823 3697 sed
2860 3649 2987 3696 ante
3026 3648 3269 3710 tempora
3300 3635 3599 3702 secularia,

2012 3733 2067 3789 in
2116 3734 2313 3805 quibus
2346 3748 2544 3791 causae
2589 3732 2758 3790 semel
2793 3747 2860 3788 ac
2899 3731 2945 3766 ²⁹
2969 3729 3130 3786 simul
3156 3727 3508 3786 aeternallter
3533 3726 3603 3784 ita

2010 3828 2277 3898 principio
2311 3827 2518 3893 iactae,
2570 3826 2761 3883 ordine
2798 3825 3035 3897 quodam
3074 3821 3386 3879 seculorum
3438 3817 3594 3876 simi-

2011 3915 2137 3971 liter
2158 3916 2514 3987 praedeﬁnito
2541 3924 2699 3987 atque
2720 3913 3091 3986 praecognito,
3126 3910 3182 3966 in
3214 3906 3439 3966 etl‘ectus
3461 3918 3603 3963 suos

2011 4008 2128 4065 sive
2178 4006 2418 4063 visibiles
2471 4006 2591 4062 sive
2638 4004 2976 4070 invisibiles,
3026 4001 3209 4059 divina
3249 3994 3603 4071 providentia

2011 4100 2422 4157 administrante
2445 4139 2461 4165 ,
2499 4098 2816 4170 procedunt.
2857 4090 3385 4151 Praedestinationes
3418 4087 3600 4159 siqui.-

2010 4193 2135 4250 dcm
2170 4188 2225 4247 et
2263 4189 2730 4262 praecognitiones
2764 4194 3096 4250 sanctorum,
3134 4196 3270 4254 quas
3298 4178 3605 4237 Psalmista-

1975 4286 2245 4365 .fulgores
2272 4284 2552 4349 nominat,
2598 4293 2888 4351 rerumque
2932 4275 3173 4333 omnium
3210 4270 3504 4329 visibilium
3534 4276 3603 4326 es

328 4366 476 4434 quod
504 4366 551 4399 ³³
581 4368 819 4439 genitum
844 4378 950 4439 est,
986 4373 1139 4429 novit
1172 4375 1429 4446 seipsum,
1465 4378 1594 4448 quid
1622 4378 1670 4410 “
1698 4388 1811 4448 est,
1854 4391 1909 4439 et
1936 4406 1985 4466 Β
2013 4376 2362 4433 invisibilium
2397 4376 2634 4430 rationes
2671 4371 2817 4427 Patri
2853 4378 2909 4426 et
2941 4367 3081 4425 Filio
3116 4372 3435 4472 coaeternas

328 4458 621 4555 quomodo,
643 4471 699 4517 et
726 4462 962 4555 qualiter
980 4465 1221 4537 genitum
1247 4477 1351 4533 est,
1380 4478 1438 4525 et
1462 4470 1613 4526 novit
1636 4487 1784 4541 eum,
1813 4472 1904 4545 qui
1917 4456 1978 4555 ξ’
2014 4473 2304 4530 credimus.
2345 4470 2413 4525 In
2448 4468 2601 4525 Verbi
2631 4469 2774 4525 enim
2805 4467 2903 4521 Dei
2940 4462 3342 4555 άίερεηεαιίοηςε
3373 4456 3605 4555 an}?

328 4561 394 4653 ie
418 4549 639 4653 genuit,
686 4553 809 4623 quis
830 4554 902 4623 “,
933 4564 990 4612 et
1015 4558 1143 4628 quid
1168 4566 1273 4615 est.
1311 4558 1369 4615 Si
1399 4561 1543 4617 enim
1568 4578 1731 4621 nemo
1760 4545 1941 4623 ιιονίι⁷
2014 4564 2296 4634 gustinus.
2344 4580 2446 4618 non
2490 4562 2633 4632 facta
2658 4600 2674 4625 ,
2718 4558 2809 4614 sed
2854 4567 3067 4612 aeterna
3105 4559 3249 4608 sunt.
3294 4547 3410 4653 Non
3444 4545 3616 4603 facta].
3690 4634 3717 4644 ο

327 4636 549 4697 Patrem
570 4640 674 4699 nisi
698 4642 891 4714 Filius,
914 4654 972 4704 et
995 4648 1082 4704 cui
1103 4648 1217 4705 vult
1239 4648 1411 4708 Filius
1435 4652 1696 4721 revelare,
1728 4670 1909 4713 nonne
2013 4657 2188 4725 dicit,
2220 4657 2396 4713 adhuc
2426 4652 2759 4726 temporibus
2780 4658 2836 4706 ct
2863 4647 2997 4704 locis
3032 4660 3131 4717 per
3157 4640 3611 4715 generationem»

1608 4763 1696 4818 VA
1706 4763 1864 4820 RIAE
1906 4765 2306 4824 LECTIONES.

3656 4830 3683 4863 θ’

405 4860 759 4959 ἒςὲίεὶηίέθὲι
877 4868 1138 4959 reice:
1209 4869 1659 4959 235.9933”?
1706 4875 1768 4959 ,ίη
1796 4893 1950 4959 φησι.
1995 4879 2017 4911 ³
2039 4878 2425 4959 822.6%}
2475 4878 2677 4959 τίεάεοο·
2755 4854 3629 4959 ‘§i2..C'?§;=.,_A(“31231393

334 4934 731 5032 :Sic-EDELA
764 4934 988 5032 Pi
1029 4940 1177 5022 ipsa.
1220 4941 1272 5021 .'
1299 4940 1390 4996 Sic
1421 4934 1875 5032 ‘CDQ;o'estnt.iju.
1905 4948 1986 5032 ⁸Α.
2074 4952 2097 4984 τ
2133 4934 2418 5032 δὶορύβξς
2460 4952 2510 5031 ⁶Α
2546 4963 2725 5032 σχῆτε.
2813 4944 2835 4977 ⁸
2980 4941 3167 5032 ,ϐῡξῇ
3212 4934 3297 5032 ΑΜ
3312 4948 3609 5032 ηέᾞφβὲξ

331 5016 445 5061 erat
473 5006 585 5061 sine
613 5002 725 5073 Itis,
758 5002 979 5079 quorum
1011 5002 1322 5080 principium
1360 5021 1456 5068 est.
1551 5002 1693 5069 "Sic
1721 5002 1841 5077 DE;
1890 5018 1932 5071 Α
1980 5037 2012 5073 a
2058 5030 2108 5075 te
2148 5002 2496 5090 pueritiam
2521 5002 2615 5082 ς’(ἶ
2661 5013 3025 5086 generationis
3059 5002 3160 5064 ait.
3254 5002 3612 5084 υ-δίσοίξῖι

331 5075 427 5125 AD
469 5085 708 5125 naturae.
804 5077 844 5109 “
870 5077 963 5125 Sir.
992 5079 1156 5125 ADE:
1191 5079 1232 5125 Ω
1258 5084 1416 5125 unde-
1512 5081 1555 5113 ι’
1584 5081 1674 5125 Sin
1715 5083 1876 5125 (tnla-
1920 5099 1993 5125 ου
2043 5106 2131 5125 nm
2192 5089 2224 5125 Α
2330 5090 2375 5121 ts
2404 5089 2509 5125 Q3.-
2537 5087 2698 5125 mwn
2738 5086 2770 5125 Δ
2805 5096 2870 5125 pr.
2984 5084 3030 5114 ιδ
3056 5080 3147 5125 Sic
3174 5075 3297 5125 CE:
3334 5072 3377 5125 Δ
3415 5087 3617 5125 uetant:

331 5075 427 5166 ΜΡ
469 5075 963 5166 ’ἴφὲἓίζέἵεςᾼῖῗδίὲ
992 5075 1439 5166 “Emme;
1512 5081 1555 5113 ¹¹
1583 5081 1675 5165 δίε
1715 5075 1877 5154 δοες
1919 5099 1993 5143 είι
2043 5075 2249 5166 οηι-ῘΑ-
2330 5090 2375 5121 ³³
2404 5075 2702 5166 δία-’ϐυξῖῖ
2734 5086 2936 5166 Ast...
2984 5075 3615 5166 οβὶἑζεξῖέῗί

333 5162 417 5200 me
436 5186 452 5214 ,
484 5161 577 5199 nec
600 5146 653 5228 in
675 5146 858 5273 ανὸᾳειο
888 5157 963 5231 est
988 5165 1081 5220 per
1104 5151 1359 5219 speciem;
1398 5151 1444 5205 Ι)
1472 5167 1564 5233 nec
1603 5153 1659 5208 in
1685 5171 1767 5208 me
1796 5144 1876 5212 est
1912 5176 2005 5230 per
2036 5161 2254 5230 speciem
2303 5176 2394 5214 nec
2424 5144 2477 5214 in
2504 5144 2710 5228 angelo.
2803 5156 2849 5186 ¹⁹
2881 5147 2973 5207 Sic
2996 5149 3162 5230 (ἔθεε
3205 5144 3250 5198 Α
3274 5157 3401 5225 ,ηαπι
3430 5154 3621 5233 nemo?

334 5225 442 5288 eet.
518 5214 564 5247 "
590 5213 684 5272 Sic
762 5217 837 5283 E;
869 5234 958 5288 qut
992 5234 1104 5275 om.
1151 5219 1263 5274 AD.
1359 5221 1403 5253 "
1431 5218 1521 5276 Sic
1549 5220 1713 5288 Citii;
1744 5225 1791 5278 Α
1814 5228 1911 5282 vel.
2010 5229 2053 5261 ⁸⁸
2079 5230 2171 5286 Sic
2197 5230 2310 5288 DE;
2345 5230 2385 5282 Α
2424 5231 2568 5288 quia.
2670 5225 2832 5280 "Sic
2856 5224 2973 5282 DE:
3004 5221 3045 5275 Α
3069 5212 3343 5288 ηκιᾴςιιρά-
3363 5280 3377 5288 ,
3420 5209 3469 5241 ’θ
3495 5209 3609 5288 3.9.4”

334 5225 442 5270 eet.
518 5217 564 5247 “
590 5217 684 5272 Sic
717 5217 837 5283 CE;
869 5219 958 5289 qui
988 5217 1104 5275 Dm.
1130 5217 1263 5274 ‘AD.
1359 5221 1403 5253 ⁸⁷
1431 5218 1521 5276 Sic
1549 5220 1713 5288 αυιιῑς
1744 5225 1791 5278 Α
1814 5217 1923 5282 vel:
2010 5217 2171 5286 ﬂ“Sic
2197 5230 2310 5291 DE;
2345 5230 2385 5282 Α
2424 5217 2598 5300 (μύων
2670 5225 2832 5280 "‘Sic
2856 5224 2973 5282 DE;
3004 5221 3045 5275 A
3069 5217 3343 5288 quidquid.
3420 5217 3469 5241 “
3495 5217 3591 5291 sed

335 5285 479 5369 solus
505 5310 575 5328 -—
602 5288 831 5389 genitum
866 5296 957 5387 est.
974 5304 1082 5345 om.
1110 5289 1172 5345 C.
1264 5290 1314 5330 ³³
1338 5289 1430 5346 Sic
1449 5290 1621 5374 90E;
1658 5293 1702 5347 Α
1747 5306 1794 5349 et
1836 5300 1986 5382 quid.
2075 5302 2126 5332 “
2145 5300 2235 5355 Sic
2563 5295 2843 5380 quidquid.
2940 5292 2987 5324 "
3012 5289 3105 5344 Sic
3147 5283 3310 5384 CDE;
3349 5280 3390 5334 Α
3429 5279 3591 5383 illud"

334 5356 481 5402 nam-
579 5357 601 5388 ³
655 5354 749 5402 SM“.
795 5357 956 5402 ΑΠΕ-
994 5359 1037 5402 (ἶ
1082 5360 1237 5402 mrncl-
1335 5360 1497 5402 “Rm
1540 5360 1674 5402 CDR
1693 5379 1715 5397 ι.
1757 5365 1787 5402 Λ
1825 5384 1943 5402 num
1975 5379 2047 5402 Me
2166 5369 2326 5402 "cm
2354 5370 2475 5402 Dm.
2508 5385 2520 5397 -
2575 5369 2603 5402 Δ
2641 5377 2737 5402 mus
2854 5365 2898 5395 π
2928 5361 3019 5402 Sin
3058 5356 3222 5402 ΗΒΕ-
3265 5351 3311 5402 Α
3349 5349 3591 5402 revelari.

530 5351 1037 5452 3.5123252?
1081 5360 1239 5452 73.2":
1335 5360 1514 5452 Ἴδὲο.
1540 5351 1796 5452 colite
1825 5351 2067 5452 αὶιέιζέτετι
2148 5351 2522 5452 λάφὺῇ
2547 5351 2613 5452 ηιξ
2640 5351 2819 5452 "ita,
2854 5356 3241 5452 “.5‘9.CDE.‘..
3264 5351 3601 5452 λὲςξενξιεαέῗ

332 5372 482 5459 παις.
580 5372 627 5389 ·’
655 5372 749 5412 διε
790 5372 959 5440 autat;
994 5372 1037 5415 υ
1081 5372 1239 5483 (ϐίαιἔ
1335 5372 1498 5444 "Sic
1540 5372 1715 5429 cum;
1749 5372 1796 5419 Λ
1825 5372 1947 5437 (μιῆς
1972 5379 2067 5424 εει,
2166 5372 2212 5403 u
2235 5372 2327 5426 Sic
2354 5372 2522 5429 col-3‘;
2568 5372 2613 5420 Α
2640 5372 2757 5421 erit.
2854 5372 2897 5395 ‘"
2928 5372 3021 5442 Sic
3058 5372 3222 5419 unus;
3264 5372 3601 5446 nucum"?

410 5425 503 5483 Sic
530 5425 1057 5492 C;Aimmedtatae;
1135 5430 1177 5485 E
1215 5432 1566 5486 mmedtetate.
1645 5433 1690 5464 ”
1718 5433 1809 5489 Sic
1854 5439 2018 5507 CDE;
2053 5450 2099 5494 et
2146 5455 2255 5495 om.
2312 5442 2378 5495 Α.
2463 5440 2527 5471 δαν
2547 5438 2638 5492 Sic
2684 5435 2850 5497 CDE;
2884 5433 2926 5486 Λ
2972 5439 3060 5484 sit.
3186 5420 3368 5506 “.3”
3413 5412 3603 5482 Αεερ

337 5494 383 5540 Π
412 5496 464 5540 in
492 5498 680 5540 nrimn-
757 5496 803 5529 ”
831 5498 865 5540 Δ
894 5514 959 5540 om
995 5498 1038 5540 Υ
1098 5500 1130 5540 Δ
1179 5499 1216 5540 1.
1259 5499 1302 5540 I'.‘
1357 5512 1405 5540 In
1502 5499 1548 5532 ⁸³
1579 5500 1669 5540 Rip
1692 5503 1809 5540 RF“-
1850 5508 1893 5540 A'
1924 5510 1985 5540 1ιό
2008 5512 2195 5540 ἥκω...
2222 5529 2232 5539 .
2265 5511 2307 5540 n
2344 5508 2528 5540 17-.....“
2629 5506 2674 5538 ιιι
2694 5535 2763 5540 __.
2791 5505 2857 5537 δι’
2891 5502 2981 5540 Sin
3007 5496 3169 5540 CDR!
3209 5490 3376 5540 Ριιηιε
3402 5501 3515 5540 om.
3542 5486 3612 5540 RL.

337 5494 383 5551 ι)
412 5496 464 5550 in
491 5490 681 5566 primo.
757 5496 803 5529 θ’
825 5498 871 5553 Α
894 5514 959 5553 ea:
995 5490 1058 5553 v’.
1090 5500 1154 5553 A.
1173 5499 1233 5554 L.
1259 5499 1326 5555 θ.
1355 5512 1426 5556 te.
1502 5499 1548 5532 ³³
1579 5500 1670 5559 Sic
1692 5503 1809 5571 εις-ς
1842 5490 2573 5571 [ἡἒιὶὶιιιῖιίῖῡ”ιῑενηηιζ
2593 5490 2600 5491 ί
2620 5490 2674 5538 ἣδε
2693 5490 2763 5545 '—
2791 5490 2857 5537 ει⁷ι
2891 5502 2981 5556 Sic
3007 5496 3172 5563 eos;
3208 5490 3376 5548 Filius
3402 5501 3515 5543 om.
3541 5490 3611 5568 μμ

339 5566 387 5598 ³³
413 5566 505 5612 Sic
528 5565 692 5612 CDE:
749 5566 784 5612 Α
827 5569 966 5612 sinu
1065 5569 1110 5602 ³⁸
1140 5569 1231 5612 Si»
1255 5570 1416 5612 CIIR-
1462 5570 1494 5612 Α
1522 5574 1625 5612 mu',
1731 5574 1775 5610 ar
1809 5580 1898 5612 mn
1928 5580 2094 5612 mur.
2155 5581 2182 5612 Α
2224 5591 2339 5612 ...η’
2376 5580 2509 5612 κως...
2566 5588 2791 5612 lnmsanl‘n
2822 5583 3029 5612 ηρνριιηη
3062 5567 3237 5612 Patris
3258 5570 3335 5612 et.
3430 5555 3611 5612 "Si:

339 5566 505 5651 1:510
528 5565 694 5651 (ἶρεῖ
827 5569 1009 5651 Silia-ﬁ.
1065 5569 1418 5651 ’ξὲἰοευες
1456 5570 1499 5626 Λ
1521 5574 1631 5643 qui.
1731 5565 1899 5637 1"'Sitc
1928 5580 2096 5651 CDE;
2147 5565 2339 5637 Astur!
2374 5580 2509 5635 enim
2564 5588 2791 5647 tempora
2821 5583 3029 5628 acterna
3062 5567 3243 5624 Patris
3258 5570 3335 5619 ει.
3430 5565 3605 5612 "Si:

336 5635 504 5708 CDE;
539 5646 587 5693 et
607 5651 716 5695 om.
741 5637 804 5695 Α.
881 5638 928 5674 ³³
954 5638 1045 5697 Sic
1077 5639 1193 5709 CE;
1221 5641 1312 5697 AD
1340 5635 1409 5697 et.
