3966 5634
478 299 581 357 559

1860 310 2373 373 JOANNIS‘SCOTI
2462 388 2472 396 ἱ

3658 327 3759 382 359

480 415 620 471 facta
673 432 801 475 vero
851 423 1199 477 acternaliter
1237 424 1289 478 in
1339 425 1523 501 Verbo.
1558 426 1710 497 juxta
1746 429 2064 499 primordia-
2089 435 2140 495 Α
2170 449 2356 489 versus
2396 434 2728 491 horizontem
2760 480 2772 501 ,
2819 437 3063 494 Christus
3104 439 3403 496 secundum
3434 454 3664 494 carnem
3692 456 3755 495 ex

478 504 608 563 lium
643 524 927 567 causarum
968 515 1330 570 conditionem
1394 516 1462 571 In
1492 519 1745 589 principio
1772 521 1907 574 enim
1941 521 2060 591 fecit

474 602 617 656 Heus
643 607 848 663 caelum
904 619 951 662 et
991 619 1185 662 terram
1219 610 1257 662 ί.
1294 609 1440 665 Idem
1475 610 1600 665 alibi
1636 629 1647 664 :
1686 610 1911 666 Verbum
1940 612 2060 681 Dei,

474 702 652 772 inquit
673 702 716 766 ¹,
743 717 835 771 per
862 700 1003 771 quod
1026 699 1166 767 facta
1197 710 1316 754 sunt
1342 701 1537 767 omnia,
1569 701 1656 756 ubi
1709 703 2062 759 incommuta-

472 793 655 849 biliter
681 792 869 847 vivunt
895 790 1100 857 omnia,
1126 805 1231 845 non
1258 790 1431 846 solum
1481 807 1618 861 quae
1647 791 1863 847 fuerunt
1891 794 1932 860 ’,
1964 794 2056 850 sed

471 902 612 957 quae
646 886 827 942 futura
874 893 1039 949 sunt;
1092 900 1192 939 nec
1238 884 1501 939 tamenin
1542 885 1634 941 illo
1682 885 1920 953 fuerunt,
1956 902 2056 943 nec

470 978 654 1030 futura
694 984 848 1040 sunt,
881 976 973 1030 sed
1019 970 1389 1030 tantummOdo
1424 984 1573 1043 sunt,
1609 985 1663 1030 et
1695 978 1875 1032 omnia
1908 986 2053 1045 sunt,

468 1078 523 1121 et
563 1067 744 1123 omnia
786 1083 952 1122 unum
997 1075 1157 1131 sunt,
1201 1076 1255 1122 et
1317 1066 1489 1138 magis
1528 1084 1690 1123 unum
1727 1079 1810 1125 est
1830 1070 1872 1125 ⁸.
1921 1070 2053 1127 ltem

467 1159 707 1213 Joannes
745 1156 1050 1229 Theologus
1094 1160 1145 1212 in
1176 1158 1469 1230 Evangelia
1511 1176 1527 1214 :
1566 1160 1721 1226 Quod
1750 1160 1948 1231 factum
1977 1172 2053 1217 est

466 1254 521 1304 in
545 1252 679 1321 ipso,
712 1252 818 1306 vita
846 1261 978 1306 erat.
1027 1250 1095 1304 In
1133 1250 1497 1321 splendoribus
1532 1252 1718 1321 itaque
1747 1263 2050 1308 sanctorum

468 1344 632 1399 Pater
671 1360 737 1399 ex
764 1353 912 1399 utero
951 1360 1046 1397 suo
1086 1345 1108 1375 ‘
1144 1360 1296 1398 suum
1350 1346 1525 1414 genuit
1562 1341 1780 1409 Filium,
1816 1345 1918 1401 hoc
1945 1353 2047 1412 est,

463 1435 519 1487 in
555 1434 691 1490 Filio
712 1449 811 1491 suo
835 1435 856 1465 '
894 1434 1171 1506 unigenito
1207 1435 1566 1503 cognitionem
1595 1436 1899 1492 futurorum
1932 1454 2052 1494 san-

462 1534 674 1579 ctorum
715 1525 930 1594 genuit,
959 1525 1125 1580 immo
1177 1525 1341 1579 etiam
1373 1526 1394 1556 ⁷
1425 1541 1521 1581 eos
1556 1527 1780 1582 creavit.
1830 1527 2052 1585 Sancto-

338 1623 367 1646 τ
461 1628 581 1667 rum
620 1614 817 1684 quippe
855 1614 909 1669 in
944 1613 1212 1684 sapientia
1245 1614 1422 1671 Patris
1464 1617 1722 1687 cognitio,
1749 1633 1935 1674 eorum
1964 1629 2049 1676 est

460 1705 684 1760 rreatio.
730 1704 1040 1761 intellectus
1089 1706 1234 1760 enim
1280 1707 1522 1763 omnium
1571 1708 1625 1763 in
1666 1709 1777 1765 Deo
1807 1696 2042 1766 essentia

2167 524 2388 601 Virgine
2417 535 2574 580 natus
2607 527 2860 594 traditur,
2897 529 3036 584 sicut
3062 529 3105 565 "
3140 540 3365 585 sanctus
3392 538 3549 598 pater
3571 528 3755 597 Augn-

2164 617 2339 672 stiuus
2368 617 2419 671 in
2444 617 2746 673 Decadibus
2780 620 2892 675 suis
2915 622 3120 676 scribit.
3144 621 3251 677 Sed
3273 622 3535 692 quoniam
3564 636 3756 675 sacrae

2148 709 2477 782 .Scripturae
2509 712 2881 783 interpretatio
2910 714 3116 769 infinita
3155 723 3260 779 est,
3299 715 3447 783 quod
3466 713 3754 783 praesenti

2160 801 2507 872 disputationi
2539 804 2710 872 magis
2738 806 3025 861 convenire
3047 807 3278 872 videtur,
3307 804 3435 876 quia
3467 821 3585 860 non.
3621 805 3758 859 satis

2158 891 2337 958 video,
2362 892 2446 949 dic
2475 893 2553 958 ”,
2589 906 2810 963 quaeso,
2840 905 3001 966 atque
3024 897 3281 951 edissere.

2226 982 2315 1036 2L
2350 982 2487 1040 Μιισ.
2523 983 2649 1038 Mihi
2693 985 2910 1055 quidem
2959 985 3011 1040 in
3041 987 3144 1042 hoc
3171 987 3293 1041 loco
3327 1000 3451 1040 mea
3482 976 3683 1039 Sufﬁcit
3706 986 3749 1015 "

2156 1072 2489 1143 simplicitas,
2519 1075 2645 1144 quia
2688 1090 2796 1130 non
2841 1076 3088 1131 convenit
3118 1076 3166 1108 ”
3191 1076 3426 1129 aliorum
3454 1075 3753 1142 sagacitas.

2154 1162 2371 1219 Lucifer
2398 1165 2501 1219 iste
2528 1165 2785 1236 mysticus
2815 1150 2976 1236 atque
3013 1168 3389 1235 propheticus,
3437 1173 3569 1217 ante
3598 1163 3757 1231 cujus

2153 1261 2331 1309 ortum
2363 1254 2675 1324 Splendores
2702 1264 3011 1311 sanctorum
3037 1258 3089 1311 in
3125 1254 3300 1311 Verbo
3338 1255 3433 1309 Dei
3464 1254 3751 1324 unigenitu

2153 1350 2525 1420 intelliguntur
2553 1364 2692 1416 esse,
2721 1350 2881 1404 istum
2914 1344 3168 1405 mundum
3216 1347 3489 1402 visibilem
3538 1346 3747 1416 signifi-

2151 1457 2277 1499 care
2317 1444 2528 1497 videtur
2551 1441 2866 1508 verisimile,
2910 1457 2973 1496 ea
3018 1442 3185 1496 forma
3232 1439 3552 1502 locutionis,
3609 1452 3750 1507 quae

2150 1550 2342 1606 graece
2373 1535 2571 1590 dicitur
2621 1534 2946 1607 συνεκδοχή,
3003 1542 3058 1588 et
3102 1534 3498 1601 interpretatur
3545 1545 3747 1585 conce-

2147 1626 2279 1695 ptio,
2306 1640 2412 1694 qua
2451 1624 2624 1679 forma
2652 1639 2780 1691 pars
2807 1638 2837 1678 a
2869 1632 2999 1687 toto,
3033 1631 3314 1691 totumque
3338 1635 3366 1674 a
3394 1628 3559 1688 parte
3584 1619 3749 1688 signi-

2149 1715 2362 1771 ficatur.
2388 1714 2545 1770 Prius
2566 1716 2729 1785 igitur
2760 1729 2920 1785 quam
2959 1714 3006 1746 "
3029 1697 3262 1768 mundus
3284 1713 3384 1767 iste
3414 1711 3656 1764 visibilis
3695 1711 3747 1762 in

457 1798 699 1853 omnium
727 1807 827 1853 est.
859 1797 1137 1869 Siquidem
1170 1798 1223 1853 id
1254 1799 1425 1868 ipsum
1450 1807 1535 1855 est
1557 1800 1667 1854 Deo
1691 1815 2038 1871 cognoscere,
2074 1800 2118 1856 Β
2144 1802 2341 1877 genera
2369 1814 2423 1861 et
2454 1807 2663 1876 species
2700 1818 2996 1875 onmesque
3037 1817 3292 1857 numeros
3325 1800 3625 1855 sensibilcs
3652 1815 3749 1868 per

455 1891 770 1961 priusquam
799 1889 967 1956 ﬁant,
1009 1906 1148 1960 quae
1172 1890 1337 1956 facit,
1371 1900 1426 1946 et
1450 1891 1630 1947 facere
1671 1908 1808 1962 quae
1835 1910 2036 1964 cogno-

453 1983 560 2049 scit
599 1999 614 2037 :
669 1998 998 2054 cognoscere
1035 1983 1181 2039 enim
1214 1983 1236 2013 ⁸
1271 1991 1326 2039 et
1363 1982 1545 2039 facere
1586 1984 1680 2039 Dei
1725 2001 1890 2039 unum
1931 1994 2034 2040 est.

449 2077 589 2132 Nam
633 2077 1009 2149 cognoscendo
1052 2075 1218 2143 facit,
1271 2085 1327 2131 et
1384 2077 1633 2132 faciendo
1677 2078 1958 2149 cognoscit
1992 2077 2035 2132 ’.

450 2168 702 2240 Cognitio
724 2173 828 2224 nan
855 2169 1133 2239 praecedit
1153 2168 1379 2235 factum,
1406 2184 1505 2225 nec
1535 2168 1734 2225 factum
1764 2171 2041 2241 praecedit

450 2260 854 2330 cognitionem,
905 2260 1032 2331 quia
1061 2261 1104 2292 ³ο
1157 2261 1325 2316 semel
1368 2270 1424 2335 et
1471 2261 1633 2316 simul
1686 2269 1813 2315 sunt
1854 2263 2035 2317 omnia

449 2360 738 2406 coaeterna
770 2360 986 2421 praeter
1010 2351 1050 2381 ¹¹
1084 2352 1345 2406 rationem
1370 2352 1604 2407 creantis
1624 2360 1680 2406 et
1706 2352 1895 2406 creati.
1920 2351 2035 2406 Non

449 2444 595 2497 enim
638 2442 782 2498 Deus
823 2443 1076 2513 cognovit
1114 2445 1295 2500 omnia
1324 2486 1339 2512 ,
1375 2452 1662 2515 postquam
1704 2443 1845 2500 facta
1886 2452 2029 2507 sunt,

449 2537 546 2590 sed
571 2545 863 2606 antequam
911 2536 1050 2592 facta
1081 2547 1303 2604 essent,
1345 2538 1596 2610 cognovit
1624 2537 1804 2592 omnia
1830 2578 1844 2602 ,
1895 2552 2035 2606 quae

448 2628 697 2683 facienda
740 2638 916 2683 erant.
968 2629 1033 2683 Et
1058 2630 1200 2699 quod
1245 2638 1330 2685 est
1361 2630 1661 2685 mirabilius
1686 2670 1703 2696 ,
1746 2640 2032 2700 propterea

444 2719 628 2772 omnia
655 2727 810 2780 sunt,
836 2719 981 2788 'quia
1026 2720 1377 2791 praecognita
1417 2729 1560 2774 sunt.
1601 2719 1745 2774 Nihil
1773 2720 1917 2775 enim
1951 2728 2036 2775 est

445 2810 591 2866 aliud
617 2811 857 2866 omnium
885 2811 1118 2867 essentia
1141 2851 1155 2877 ,
1198 2812 1301 2866 nisi
1335 2811 1575 2868 omnium
1616 2811 1672 2867 in
1715 2812 1895 2867 divina
1938 2826 2029 2867 sa-

441 2903 644 2972 pientia
667 2904 924 2975 cognitio.
952 2902 1017 2957 In
1040 2904 1153 2973 ipso
1174 2903 1310 2958 enim
1337 2904 1575 2969 vivimus,
1600 2914 1649 2958 et
1676 2904 1720 2934 ⁸³
1745 2919 2026 2965 movemur,

443 3003 490 3047 et
519 3010 720 3048 sumus.
751 2994 988 3065 Cagm’tio
1019 2994 1163 3048 enim
1187 3034 1201 3059 ,
1245 3002 1305 3048 ut
1343 2994 1420 3048 ait
1459 3001 1678 3049 sanctus
1719 2994 2027 3064 Dionysius,

441 3102 623 3140 eorum
642 3103 776 3157 quae
798 3095 939 3152 sunt,
970 3103 1052 3151 ea,
1080 3103 1215 3157 quae
1238 3095 1379 3150 sunt,
1407 3095 1501 3140 est.
1530 3083 1843 3155 Splendores
1866 3084 2030 3155 igitur

442 3188 747 3232 sanctorum
791 3176 919 3233 sunt
966 3193 1153 3234 eorum
1202 3178 1254 3232 in
1301 3178 1567 3248 sapientia
1613 3177 1795 3231 divina
1823 3217 1838 3241 ,
1887 3176 2027 3231 etin

440 3268 879 3337 primordialibus
905 3269 1019 3324 suis
1044 3269 1088 3302 ¹³
1115 3270 1294 3349 causis
1319 3269 1500 3324 clarae
1526 3269 1883 3340 cognitaeque
1918 3268 2028 3324 Deo

440 3361 875 3417 substitutiones.
903 3362 970 3416 Et
1001 3362 1101 3417 hoc
1127 3371 1295 3416 totum
1324 3372 1444 3416 ante
1473 3361 1770 3431 luciferum,
1797 3363 1902 3418 hoc
1922 3371 2024 3427 est,

439 3460 495 3505 et
522 3452 781 3507 nativitas
810 3451 973 3506 Verbi
1008 3467 1075 3507 ex
1112 3451 1292 3516 Patre,
1323 3459 1379 3506 et
1408 3450 1663 3521 splendor
1705 3452 2028 3523 cognitionis

439 3551 752 3599 sanctorum
779 3582 793 3606 ,
838 3542 1007 3596 immo
1033 3542 1197 3597 etiam
1236 3541 1479 3596 omnium
1526 3550 1843 3597 naturarum
1869 3541 1930 3607 ιδ,
1970 3542 2025 3597 in

438 3632 826 3703 principalibus
866 3631 978 3686 suis
1024 3632 1203 3686 causis
1240 3630 1517 3700 praecedit
1560 3631 1868 3687 luciferum.
1919 3633 2027 3688 Sed

442 3722 567 3788 quis
600 3729 688 3775 est
718 3720 824 3775 iste
873 3719 1087 3783 lucifer,
1140 3727 1266 3775 ante
1317 3719 1473 3787 cujus
1522 3727 1702 3775 ortum
1751 3720 2025 3789 praedicta

439 3810 622 3864 omnia
653 3810 1027 3882 intelliguntur
1054 3825 1176 3866 esse
1200 3851 1216 3875 ,
1266 3810 1451 3865 multis
1478 3811 1753 3881 variisque
1786 3811 1958 3867 modis
1993 3826 2021 3865 a

390 3930 393 3934 »
439 3900 777 3970 sapientibus
806 3909 1093 3966 tractatur,
1121 3916 1350 3976 quorum
1382 3901 1679 3956 sententias
1699 3900 1914 3971 longum
1941 3910 2024 3957 est

437 3991 600 4046 modo
627 3992 988 4049 introducere.
1022 3991 1157 4046 Nam
1194 3992 1240 4023 “‘
1267 3991 1409 4061 quod
1440 4006 1538 4062 per
1562 3991 1754 4047 Isaiam
1786 3992 2021 4063 prophe-

438 4090 550 4135 tam
580 4082 781 4137 dicitur
807 4099 821 4136 :
857 4082 1130 4148 Quomodo
1160 4082 1345 4137 cecidit
1378 4082 1443 4136 de
1485 4081 1628 4137 caelo
1654 4081 1844 4153 lucifer
1870 4099 2023 4138 mam

438 4174 659 4227 oriens?
710 4175 776 4228 de
818 4173 1034 4229 diabolo
1071 4184 1257 4243 aperte
1302 4172 1631 4242 intelligitur,
1684 4172 1859 4242 deque
1905 4172 2022 4242 ejus

436 4275 684 4331 corpore,
719 4262 862 4332 quod
890 4263 1124 4317 maxime
1154 4264 1204 4316 in
1239 4262 1418 4332 impiis
1446 4272 1502 4316 et
1527 4263 1789 4331 apostatis
1812 4271 1866 4316 et
1894 4263 2022 4317 hae-

434 4350 622 4405 reticis
650 4350 695 4383 ¹⁶
725 4351 1057 4421 dignoscitur
1090 4352 1443 4405 constitutum
1475 4351 1540 4402 ¹⁷.
1578 4350 1897 4407 Psalmistae
1926 4366 2021 4405 au-

434 4451 544 4495 tem
584 4440 775 4496 lucifer
820 4442 1139 4510 quibusdam
1187 4442 1398 4497 videtur
1447 4442 1498 4494 iu
1553 4443 1947 4511 significatione
1975 4444 2018 4476 ⁸⁸

434 4530 606 4598 ipsius
641 4530 976 4585 clarissimae
1027 4531 1250 4594 stellae,
1299 4545 1438 4599 quae
1474 4531 1611 4585 solet
1654 4543 1833 4587 ortum
1886 4535 2017 4590 solis

433 4621 761 4691 praecedere
813 4631 939 4677 ante
966 4621 1118 4691 cujus
1146 4622 1336 4677 stellae
1380 4618 1773 4693 a‘pparitionem
1801 4641 2015 4682 sursum

2144 1898 2546 1968 generationem
2594 1896 2943 1967 procederet,
2988 1904 3114 1949 ante
3159 1903 3399 1964 tempora
3443 1891 3743 1953 sccularia,

2141 1988 2282 2043 Deus
2305 1996 2457 2060 pater
2485 1986 2714 2042 Verbum
2742 2002 2896 2040 suum
2912 1986 3115 2055 genuit,
3132 1985 3181 2036 in
3211 1999 3318 2052 quo
3331 1993 3387 2036 et
3405 1997 3507 2051 per
3530 1980 3744 2049 quod“

2110 2078 2378 2133 omnium
2430 2085 2740 2130 naturarum
2787 2076 2834 2107 “
2885 2073 3261 2145 primordiales
3314 2086 3515 2127 causas
3564 2071 3779 2140 perfe-'

2140 2170 2412 2225 ctissimas
2455 2168 2677 2233 ereavit,
2729 2182 2866 2237 quae
2909 2166 3086 2222 divina
3125 2163 3461 2236 providentia
3508 2162 3744 2217 admini-

2139 2268 2346 2313 strante
2395 2256 2626 2312 mirabili
2681 2257 2911 2327 quadam
2963 2254 3243 2309 harmonia
3294 2253 3745 2323 processionibos

2139 2352 2252 2407 suis
2280 2366 2377 2421 per
2410 2352 2834 2422 generationem,
2867 2350 3105 2404 numeris
3131 2349 3369 2403 locorum
3420 2356 3476 2402 et
3526 2356 3738 2416 tempo—

2137 2461 2256 2499 rum
2288 2445 2355 2510 “,
2388 2458 2645 2515 generum
2680 2456 2894 2514 quoque
2921 2457 2985 2497 ac
3013 2442 3315 2512 specierum
3342 2439 3741 2510 multiplicibus

2136 2535 2456 2591 differentiis
2499 2536 2643 2592 hunc
2686 2536 2943 2590 mundum
2984 2534 3251 2590 visibilem
3289 2531 3358 2586 ab
3411 2532 3599 2596 initio,
3630 2548 3739 2602 quo

2135 2628 2332 2698 coepit,
2363 2641 2534 2697 usque
2568 2627 2635 2682 ad
2667 2626 2848 2691 finem,
2878 2610 3222 2697 quo'desinet
3248 2638 3389 2688 esse,
3416 2624 3550 2689 non:
3569 2622 3738 2676 aboli-

2135 2720 2279 2774 tione
2304 2718 2592 2782 essentiae,
2624 2717 2716 2772 sed
2745 2718 3064 2787 qualitatum
3103 2725 3158 2772 et
3196 2716 3572 2787 quantitatum
3618 2730 3736 2770 ma-

2135 2809 2335 2864 tatione
2382 2796 2612 2863 naturali
2667 2824 2829 2874 cursu
2874 2808 3178 2879 perficiunt.
3237 2808 3302 2861 Et
3361 2822 3432 2861 ne
3490 2806 3733 2870 mineris,

2134 2911 2303 2956 totum
2331 2902 2475 2956 hunc
2504 2901 2760 2955 mundum
2805 2909 2959 2973 parte
3004 2914 3098 2955 sua
3130 2898 3426 2969 significari
3471 2899 3545 2963 ",
3593 2913 3733 2967 quae

2131 3005 2213 3052 est
2239 2995 2448 3060 lucifer,
2476 3010 2599 3049 cum
2630 2994 2830 3059 videas,
2851 3009 2952 3063 per
2972 2994 3145 3067 ipsum
3175 2991 3370 3054 solem,
3402 2991 3496 3045 cui
3518 3005 3733 3059 semper

2130 3084 2321 3141 lucifer
2348 3086 2604 3140 adhaeret
2633 3084 2702 3150 ’⁸,
2734 3100 2839 3138 non
2881 3084 3022 3138 enim
3064 3083 3223 3153 longe
3278 3082 3347 3136 ab
3385 3097 3456 3135 eo
3504 3082 3725 3144 recedit,

2131 3176 2223 3231 sed
2267 3186 2360 3230 aut
2389 3175 2548 3246 paulo
2575 3183 2703 3230 ante
2729 3175 2902 3244 ipsum
2930 3174 3193 3228 orientem
3224 3173 3421 3236 oritur,
3453 3182 3550 3225 aut
3571 3172 3729 3240 paulo

2130 3276 2252 3337 post
2296 3267 2632 3324 occidentem
2686 3266 2921 3332 occidit,
2968 3265 3113 3331 hunc
3171 3253 3405 3319 eundem
3467 3264 3725 3316 mundum

2129 3361 2441 3417 sensibilem
2493 3361 2718 3432 mystice
2764 3358 3053 3430 significari
3081 3398 3097 3422 ,
3142 3357 3355 3411 dicente
3382 3354 3721 3410 Salomone:

2131 3452 2271 3518 Quid
2299 3463 2374 3507 est
2401 3452 2538 3523 quod
2563 3451 2661 3521 fuit
2684 3452 2709 3505 ἵ
2732 3452 2902 3521 ipsum
2929 3449 3068 3518 quod
3090 3448 3329 3517 futurum
3351 3455 3451 3500 est.
3478 3445 3625 3510 Quid
3649 3454 3723 3498 est

2128 3544 2267 3615 quod
2296 3543 2531 3614 futurum
2555 3551 2628 3596 est
2651 3542 2676 3595 ?
2701 3542 2869 3611 ipsum
2899 3540 3035 3610 quod
3079 3537 3383 3607 faciendum
3423 3544 3527 3589 est.
3575 3532 3720 3587 Nihil

2130 3619 2225 3689 sub
2269 3632 2377 3687 sole
2405 3648 2612 3686 novum.
2653 3631 2833 3687 Solem
2879 3628 2925 3660 ¹⁹
2971 3627 3235 3697 siquidem
3276 3640 3383 3693 non
3427 3625 3721 3692 incongrue

2128 3725 2217 3779 hic
2266 3723 2614 3793 intelligimus
2654 3737 2869 3778 omnem
2920 3718 3181 3774 visibilem
3224 3725 3555 3773 creaturam.
3607 3713 3717 3767 Non

2126 3819 2269 3872 enim
2299 3817 2637 3873 solummodo
2663 3817 2729 3871 de
2754 3830 2814 3870 ea
2846 3822 2997 3885 parte
3041 3811 3224 3866 mundi
3276 3806 3439 3876 hujus
3474 3808 3545 3873 ³⁸,
3580 3822 3720 3877 quae

2128 3908 2266 3961 intra
2294 3906 2523 3962 solarem
2548 3906 2808 3961 circulum
2831 3902 3305 3973 comprehcmlitnr
3331 3900 3403 3965 ³³,
3441 3911 3644 3954 terram
3673 3899 3715 3930 ³³

2127 3998 2248 4052 dico
2280 4012 2650 4066 aquarumque
2677 4004 2943 4060 naturam,
2978 4010 3103 4049 aera
3152 4008 3369 4062 quoque
3411 4006 3536 4045 cum
3584 3990 3713 4044 infe-

2126 4089 2271 4143 riore
2301 4089 2346 4120 ³³
2377 4088 2614 4144 aetheris
2638 4096 2809 4159 parte,
2844 4103 2947 4156 qua
2977 4086 3180 4140 lunaris
3224 4084 3417 4155 globus
3464 4084 3715 4146 volvitur,

2127 4178 2211 4235 his
2229 4179 2404 4233 verbis
2421 4178 2651 4250 theologi
2667 4178 3055 4248 significantur,
3072 4190 3261 4229 verum
3285 4175 3455 4228 etiam
3478 4173 3526 4204 ³⁸
3555 4188 3711 4242 supra

2126 4270 2308 4325 mundi
2354 4271 2524 4339 spatia
2552 4285 2581 4323 a
2612 4269 2775 4325 solari
2800 4269 2938 4323 linea
2966 4282 3137 4336 usque
3163 4266 3229 4319 ad
3256 4273 3565 4319 extremum
3595 4279 3712 4317 cae-

2126 4360 2277 4416 lestis
2310 4361 2577 4430 sphaerae
2607 4358 2888 4413 ambitum.
2937 4357 2992 4411 ln
3040 4357 3124 4411 his
3161 4356 3304 4410 enim
3340 4355 3595 4409 omnibus
3617 4354 3713 4407 sub

2072 4436 2096 4514 ζ
2124 4453 2257 4511 sole.
2287 4453 2390 4506 hoc
2413 4460 2518 4514 est,
2546 4450 2646 4504 sub
2674 4450 2874 4504 mundo
2907 4464 3012 4503 non
3044 4447 3090 4478 ³⁸
3112 4455 3197 4501 est
3218 4462 3441 4507 novum,
3464 4445 3576 4500 sive
3598 4444 3713 4512 quis

2127 4542 2406 4612 intelligat,
2439 4541 2512 4593 nil
2540 4554 2737 4594 novum
2766 4553 2886 4593 esse
2930 4538 2981 4590 in
3018 4537 3319 4607 praesentis
3351 4536 3497 4590 vitae
3543 4534 3709 4589 curri-

2124 4632 2421 4704 culo,quod
2447 4631 2596 4701 prius
2620 4630 2674 4685 in
2698 4629 2929 4684 naturali
2947 4643 3127 4683 rerum
3150 4626 3343 4682 ordine
3359 4627 3404 4657 ³⁶
3422 4643 3533 4681 non
3558 4639 3714 4694 appa-

1714 4806 1801 4861 VA
1812 4806 1973 4862 ΜΔΕ
2013 4802 2416 4862 LECTIONES.
2502 4804 2505 4807 ’

482 4941 524 4989 ,⁸
551 4941 593 4994 Α
628 4940 843 5011 fecitD.
874 4940 934 4996 C.
967 4953 1017 4997 et
1046 4943 1106 4997 Τ.
1170 4947 1202 5014 ,³
1232 4943 1323 4999 Sic
1352 4945 1516 5006 (DE;
1547 4946 1710 5014 inquit
1737 4963 1845 5000 om.
1878 4950 1943 5000 Λ.

2038 4946 2059 4977 ³
2090 4944 2181 5001 Sic
2221 4944 2383 5005 (DE;
2408 4942 2457 4995 VA
2500 4942 2665 5011 fuere.
2740 4940 2760 4972 ‘
2790 4939 2881 4996 Sic
2920 4939 3072 4996 CDE.
3147 4940 3168 4972 ⁸
3195 4939 3349 5007 Quae
3383 4950 3511 5011 post
3553 4940 3707 4996 verba

432 5008 681 5086 {anter
702 5028 798 5065 suo
822 5027 1002 5086 ‘ltsque
1026 5016 1091 5086 ad
1116 5008 1278 5086 verba
1305 5018 1553 5086 essentiue
1582 5008 1671 5086 sed
1688 5018 2006 5086 qualitatum
2036 5026 2082 5069 et
2109 5008 2778 5086 quantitatumjtututione
2818 5011 3053 5086 naturqfi
3083 5027 3239 5086 cursu
3265 5008 3548 5086 perﬁciunt
3571 5016 3706 5086 (cap.

399 5137 402 5141 ,
433 5080 527 5150 21)
554 5080 871 5154 legunturin
896 5080 1016 5147 eod.
1049 5084 1090 5138 E
1118 5085 1328 5139 desunt.
1405 5085 1427 5115 ⁸
1458 5086 1548 5139 Sic
1570 5080 1732 5150 CDE';
1759 5086 1867 5154 ﬁlio
1898 5104 1993 5140 suo
2013 5080 2214 5139 omIA.
2288 5085 2307 5116 "
2342 5082 2433 5137 Sic
2463 5081 2581 5154 CD;
2608 5082 2655 5154 ᾼΔ
2677 5091 2759 5154 et1
2770 5152 2793 5154 _
2819 5080 2841 5113 ⁸
2869 5082 2958 5135 Sic
2978 5080 3065 5135 CD
3080 5097 3106 5154 ςλ
3126 5083 3168 5133 Α
3192 5097 3338 5154 ergo.

3419 5083 3442 5113 '
3470 5082 3563 5137 Sic
3589 5082 3699 5143 CD;

432 5155 475 5202 Α
504 5149 762 5219 Cognoscit
791 5153 1053 5220 faciendo.
1144 5154 1186 5185 ¹⁰
1222 5155 1313 5216 Sje
1336 5155 1455 5218 CD;
1483 5156 1520 5208 A
1547 5149 1768 5219 quare."
1812 5156 1853 5187 “
1879 5155 1971 5210 Sic
1998 5155 2118 5220 CD;
2152 5155 2192 5206 Α
2224 5163 2453 5254 prqliter.
2532 5152 2574 5182 “
2604 5150 2693 5205 Sic
2722 5149 2847 5216 CD;
2878 5161 2924 5203 et
2949 5166 3057 5204 om.
3082 5151 3145 5204 A.
3225 5149 3269 5181 ⁸³
3302 5152 3398 5221 Sic
3418 5151 3549 5216 CD;
3604 5153 3707 5206 suis

434 5235 522 5254 non
581 5220 610 5254 Δ
732 5222 774 5253 ιδ
802 5223 895 5254 ειη
915 5223 1038 5254 Ι“Πο
1094 5224 1120 5254 Α
1163 5224 1327 5254 :nnn‘nn
1359 5235 1401 5254 ηο
1425 5220 1736 5254 κηρυκι-Ἔρυκι
1774 5226 2002 5254 ηερε-..ἕηκε
2109 5225 2154 5254 Il
2181 5222 2271 5254 ευ.
2350 5223 2419 5254 n.
2454 5222 2481 5254 Α
2522 5237 2743 5254 IIII-annua
2842 5220 2885 5250 16
2913 5220 2966 5250 εἲ
3026 5218 3136 5240 nn—
3192 5220 3209 5242 Ρ
3296 5231 3307 5236 ”
3346 5222 3362 5240 ⁸
3510 5222 3618 5246 δἐι
3660 5228 3703 5254 ιο

434 5235 543 5272 om.
573 5220 640 5289 Α.
732 5222 774 5253 ⁸⁵
802 5223 895 5277 Sic
915 5223 1040 5290 CD;
1085 5224 1131 5278 Α
1163 5224 1327 5279 immo
1353 5235 1401 5279 et
1425 5220 1736 5278 naturirum
1772 5226 2028 5278 omnium.

436 5291 704 5360 apostatis.
783 5294 823 5324 "
853 5292 945 5348 Sic
972 5292 1044 5360 C;
1089 5294 1133 5348 A
1155 5294 1487 5348 constitutum
1509 5293 1845 5347 ittlefliaifttrr
1887 5295 1923 5312 η

440 5357 483 5387 ’⁸
510 5358 600 5412 Sic
623 5360 737 5426 CD;
771 5362 815 5415 A
844 5364 939 5417 sic.
1031 5357 1086 5397 ’²⁰
1109 5363 1201 5416 Sic
1221 5364 1336 5412 (In:
1373 5364 1399 5394 Α
1476 5363 1524 5375 ’⁵

443 5426 488 5456 “
522 5426 613 5482 Sic
654 5429 777 5485 AD:
823 5432 863 5466 ι’
915 5454 920 5462 λ

438 5511 518 5542 om
526 5497 577 5538 Μ’

2109 5225 2154 5256 ¹⁸
2181 5222 2273 5279 Sic
2303 5222 2421 5280 CD:
2448 5222 2487 5275 A
2521 5237 2757 5266 ﬂnmnnn

2842 5220 2885 5250 16
2913 5220 2966 5250 ετ
3026 5218 3136 5240 ""—
