4064 6292
224 326 324 382 561
1038 328 1124 385 DE
1166 328 1509 387 DIVISIONE
1549 330 1901 388 NATURAE.
1944 363 2013 375 —
2040 334 2242 389 LIBER
2285 333 2665 391 SECUNDUS.
3397 331 3501 389 562

227 448 406 508 reret;
458 441 534 498 nil
576 439 721 498 enim
747 440 892 496 aliud
934 441 988 496 in
1014 442 1346 514 temporibus
1370 452 1584 514 praeter
1607 460 1807 500 earan-
1838 451 1885 507 Δ
1911 448 2182 519 principio
2223 448 2546 513 subsistunt,
2595 462 2701 502 non
2741 448 2963 504 omnino
3002 459 3181 504 tamen
3225 447 3336 503 Deo
3381 462 3503 504 esse

224 532 353 587 dem
408 546 590 587 rerum
639 532 1027 587 revolutionem
1075 533 1308 590 sentitur
1347 542 1406 591 et
1454 534 1811 606 intelligitur:

225 622 364 687 sive,
396 630 455 677 ut
480 621 744 677 Maximus
774 622 921 679 lutnc
945 621 1257 692 Seripturae
1283 623 1535 695 intelligit
1554 624 1732 681 locum
1773 626 1815 692 ⁸,

223 714 367 785 quod
414 723 536 770 ante
582 716 721 769 hunc
751 716 1005 770 mundum
1037 716 1159 787 fuit,
1192 716 1246 770 id
1275 718 1443 787 ipsum
1472 717 1713 785 futurum
1741 728 1816 773 est

223 814 345 876 post
372 805 626 860 mundum
654 807 697 873 ¹,
727 806 779 860 id
829 815 936 872 est,
979 822 1041 862 ea
1076 806 1213 873 sola,
1254 820 1395 878 quae
1423 816 1642 865 aeterna
1670 820 1815 877 sunt,

224 904 356 951 ante
391 896 535 953 hunc
566 896 825 953 mundum
866 895 1106 962 fuerunt,
1151 905 1205 952 et
1237 906 1358 967 post
1392 912 1517 953 eum
1572 898 1592 930 ³
1636 898 1817 954 futura

223 996 373 1041 sunt.
405 985 471 1040 Et
506 985 639 1040 nihil
677 985 776 1045 sub
813 985 926 1042 sole
964 1002 1183 1052 novum,
1224 988 1329 1043 hoc
1357 997 1442 1043 est
1477 988 1521 1055 ⁸,
1559 989 1815 1060 quicquid

224 1093 425 1132 novum
454 1077 555 1133 sub
578 1079 680 1133 hoc
707 1078 909 1133 mundo
933 1087 1039 1142 est,
1073 1079 1207 1134 nihil
1242 1088 1356 1146 est;
1395 1082 1630 1151 mundus
1669 1082 1816 1139 enim

224 1169 330 1222 iste
358 1176 502 1224 totus
527 1181 699 1222 novus
721 1167 937 1234 dicitur,
962 1169 1089 1237 quia
1109 1178 1367 1225 aeternus
1400 1184 1506 1225 non
1538 1178 1643 1233 est,
1666 1178 1721 1227 et
1760 1171 1815 1226 in

191 1266 471 1327 -tentpore
515 1266 671 1313 ortus
698 1266 809 1323 est;
851 1258 1079 1328 ideoque
1116 1258 1249 1313 nihil
1287 1266 1402 1325 est;
1435 1259 1634 1329 peribit
1670 1261 1814 1316 enim

220 1362 350 1402 cum
375 1347 645 1411 onmibus,
681 1362 822 1417 quae
850 1348 904 1403 in
930 1363 998 1405 eo
1025 1357 1172 1415 sunt,
1211 1356 1347 1409 teste
1379 1348 1693 1417 Psalmista,
1718 1351 1814 1420 qui

217 1428 349 1492 ait:
395 1437 570 1507 Opera
619 1454 872 1492 manuum
914 1449 1127 1495 tuarum
1159 1449 1281 1495 sunt
1321 1440 1491 1506 caeli,
1531 1441 1647 1511 ipsi-
1673 1440 1821 1511 ρει-ἕο,

218 1527 373 1582 bunt.
419 1525 476 1582 Si
504 1537 684 1582 autem
713 1528 950 1583 maxima
991 1544 1119 1599 pars
1163 1530 1370 1597 mundi,
1423 1545 1562 1600 quae
1607 1530 1815 1588 caelum

216 1636 347 1677 esse
365 1622 679 1692 perhibetur
702 1629 864 1692 atque
880 1622 1268 1692 pulcherrima,
1292 1632 1614 1694 ceterasque
1632 1632 1816 1694 partes

215 1713 459 1783 undique
471 1715 679 1771 ambire
701 1731 806 1771 non
828 1716 1131 1787 ignoratur,
1158 1718 1398 1788 peritura
1428 1718 1521 1784 sit,
1547 1726 1809 1788 putasne:

1918 548 2261 602 coaeternas,
2283 539 2410 608 quia
2444 538 2484 570 ¹⁹
2514 554 2621 593 non
2646 554 2677 594 a
2706 539 2921 608 scipsis,
2951 540 3099 595 sed‘a
3118 554 3220 594 suo
3244 538 3503 594 Creatore

1919 630 2182 700 incipiunt
2208 643 2353 696 esse;
2395 630 2510 700 ipse
2539 644 2669 685 vero
2698 629 2925 686 Creator
2946 630 3092 685 nullo
3119 630 3279 685 modo
3313 628 3502 700 incipit

1916 736 2038 777 esse
2081 722 2159 788 ²⁶;
2189 720 2338 777 solus
2377 722 2524 775 enim
2568 721 2683 792 ipse
2723 730 2808 777 est
2844 735 2971 777 vera
3009 722 3323 787 aeternitas,
3352 720 3498 775 omni

1916 811 2182 882 principio
2218 811 2474 881 omnique
2511 811 2617 865 tlne
2647 825 2858 872 carens,
2892 811 3016 880 quia
3047 811 3162 879 ipse
3189 819 3270 865 est
3301 808 3505 881 princi-

1916 905 2061 973 pium
2090 902 2330 958 omninm
2353 909 2410 957 et
2438 901 2578 957 linis.
2610 899 2724 957 Non
2751 901 2895 956 enim
2915 915 3044 955 vera
3073 906 3155 954 est
3182 899 3500 962 aeternitas,

1915 1010 2055 1065 quae
2082 994 2479 1065 quodammodo
2504 993 2691 1063 incipit
2719 1007 2861 1060 esse,
2902 992 2995 1048 sed
3041 1007 3168 1047 vere
3213 990 3506 1046 aeternita-

1918 1085 2006 1148 tis,
2038 1099 2178 1154 quae
2204 1081 2437 1161 ἄναρχος
2474 1093 2577 1148 est,
2614 1084 2715 1138 hoc
2735 1092 2839 1150 est,
2862 1084 3008 1138 omni
3042 1090 3189 1138 caret
3216 1080 3501 1151 principio,

1915 1175 2259 1246 participatio
2286 1183 2389 1230 est.
2435 1173 2624 1230 Omnis
2648 1184 2825 1229 autem
2855 1183 3104 1230 creatura
3132 1174 3321 1243 incipit
3356 1181 3498 1236 esse,

1914 1266 2039 1335 quia
2068 1258 2209 1331 eiat,
2234 1266 2451 1335 quando
2485 1280 2591 1319 non
2619 1274 2737 1321 erat
2762 1282 2777 1320 :
2800 1274 2920 1321 erat
2961 1267 3015 1320 in
3061 1264 3264 1329 causis,
3287 1262 3504 1333 quando

1916 1372 2022 1413 non
2066 1365 2186 1411 erat
2249 1357 2304 1411 in
2365 1354 2668 1411 effectibus.
2727 1354 2845 1415 Non
2894 1355 3116 1411 omnino
3156 1354 3326 1425 igitur
3375 1364 3503 1405 vere

1916 1447 2223 1503 aeternitati
2259 1455 2545 1502 coaeterna
2592 1455 2694 1501 est.
2750 1445 2807 1501 Si
2853 1455 3032 1500 autem
3079 1446 3133 1500 in
3176 1446 3291 1515 ipsa
3339 1458 3501 1500 causa

1915 1551 2200 1596 causarum
2230 1537 2492 1602 omnium,
2518 1539 2571 1592 in
2599 1537 2862 1592 Trinitate
2891 1537 3315 1605 dico,quaedam
3345 1534 3505 1589 intel-

1915 1630 2098 1701 [igitur
2123 1630 2427 1699 praecessio
2450 1630 2531 1696 ²⁸;
2568 1629 2749 1684 Deitas
2771 1628 2915 1683 enim
2944 1628 3171 1698 gignens
3199 1635 3253 1681 et
3285 1627 3505 1680 mittens

1914 1719 2188 1791 praecedit
2219 1718 2481 1775 Deitatem
2513 1719 2749 1789 genitam
2797 1726 2852 1773 et
2898 1718 3160 1772 Deitatem
3194 1715 3503 1787 proceden-

215 1806 366 1874 quod
398 1804 452 1860 in
487 1807 683 1862 ceteris
711 1807 824 1863 suis
869 1808 1115 1878 partibus
1156 1808 1506 1866 interioribus
1545 1810 1567 1841 '
1610 1809 1815 1865 viliori-
1842 1796 1889 1856 Β
1920 1821 2025 1867 tem
2057 1826 2123 1865 ex
2153 1810 2407 1882 gignente
2430 1816 2485 1863 et
2510 1809 2708 1880 genita,
2741 1809 2868 1863 dum
2899 1807 2969 1861 sit
3002 1821 3107 1860 una
3144 1813 3199 1860 et
3225 1806 3501 1875 insepara-

214 1897 430 1966 busqne
482 1912 804 1966 permanere
861 1898 1194 1969 praevalebit
1241 1899 1305 1953 °?
1362 1899 1422 1954 lu
1468 1900 1616 1955 omni
1666 1900 1812 1954 enim

213 2001 448 2056 corpore
466 1996 770 2056 compacto,
798 1989 924 2043 dum
955 2003 1041 2053 ea,
1063 2004 1202 2059 quae
1230 1990 1533 2055 continent,
1561 1996 1811 2059 pereunt,

210 2091 360 2146 quae
429 2077 796 2145 continentur,
838 2094 1120 2137 remanere
1166 2080 1186 2111 "
1238 2096 1345 2137 non
1403 2089 1646 2151 possunt.
1705 2080 1812 2137 Sed

210 2168 344 2238 quia
372 2167 439 2223 ad
463 2168 691 2223 nihilum
733 2172 949 2239 penitus
998 2171 1176 2229 redire
1220 2186 1325 2226 non
1361 2172 1561 2241 poterit
1600 2172 1646 2239 ⁸,
1685 2187 1816 2242 quo.

211 2259 365 2313 niam
415 2261 530 2313 ex'
561 2259 876 2323 Deofactus
901 2268 1007 2326 est,
1055 2270 1111 2317 et
1157 2276 1337 2325 omne,
1393 2264 1537 2333 quod
1586 2279 1655 2319 ex
1701 2263 1816 2319 Deo

213 2350 423 2404 factum
447 2357 554 2415 est,
584 2366 798 2421 semper
835 2361 1017 2408 manet
1057 2366 1071 2405 :
1113 2354 1244 2422 quid
1299 2354 1352 2409 in
1395 2369 1463 2410 eo
1515 2355 1714 2425 peribit
1757 2364 1815 2411 et

210 2441 349 2510 quid
372 2440 415 2471 ⁸⁸
438 2455 544 2497 non
565 2441 781 2510 peribit,
805 2442 1049 2514 diligenti
1069 2442 1323 2514 indagine
1341 2446 1735 2515 quaerendum,
1758 2454 1815 2500 et

211 2532 270 2586 in
294 2531 441 2589 aliud
470 2539 681 2603 tempus
704 2536 1107 2589 reservandum.
1138 2535 1293 2591 Nunc
1334 2546 1537 2603 autem,
1565 2539 1708 2608 quod
1738 2539 1815 2592 in-

211 2630 349 2687 stat,
370 2636 618 2693 sequere.
634 2623 780 2679 Dtsc.
803 2623 971 2682 Caute
992 2641 1057 2681 ac
1082 2626 1368 2697 vigilanter
1389 2628 1653 2698 disputas.
1670 2628 1813 2683 Msa.

210 2712 551 2769 Coaeternae
573 2712 736 2784 igitur
752 2723 882 2769 sunt
903 2715 943 2748 ¹¹
969 2715 1294 2786 principales
1317 2716 1358 2747 "
1380 2732 1559 2773 rerum
1571 2720 1812 2774 omnium

211 2818 420 2861 causae
443 2805 578 2871 Deo,
605 2814 661 2861 et
687 2806 973 2877 principio,
1012 2807 1066 2863 in
1103 2824 1212 2878 quo
1253 2807 1429 2865 factae
1478 2820 1621 2865 sunt.
1673 2810 1809 2866 Nam

212 2894 265 2949 si
311 2895 455 2950 Deus
502 2895 648 2952 nullo
696 2899 855 2954 modo
900 2900 1176 2968 praecedit
1227 2901 1575 2971 principium,
1632 2903 1684 2957 id
1730 2913 1815 2959 est

211 2987 457 3045 Verbum
492 3003 525 3042 a
553 3003 612 3045 se
640 3003 705 3045 ac
732 2989 799 3045 de
834 3005 893 3044 se
927 2990 1190 3062 genitum,
1236 2992 1520 3063 ipsumque
1567 2993 1839 3050 Verbum

210 3080 365 3136 nullo
402 3081 561 3137 modo
601 3083 875 3151 praecedit
919 3083 1091 3139 factas
1134 3084 1189 3139 in
1242 3099 1301 3141 se
1348 3100 1532 3141 rerum
1581 3102 1806 3152 causas,

1890 1904 2038 1959 ‘bilis
2066 1902 2292 1957 Deitas:
2330 1915 2455 1954 unm
2497 1902 2543 1934 “
2580 1900 2776 1954 mirum
2811 1907 2904 1952 aut
2948 1895 3282 1961 incredibile,
3314 1909 3505 1950 causa-

1914 2009 2030 2048 rum
2082 2007 2302 2048 causam
2332 1992 2378 2027 ”
2404 1991 2643 2048 omnium
2692 1990 2893 2053 omnia,
2941 2004 3172 2060 quorum
3200 2002 3362 2042 causa
3396 1995 3499 2051 est,

1913 2083 2257 2154 praecedere,
2281 2091 2337 2136 et
2366 2083 2419 2136 in
2456 2094 2522 2136 ea
2551 2081 3006 2135 commutabiliter
3050 2079 3505 2147 acternaliterque

1912 2174 2029 2229 sine
2058 2170 2337 2242 temporali
2369 2171 2524 2226 initio
2546 2169 2747 2225 fuisse?
2770 2169 2827 2225 Si
2851 2184 2982 2240 ergo
3004 2170 3165 2223 Pater
3184 2168 3501 2223 occasiones

1912 2280 2115 2331 rerum,
2136 2279 2273 2334 quas
2300 2263 2429 2319 fecit
2457 2264 2510 2317 in
2540 2261 2679 2318 Filio
2706 2277 2773 2317 eo
2798 2261 2974 2323 modo.
3002 2276 3108 2331 quo
3146 2262 3317 2315 factor
3363 2257 3505 2313 facta

1914 2372 2032 2421 sua,
2062 2365 2120 2410 et
2153 2353 2389 2409 Verbum
2437 2367 2523 2418 ea,
2577 2366 2719 2422 quae
2752 2352 2914 2408 Pater
2954 2353 3008 2407 in
3058 2366 3116 2407 se
3164 2351 3214 2382 "
3262 2349 3391 2404 fecit
3440 2362 3506 2403 eo

1912 2446 2093 2512 modo,
2123 2461 2232 2517 quo
2278 2458 2371 2499 ars
2401 2443 2628 2500 artificis
2667 2456 2762 2498 eas
2796 2443 3056 2508 rationes,
3087 2456 3227 2513 quae
3269 2441 3321 2496 in
3350 2456 3414 2495 ea
3437 2439 3503 2493 al:

1913 2537 2125 2593 artifice
2146 2537 2471 2601 conduntur,
2499 2535 2769 2605 praecedit
2797 2552 2811 2588 :
2836 2535 2964 2604 quid
2990 2534 3191 2597 obstat,
3217 2532 3259 2587 si
3285 2540 3505 2585 sanctus

1916 2628 2153 2699 Spiritus
2180 2629 2251 2693 ",
2282 2627 2373 2697 qui
2413 2641 2575 2696 super
2619 2628 2875 2697 alyssum
2919 2623 3348 2696 primordialium
3379 2636 3505 2675 cau-

1916 2732 2121 2781 sarum,
2159 2732 2296 2787 quas
2330 2700 2492 2772 Pater
2542 2718 2595 2771 in
2645 2716 2819 2771 Verbo
2872 2716 3101 2778 creavit,
3143 2711 3501 2782 superfertur,

1916 2808 2033 2872 his,
2121 2808 2321 2879 quibus
2395 2808 2759 2878 superfertur,
2819 2822 3070 2878 praeesse
3136 2805 3509 2875 intelligatur?

1918 2898 2149 2969 Spiritus
2177 2915 2306 2971 ergo
2332 2910 2554 2955 sanctus
2594 2901 2852 2971 mysticas
2885 2914 3077 2969 aquas,
3105 2913 3240 2968 quas
3270 2897 3422 2971 fovct_
3446 2904 3503 2950 et

1917 2991 2217 3056 fecundat,
2269 2993 2322 3045 in
2373 2991 2553 3061 seipse
2598 2991 2946 3046 aetemaliter
2996 2987 3333 3044 aeternitatis
3374 2999 3504 3040 suae

1916 3083 2117 3137 virtute
2137 3092 2193 3136 et
2213 3090 2436 3150 superat
2459 3091 2515 3136 et
2531 3082 2826 3152 praecedit.
2886 3082 2993 3137 Sed
3019 3081 3063 3135 si
3097 3079 3229 3133 haec
3259 3078 3502 3131 rationa-

209 3174 483 3242 scquitur,
531 3173 668 3229 haec
718 3174 931 3239 omnia,
980 3175 1148 3230 Deum
1197 3176 1412 3234 Patrem
1459 3178 1600 3244 dico,
1658 3188 1715 3235 et
1760 3133 1808 3213 ις
1839 3133 1885 3196 C
1918 3173 2099 3228 hiliter
2143 3186 2400 3241 responsa
2445 3133 2571 3227 sunrt
2614 3174 2680 3227 de
2726 3172 3037 3227 conditione
3086 3168 3503 3240 principiorum,

212 3261 478 3325 Verbum.
506 3278 797 3334 rerumque
822 3264 1076 3321 “causas
1096 3266 1154 3321 in
1192 3282 1259 3323 eo
1303 3268 1478 3324 factas
1520 3279 1808 3326 coaeterna

209 3368 356 3409 esse.
389 3351 539 3409 Dtse.
570 3352 686 3409 Non
712 3355 935 3411 omnino
961 3364 1249 3413 coaeterna
1268 3368 1416 3415 sunt.
1446 3359 1581 3415 Nam
1603 3360 1804 3417 Filium

210 3442 363 3499 Patri
390 3452 738 3500 coaeternum
761 3460 883 3501 esse
909 3446 954 3477 ¹⁸
984 3448 1205 3504 omnino
1230 3450 1524 3515 credimus,
1559 3466 1623 3506 ea
1656 3467 1806 3519 vero,

206 3551 354 3605 quae
379 3533 511 3591 facit
529 3535 753 3591 Paterin
771 3537 926 3605 Filio,
941 3547 1228 3595 coaeterna
1254 3555 1372 3597 esse
1386 3541 1525 3597 Filio
1548 3544 1799 3610 dicimus,

208 3645 323 3683 non
373 3637 552 3684 autem
606 3630 831 3685 omnino
875 3639 1161 3687 coaeterna
1199 3651 1211 3686 :
1243 3641 1530 3689 coaeterna
1565 3635 1806 3705 quidem,

210 3717 343 3787 quia
364 3733 640 3787 nunquam
660 3718 759 3773 fuit
784 3720 955 3776 Filius
980 3721 1023 3753 ¹⁶
1047 3721 1165 3777 sine
1189 3724 1625 3793 primordialibus
1646 3736 1811 3781 natu-

210 3828 401 3867 rarum
448 3813 629 3868 causis
669 3813 711 3845 ¹⁷
749 3814 803 3868 in
848 3829 908 3869 se
956 3813 1130 3870 factis.
1179 3816 1331 3883 Quae
1379 3823 1560 3870 tamen
1610 3831 1808 3873 causae

211 3920 321 3960 non
345 3900 568 3960 omnino
593 3904 667 3969 ei,
697 3905 751 3959 in
782 3922 890 3976 quo
917 3906 1092 3963 factae
1118 3917 1265 3972 sunt,
1294 3916 1617 3963 coaeternae
1645 3919 1802 3976 sunt;

211 4009 321 4049 non
376 3994 521 4050 enim
561 3994 755 4051 factori
814 3996 957 4051 facta
1021 4006 1309 4053 coaeterna
1359 4011 1480 4052 esse
1539 4008 1805 4067 possunt;

212 4085 491 4156 praecedit
531 4086 676 4141 enim
727 4085 903 4142 factor
952 4102 1017 4142 ea
1064 4102 1206 4157 quae
1261 4086 1409 4142 facit.
1466 4086 1602 4142 Nam
1663 4103 1807 4157 quae

211 4178 437 4232 omnino
457 4188 744 4233 coaeterna
768 4189 914 4243 sunt,
935 4179 1008 4234 ita
1030 4179 1130 4234 sibi
1153 4179 1387 4234 invicem
1410 4179 1806 4246 coadunantur,

213 4275 276 4321 ut
302 4266 509 4321 nullum
539 4266 656 4321 sine
683 4266 853 4323 altero
892 4268 1065 4338 possit
1113 4282 1355 4335 manere,
1387 4268 1511 4337 quia
1555 4282 1808 4323 coessen-

215 4357 364 4414 tialia
386 4366 532 4415 sunt.
569 4358 765 4414 Factor
785 4369 965 4415 autem
1008 4368 1065 4415 et
1100 4359 1330 4426 factum,
1353 4360 1613 4431 quoniam
1641 4348 1803 4417 eues-

211 4449 461 4505 scntialia
491 4465 598 4506 non
622 4458 766 4516 sunt,
796 4466 900 4506 non
924 4460 1191 4522 coguntur
1223 4466 1344 4509 esse
1372 4460 1682 4517 coaeterna,
1711 4467 1805 4508 co-

210 4550 418 4612 gunlur
446 4550 626 4597 autem
671 4557 887 4613 semper
929 4557 1050 4599 esse
1096 4544 1319 4599 relativa
1359 4553 1416 4600 et
1452 4544 1613 4600 simul
1656 4559 1800 4611 esse,

210 4633 337 4702 quia
366 4630 543 4687 factor
568 4632 687 4687 sine
712 4632 854 4688 facto
881 4642 1091 4689 nonest
1116 4632 1311 4699 factor,
1347 4642 1402 4689 et
1442 4634 1648 4695 factum
1685 4636 1805 4691 sine

213 4725 421 4782 factore
447 4740 554 4781 non
581 4735 665 4781 est
702 4724 923 4781 factum.
972 4726 1108 4781 llinc
1154 4727 1460 4792 conficitur,
1503 4729 1648 4798 quod
1681 4726 1805 4782 ideo

211 4815 591 4887 primordiales
633 4831 812 4872 rerum
862 4832 1055 4872 causas
1104 4817 1215 4873 Deo
1252 4826 1571 4873 coaeternas
1598 4834 1719 4873 esse
1759 4817 1802 4848 ³⁸

213 4906 467 4974 dicimus,
508 4906 636 4978 quia
682 4922 899 4979 semper
942 4909 996 4963 in
1042 4907 1151 4965 Deo
1192 4909 1311 4965 sine
1366 4909 1475 4965 ullo
1519 4908 1801 4981 temporali

1912 3264 2041 3334 quid
2067 3262 2226 3318 veluti
2250 3262 2557 3332 specialiter
2586 3261 2758 3328 Patri,
2780 3262 2909 3332 quid
2936 3260 3135 3326 Verbo,
3161 3258 3289 3330 quid
3312 3264 3501 3313 sancto

1914 3354 2139 3426 Spiritui
2177 3355 2577 3412 attribuendum
2616 3355 2847 3422 videtur,
2891 3354 3052 3426 plane
3099 3352 3369 3409 edisseras
3405 3349 3499 3404 lla—

1913 3451 2043 3519 gito.

1980 3539 2073 3594 22.
2114 3538 2433 3608 Quanquam
2460 3553 2605 3594 enim
2646 3538 2806 3594 trium
2840 3534 3262 3592 substantiarum
3292 3532 3507 3588 divinae

1912 3631 2170 3687 bonitatis
2198 3646 2302 3685 una
2335 3639 2495 3700 atque
2527 3632 2713 3686 eadem
2743 3628 3151 3696 communisque
3175 3624 3427 3680 credatur
3451 3631 3503 3676 et

1909 3724 2238 3795 intelligatur
2266 3739 2385 3779 esse
2411 3724 2675 3794 operatio,
2715 3722 2859 3776 nulla
2892 3730 3074 3775 tamen
3100 3717 3402 3774 differentia
3438 3731 3502 3770 ac

1908 3817 2242 3887 proprietate
2290 3814 2574 3870 dicendum
2626 3822 2710 3869 est
2746 3827 2967 3878 carere;
3014 3819 3139 3867 sunt
3166 3811 3332 3875 enim,
3362 3822 3505 3879 quae

1909 3908 2135 3979 singulis
2157 3907 2404 3977 personis
2429 3906 2594 3983 veluti
2623 3906 2856 3975 quadam
2886 3902 3217 3974 proprietate
3252 3915 3281 3954 a
3314 3907 3499 3955 sancta

1912 3996 2179 4067 theologia
2210 3994 2623 4059 distribuuntur,
2662 4007 2892 4063 quorum
2940 3991 3189 4061 exempla
3227 3998 3353 4044 nota
3408 3987 3503 4042 tibi

1909 4104 2030 4145 esse
2071 4103 2179 4144 non
2225 4086 2432 4142 dubito.
2489 4085 2598 4141 Sed
2647 4094 2708 4139 ut
2743 4084 2930 4155 paucis
2970 4093 3190 4137 utamur
3218 4080 3501 4149 exemplis,

1909 4181 2186 4253 proprium
2232 4178 2408 4234 Patris
2467 4176 2750 4232 audiamus
2807 4175 2989 4229 divino
3041 4187 3138 4228 ore
3190 4172 3442 4241 loquente
3488 4188 3502 4223 :

1908 4275 2048 4329 Dum
2074 4274 2209 4329 venit
2231 4271 2499 4343 plenitudo
2530 4279 2819 4340 temporum
2852 4267 2920 4332 “,
2946 4266 3087 4321 misit
3130 4265 3271 4319 Deus
3301 4262 3502 4317 Filium

1907 4379 2061 4419 suum
2096 4362 2296 4433 factum
2319 4376 2386 4415 ea:
2410 4358 2647 4424 muliere,
2673 4357 2870 4428 factum
2894 4373 2959 4412 ea:
2986 4356 3097 4427 lege
3126 4356 3197 4422 ⁸⁷,
3221 4354 3501 4425 proprium

1906 4453 2027 4508 Filii
2057 4471 2071 4507 :
2104 4450 2350 4518 Quicum
2374 4450 2428 4505 in
2458 4449 2630 4520 {arma
2661 4447 2757 4503 Dei
2784 4458 2937 4513 esset,
2964 4463 3068 4501 non
3094 4446 3333 4516 rapinam
3366 4444 3503 4497 arbi—
3568 4499 3581 4513 ,

1910 4554 2080 4599 tratus
2106 4552 2203 4608 est,
2229 4556 2339 4597 esse
2358 4557 2414 4595 se
2436 4538 2704 4611 aequalem
2724 4538 2854 4603 Deo,
2869 4539 2959 4592 sed
2981 4538 3310 4624 semetipsum
3327 4535 3505 4619 exina-

1912 4635 2061 4698 nivit,
2093 4633 2318 4703 formam
2346 4631 2480 4686 servi
2502 4629 2761 4699 accipiens
2784 4630 2852 4693 ’⁸,
2885 4638 2939 4682 et
2966 4630 3190 4698 reliqua.
3219 4613 3502 4697 Proprium

1912 4725 2148 4795 Spiritus
2172 4723 2345 4780 sancti
2370 4723 2424 4777 in
2447 4720 2916 4776 administratione
2956 4719 3343 4775 incarnationis
3367 4719 3505 4774 Ver-

1910 4818 1963 4871 bi
1988 4818 2032 4853 '9
2057 4815 2408 4887 Evangelium
2437 4812 2766 4874 manifestat,
2793 4811 3004 4867 dicente
3019 4812 3211 4882 angelo
3233 4811 3300 4865 de
3321 4817 3508 4865 sancta

1909 4909 2002 4963 Dei
2026 4886 2283 4978 genitrice
2312 4926 2325 4961 :
2348 4886 2507 4972 Quod
2530 4904 2583 4957 in
2606 4919 2668 4958 ea
2696 4914 2875 4958 natum
2894 4913 2990 4970 est,
3012 4904 3077 4958 de
3100 4902 3300 4973 Spiritu
3325 4910 3507 4956 saneta

1502 5064 1758 5121 VARIAE
1792 5061 2193 5120 LECTIONES.

289 5180 616 5249 'SicCDE:
644 5182 686 5263 4
723 5179 1116 5263 ιιυηεβοεξρι..
1134 5180 1438 5263 seriem
1470 5179 1833 5263 ίιειεέζίθίιλμὶ
1873 5177 1966 5263 δίει
1987 5152 2112 5263 QE}
2144 5176 2187 5256 ᾼ
2226 5183 2349 5263 PP“
2393 5175 2763 5263 ετίηξέῖητίῐιξίεί

214 5263 332 5338 post
362 5269 482 5305 eum
515 5245 626 5334 om.
654 5253 720 5308 A.
793 5250 945 5307 "Sic
986 5245 1299 5332 CDE;Aid
1327 5259 1432 5334 est.
1508 5252 1530 5282 ⁵
1566 5245 1660 5305 Sic
1702 5249 1873 5332 CDE;.
1918 5249 1962 5302 A
2009 5246 2365 5372 ingerioribus.
2441 5246 2462 5276 ⁸
2491 5245 2581 5300 Sic
2633 5245 2803 5328 CDE;
2860 5246 2904 5298 Α

214 5321 384 5372 (.DE:
412 5322 460 5372 A
491 5333 708 5372 retinere
734 5333 1167 5372 nemonentmnt.
1242 5322 1266 5354 ⁸
1296 5321 1387 5372 Sic
1426 5321 1590 5372 CDE:
1634 5320 1681 5372 A
1728 5330 1915 5372 notuit.
1991 5317 2015 5348 ⁹
2103 5332 2150 5371 tc
2183 5315 2346 5372 [ΖΒΕ.
2376 5315 2417 5369 Α
2443 5332 2495 5370 a.
2575 5316 2616 5347 ⁸⁸
2659 5314 2750 5371 Stc
2792 5315 2904 5368 ADI

217 5330 385 5386 UDE;
412 5330 460 5375 Α
491 5330 708 5378 retinere
734 5330 1167 5393 permanentiant.
1242 5330 1266 5354 '
1296 5330 1387 5376 Sic
1426 5330 1591 5387 oms;
1634 5330 1681 5373 Α
1728 5330 1915 5388 potuit.
1991 5330 2015 5348 '
2060 5330 2150 5372 Sic
2183 5330 2346 5381 una;
2376 5330 2417 5369 Α
2443 5332 2495 5370 a.
2575 5330 2616 5347 "
2659 5330 2725 5369 Su

217 5394 261 5424 ¹¹
291 5393 387 5448 Sic
409 5392 573 5462 CDE;
608 5392 653 5447 Α
678 5404 798 5448 sunt
825 5393 1004 5462 igitur.
1081 5392 1126 5424 “
1151 5390 1243 5462 Sic
1283 5392 1449 5462 CDE;
1480 5391 1525 5446 Α
1553 5388 1940 5462 primordiales.
2017 5386 2186 5462 {Sic
2211 5385 2387 5462 __;
2433 5394 2480 5462 et
2523 5400 2633 5462 om.
2659 5385 2725 5439 A.

213 5320 385 5386 CDE;
412 5322 475 5393 Ai
491 5323 708 5393 retinere
734 5324 1183 5393 permanentith
1197 5391 1204 5393 _
1242 5322 1266 5354 ⁸
1296 5321 1591 5393 Sic7CDE;
1626 5320 1681 5393 AA

216 5464 266 5495 "
294 5462 390 5519 Sic
417 5461 589 5529 CDE;
629 5480 738 5519 esse
779 5459 888 5519 oni.
949 5461 1016 5516 Α.
1094 5462 1138 5495 ³⁸
1184 5459 1276 5518 Sic
1320 5461 1489 5527 CDE;

216 5532 552 5587 naturalibus
577 5542 626 5587 et
652 5533 705 5588 in
731 5549 791 5590 se
814 5532 972 5586 factis
999 5540 1104 5588 cet.

1540 5461 1702 5529 ﬁlius,
1730 5475 1840 5517 om.
1892 5460 1961 5513 Α.

1202 5532 1246 5563 ’⁸
1272 5532 1364 5589 Sic
1408 5532 1578 5597 CDE;
1615 5547 1725 5586 esse
1757 5544 1867 5583 om.
1895 5530 1961 5583 A.

2226 5183 2349 5246 post
2393 5175 2817 5247 euntrr(mun_dum
2863 5172 3090 5247 om..D).
3167 5172 3189 5204 ⁸
3203 5172 3302 5247 Sic
3335 5170 3500 5247 QDE,

2951 5241 3305 5312 perinanebita
3362 5243 3382 5273 "
3415 5241 3505 5296 Sic

2103 5317 2150 5371 ic
2183 5315 2346 5381 CDE;
2376 5315 2417 5369 A
2443 5332 2495 5370 a.
2575 5316 2616 5347 ⁵⁸
2659 5314 2750 5371 Sic
2792 5311 2958 5378 ADE;
2994 5313 3034 5366 A
3083 5313 3243 5381 quid;
3279 5311 3319 5366 C
3345 5312 3503 5378 quod.

2829 5384 2851 5415 ⁸
2878 5384 2968 5438 Sic
2995 5382 3129 5436 CDE
3156 5399 3170 5446 ;
3221 5382 3263 5434 A
3311 5398 3501 5435 rerum.

2040 5458 2084 5490 "
2129 5456 2221 5511 Sic
2245 5456 2415 5514 CDE:
2447 5455 2487 5509 A
2527 5455 2645 5511 sine
2676 5453 3103 5525 primordialibus
3135 5452 3309 5525 capsis
3336 5449 3506 5504 Filius

2066 5527 2109 5560 "
2137 5526 2227 5582 Sic
2257 5525 2429 5590 CDE;
2476 5525 2518 5596 ᾼ
2565 5519 2757 5596 quae."
2806 5524 2996 5596 "ipse
3032 5537 3150 5576 vero
3181 5519 3415 5596 Creator_
3439 5546 3511 5561 -ο

216 5604 400 5672 incipit
428 5619 538 5657 esse
565 5618 675 5658 om.
705 5604 767 5660 C.
834 5604 878 5635 ’ί
912 5601 1003 5657 Sic
1030 5601 1202 5672 CDE;
1230 5601 1277 5656 A
1312 5590 1615 5672 processio.
1640 5602 1716 5672 ﬂ”
1744 5599 1835 5672 Sic
1884 5598 2052 5672 QDE;
2104 5597 2150 5651 Α
2193 5613 2318 5651 non.
2394 5597 2441 5629 ”
2472 5590 2601 5672 Sic:
2627 5594 2761 5672 OQP}
2775 5611 2812 5672 _;_
2847 5590 2924 5672 A;
2945 5607 3226 5672 causarum
3274 5590 3513 5672 omnium

218 5663 460 5726 (καὶαπ.
537 5673 583 5705 ⁸³
615 5672 705 5729 Sic
750 5672 922 5737 CDE;
954 5673 997 5726 A
1035 5673 1088 5728 iu
1121 5663 1279 5727 Filio.
1312 5663 1322 5672 ’
1356 5671 1403 5704 ⁸⁵
1452 5672 1544 5726 Sic
1589 5671 1707 5735 (Ἐς
1752 5670 1843 5724 AD
1890 5663 2120 5739 Spiritus
2158 5678 2394 5722 sanctus.
2437 5666 2516 5739 _“
2546 5664 2637 5720 Sic
2676 5663 3169 5739 _CD_lj‘.;A-_tempo

3175 5662 3267 5715 ris.
3345 5660 3389 5691 "
3416 5659 3511 5715 Sic

220 5742 389 5809 CDE;
416 5742 462 5797 A
486 5743 679 5812 [artant
700 5729 773 5798 exi
790 5744 898 5814 lege
912 5729 957 5813 'f.
985 5760 1029 5797 e.
1057 5759 1127 5797 nt.
1198 5743 1242 5777 ³⁸
1273 5742 1364 5799 Sic
1408 5742 1572 5807 CDE;
1600 5748 1637 5796 Α
1663 5729 1704 5795 α’
1723 5751 1797 5796 est
1826 5729 1943 5795 esse
1964 5757 2009 5796 s.
2033 5759 2083 5795 η.
2112 5740 2165 5794 d.
2193 5755 2236 5800 δ..
2271 5755 2313 5792 s.
2343 5754 2390 5792 e.
2421 5737 2461 5807 f.
2495 5753 2597 5792 ια.
2673 5735 2716 5769 ⁸⁸
2745 5734 2833 5791 Sic
2860 5733 3023 5800 CDE;
3054 5729 3274 5791 [verbi
3305 5729 3425 5785 Dei.
