4064 6292
475 5054 537 5372 l

519 327 628 390 863

1894 325 2174 383 JO.\NNIS
2213 324 2410 382 SCOTI

3685 321 3792 378 564

521 452 618 500 est.
662 441 799 498 MAG.
833 441 1280 498 Ratiociuationis
1319 449 1442 497 tuae
1467 441 1807 514 investigatio
1835 451 1948 496 rata
1978 439 2108 496 mihi
2139 446 2186 505 Α
2213 457 2372 496 nemo
2397 453 2528 495 sane
2555 425 2888 496 credentium
2916 449 3171 512 recteque
3209 438 3619 513 intelligentiam
3661 441 3797 498 hac-

522 533 734 588 vidctur
781 532 840 598 ¹;
890 547 996 587 non
1045 532 1196 587 enim
1245 546 1275 585 a
1335 532 1564 587 veritate
1605 532 1794 602 Opinor
1842 533 1864 562 ³
1909 545 2028 586 eam
2079 529 2100 560 ³

523 621 759 678 deviare.
785 620 1034 690 Ideoque,
1083 621 1226 690 quod
1268 620 1290 650 ⁸
1333 635 1365 673 a
1421 635 1523 687 me
1552 619 1814 690 postulas,
1867 619 2104 673 conabor

523 713 818 784 inquirere,
845 727 908 767 eo
930 713 1082 778 duce,
1115 711 1206 781 qui
1242 711 1309 766 ad
1337 711 1568 781 seipsum
1599 710 1975 780 inquirendum
2006 723 2105 765 nos

524 803 796 858 illuminat
819 811 874 858 et
902 802 1113 857 invitat.
1154 801 1379 858 Videtur
1426 802 1608 870 itaque
1633 801 1655 832 ⁸
1680 799 1811 855 mihi
1840 799 2106 854 conditio-

528 893 613 950 nis
639 901 955 948 naturarum
1006 891 1298 948 causaliter
1333 893 1715 963 prolirietatcm
1758 891 1867 945 Deo
1909 889 2054 946 Patri
2084 889 2106 921 ⁸

527 981 852 1052 theologiam
892 981 1127 1036 tribuere
1156 999 1168 1034 :
1195 980 1261 1035 In
1282 980 1558 1052 principio,
1598 979 1790 1050 inquit,
1818 979 1936 1049 fecit
1965 979 2106 1034 Deus

527 1070 728 1142 caelum
774 1080 823 1125 et
876 1080 1104 1137 terram;
1140 1071 1267 1126 item
1307 1070 1476 1126 alibi:
1511 1072 1701 1125 Omnia
1750 1072 1805 1126 in
1853 1070 2108 1141 sapientia

527 1160 725 1229 fecisti;
749 1160 874 1214 item
901 1179 914 1214 :
941 1160 1044 1226 Qui
1065 1161 1228 1230 fecisti
1257 1161 1509 1216 mundum
1531 1161 1594 1215 de
1614 1162 1834 1216 materia
1857 1160 2108 1230 informi;

527 1260 582 1306 ct
604 1251 728 1308 alibi
759 1271 770 1305 :
796 1251 1007 1320 Omnia,
1025 1269 1358 1324 quaecunque
1383 1252 1539 1308 voluit
1567 1253 1823 1308 Dominus
1843 1254 1886 1318 ⁷,
1910 1253 2028 1322 fecit
2053 1253 2110 1307 in

528 1340 671 1396 caelo
701 1351 748 1396 et
781 1343 835 1398 in
882 1352 1040 1410 terra,
1083 1344 1136 1397 in
1168 1344 1303 1398 mari
1330 1354 1375 1404 et
1407 1345 1460 1398 in
1484 1343 1721 1399 omnibus
1749 1344 1948 1414 abyssis
1983 1343 2027 1409 ⁸,
2055 1349 2112 1398 et

528 1441 707 1486 cetera
750 1432 914 1487 mille.
971 1433 1026 1489 lu
1062 1432 1235 1489 Verbo
1285 1443 1465 1490 autem
1514 1436 1750 1491 rationes
1797 1437 1818 1470 ’
1867 1434 2110 1492 omnium

529 1537 706 1575 rerum
757 1523 1120 1579 substantivas
1166 1524 1210 1556 ¹⁰
1257 1525 1505 1582 conditas
1564 1539 1685 1582 esse
1740 1525 1780 1558 “
1830 1525 2110 1596 perbibet,

529 1612 821 1680 praedictis
873 1615 1074 1670 eisdem
1125 1618 1506 1674 attestantibus
1555 1619 1879 1674 testimoniis
1926 1619 2006 1674 ηε
2041 1618 2109 1672 1η

529 1703 782 1773 principio
819 1704 941 1775 fecit
977 1705 1115 1762 Deus
1145 1705 1350 1762 caelum
1377 1717 1425 1763 et
1457 1717 1684 1774 terram;
1713 1717 1768 1764 et
1797 1725 1811 1763 :
1837 1707 2027 1764 Omnia
2052 1709 2109 1764 in

2202 533 2331 586 sitat
2380 532 2688 598 aliirmare,
2735 533 3033 602 spiritualia
3107 533 3247 588 dona
3274 571 3288 599 ,
3336 541 3474 603 Quae
3527 531 3797 602 propheta

2202 622 2369 677 lsaias
2390 638 2556 694 super
2579 630 2740 692 caput
2769 622 3058 685 Ecclesiae,
3092 623 3237 693 quod
3266 632 3349 678 est
3383 619 3654 686 Christus,
3707 634 3798 675 re—

2202 715 2448 784 quietura
2480 715 2838 786 prophetavit,
2865 731 2971 771 non
2997 731 3096 786 per
3125 714 3289 771 alium
3330 713 3434 771 nisi
3478 730 3580 784 per
3624 713 3803 784 Spiri-

2206 815 2319 870 tum
2363 817 2610 863 sanctum
2639 807 2750 862 Deo
2785 808 2950 863 verbo
2998 808 3281 862 incarnato
3320 806 3602 862 distributa
3649 819 3800 869 esse,

2204 898 2334 967 quid
2364 897 2582 962 mirum,
2617 898 2662 952 si
2690 897 2986 964 Ecclesiae,
3026 911 3165 968 quae
3188 905 3269 952 est
3293 911 3491 967 corpus
3514 896 3652 966 ejus,
3687 909 3800 949 non

2205 988 2376 1044 solum
2406 989 2544 1044 dona
2576 989 2780 1059 gratiae
2804 1004 2901 1058 per
2924 988 3216 1056 Christum,
3250 989 3342 1044 sed
3381 989 3542 1043 etiam
3579 989 3625 1018 ¹¹
3659 987 3804 1042 dona

2207 1089 2432 1136 naturae
2457 1095 2555 1151 per
2575 1080 2802 1135 eundem
2831 1079 3104 1136 Christum
3130 1079 3272 1134 idem
3319 1079 3364 1110 “
3393 1077 3625 1149 Spiritus
3660 1076 3805 1130 divi-

2208 1173 2298 1230 dat
2321 1181 2374 1228 ct
2399 1173 2530 1228 det?
2567 1171 2788 1242 insuper
2819 1172 2982 1227 etiam
3011 1171 3058 1204 "
3091 1171 3238 1228 omni
3275 1179 3558 1226 creaturae
3600 1165 3808 1222 visibili

2209 1271 2264 1318 et
2293 1262 2548 1317 invisibili
2575 1262 2773 1317 donum
2801 1262 3070 1318 cssentiae
3103 1261 3312 1328 tribuit,
3350 1269 3411 1315 ut
3449 1260 3558 1315 sint
3585 1259 3633 1291 "'
3662 1272 3809 1326 quae

2209 1350 2544 1406 solummodo
2585 1359 2744 1415 sunt;
2795 1351 2994 1406 donum
3035 1349 3180 1405 vitae
3222 1348 3548 1411 viventibus,
3580 1363 3689 1418 quo
3717 1346 3809 1400 vi-

2209 1447 2341 1494 vunt
2370 1438 2445 1505 ²⁶;
2477 1438 2835 1494 sentientibus
2870 1439 3070 1494 donum
3111 1453 3325 1503 sensus,
3375 1452 3482 1508 quo
3527 1437 3808 1500 sentiunt;

2213 1528 2563 1584 rationalibus
2609 1528 2834 1584 rationis
2878 1530 3096 1593 donum,
3139 1543 3247 1597 quo
3280 1528 3324 1560 "
3364 1535 3588 1581 naturas
3618 1539 3811 1580 rerum

2213 1618 2566 1674 ratiocinandi
2603 1627 2727 1674 actu
2755 1633 2882 1674 vere
2920 1634 2985 1674 ac
3012 1619 3294 1688 diligenter
3324 1619 3373 1652 ’⁸
3407 1617 3726 1688 perquirunt
3749 1623 3820 1669 et

2213 1711 2524 1777 inveniunt;
2568 1709 3017 1766 iulellectualibus
3063 1709 3396 1780 intelligendi
3431 1708 3653 1771 donum,
3699 1720 3817 1774 quo

529 1794 784 1861 sapientia
828 1796 1016 1865 fecisti.
1077 1797 1190 1854 Non
1238 1799 1384 1854 enim
1425 1799 1570 1854 aliud
1613 1807 1698 1855 est
1743 1800 2105 1871 principium,
2139 1797 2183 1858 Β
2211 1801 2357 1856 circa
2383 1798 2573 1864 Deum,
2604 1813 2825 1855 causam
2855 1799 3102 1855 videlicet
3142 1799 3497 1855 donationum
3538 1797 3816 1859 omnium,

491 1883 496 1888 '
529 1881 672 1937 aliud
712 1885 994 1954 sapientia,
1026 1887 1170 1942 aliud
1205 1886 1454 1954 Verbum,
1487 1889 1582 1944 sed
1607 1889 1693 1945 his
1725 1890 1977 1946 omnibus
2014 1906 2112 1947 no-

532 1972 920 2033 minationibus
960 1979 1268 2049 unigcnitus
1309 1978 1476 2034 Filius
1510 1977 1628 2046 Dei,
1670 1979 1726 2034 in
1771 1995 1879 2051 quo
1913 1988 1969 2035 et
2016 1995 2116 2052 per

532 2078 692 2132 quem
719 2067 900 2120 omnia
928 2083 955 2122 a
983 2067 1147 2124 Patre
1176 2069 1320 2125 facta
1345 2078 1489 2136 sunt,
1517 2072 1736 2142 proprie
1756 2072 2110 2142 signilieatur.

533 2152 819 2223 Apostolus
845 2157 973 2213 item
993 2173 1008 2211 :
1028 2157 1092 2212 In
1113 2177 1214 2230 quo
1234 2160 1469 2227 vivimus,
1493 2159 1687 2231 inquit,
1709 2169 1766 2217 et
1789 2161 1832 2194 “
1847 2177 2122 2217 movemur.

449 2257 452 2262 ·
533 2253 582 2297 et
604 2261 805 2313 sumus,
829 2246 879 2302 id
903 2257 1009 2314 eSt,
1032 2248 1251 2318 ipseest
1269 2249 1446 2321 imago
1468 2251 1562 2308 Dei
1589 2251 1894 2320 invisibilis,
1914 2252 2113 2322 primo-

539 2338 754 2407 genitus
782 2342 959 2397 omnis
987 2351 1288 2407 creaturae,
1332 2344 1388 2398 in
1431 2359 1537 2415 quo
1567 2353 1749 2400 creata
1780 2354 1906 2400 sunt
1933 2345 2126 2400 omnia

537 2424 592 2479 in
612 2427 933 2486 caelestibus
957 2440 1012 2486 et
1050 2431 1103 2486 in
1134 2440 1298 2501 terra,
1329 2433 1444 2490 sive
1473 2434 1702 2490 visibilia
1726 2435 1842 2491 sive
1869 2435 2118 2490 invisibi-

539 2515 631 2582 lia,
655 2519 770 2574 sive
794 2521 970 2588 sedes,
999 2523 1113 2579 sive
1139 2523 1551 2588 dominationes,
1598 2525 1714 2582 sive
1761 2526 2114 2596 principatus,

537 2617 593 2662 et
622 2617 932 2678 potestates,
965 2612 1145 2668 omnia
1178 2613 1222 2646 “
1247 2629 1345 2684 per
1367 2616 1540 2685 ipsum
1582 2623 1638 2670 et
1681 2616 1738 2670 in
1786 2616 1900 2686 ipso
1935 2625 2118 2672 creata

541 2707 685 2752 sunt.
715 2698 965 2756 Omnium
990 2718 1118 2759 vero
1145 2718 1451 2771 causarum,
1489 2720 1626 2775 quas
1651 2706 1811 2761 Pater
1841 2709 1895 2762 in
1939 2705 2120 2769 Verbo

541 2805 639 2846 suo
669 2792 1041 2848 universaliter
1062 2803 1116 2850 et
1141 2796 1500 2851 essentialitcr
1527 2797 1750 2864 creavit,
1784 2797 2124 2860 distributio-

543 2896 664 2936 nem
696 2882 919 2951 Spiritui
962 2895 1152 2940 sancto
1178 2887 1403 2942 eandem
1462 2887 1788 2967 theologiam
1829 2897 2126 2965 reperimus

545 2969 830 3040 applicare.
848 2971 1059 3028 Sienim
1085 2975 1185 3044 ipsi
1202 2975 1505 3029 divinarum
1527 2976 1878 3040 (lanationutn
1909 2983 2128 3054 pan-tizio

547 3061 983 3133 distributioque,
1016 3073 1153 3120 teste
1177 3065 1456 3136 Apostolo,
1491 3073 1674 3140 datur,
1699 3091 1795 3130 cur
1829 3091 1933 3130 non
1964 3075 2127 3129 etiam

2212 1889 2484 1962 incognite
2535 1903 2601 1944 ac
2659 1904 2822 1960 super
2876 1904 3090 1945 omnem
3155 1899 3462 1944 creaturam
3516 1887 3823 1942 volvuntur

2212 1982 2468 2040 ineli‘abili
2516 1991 2664 2039 motu
2695 1983 3034 2054 mirabilique
3081 1983 3278 2039 reditu.
3336 1980 3473 2036 Nam
3516 1978 3820 2051 mysticum

2212 2074 2511 2130 Zachariae
2561 2075 2857 2146 prophetae
2901 2075 3312 2142 candelabrum,
3351 2083 3411 2129 ut
3453 2073 3520 2130 de
3567 2072 3822 2128 Mosaico

2212 2165 2423 2232 sileam,
2449 2166 2575 2221 dum
2604 2165 2672 2221 ad
2695 2165 2868 2237 ipsum
2893 2166 3124 2236 pertinet
3144 2165 3482 2237 mysterium,
3505 2163 3821 2221 Ecclesium

2214 2255 2498 2326 significat.
2530 2255 2761 2328 Lampas
2784 2259 2830 2292 "
2855 2271 2982 2312 vero
3016 2255 3134 2330 ejus
3161 2256 3207 2292 ‘°
3234 2260 3464 2328 desuper
3509 2255 3685 2326 posita
3713 2269 3823 2324 pa-

2217 2351 2428 2398 ternum
2455 2351 2539 2402 est
2567 2342 2747 2400 lumen
2777 2357 2844 2403 ac
2872 2359 3082 2413 verum,
3126 2345 3267 2417 quod
3297 2343 3560 2398 illuminat
3598 2356 3824 2395 omnem

2215 2431 2472 2486 hominem
2503 2433 2785 2492 venientem
2820 2437 2876 2492 in
2905 2437 3158 2492 mundum
3197 2435 3265 2490 “.
3322 2433 3576 2491 Dominus
3617 2440 3828 2487 noster

2215 2523 2372 2584 Jesus
2396 2522 2442 2558 "'
2470 2521 2738 2592 Christus,
2769 2529 2882 2598 qui,
2917 2527 3170 2598 quoniam
3199 2539 3297 2596 pro
3334 2524 3508 2589 nobis,
3539 2539 3603 2578 ex
3625 2523 3826 2586 nobis,

2219 2615 2274 2676 in
2331 2628 2546 2676 nostrae
2597 2619 2776 2675 carnis
2822 2628 3033 2683 natura,
3082 2626 3138 2672 et
3179 2623 3468 2686 conceptus
3514 2613 3562 2646 ⁸³
3595 2621 3654 2667 et
3703 2627 3825 2666 na-

2223 2719 2308 2766 tus
2334 2719 2437 2775 est,
2471 2717 2526 2764 et
2559 2708 2810 2778 apparuit
2831 2706 3050 2772 mundo,
3087 2719 3258 2780 super
3283 2702 3666 2760 candelabrum
3709 2702 3830 2757 Ec-

2223 2801 2417 2857 clesiae
2452 2800 2660 2870 lampas
2693 2799 2913 2867 dicitur,
2945 2800 3071 2853 dum
3100 2797 3170 2853 sit
3213 2796 3511 2852 secundum
3554 2802 3826 2848 naturam

2225 2895 2337 2964 ipsa
2361 2893 2454 2948 Dei
2477 2902 2532 2947 et
2553 2891 2730 2947 Patris
2749 2891 3120 2946 substantialis
3134 2890 3179 2922 "
3192 2888 3459 2960 sapientia
3475 2896 3530 2943 et
3544 2884 3824 2952 Verbum,

2226 3001 2390 3056 super
2417 2985 2465 3017 ³⁸
2514 2999 2672 3054 quem
2727 2983 2907 3053 primo
2956 2982 3003 3014 ³⁶
3046 2982 3338 3038 secundum
3397 2978 3827 3050 intelligentiam

2229 3076 2602 3141 humanitatis,
2625 3082 2785 3144 caput
2808 3074 3004 3144 quippe
3031 3074 3076 3108 ³⁷
3101 3073 3335 3129 universi
3359 3071 3599 3143 corporis
3625 3069 3832 3124 Eccleo

545 3151 969 3221 Ρνίιηοτάίθιίυηι
1018 3169 1304 3210 causam!“
1365 3157 1797 3220 SIIhStantialiter
1846 3167 1896 3220 in
1951 3164 2126 3221 Verbo
2154 3165 2198 3226 C
2229 3169 2340 3224 siae
2353 3167 2788 3234 est,douationcs
2811 3165 2981 3221 sancti
3004 3164 3260 3235 Spiritus,
3275 3178 3414 3232 quae
3436 3160 3748 3230 septenario
3774 3160 3832 3194 ⁸³

548 3242 642 3296 Dei
674 3243 718 3274 "
755 3243 1092 3328 conditarum
1121 3244 1312 3301 divisio
1343 3246 1608 3310 daretur?
1644 3256 1750 3309 Alii
1782 3257 1824 3287 ³⁸
1851 3256 2014 3319 enim,
2054 3256 2129 3310 in.

546 3331 682 3400 quit,
709 3348 802 3402 per
822 3331 1078 3402 Spiritum
1099 3334 1260 3388 datur
1278 3352 1450 3395 sermo
1471 3345 1770 3414 sapientiae,
1787 3344 2059 3399 aliisermo
2083 3346 2124 3377 ¹⁷

548 3421 795 3474 scientiae
861 3421 1147 3475 secundum
1214 3424 1438 3486 eundem
1500 3433 1790 3502 Spiritum,
1851 3433 1942 3487 alii
1999 3435 2128 3502 ﬁdes

549 3514 603 3566 in
628 3514 806 3567 eodem
832 3513 1056 3585 Spiritu,
1100 3514 1193 3569 alii
1222 3531 1400 3576 autem
1434 3527 1479 3560 ιθ
1515 3525 1819 3580 donationes
1848 3527 2129 3580 sanitatum

552 3605 607 3656 in
667 3603 844 3657 eodem
891 3603 1133 3674 Spirilu,
1185 3604 1277 3659 alii
1335 3623 1512 3670 autem
1565 3615 1792 3686 Operatio
1839 3617 2127 3679 virtutum,

556 3694 650 3748 alii
690 3697 1005 3766 prophetiae,
1059 3697 1153 3752 alii
1197 3697 1444 3762 disCi'etio
1486 3709 1786 3779 spirituum,
1828 3708 1921 3762 alii
1961 3721 2133 3764 autem

554 3802 741 3855 genera
785 3786 1106 3858 linguarum,
1153 3789 1246 3844 alii
1289 3798 1654 3870 interpretatio
1703 3800 1747 3832 ι’
1791 3817 2134 3858 sermonum:

557 3877 732 3929 οηιηὲα
754 3887 925 3931 autem
955 3880 1082 3934 haec
1107 3897 1357 3951 operitur
1383 3907 1516 3946 unus
1539 3901 1692 3963 atque
1717 3893 1852 3946 idem
1872 3891 2097 3963 Spiritus
2117 3933 2134 3961 ,

555 3967 788 4022 dividens
827 3973 1037 4042 propria
1071 3976 1374 4054 animique,
1386 3992 1540 4054 prout
1569 3985 1691 4038 vult.
1738 3983 1849 4038 l‘loc
1882 3985 2041 4040 etiam
2069 4000 2137 4039 ex

558 4059 834 4126 Scrinium
864 4061 1134 4117 09110500i
1147 4081 1447 4142 .‘possumus
1467 4076 1856 4146 argumentari,
1881 4075 1974 4144 ubi
2002 4075 2142 4131 scri-

560 4173 710 4232 ptum
737 4172 820 4221 est
849 4181 864 4221 :
892 4163 962 4221 Et
1005 4170 1233 4240 δμοηιτιε
1265 4168 1364 4222 Dei
1407 4168 1609 4239 fovebat
1655 4186 1839 4241 aquas.
1888 4168 1970 4224 Ad
2013 4169 2142 4238 quid

561 4254 704 4308 enim
735 4255 877 4312 aliud
905 4258 1272 4314 aestimandus
1305 4265 1391 4314 est
1425 4257 1470 4291 ²⁰
1503 4258 1736 4329 Spiritus
1779 4259 1874 4313 Dei
1915 4259 2145 4326 printer-

563 4344 785 4398 dialium
833 4360 1116 4403 causarum
1167 4361 1335 4418 aquas
1379 4346 1610 4414 fovisse,
1655 4347 2001 4414 fecundasse,
2047 4365 2146 4404 nu-

567 4433 741 4496 trisse,
771 4434 872 4488 uisi
917 4444 974 4488 ut
1027 4451 1112 4502 ea,
1145 4452 1283 4506 quae
1307 4435 1649 4492 uniformiter
1671 4437 1714 4468 ’ί
1739 4437 2037 4508 unitimque
2082 4453 2147 4494 ac

2230 3273 2454 3314 numero
2488 3255 2778 3324 signiﬁcari
2802 3254 2992 3319 solent,
3027 3254 3392 3323 requiescunt.
3421 3251 3608 3305 Divina
3640 3248 3833 3318 siqui-

2230 3351 2349 3404 dem
2379 3349 2542 3412 dona,
2577 3362 2718 3416 quae
2747 3360 2842 3417 per
2866 3345 3124 3415 Spiritum
3152 3352 3397 3399 sanctum
3421 3341 3837 3397 distribuuntur

2230 3442 2525 3506 Ecclesiae,
2551 3441 2804 3510 quoniam
2839 3440 2906 3495 ab
2939 3455 3046 3494 uno
3075 3439 3263 3509 spiritu
3291 3438 3705 3500 distribuuntur,
3743 3437 3832 3493 ab

2231 3533 2399 3601 ipsius
2426 3531 2619 3600 capite,
2643 3529 2861 3585 Christo
2885 3529 3029 3594 dico,
3057 3529 3384 3593 inchoantia,
3405 3528 3616 3582 nomine
3641 3525 3836 3596 ipsius

2233 3621 2464 3692 Spiritus
2484 3621 2656 3676 solent
2678 3621 2989 3692 signiﬁcari.
3005 3620 3118 3676 Non
3143 3620 3286 3675 enim
3310 3619 3423 3690 ipse
3447 3619 3495 3650 ”
3517 3617 3834 3673 secundum

2234 3720 2480 3765 naturam
2507 3710 2704 3766 donum
2727 3710 2829 3764 dici
2852 3717 3045 3780 potest,
3064 3707 3158 3763 sed
3181 3707 3501 3762 distributor
3525 3706 3831 3762 donorum.

2234 3802 2464 3871 ideoque
2516 3800 2846 3872 septiformis
2894 3800 3133 3865 dicitur,
3183 3799 3310 3868 quia
3341 3798 3387 3829 ⁸ο
3428 3795 3834 3868 plenitudinem

2235 3891 2539 3947 divinorum
2601 3890 2910 3954 donorum,
2952 3903 3092 3956 quae
3143 3886 3453 3957 septenario
3513 3884 3838 3940 insinuatur

2238 3999 2484 4049 numero,
2508 3983 2886 4038 universaliter
2907 3980 3185 4037 Ecclesiae
3205 3979 3394 4035 dividit
3423 3994 3489 4035 ac
3510 3978 3726 4049 pr0prie
3754 3977 3834 4034 δ’.

2241 4074 2356 4144 Ipse
2378 4075 2521 4129 enim
2548 4073 2782 4144 Spir-itus
2803 4069 3170 4127 coesseutialis
3195 4078 3280 4126 est
3306 4067 3454 4124 Patri
3489 4076 3545 4123 et
3569 4067 3704 4122 Filio
3733 4082 3838 4123 se-

2240 4165 2472 4222 cundum
2496 4164 2849 4220 divinitatem.
2886 4161 3062 4234 Super
3089 4175 3270 4231 quem,
3293 4157 3489 4214 Filium
3514 4157 3660 4221 dico,
3680 4155 3837 4212 divi-

2243 4271 2341 4312 uas
2370 4254 2720 4323 donationes,
2765 4268 2901 4323 quas
2947 4251 3245 4315 distribuit,
3294 4248 3639 4318 requiescere
3685 4243 3837 4301 facit

2244 4345 2538 4402 secundum
2593 4343 2983 4400 humanitatem
3025 4340 3142 4396 :Et
3194 4340 3474 4410 requiescet
3523 4335 3595 4402 “,
3646 4337 3841 4406 inquit

2245 4438 2533 4508 PrOphcta,
2557 4451 2712 4506 super
2736 4450 2854 4489 eum
2887 4431 3118 4503 Spiritus
3143 4430 3277 4496 Dei;
3307 4444 3372 4484 ac
3393 4427 3437 4483 si
3461 4433 3648 4498 aperte
3677 4423 3838 4480 dice-

567 4523 882 4592 simpliciter
907 4525 961 4579 in
993 4525 1167 4582 Verbo
1200 4528 1344 4584 facta
1382 4536 1528 4593 sunt,
1559 4543 1655 4597 per
1683 4527 2012 4584 diﬂ'creutias
2057 4544 2144 4598 ge-
2173 4524 2220 4584 D
2249 4538 2350 4594 ret,
2377 4537 2430 4583 et
2473 4527 2811 4596 requiescent
2839 4539 3003 4594 super
3031 4538 3154 4579 eum
3179 4521 3229 4555 "
3258 4521 3586 4590 dona,quae
3631 4517 3839 4574 dividit

566 4629 776 4679 uerum,
803 4615 1114 4684 formarum,
1156 4628 1499 4692 totorumque
1523 4637 1587 4677 ac
1606 4621 1858 4693 partium,
1891 4639 2141 4678 numero-

569 4720 793 4775 rumque
818 4708 1058 4789 omnium
1081 4710 1430 4768 distribueret
1455 4722 1616 4784 atque
1639 4712 1954 4770 ordinaret?
1977 4713 2062 4779 Et,
2094 4713 2139 4768 si

2247 4620 2484 4692 Spiritus
2515 4619 2603 4674 Dei
2640 4635 2654 4673 :
2698 4619 2911 4690 spiritus
2945 4614 3230 4685 sapientiae
3267 4621 3316 4668 et
3361 4611 3681 4677 intellectus,
3711 4611 3836 4680 spi-

2247 4711 2378 4764 ritus
2425 4707 2630 4762 consilii
2683 4716 2732 4763 ct
2777 4704 3141 4775 fortitudinis,
3203 4703 3419 4773 spiritus
3470 4700 3721 4756 scientiae
3785 4707 3840 4756 ll

1845 4847 2099 4904 VARIAE
2133 4842 2534 4901 LECTIONES.

647 4956 661 4986 ¹
691 4953 781 5009 Sic
803 4953 965 5018 CDE;
992 4955 1034 5010 A
1056 4957 1183 5011 mihi
1209 4974 1318 5012 esse
1330 4957 1558 5012 videtur.
1633 4959 1653 4990 ²
1677 4957 1767 5013 Sic
1787 4957 1951 5021 ACD;
1976 4959 2018 5011 Ι)
2037 4968 2089 5011 ut
2112 4958 2320 5026 opinor.
2393 4957 2416 4989 ³
2439 4955 2527 5010 Sic
2550 4956 2589 5009 Λ
2611 4972 2624 5020 ;
2647 4949 2760 5011 eam
2784 4956 3073 5022 ornJCDE;
3138 4955 3162 4987 δ
3189 4955 3279 5010 Sic
3301 4953 3462 5019 CDE;
3488 4953 3528 5007 Δ
3551 4953 3679 5024 quid

3717 4955 3838 5008 uid.

647 4971 672 5037 ι.
691 4971 781 5009 Sic
803 4971 965 5018 Luna;
992 4971 1034 5010 Α
1056 4971 1183 5011 mnu
1209 4974 1318 5012 esse
1330 4971 1558 5012 videtur.
1633 4971 1653 4990 ι
1677 4971 1767 5013 Sac
1787 4971 1951 5021 Au);
1980 4971 2018 5011 U
2037 4971 2089 5011 ut
2112 4973 2320 5026 opinor.
2393 4971 2416 4989 σ
2439 4971 2527 5010 me
2550 4971 2589 5009 Α
2611 4972 2624 5020 ;
2647 4973 2760 5011 eam
2784 4971 3073 5022 ornamus;
3138 4971 3162 4987 ’
3189 4971 3279 5010 Sic
3301 4971 3462 5019 um;
3488 4971 3528 5007 Α
3551 4971 3838 5053 quiaquia.

576 5026 709 5108 ἷξες
739 5026 872 5108 CDE
895 5027 984 5108 ;_A
1008 5043 1176 5108 ergo:_
1443 5029 1619 5108 ;‘(‘.ADE
1639 5029 1748 5108 _Dco
1773 5040 1825 5108 et_
1847 5028 2014 5108 Patri:
2042 5029 2102 5108 ni
2137 5029 2237 5108 Sic
2251 5028 2486 5108 ρΕξΑΙ)
2512 5026 2764 5108 Deus.”_“
2787 5026 3034 5108 Sicllllgli
3053 5027 3227 5108 tax-ian
3255 5025 3394 5108 oAntni
3421 5025 3628 5108 abysso:
3712 5025 3840 5108 _Sic

573 5096 737 5157 CDE;
769 5097 814 5150 Α
837 5094 1081 5150 rationis:
1137 5097 1177 5128 ⁸ο
1199 5097 1289 5152 Sic
1313 5098 1428 5164 DE;
1459 5099 1546 5153 AC
1567 5099 1906 5152 substantias.
1975 5098 2017 5130 “
2041 5097 2130 5153 Sic
2157 5097 2288 5152 CDE
2313 5115 2326 5157 ;
2355 5097 2396 5151 A
2429 5113 2537 5149 esse
2557 5097 2811 5150 conditas.
2880 5098 2923 5129 “
2955 5097 3047 5151 Sic
3073 5095 3204 5151 CDE
3227 5111 3244 5158 ;
3268 5095 3311 5146 A
3337 5094 3647 5164 testimoniis
3670 5104 3838 5164 alter

576 5167 826 5220 tantibus.
902 5167 946 5197 ”
979 5167 1070 5221 Sic
1098 5166 1230 5222 CDE
1252 5183 1266 5232 ;
1291 5177 1338 5221 et
1369 5185 1477 5222 om.
1507 5169 1574 5222 A.

1651 5169 1695 5199 “
1722 5168 1812 5222 Sic
1837 5167 1959 5234 CE;
1988 5167 2078 5221 AD
2099 5179 2146 5221 et
2174 5169 2377 5222 omnia.
2427 5167 2474 5198 ¹⁸
2501 5165 2591 5219 Sic
2613 5165 2767 5230 CDE;
2793 5167 2887 5220 Dei
2914 5181 3024 5221 om.
3049 5166 3114 5220 Λ.
3170 5165 3212 5196 ¹⁶
3240 5163 3330 5218 Sic
3351 5163 3515 5226 CDE;
3543 5165 3591 5234 Α
3610 5162 3735 5215 aliis
3757 5179 3771 5226 ;
3794 5164 3839 5216 Δ

575 5236 656 5292 sic
691 5237 890 5305 ubique
906 5235 960 5289 in
979 5237 1079 5292 hac
1093 5237 1314 5306 periodo
1327 5237 1468 5292 aliis.
1530 5239 1568 5270 ¹⁷
1600 5238 1690 5293 Sic
1715 5238 1878 5299 CDE;
1902 5253 2189 5292 sermoom.
2217 5238 2282 5291 A.
2337 5238 2380 5270 ⁸⁸
2402 5237 2492 5291 Sic
2505 5236 2859 5306 CDEgautcm
2882 5252 2990 5290 om.
3014 5237 3086 5306 Αἶ
3108 5305 3114 5306 ί
3135 5233 3557 5306 ’θίὸἰοΑᾼρΕ-λϐ
3579 5233 3840 5306 interpre-

586 5301 827 5388 tationes;
854 5386 860 5388 Δ
898 5301 1453 5388 '°__Sihe_CD‘l_§;_est.om.
1485 5308 1550 5362 A.
1579 5307 1929 5388 __’:_Sie
1958 5307 2393 5388 dli-informiter.
2439 5305 2601 5388 ’ξ
2803 5309 2846 5359 Α
2870 5301 3416 5388 et;.ff_Si'e'iA;.CDE
3448 5303 3617 5356 idest.
3673 5301 3844 5388 "Sic

578 5374 710 5430 CDE
731 5393 747 5441 ;
769 5377 882 5432 Aet.
937 5377 985 5413 -"
1011 5376 1102 5433 Sic
1128 5377 1281 5441 CDE;
1315 5379 1359 5431 A
1385 5389 1526 5433 sunt.
1579 5378 1626 5410 ’°
1650 5377 1740 5432 Sic
1767 5369 1929 5440 CDE;
1962 5379 2002 5432 Ο
2027 5369 2210 5431 vivent.
2272 5379 2316 5409 "
2339 5377 2430 5432 Sic
2453 5375 2588 5430 ADE
2610 5392 2626 5441 ;
2648 5377 2688 5429 C
2706 5369 2861 5444 quae.
2924 5376 2970 5409 “
2995 5375 3087 5430 Sic
3112 5374 3227 5444 DEI,
3260 5372 3303 5444 Α
3325 5382 3453 5444 netu
3474 5387 3687 5444 acrem
3707 5369 3844 5444 Δ(Ιίιὶ-

583 5446 754 5517 gentia
780 5447 821 5500 A
852 5449 1093 5502 acuiuere
1134 5464 1196 5501 ac
1235 5446 1526 5517 diligenter.
1599 5449 1645 5482 ¹⁹
1675 5447 1764 5502 Sic
1786 5448 1950 5511 CDE;
1979 5447 2018 5502 C
2040 5445 2352 5516 Lampades.
2430 5447 2474 5478 ³ο
2499 5447 2590 5501 Sic
2613 5441 2776 5510 CDE;
2803 5445 2843 5500 C
2867 5462 3067 5517 eorum.
3115 5442 3305 5517 _{‘_Sic
3325 5441 3498 5517 CDE;
3529 5441 3575 5494 Α
3609 5441 3665 5494 iu
3697 5441 3843 5517 hunc

584 5509 864 5586 inundum.
920 5518 964 5549 ³³
994 5518 1085 5573 Sic
1107 5517 1238 5573 CDE
1266 5533 1281 5581 ;
1313 5509 1411 5586 pro
1432 5517 1586 5571 Jesus
1618 5517 1656 5571 A
1687 5519 1739 5586 id
1769 5528 1864 5571 est.
1937 5509 1984 5549 ³³
2016 5518 2106 5572 Sic
2149 5509 2318 5582 CDE;
2347 5517 2388 5570 A
2419 5526 2708 5585 conceptus
2735 5526 2830 5569 est.
2907 5517 2953 5547 ³⁵
2985 5516 3075 5569 Sic
3104 5514 3268 5586 CDE;
3313 5513 3357 5566 A
3391 5509 3842 5586 supernatit_ralis.

583 5583 746 5657 ’15P:
767 5586 939 5657 ΑοΕ;
981 5588 1022 5643 C
1047 5605 1227 5657 supra.
1306 5583 1352 5657 f9
1383 5587 1473 5641 Sic
1514 5587 1685 5651 CDE;
1718 5585 1759 5640 A

1801 5588 1976 5656 primo
2014 5589 2172 5655 quod.
2245 5589 2290 5620 3'
2309 5578 2412 5642 'Sic
2437 5578 2608 5650 CDE';
2639 5587 2826 5655 quippe
2851 5602 2959 5641 om.
2988 5587 3051 5639 Λ.
3124 5584 3169 5656 'f‘
3199 5578 3597 5656 Csupern'ario.
3669 5579 3722 5656 ξς

841 5647 1066 5726 Spiritus
1095 5647 1224 5729 ipse.
1246 5728 1254 5729 ί
1295 5648 1342 5729 ξο
1370 5658 1462 5729 Sic
1481 5657 1646 5722 CDE;
1674 5647 1719 5711 ’Λ
1742 5647 1851 5729 qui.
1924 5659 1966 5690 '”
2000 5647 2091 5713 Sic
2127 5659 2259 5715 CDE
2284 5677 2296 5714 :
2327 5659 2372 5715 Α
2399 5647 3082 5728 universaliterproprieque
3110 5653 3296 5710 dividit
3323 5647 3592 5710 ecclesiae.
3667 5649 3714 5681 δ’
3749 5647 3846 5706 Sic

581 5723 669 5780 CD
691 5742 710 5792 δ
735 5727 823 5782 AE
852 5723 1140 5799 requiescit.
1215 5728 1259 5761 ⁸³
1292 5727 1384 5785 Sic
1427 5727 1598 5799 CDE;
1628 5730 1671 5785 A
1705 5723 1867 5801 super
1913 5729 2106 5802 ipsum.
