4064 6292
229 367 351 431 565

1057 374 1147 431 ns
1185 371 1527 432 nmsxour:
1566 371 1922 429 NATURAE.
1960 402 2029 415 -
2065 372 2269 430 uasa
2307 357 2691 434 SECUNDUS.

3392 376 3498 436 566

223 444 437 559 pietatis
458 492 509 541 et
535 472 557 518 ί
583 468 816 558 implebit
841 487 885 518 “
917 502 1035 543 eum
1059 487 1277 558 spiritus
1305 485 1508 540 timoris
1542 484 1757 540 Domini
1794 484 1817 516 ³
1844 495 1893 553 Α
1921 484 2185 542 donorum
2222 495 2405 543 autem
2459 487 2892 544 distributionem
2944 488 3099 560 quasi
3145 490 3415 561 quandam
3450 491 3498 524 "

226 594 369 651 quos
417 592 607 634 omnes
651 578 897 649 spiritus,
922 577 1029 635 hoc
1053 578 1200 647 'est,
1235 591 1373 649 quas
1412 591 1600 633 omnes
1646 576 1819 634 dona-

227 671 407 727 tiones
447 667 704 741 Spiritus,
734 680 899 742 caput
932 669 1228 735 Ecclesiae,
1259 668 1405 740 quod
1430 676 1516 724 est
1545 666 1818 735 Christus,

223 760 409 833 primo
428 758 725 817 secundum
742 759 1137 816 humanitatem
1153 757 1447 829 accipiens,
1467 757 1685 828 corpori
1699 762 1818 825 suo,

224 850 507 909 Ecclesiae
539 865 690 919 suae,
717 854 817 922 per
847 850 1112 924 Spiritum
1138 858 1385 907 sanctum
1421 850 1676 921 partitur.
1702 847 1823 919 Ipse

226 953 415 1000 autem
471 943 710 1015 Spiritus
741 952 1001 1011 sanctus,
1033 943 1177 1001 sicut
1203 943 1257 999 in
1285 951 1477 999 natura
1522 941 1821 998 secundum

227 1036 528 1092 essentiam
555 1030 802 1091 subsistit
830 1033 927 1090 Dei
955 1044 1010 1090 et
1044 1033 1247 1100 Patris,
1278 1033 1361 1089 sic
1399 1039 1454 1089 et
1484 1031 1538 1088 in
1570 1029 1695 1085 Filii
1725 1044 1823 1085 na~

231 1133 358 1181 tura
416 1132 502 1182 est
555 1124 853 1181 secundum
908 1125 1203 1181 essentiam
1242 1120 1485 1193 ‘,'quia
1539 1136 1607 1178 ex
1658 1119 1822 1176 Patre

227 1215 666 1273 substantialiter
688 1230 786 1288 per
808 1214 1004 1272 Filium
1033 1226 1222 1272 natum
1253 1212 1603 1271 ineffabiliter
1629 1226 1824 1286 proce-

227 1307 329 1362 dit.
350 1306 430 1362 Ac
449 1322 548 1379 per
572 1306 676 1362 hoc
696 1306 858 1374 dona,
883 1320 1025 1378 quae
1047 1305 1346 1373 distribuit,
1362 1321 1469 1363 non
1494 1320 1591 1363 sua
1613 1304 1819 1361 solum-

227 1398 562 1465 modo-sunt,
588 1396 683 1454 sed
711 1407 767 1454 et
792 1397 994 1466 Patris,
1026 1412 1094 1454 ex
1123 1400 1248 1470 :quo
1279 1396 1632 1470 procedit,'et
1671 1395 1819 1464 Filii,

226 1507 259 1547 a
310 1508 421 1564 quo
447 1499 505 1548 et
537 1507 636 1563 per
650 1507 816 1563 quem
841 1491 1107 1562 procedit.
1149 1490 1217 1547 Et
1250 1494 1319 1547 ne
1350 1484 1630 1556 aestimes,
1677 1487 1819 1549 mul-

226 1583 478 1640 tiformes
524 1572 843 1639 donationes
892 1576 1163 1654 Spiritus,
1212 1580 1421 1655 quibus’
1464 1578 1819 1636 multiformia

226 1675 440 1746 peccati
460 1675 734 1747 genimina
765 1673 1113 1746 expelluntur
1134 1673 1202 1729 ab
1224 1658 1467 1731 Ecclesia
1498 1675 1820 1753 penitusque

224 1765 639 1836 extinguuntur,
667 1762 811 1821 solas
838 1778 936 1835 per
965 1763 1231 1836 Spiritum
1276 1763 1618 1820 distributas.
1661 1753 1827 1820 Facit“

1919 574 2303 647 proprietatem
2338 576 2381 608 “
2423 576 2650 648 Spiritui
2701 586 2889 634 sancto
2920 578 3187 651 theologia
3257 579 3495 635 dedicat.

1919 666 2111 724 Omnia
2140 666 2478 739 igitur,quae
2507 667 2671 724 Pater
2691 667 2743 724 in
2768 667 2904 724 Filio
2935 669 3083 735 facit,
3110 664 3349 741 Spiritus
3374 685 3498 727 san-
3546 676 3549 679 ’

1919 766 2038 815 ctus
2086 758 2382 827 distribuit,
2436 767 2492 815 et
2531 758 2825 829 unicuique
2874 759 3111 833 propria,
3155 744 3317 831 prout
3361 759 3496 826 vult,

1920 854 2126 912 dividit.
2156 854 2392 911 Videsne
2420 854 2606 927 igitur,
2637 855 2908 926 quomodo
2957 854 3228 927 theologia
3270 853 3500 928 singulis

1921 943 2134 1000 divinae
2157 944 2413 1001 bonitatis
2441 943 2760 1000 substantiis
2795 958 2888 1001 seu
2916 945 3164 1016 personis
3186 959 3313 1000 suas
3334 943 3501 1000 veluti

1920 1034 2277 1107 proprietates
2300 1035 2431 1091 dare
2465 1034 2828 1104 intelligitur?
2879 1033 3030 1089 Patri
3081 1034 3225 1090 enim
3265 1033 3357 1089 dat
3383 1046 3501 1087 om-

1920 1125 2009 1180 nia
2056 1125 2257 1193 facere,
2290 1123 2469 1182 Verbo
2495 1124 2586 1180 dat
2611 1136 2800 1181 omnes
2846 1124 2899 1179 in
2930 1124 3047 1194 ipso
3094 1120 3500 1186 universalitcr,

1919 1216 2297 1282 cssentialiter,
2329 1215 2667 1288 simpliciter,
2689 1214 3068 1286 primordialcs
3088 1229 3272 1271 rerum
3303 1227 3500 1269 causas

1921 1305 2268 1362 aetemaliter
2316 1304 2470 1372 fieri;
2502 1303 2728 1376 Spiritui
2750 1305 2799 1337 ¹¹
2827 1304 2918 1360 dat
2946 1304 3092 1376 ipsas
3119 1300 3500 1374 primordiales

1921 1409 2134 1462 causas,
2158 1396 2212 1451 in
2234 1395 2413 1452 Verbo
2436 1394 2630 1463 factas,
2646 1397 2701 1450 in
2722 1393 2946 1452 ell‘ectus
2965 1408 3090 1451 suos
3113 1391 3430 1450 fecundatas
3452 1386 3500 1427 ⁸⁵

1920 1488 2263 1555 distribuere,
2293 1487 2399 1544 hoc
2424 1497 2529 1555 est,
2560 1488 2614 1544 in
2641 1502 2839 1561 genera
2868 1498 2924 1543 et
2970 1487 3198 1557 species,
3248 1498 3506 1541 numeres

1919 1579 2393 1651 dilferentiasque,
2425 1580 2539 1637 sive
2590 1578 2906 1636 caelestium
2928 1588 2984 1635 et
3010 1578 3370 1652 spiritualium
3416 1591 3504 1633 cs-

1920 1673 2216 1729 sentiarum
2244 1672 2564 1743 corporibus
2588 1671 2811 1728 omnino
2832 1672 3155 1737 carentium,
3187 1686 3282 1726 seu
3314 1670 3497 1740 puris—

1921 1763 2075 1821 simis
2112 1762 2590 1834 spiritualibusque
2642 1762 2961 1833 corporibus
2995 1776 3061 1818 ex
3114 1759 3504 1817 catholicorum

224 1856 377 1911 enim
419 1855 691 1927 sapientia
723 1854 1200 1925 interemptionem
1248 1853 1614 1925 insipientiae,
1653 1853 1814 1909 intel-
1843 1846 1887 1908 Β
1915 1853 2307 1910 elementorum
2333 1851 2685 1924 simplicitate
2713 1852 2873 1908 factis
2918 1851 3357 1915 adhaerentium,
3405 1863 3502 1904 seu

226 1946 406 2002 lectus
464 1945 729 2002 stultitiae
777 1946 1139 2015 ablationcm,
1199 1945 1489 2002 consilium
1557 1945 1822 2003 indiscre-

230 2039 400 2097 tionis
461 2038 908 2106 destructionem,
967 2038 1228 2095 fortitudo
1294 2036 1628 2094 infirmitatis
1676 2035 1822 2093 solu-

228 2133 470 2200 tionem,
535 2131 764 2187 scientia
816 2128 1157 2204 ignorantiae
1208 2129 1595 2196 abolitionem,
1647 2128 1823 2200 pietas

228 2222 529 2293 impietatis
547 2230 601 2276 et
618 2221 673 2288 in
695 2221 808 2293 ipsa
832 2221 1056 2292 operum
1071 2220 1355 2292 pravitatis
1366 2219 1817 2291 persecutiOnem,

230 2313 397 2368 timor
424 2300 763 2391 contemptus
797 2311 975 2384 abigit
1011 2311 1353 2369 caecitatem.
1404 2308 1511 2370 Sed
1531 2317 1586 2369 et
1605 2318 1824 2380 praeter

230 2406 371 2461 haec
391 2404 529 2460 dona
553 2392 781 2474 gratiae,
804 2402 1001 2474 quibus
1021 2411 1075 2460 et
1098 2394 1385 2476 purgatur,
1409 2408 1465 2458 et
1483 2402 1818 2469 aediﬁcatur,

224 2501 285 2549 et
316 2490 675 2559 illuminatnr,
705 2501 760 2549 et
785 2484 1065 2565 perficitur
1090 2492 1355 2560 Ecclesia,
1400 2482 1822 2550 bonorum’om-

226 2586 384 2642 nium
413 2585 756 2651 donationes,
788 2599 928 2655 quae
952 2593 1008 2641 et
1027 2583 1325 2641 secundum
1349 2585 1645 2642 eSscntiam
1672 2590 1819 2653 sunt,

223 2686 285 2732 et
306 2676 603 2731 secundum
625 2675 891 2730 naturalia
919 2676 1245 2742 accidentia,
1263 2691 1370 2732 non
1393 2674 1611 2731 aliunde
1632 2674 1822 2731 venire

225 2782 397 2823 nemo
426 2764 662 2821 fidelium
689 2764 900 2822 dubitat
921 2766 966 2835 ⁸,
990 2756 1094 2823 nisi
1113 2782 1181 2824 ex
1204 2782 1365 2824 causa
1386 2767 1628 2824 omnium
1653 2768 1822 2825 bono-

225 2874 376 2925 rum,
404 2871 474 2912 ex
518 2857 679 2914 Patre
706 2860 852 2927 dico,
878 2876 943 2917 ex
971 2877 1080 2933 quo
1123 2862 1326 2929 omnia,
1352 2877 1452 2934 per
1491 2860 1532 2921 F
1538 2861 1689 2917 ilium
1714 2902 1731 2930 ,
1764 2861 1820 2918 in

225 2964 340 3018 quo
366 2957 495 3003 sunt
539 2950 741 3017 omnia,
793 2964 895 3006 nec
937 2967 1126 3008 eorum
1172 2952 1195 2985 ⁸
1234 2967 1333 3024 per
1369 2953 1538 3009 alium
1582 2953 1686 3010 nisi
1722 2968 1822 3024 per

225 3037 496 3107 Spiritum
526 3048 773 3095 sanctum
821 3055 942 3097 esse
986 3040 1461 3110 distributionem,
1488 3043 1584 3115 qui
1630 3043 1823 3100 dividit

224 3128 416 3182 omnia
442 3129 695 3185 omnibus
717 3138 877 3202 prout
901 3131 1035 3187 vult.
1065 3128 1254 3201 Omne,
1288 3132 1466 3205 inquit
1512 3133 1815 3205 theologus,

224 3216 417 3269 datum
439 3217 691 3287 optimum
718 3200 771 3274 et
802 3237 951 3275 omne
979 3217 1175 3276 donum
1205 3200 1492 3294 perfectum
1539 3200 1815 3279 desursum
1842 3200 1891 3263 θ

223 3315 304 3360 est
345 3306 664 3363 descendens
695 3327 727 3365 a
773 3306 933 3366 Patre
976 3310 1234 3370 luminum
1262 3315 1306 3370 ".
1354 3314 1494 3382 Quid
1536 3318 1765 3389 apertius
1796 3304 1841 3374 γ’

229 3397 378 3464 Quid
414 3397 655 3455 clarius?
685 3400 809 3456 Non
848 3404 1088 3472 aliunde,
1140 3406 1237 3473 ait,
1268 3406 1369 3461 nisi
1395 3424 1428 3462 a
1459 3404 1623 3462 Patre
1666 3407 1823 3463 lumi-

227 3506 386 3557 num,
409 3489 514 3545 hoc
542 3500 659 3557 est,
688 3507 717 3546 a
745 3490 905 3549 Patre
931 3492 1173 3551 omnium
1216 3496 1505 3564 bonorum,
1532 3514 1674 3569 quae
1696 3507 1824 3554 sunt

226 3581 533 3637 secundum
565 3591 905 3652 naturam,et
927 3601 1065 3656 quae
1093 3596 1223 3645 sunt
1243 3589 1539 3645 secundum
1566 3589 1817 3661 gratiam.

224 3670 464 3726 Pulchre
484 3671 750 3741 siquidem
774 3672 977 3730 lumina
1004 3675 1260 3731 dicuntur
1286 3678 1469 3733 omnia
1495 3678 1659 3744 dona,
1681 3692 1822 3749 quae

225 3776 297 3837 ex
330 3760 569 3831 ingenito
607 3761 809 3818 lumine
838 3780 935 3835 per
963 3766 1200 3837 genitum
1249 3765 1430 3824 lumen
1460 3768 1816 3834 descendunt,

226 3858 279 3903 et
309 3863 412 3918 per
441 3851 738 3919 procedens
762 3851 965 3921 lumen,
990 3863 1150 3925 prout
1177 3864 1260 3911 est
1279 3857 1550 3929 capacitas
1592 3866 1821 3912 naturae

226 3948 285 3995 et
310 3940 535 4012 largitas
568 3943 796 4014 gratiae,
824 3944 879 3999 in
915 3946 1338 4019 uniuscujusque
1360 3947 1382 3979 ⁸
1409 3947 1525 4003 sive
1548 3948 1820 4020 generalis

226 4032 347 4090 sive
375 4032 627 4105 specialis
651 4035 920 4092 essentiae
943 4036 1273 4092 individuam
1296 4038 1659 4094 Substantiam
1683 4039 1821 4096 divi~

227 4122 451 4178 duntur.
483 4122 619 4179 Nam
651 4126 793 4196 quod
824 4126 1100 4198 apostolus
1121 4126 1283 4184 veluti
1314 4128 1413 4185 soli
1436 4118 1642 4184 homini
1670 4129 1819 4185 vide-

227 4221 324 4269 tur
346 4212 529 4269 dicere
559 4232 573 4268 :
604 4211 649 4268 0
674 4214 852 4282 homo,
871 4215 997 4287 quid
1024 4217 1202 4284 habes,
1227 4218 1368 4291 quod
1396 4220 1499 4274 nan
1527 4221 1769 4292 accepisti
1794 4219 1821 4276 .9

226 4303 609 4361 universaliter
620 4306 768 4363 omni
785 4314 1069 4365 creaturae
1082 4308 1279 4365 visibili
1299 4320 1355 4365 et
1369 4308 1623 4366 invisibili
1642 4319 1820 4383 potest

227 4395 358 4451 dici.
377 4393 529 4451 Nulla
550 4397 694 4453 enim
717 4404 911 4454 natura
933 4407 1019 4457 est
1043 4411 1248 4464 creata,
1277 4416 1415 4472 quae
1439 4400 1637 4458 habeat
1660 4403 1815 4475 quid,

228 4494 451 4557 praeter
472 4487 614 4556 quod
643 4503 674 4543 a
724 4489 990 4546 creatrice
1030 4486 1321 4563 acceperit.
1351 4491 1410 4548 Si
1439 4493 1583 4552 enim
1608 4502 1724 4561 est,
1758 4504 1818 4551 ut

227 4577 621 4666 praediximus:
636 4578 761 4636 inde
783 4580 995 4653 accepit
1014 4596 1132 4638 esse
1154 4599 1169 4648 ;
1197 4581 1242 4638 si
1270 4583 1422 4652 vivit,
1445 4583 1569 4641 inde
1600 4584 1810 4654 vivere;

227 4667 274 4723 si
297 4667 492 4733 sensit,
521 4667 646 4723 inde
675 4670 878 4726 sentire
902 4687 917 4737 ;
944 4671 991 4726 si
1014 4671 1227 4728 ratione
1248 4670 1467 4741 fruitur,
1494 4673 1618 4731 inde
1643 4675 1812 4745 ratio;

226 4757 276 4817 si
323 4757 602 4832 intelligit,
651 4759 776 4816 inde
825 4760 1153 4829 intellectus,
1204 4772 1496 4835 ceteraque
1541 4765 1595 4821 id
1646 4782 1817 4836 genus

228 4846 399 4902 mille.
429 4847 488 4904 Si
514 4849 679 4920 igitur
706 4849 782 4906 nil
808 4850 863 4905 in
887 4860 1082 4907 natura
1107 4868 1289 4909 rerum
1337 4864 1647 4911 creatarum
1694 4872 1817 4914 esse

227 4938 575 5009 cegnoscitur
601 4938 645 5006 ’,
696 4947 913 5011 praeter
958 4941 1101 5011 quod
1148 4956 1180 4998 a
1222 4941 1482 4999 Creatore
1531 4943 1765 5001 donatur
1801 4984 1818 5014 ,

228 5030 503 5101 sequitur,
526 5031 600 5087 nil
627 5032 770 5087 aliud
794 5049 913 5089 esse
935 5043 1261 5100 creaturam,
1286 5035 1401 5091 sive
1432 5037 1818 5108 essentialiter,

228 5121 348 5180 sive
369 5124 665 5181 secundum
691 5125 965 5194 accidens,
983 5127 1087 5184 nisi
1111 5127 1388 5186 Creatoris
1407 5129 1532 5187 data
1553 5139 1609 5188 et
1634 5132 1773 5189 dona
1803 5149 1819 5200 ;

1921 1945 2255 2002 sensibilium
2285 1942 2444 2014 hujus
2465 1942 2651 2000 mundi
2672 1942 2900 1999 visibilis
2927 1940 2974 1975 ιδ
2996 1939 3386 1997 universalium
3416 1937 3499 1993 vel

1919 2035 2328 2108 particularium
2353 2042 2729 2106 separatarum
2771 2031 2925 2099 locis,
2967 2031 3300 2103 temporibus
3332 2027 3509 2084 mobi-

1921 2124 2074 2192 lium,
2101 2124 2362 2195 qualitate
2389 2133 2446 2181 et
2470 2122 2518 2156 "
2537 2122 2839 2194 quantitate
2860 2121 3244 2178 differentium.
3266 2118 3507 2174 Primor-

1891 2215 2092 2274 .diales
2119 2215 2385 2287 siquidem
2432 2228 2630 2271 causas
2654 2255 2670 2281 ,
2703 2213 2818 2271 sive
2862 2212 3059 2270 visibili
3093 2212 3207 2268 sive
3249 2204 3508 2268 invisibiii

1921 2298 2176 2378 corpOre,
2213 2305 2476 2376 qualitate
2512 2318 2730 2377 quoque
2776 2311 2831 2360 et
2865 2303 3169 2374 quantitate
3210 2301 3269 2357 in
3313 2298 3508 2371 seipsis

1919 2394 2144 2453 omnino
2167 2409 2354 2453 carere
2378 2411 2485 2452 non
2517 2393 2967 2452 irrationabiliter
2989 2387 3112 2465 quis
3143 2389 3455 2464 approbarit
3486 2406 3501 2454 ;

1923 2486 2191 2543 invisibile
2238 2474 2422 2542 autem
2456 2499 2657 2557 corpus
2702 2474 2937 2541 dicimus
2985 2480 3289 2554 simplicem
3313 2494 3377 2536 ac
3411 2493 3511 2550 per

1921 2592 1982 2636 se
2011 2578 2338 2644 intellectam
2360 2576 2695 2650 singulorum
2721 2577 2883 2649 bujus
2912 2576 3095 2632 mundi
3118 2574 3511 2631 elementorum

1920 2669 2348 2726 subsistentiam.
2399 2668 2675 2726 Caelestes
2727 2682 2859 2724 vero
2913 2665 3180 2722 essentias
3210 2705 3226 2732 ,
3275 2664 3331 2719 id
3377 2671 3462 2719 est
3489 2701 3508 2729 ,

1920 2763 2193 2837 angelicas
2238 2765 2485 2829 virtutes,
2549 2761 2800 2834 quamvis
2855 2759 3000 2815 ultra
3046 2758 3192 2814 hunc
3242 2756 3505 2811 mundum

1921 2856 2233 2914 sensibilem
2293 2871 2427 2913 suae
2479 2865 2708 2911 naturae
2761 2850 3146 2909 intellectualis
3189 2846 3511 2905 excellentia

1921 2964 2029 3005 non
2052 2948 2348 3021 incongrue
2368 2946 2750 3004 existimentur
2771 2959 2915 3012 esse,
2940 2958 3048 2999 non
3077 2940 3300 3000 omnino
3329 2947 3511 2994 tamen

1920 3042 2185 3100 consultis
2209 3048 2520 3099 sanctarum
2545 3040 2771 3096 Patrum
2821 3036 3111 3113 sententiis
3136 3031 3513 3109 spiritualibus

1920 3133 2237 3206 corporibus
2269 3132 2547 3205 iudicandi
2576 3139 2705 3188 sunt
2748 3127 2972 3201 privari.
3020 3125 3140 3184 Non
3181 3124 3326 3182 enim
3376 3123 3432 3179 in
3460 3119 3507 3154 ¹⁶

1920 3224 2218 3290 extraneis,
2240 3223 2341 3293 sed
2361 3223 2473 3279 Suis
2508 3220 2931 3276 adbaerentibus
2956 3218 3059 3279 sibi
3087 3230 3304 3287 semper
3348 3212 3513 3285 spiri-

1924 3315 2163 3371 tualibus
2189 3312 2527 3385 corporibus,
2545 3311 2796 3369 sensibus
2817 3308 3093 3376 humanis,
3123 3307 3320 3378 quibus
3346 3320 3513 3377 saepe

1921 3414 2207 3478 apparent,
2249 3403 2567 3461 credendi"
2616 3410 2747 3460 sunt
2790 3400 3191 3467 succumbere;
3227 3413 3340 3455 non
3384 3396 3512 3468 quia

1921 3496 2166 3566 operatio
2213 3493 2598 3566 inseparabilis
2623 3493 2849 3549 unitatis
2893 3491 3202 3547 divinarum
3251 3488 3509 3546 substan-

1925 3585 2122 3640 tiarum
2151 3585 2222 3641 sit
2248 3593 2530 3657 segregata
2560 3602 2576 3652 ;
2607 3584 2751 3656 quod
2776 3582 2920 3639 enim
2947 3581 3112 3638 Pater
3138 3580 3289 3647 facit,
3320 3581 3424 3636 hoc
3450 3586 3509 3635 et

1921 3674 2091 3731 Filius
2106 3675 2256 3742 facit,
2274 3675 2376 3731 hoc
2390 3676 2436 3708 ι’
2449 3685 2503 3732 et
2518 3675 2753 3747 Spiritus
2778 3683 2999 3732 sanctus
3013 3671 3163 3740 facit;
3179 3672 3274 3728 sed
3289 3671 3415 3743 quia
3430 3670 3512 3725 di-

1920 3767 2043 3821 vina
2068 3767 2333 3838 theologia
2356 3768 2582 3838 singulis
2596 3783 2783 3823 earum
2805 3767 3166 3838 proprietates
3180 3763 3441 3837 quasdam
3459 3765 3506 3800 ι’

1920 3858 2132 3913 videtur
2151 3857 2875 3931 distribuere,veraciterque
2896 3852 3269 3927 intelligitur!"
3287 3852 3509 3908 habere.
3606 3861 3612 3871 ‘

1920 3947 1976 4003 ln
1999 3957 2185 4004 sancta
2208 3948 2475 4020 siquidem
2493 3947 2761 4003 Trinitate
2782 3956 2837 4003 et
2854 3938 3159 4002 cemmunis
3177 3943 3510 4015 operationis

1919 4041 2260 4113 cognoscitur
2281 4040 2479 4105 unitas,
2511 4048 2567 4096 et
2599 4038 2960 4095 discretarum
2983 4035 3364 4109 operationum
3396 4048 3504 4088 non

1918 4132 2223 4188 excluditur
2272 4131 2599 4203 proprietas.
2627 4129 2688 4188 Si
2732 4129 2875 4187 enim
2906 4129 3057 4184 inea
3106 4136 3193 4184 est
3237 4125 3510 4183 essentiae

1918 4223 2099 4279 unitas
2162 4231 2219 4279 et
2273 4222 2699 4278 substantiarnm
2748 4219 3052 4275 dilicrentia
3081 4259 3097 4287 ,
3161 4233 3261 4274 cur
3304 4232 3411 4271 non
3451 4222 3509 4271 ct

1919 4315 2225 4373 communis
2261 4315 2507 4385 operatio
2537 4322 2702 4386 atque
2732 4312 2986 4370 dilfcrens
3016 4313 3071 4367 in
3104 4327 3168 4368 ea
3192 4309 3509 4367 crederetur

1919 4417 1975 4465 et
2007 4407 2426 4481 intelligeretur,
2472 4425 2581 4466 non
2621 4407 2803 4473 video,
2851 4415 2911 4463 ut
2936 4405 3212 4463 communi
3233 4404 3505 4461 essentiae

1921 4504 2228 4561 communis
2269 4503 2600 4559 attribuatur
2622 4501 2890 4574 operatio,
2920 4508 2976 4557 et
3005 4497 3353 4558 subslantiali
3380 4496 3504 4552 Tri-

1919 4593 2077 4650 nitati
2111 4594 2254 4650 trina
2281 4609 2389 4650 non
2414 4592 2696 4650 auferatur
2716 4593 2880 4649 actio.

1985 4686 2079 4741 ‘25.
2113 4685 2442 4743 Disc.Vidco
2473 4684 2653 4756 plane,
2677 4692 2733 4741 et
2762 4685 2895 4740 mibi
2918 4684 3132 4740 videtur
3152 4697 3279 4740 esse
3309 4681 3504 4737 verisi-

1919 4775 2078 4841 mile,
2139 4790 2206 4830 ac
2258 4772 2458 4829 divinis
2505 4771 2735 4843 eloquiis
2792 4773 3101 4829 convenire.
3150 4768 3260 4828 Sed
3302 4769 3512 4826 utinam

1929 4867 2165 4936 quadam
2190 4861 2548 4919 similitudine
2594 4875 2666 4917 ex
2709 4870 2899 4919 nostra
2944 4871 3142 4918 natura
3187 4868 3465 4930 assumpta
3492 4897 3511 4926 ,

1924 4954 2182 5026 quoniam
2212 4954 2324 5012 Deo
2369 4953 2565 5012 similis
2602 4969 2726 5012 esse
2779 4954 3130 5025 perhibetur,
3179 4964 3320 5022 quae
3364 4950 3513 5005 dicta

1924 5055 2052 5104 sunt
2099 5045 2167 5103 de
2210 5046 2637 5119 proprietatibus
2692 5046 2912 5103 divinae
2977 5037 3532 5103 administrationis,

1926 5142 2205 5199 suadercs.
2234 5139 2373 5199 MAG.
2406 5140 2730 5199 Trinitatem
2762 5148 2982 5196 nostrae
3010 5145 3238 5192 naturae
3262 5141 3315 5189 te
3338 5131 3511 5188 latere

1516 5250 1787 5329 vanus“
1813 5273 2214 5336 LECTIONES.

307 5378 327 5410 ⁸
342 5375 451 5454 _Si_c
470 5375 624 5454 aps.
672 5377 750 5454 At
765 5377 858 5454 Sic
886 5377 1019 5454 (ΖΒΕ
1041 5394 1057 5439 ς
1083 5377 1124 5434 Α
1164 5376 1395 5454 replebit.
1461 5380 1483 5411 ¹
1497 5378 1787 5454 S_ic_CDE:
1818 5387 1863 5443 A
1888 5334 2037 5444 Deis
2066 5388 2201 5450 ’Sic
2218 5388 2386 5454 CDE;
2418 5388 2463 5445 A
2492 5388 2548 5443 id
2574 5395 2678 5444 est.
2754 5383 3018 5441 ‘subsistit
3034 5334 3523 5454 hei-gesseriting

228 5461 319 5506 om
342 5446 448 5501 BC.
509 5447 532 5478 ι
554 5446 645 5501 Sic
665 5445 784 5514 cs;
821 5448 866 5530 a
897 5448 1085 5504 venire
1096 5445 1228 5572 guis
1249 5450 1455 5523 dubitet
1476 5450 1733 5523 fidelium,
1769 5456 1809 5510 ι)
1829 5459 2005 5515 nullus
2029 5445 2266 5517 ﬁdelium
2291 5445 2519 5516 dubitat.
2593 5459 2616 5492 ο
2644 5456 2913 5523 SicADE;
2936 5456 3113 5529 Cape
3137 5451 3297 5505 enim.
3372 5449 3393 5481 τ
3418 5448 3511 5531 Sic

228 5515 400 5572 CDE:
437 5519 485 5572 A
516 5517 702 5572 datum
731 5527 982 5572 onmnum
1011 5530 1057 5572 et
1135 5558 1151 5572 .
1189 5537 1240 5572 υ.
1285 5520 1335 5572 b.
1383 5537 1430 5572 e.
1463 5522 1518 5572 ά.
1557 5538 1611 5572 α.
1653 5542 1703 5572 η-
1731 5526 1771 5572 L
1812 5528 1868 5558 ἠ
1894 5527 1985 5572 Sin
2032 5529 2165 5572 mm.
2190 5548 2202 5560 ο
2256 5531 2288 5572 Α
2347 5530 2879 5572 ηηὴιςρηίηιρηηηηε,
2955 5526 2976 5558 ο
3024 5526 3115 5572 Sic
3150 5519 3322 5572 CDE:
3357 5519 3401 5572 Α
3428 5534 3508 5572 tn-

226 5515 400 5587 CDE;
437 5519 485 5572 A
516 5517 702 5572 datum
731 5518 982 5587 optimum
1011 5530 1057 5573 et

228 5586 509 5661 gliigitur.
609 5588 654 5621 ‘°
676 5586 968 5661 Siccus;
1001 5586 1339 5661 ᾼι-(Ῑιιαῂάαηι
1366 5592 1537 5661 quasi.

1633 5590 1797 5671 fi‘Sic
1824 5599 1958 5671 (ζοΕ
1983 5616 2000 5667 ;
2025 5600 2071 5656 A
2104 5590 2327 5671 Spiritui
2363 5590 2544 5671 sancto
2564 5590 2968 5671 proprietatem.

1188 5537 1248 5601 p._
1285 5520 1335 5573 b.
1383 5519 1518 5601 ead.
1557 5519 1771 5601 cupit.
1812 5527 1987 5601 'fASic
2032 5529 2204 5601 CDE;
2250 5519 2909 5601 A_uniuscujuscunque.'
2955 5519 3401 5601 "S_ic_(_3Dl§
3428 5519 3508 5601 in:

3058 5592 3101 5627 ¹¹
3124 5591 3217 5647 Sic
3238 5586 3374 5646 (ΖΒΕ
3396 5582 3417 5656 ’;
3458 5588 3508 5646 Α

231 5655 826 5736 ἓρὶέίιυὶηοξζισιρικη
858 5658 950 5736 δίο
989 5655 1121 5736 ΑΙ)ξί
1169 5655 1563 5736 ϐίςςμὴιζίεαέ.
1599 5664 1641 5720 Ε
1671 5655 2001 5736 Ῑεσιιηάαιοδί
2034 5655 2039 5656 7
2079 5655 2245 5727 “Sic
2282 5671 2451 5736 ADE;
2493 5670 2534 5724 G
2579 5655 2861 5724 sensibilis.
2942 5667 2987 5699 ⁸⁸
3032 5665 3125 5721 Sic
3159 5661 3241 5736 A_;
3298 5669 3348 5714 et
3393 5655 3539 5736 om.‘

227 5726 410 5815 eius;
447 5726 619 5815 ""Sic
644 5727 827 5815 c.9535,
853 5728 1057 5815 ξιξ-ρῳ..
1074 5730 1139 5815 ᾼ.
1192 5726 1380 5815 fjpsic
1408 5730 1593 5815 sum.
1612 5736 1653 5792 ο
1671 5726 1952 5796 credenda.
2026 5740 2099 5815 ιη
2145 5726 2237 5799 Sic
2262 5726 2495 5811 Αυείό
2519 5740 2592 5796 ita
2618 5748 2693 5796 ct.

224 5798 595 5870 proprietates.
668 5798 714 5830 ²⁰
745 5799 1033 5878 SicCDE;
1063 5799 1108 5856 Α
1130 5798 1508 5871 intelliguntur.

2789 5736 2833 5773 “
2852 5736 2942 5795 Sic
2969 5737 3138 5805 CDE;
3182 5732 3226 5787 A
3253 5730 3512 5804 quaedam
