4064 6292
599 332 699 389 567

1960 337 2241 394 JOANNIS
2275 337 2469 395 SCOTl

3731 341 3842 396 568

596 465 704 503 non
729 447 885 503 facile
924 447 1265 506 crediderim.
1291 447 1437 503 Disc.
1481 449 1594 514 Dic,
1618 464 1820 518 quaeso
1849 492 1862 516 ,
1905 465 2044 520 quae
2063 452 2153 505 sit.
2186 459 2232 514 Α
2262 451 2511 521 gendum.
2550 449 2962 505 Convenientius
2985 450 3123 508 dico.
3167 449 3420 517 Quamvis
3447 451 3592 506 enim
3637 465 3838 508 conve-

597 537 736 593 Msa.
767 537 1180 602 Recordarisne,
1205 538 1332 607 quid
1356 539 1406 591 in
1430 539 1626 607 prioris
1655 541 1771 593 libri
1801 541 2162 610 disputatione

585 627 738 690 inter
789 641 888 681 nos
945 627 1316 680 convenerat?
1361 624 1498 678 Num
1535 627 1552 657 ¹
1602 627 1756 681 nobis
1805 629 1978 680 visum
2032 638 2114 681 est
2144 668 2160 693 ,

592 715 794 770 nullam
814 724 1062 768 naturam
1092 729 1231 779 esse,
1260 731 1398 784 quae
1427 731 1530 770 non
1569 716 1622 768 in
1653 717 1736 770 his
1775 717 1946 770 tribus
1976 716 2161 770 termi-

592 805 676 859 nis
725 805 1050 874 intelligatur
1076 807 1097 835 ‘
1119 805 1435 869 subsistere,
1466 805 1556 872 qui
1594 821 1622 858 a
1651 805 1890 870 Graecis,
1923 816 1980 860 ut
2001 823 2162 875 saepe

590 894 828 948 diximus
849 935 864 958 ,
905 896 1069 958 οὐσία,
1102 891 1338 964 δύναμις,
1383 895 1626 970 ἐνέργεια,
1655 895 1992 964 appellantur
2014 938 2028 961 ,
2058 897 2159 951 hoc

589 991 690 1044 est,
719 983 968 1044 essentia,
995 983 1192 1048 virtus,
1221 983 1496 1052 operatio?
1521 984 1664 1038 Dtsc.
1705 984 1986 1039 Recordor
2007 1001 2155 1049 sane,

591 1073 1001 1142 lirmissimeque
1043 1081 1216 1127 teneo.
1267 1071 1406 1126 MAG.
1462 1073 1654 1127 Nostra
1703 1076 1887 1143 itaque
1939 1087 2156 1140 natura,

587 1179 724 1230 quae
755 1165 983 1218 humana
1013 1164 1232 1227 dicitur,
1273 1179 1338 1218 eo
1363 1166 1506 1234 quod
1533 1179 1650 1218 eam
1691 1181 1881 1219 omnes
1911 1166 2157 1220 homines

585 1255 947 1323 participant,
1001 1255 1232 1309 essentia
1276 1291 1292 1318 ,
1353 1255 1588 1317 virtute,
1659 1256 2077 1325 Operationeqne
2135 1257 2156 1288 ³

584 1341 847 1398 subsistit.
883 1345 1025 1397 Dtsc.
1052 1343 1327 1396 Neminem
1359 1345 1654 1412 peritorum
1679 1346 1892 1398 divinae
1913 1348 2154 1415 philoso-

584 1435 743 1504 phiae
790 1435 854 1489 de
892 1436 994 1488 hoc
1042 1433 1286 1488 dubitare
1327 1435 1677 1488 aestimarim.
1713 1435 1852 1490 Mac.
1887 1437 2026 1503 Quid
2058 1439 2152 1492 tibi

583 1528 836 1595 videtur?
865 1525 1000 1580 Num
1027 1535 1211 1580 nostra
1255 1535 1462 1590 natura,
1503 1536 1638 1582 teste
1665 1542 1819 1582 sacra
1847 1527 2151 1598 Scriptura,

584 1620 651 1673 ad
675 1612 958 1689 imaginem
985 1626 1040 1673 et
1068 1619 1471 1674 similitudinem
1494 1621 1584 1674 Dei
1611 1621 1825 1676 condita
1851 1625 1970 1677 est?
2002 1624 2147 1678 Dtsc.

582 1712 900 1767 Liberaliter
922 1714 1072 1784 agis;
1105 1714 1196 1784 qui
1233 1715 1298 1769 de
1324 1715 1427 1770 hoc
1449 1715 1673 1781 dubitat,
1716 1717 1878 1771 homo
1904 1733 2006 1772 non
2040 1727 2144 1773 est.

2263 541 2474 594 nienter
2495 550 2708 594 nostrae
2737 551 2960 596 naturae
2996 541 3230 596 Trinitas
3279 549 3391 595 tota
3418 543 3580 596 totius
3618 542 3837 597 divinae

2261 632 2540 686 Trinitatis
2555 632 2596 664 ³³
2611 633 2788 701 imago
2808 642 2908 697 est,
2926 641 3034 686 tota
3047 633 3188 686 enim
3211 633 3406 698 Patris,
3426 642 3533 687 tota
3556 633 3702 699 Filii,
3723 643 3841 688 tota

2261 721 2492 791 Spirittts
2510 723 2680 776 sancti
2711 723 2996 793 imaginem
3019 725 3174 794 gerit;
3202 725 3255 778 in
3271 739 3336 778 ea
3361 732 3539 778 tamen
3560 733 3666 790 est,
3689 727 3836 794 quod

2257 817 2420 870 veluti
2473 816 2796 886 specialibus
2842 817 3072 886 singulis
3122 818 3366 886 personis
3425 819 3838 873 accommodari

2258 920 2412 975 posse
2436 906 2645 959 videtur
2667 906 2730 968 ν’,
2757 915 2815 960 ut
2839 907 3092 960 arbitror.
3115 907 3246 961 Nam
3266 908 3396 962 etin
3417 923 3475 962 se
3500 909 3616 977 ipsa
3645 919 3832 962 nostra

2259 993 2494 1048 Trinitas
2524 1004 2631 1048 tota
2660 995 2710 1048 in
2743 995 2968 1065 singulis
2989 996 3104 1050 suis
3130 1005 3213 1050 est
3238 1013 3250 1048 :
3275 1012 3371 1051 sua
3401 997 3544 1051 enim
3565 999 3836 1061 essentia,

2256 1095 2310 1140 et
2343 1087 2535 1149 virtus,
2559 1097 2614 1140 et
2657 1087 2900 1155 operatio
2923 1095 3043 1152 est;
3083 1101 3180 1141 sua
3216 1087 3390 1141 virtus
3416 1127 3430 1152 ,
3473 1096 3530 1141 et
3566 1090 3832 1150 essentia,

2256 1184 2309 1230 et
2333 1177 2605 1245 operatio;
2637 1192 2730 1231 sua
2760 1177 3022 1246 operatio,
3040 1185 3096 1230 et
3123 1177 3351 1231 essentia
3380 1185 3462 1230 est
3483 1178 3602 1231 "et
3625 1178 3796 1230 virtus
3815 1195 3832 1228 ;

2255 1262 2390 1316 sicut
2425 1271 2478 1316 et
2518 1262 2676 1316 Pater
2709 1263 2765 1316 in
2805 1262 2939 1316 Filio
2987 1272 3038 1317 et
3085 1263 3139 1317 in
3164 1263 3208 1294 ¹⁶
3254 1263 3455 1332 Spiritu
3492 1274 3682 1318 sancto
3713 1304 3729 1327 ,
3774 1276 3834 1318 et

2254 1350 2421 1404 Filius
2481 1351 2532 1404 in
2582 1351 2741 1406 Patre
2782 1359 2838 1405 et
2887 1352 2938 1405 in
2986 1350 3188 1420 Spiritu
3246 1360 3454 1417 saneto,
3487 1361 3542 1406 et
3592 1351 3830 1422 Spiritus

2254 1449 2472 1493 sanctus
2499 1440 2552 1492 in
2583 1439 2742 1494 Patre
2770 1447 2825 1494 et
2851 1439 2986 1494 Filio
3016 1440 3057 1470 "
3083 1448 3188 1495 est.

2329 1530 2476 1585 Disc.
2521 1529 2604 1583 Nil
2657 1530 2788 1584 mihi
2844 1530 3190 1599 probabilius
3225 1532 3505 1598 occurrit,
3559 1548 3719 1602 quam
3769 1544 3833 1588 nt

2252 1618 2428 1673 Patris
2471 1618 2793 1688 imaginem,
2834 1618 3109 1683 essentia;
3145 1619 3289 1683 Filii,
3341 1621 3542 1687 virtus,
3595 1621 3832 1690 Spiritus

2253 1712 2442 1775 sancti,
2470 1711 2712 1779 Operatio
2741 1719 2959 1764 nostrae
2991 1719 3221 1766 naturae
3245 1710 3288 1742 ¹⁸
3309 1713 3698 1767 accommodet.
3726 1713 3832 1766 Pa-

579 1801 716 1856 hlac.
748 1801 998 1868 Putasne,
1028 1804 1198 1873 ipsum
1225 1804 1416 1870 Deum,
1437 1807 1529 1874 qui
1567 1807 1634 1860 ad
1667 1807 1952 1877 imaginem
1987 1823 2138 1863 suam
2173 1809 2215 1866 Β
2248 1812 2394 1855 terna
2418 1800 2684 1870 siquidem
2721 1801 3020 1854 substantia
3056 1813 3106 1863 α,
3140 1816 3278 1869 quae
3299 1802 3363 1856 de
3386 1817 3443 1858 se
3464 1804 3828 1858 substantiam

581 1895 821 1946 nostram
845 1894 1049 1948 ereavit
1072 1904 1340 1960 naturam,
1378 1910 1572 1965 corpus
1596 1911 1736 1962 esse,
1761 1913 1827 1952 an
1853 1899 2099 1967 spiritum
2126 1899 2148 1952 ?

575 1983 717 2036 Disc.
740 1983 875 2037 llinc
896 1998 1108 2052 quoque
1125 1984 1394 2039 haesitare
1423 1985 1704 2040 ridiculum
1721 1996 1822 2041 est.
1845 1987 1985 2042 Deus
2003 1990 2145 2042 enim

574 2074 794 2141 spiritus
814 2083 896 2127 est
927 2075 970 2139 ‘,
996 2084 1042 2127 et
1064 2075 1152 2144 qui
1177 2076 1401 2128 adorant
1427 2091 1565 2139 eum,
1583 2075 1633 2128 in
1649 2076 1838 2144 spiritu
1861 2086 1906 2130 et
1937 2078 2148 2132 veritate

573 2163 793 2215 adorant
817 2163 858 2215 ⁵.
887 2163 1024 2218 MAG.
1055 2162 1167 2216 Non
1216 2178 1344 2234 ergo
1365 2165 1656 2217 secundum
1685 2180 1899 2234 corpus,
1928 2166 2022 2220 sed
2063 2181 2148 2220 se-

573 2254 806 2307 cundum
837 2255 1070 2307 animam
1088 2253 1260 2324 imago
1281 2254 1370 2308 Dei
1396 2263 1612 2309 nostrae
1637 2263 1860 2310 naturae
1886 2255 2144 2324 impressa

575 2353 676 2398 est.
711 2344 855 2401 DISC.
891 2343 1002 2399 lloc
1047 2360 1260 2414 quoque
1286 2345 1626 2400 verissimum
1661 2355 1744 2401 est
1789 2345 1968 2401 fateri.
2001 2347 2142 2402 illac.

572 2435 712 2490 Deus
742 2445 825 2490 est
843 2436 1077 2490 Trinitas
1103 2446 1158 2490 et
1186 2435 1394 2509 Unitas,
1419 2436 1521 2491 hoc
1546 2446 1646 2498 est,
1674 2446 1785 2492 tres
1809 2437 2147 2493 substantiae

570 2525 622 2577 in
654 2541 754 2578 una
785 2527 1040 2590 essentia,
1071 2535 1124 2580 et
1153 2541 1258 2580 una
1286 2527 1518 2580 essentia
1547 2527 1600 2580 in
1625 2526 1798 2582 tribus
1819 2528 2140 2584 substantiis

567 2612 650 2665 vel
683 2615 943 2682 personis.
998 2615 1149 2670 Sicut
1176 2616 1318 2670 enim
1370 2616 1563 2671 Graeci
1614 2620 1730 2690 μίαν
1760 2620 1964 2684 οὐσίαν,
2009 2629 2143 2695 τρεῖς

584 2705 898 2768 ὑποστάσεις
923 2706 1008 2761 vel
1059 2711 1172 2784 τρία
1199 2707 1450 2782 πρόσωπα
1491 2707 1709 2770 dicunt,
1743 2706 1796 2760 id
1842 2717 1925 2762 est
1975 2724 2138 2764 unam

565 2797 876 2861 essentiam,
911 2806 1018 2851 tres
1059 2796 1390 2853 substantias
1419 2797 1500 2852 vel
1530 2806 1641 2852 tres
1673 2797 1695 2830 ⁸
1715 2813 1976 2868 personas
2003 2819 2015 2853 :
2065 2799 2138 2855 ita

566 2885 789 2939 Romani
845 2903 1005 2941 unam
1055 2888 1368 2955 essentiam,
1403 2896 1512 2943 tres
1542 2890 1874 2944 substantias
1901 2889 1988 2944 vel
2017 2906 2140 2960 per-

564 2991 743 3030 sonas.
774 2976 830 3030 ln
857 2976 960 3033 hoc
989 2987 1164 3034 tamen
1191 2978 1442 3033 videntur
1469 2978 1704 3045 dill‘erre,
1735 2982 1876 3050 quod
1903 2980 2138 3037 Graecos

560 3067 676 3134 μίαν
705 3063 1012 3132 ὑπόστασιν,
1048 3067 1101 3121 id
1126 3076 1231 3134 est,
1257 3084 1417 3123 unam
1446 3071 1799 3126 substantiam
1827 3073 2004 3128 dicere
2028 3088 2132 3128 non

2249 1892 2468 1946 ﬁliatam
2494 1892 2764 1962 genuit,et
2784 1895 3161 1963 procedentem
3178 1893 3218 1924 "
3248 1893 3274 1932 ι)
3299 1895 3651 1948 substantiam
3675 1912 3740 1950 ex
3767 1912 3830 1949 se

2248 1983 2448 2047 emisit,
2476 1996 2578 2036 non
2603 1982 2872 2037 immerito
2892 1983 3200 2053 principalis
3217 1983 3413 2040 dicitur
3435 1984 3732 2038 substantia
3751 1987 3827 2050 '°,

2247 2090 2354 2128 non
2421 2075 2562 2143 quod
2617 2089 2722 2127 una
2772 2075 3006 2129 essentia
3057 2075 3128 2129 sit
3177 2083 3398 2130 sanctae
3451 2074 3734 2130 Trinitatis
3779 2080 3823 2107 “

2245 2163 2582 2233 separabilis,
2614 2171 2697 2217 est
2723 2163 2866 2216 enim
2897 2179 3000 2216 una
3025 2171 3187 2232 atque
3218 2163 3513 2228 individua,
3541 2164 3632 2218 sed
3676 2169 3823 2234 quod

2243 2252 2683 2309 substantialibus
2711 2252 3045 2316 dilferentiis,
3072 2253 3195 2307 dum
3219 2254 3289 2306 sit
3319 2268 3443 2316 una,
3475 2270 3578 2308 non
3614 2269 3822 2311 careat.

2243 2347 2338 2402 Est
2362 2347 2504 2401 enim
2530 2346 2708 2402 Deitas
2730 2347 2985 2418 genitrix,
3019 2355 3076 2402 et
3099 2348 3278 2418 genita
3306 2347 3487 2402 Deitas
3512 2349 3587 2414 “,
3615 2358 3671 2402 et
3695 2366 3830 2419 pm-

2243 2437 2439 2492 cedens
2470 2438 2656 2490 Deitas
2682 2453 2698 2502 ;
2727 2446 2782 2490 et
2803 2437 2929 2491 dum
2950 2437 3020 2492 sit
3043 2453 3146 2491 una
3170 2437 3350 2493 Deitas
3379 2438 3680 2503 individua,
3713 2457 3822 2494 non

2242 2534 2420 2580 tamen
2450 2524 2896 2580 substantialibus
2939 2524 3258 2580 differentiis
3299 2527 3610 2580 indiscreta.
3636 2527 3826 2583 Virtus

2240 2631 2456 2686 quoque
2479 2632 2582 2670 non
2605 2616 2900 2684 incongrue
2925 2614 3032 2669 Deo
3057 2615 3192 2669 Filio
3212 2615 3538 2686 adjungitur,
3563 2619 3820 2684 quoniam

2241 2723 2401 2777 saepe
2465 2709 2634 2764 virtus
2687 2707 2866 2762 Patris
2918 2723 2948 2760 a
2998 2707 3265 2778 theologia
3320 2709 3649 2762 nominatur.
3711 2710 3818 2763 Sed

2237 2809 2296 2852 ut
2334 2813 2497 2850 unum
2538 2813 2569 2851 a
2611 2797 2852 2867 pluribus
2899 2795 3220 2866 testimoniis
3264 2797 3633 2865 accipiamus,
3687 2802 3815 2853 andi

2235 2886 2548 2956 Apostolum
2573 2899 2592 2938 :
2621 2886 2913 2940 lnvisibilia
2940 2887 3079 2940 enim
3108 2887 3220 2957 ejus
3257 2903 3349 2956 per
3369 2903 3428 2940 ea
3453 2927 3468 2951 ,
3504 2905 3638 2957 quae
3675 2889 3818 2956 facta

2234 2985 2376 3040 sunt,
2403 2975 2660 3030 intellecta
2681 2976 3095 3046 conspiciuntur,
3121 2977 3432 3046 sempiterna
3458 2993 3663 3047 quoque
3699 2979 3820 3047 ejus

2234 3069 2396 3122 virtus
2457 3076 2507 3122 et
2563 3068 2862 3121 aeternitas.
2912 3065 2972 3120 In
3020 3067 3123 3125 hoc
3179 3067 3323 3121 enim
3379 3066 3496 3122 loco
3544 3069 3805 3124 virtutem

566 3157 886 3226 reperimus,
911 3157 1086 3211 Latini
1122 3172 1247 3213 vero
1272 3175 1433 3212 unam
1465 3161 1842 3228 substantiam,
1867 3171 1978 3217 tres
2011 3177 2137 3231 ρει·-
2163 3160 2207 3223 C
2238 3158 2414 3212 Patris
2483 3158 2801 3228 sapientiam
2864 3157 3078 3221 Patris.
3123 3155 3318 3211 Filium
3360 3157 3512 3223 ἀίεοι
3559 3159 3819 3230 inlellisi-

563 3263 724 3301 sonas
761 3247 1195 3317 frequentissime
1240 3251 1417 3306 solent
1457 3252 1654 3308 dicere.
1677 3252 1872 3310 Graeci
1896 3254 2125 3310 dicunt7

558 3336 820 3406 ὁμοούσιον
847 3337 898 3400 ⁸,
949 3337 1226 3409 ὁμοὰγαθσν
1252 3339 1274 3370 ⁹
1305 3338 1506 3412 ὁμόοιον
1535 3342 1597 3408 ¹⁰,
1643 3342 1747 3398 hoc
1799 3352 1915 3410 est,
1970 3347 2131 3402 unius

556 3428 841 3492 essentiae,
870 3429 1026 3483 unius
1070 3430 1358 3496 bonitatis,
1406 3433 1565 3488 unius
1609 3434 1874 3489 Deitatis:
1901 3435 1983 3490 vel
2026 3453 2128 3491 una

554 3517 784 3569 essentia
797 3557 810 3581 ,
826 3533 925 3570 una
943 3518 1171 3583 bonitas,
1186 3536 1291 3574 una
1310 3520 1506 3576 Deitas.
1527 3523 1668 3578 Haec
1688 3533 1864 3579 autem
1888 3527 2124 3592 nomina,

554 3623 692 3675 quae
712 3610 849 3678 apud
874 3609 1108 3666 Graecos
1130 3612 1642 3682 inseparabilitatem
1670 3616 1882 3673 divinae
1904 3629 2128 3676 naturae

556 3696 845 3763 insinuant,
877 3699 928 3752 in
955 3716 1233 3756 romanum
1258 3703 1300 3734 ¹¹
1330 3718 1634 3759 sermonem
1677 3721 1781 3760 non
1826 3707 1984 3763 facile
2008 3724 2128 3763 ver-

553 3797 756 3854 tuntur,
781 3799 834 3844 et
857 3791 999 3845 nullo
1023 3795 1178 3848 modo
1201 3796 1265 3849 ad
1291 3811 1502 3864 purum,
1529 3805 1588 3850 ut
1608 3797 1870 3864 arbitror;
1900 3799 2126 3870 ideoque

553 3877 696 3936 salus
719 3880 1222 3942 eern'mimcllectu-s
1242 3887 1508 3956 separatis
1527 3889 1712 3944 verbis
1720 3894 2125 3966 ρεΓπιρίφρασιν

552 3973 895 4040 transfertur,
920 3985 978 4030 ut
999 3991 1184 4033 eorum
1216 3979 1551 4035 solummodo
1579 3981 1750 4036 virtus
1772 3981 2122 4051 intelligatur,

549 4081 775 4134 quorum
805 4068 1182 4140 interpretatio
1207 4071 1274 4126 de
1296 4073 1460 4127 verbo
1483 4073 1548 4127 ad
1573 4074 1792 4127 verbum
1819 4089 1922 4128 non
1945 4075 2126 4144 expri-

550 4155 732 4210 mitur.
781 4158 923 4214 DISC.
970 4161 1082 4216 l‘loe
1117 4170 1286 4217 totum
1330 4164 1462 4218 fides
1498 4163 1758 4218 catholica
1807 4165 2124 4222 universalis

554 4247 827 4306 Ecclesiae
857 4252 1078 4318 fatetur,
1102 4263 1176 4321 et,
1203 4265 1463 4323 quantum
1497 4257 1677 4321 datur,
1705 4255 1973 4327 intelligit,
2021 4257 2118 4312 sed

549 4359 804 4413 quorsum
833 4347 1059 4401 tendunt
1080 4347 1247 4402 istaec
1274 4348 1316 4378 η
1338 4348 1361 4401 ?
1387 4347 1525 4401 MAG.
1561 4346 1676 4402 Non
1705 4345 1981 4412 aliorsum,
2016 4348 2118 4404 nisi

549 4444 607 4488 ut
632 4451 950 4504 quaeramus
973 4453 1070 4505 pro
1098 4438 1322 4502 viribus,
1348 4439 1615 4507 quomodo
1639 4438 1878 4493 Trinitas
1903 4449 2120 4496 nostrae

2234 3265 2382 3316 mus,
2428 3251 2800 3305 aeternitatem
2843 3264 2971 3305 vero
3011 3247 3271 3319 Spiritum
3318 3259 3562 3303 sanetum
3595 3291 3610 3314 ,
3673 3261 3815 3305 teste

2232 3341 2484 3407 Maximo,
2539 3342 2828 3398 venerabili
2877 3341 3154 3410 magistro.
3204 3339 3337 3393 Nam
3385 3342 3526 3410 quod
3573 3341 3817 3409 Spiritus

2232 3443 2452 3488 sanctus
2476 3433 2692 3488 virtutis
2717 3433 2932 3488 nomine
2963 3433 3015 3486 in
3046 3417 3340 3500 Scripturis
3365 3432 3500 3486 solet
3527 3434 3810 3502 appellari,

2232 3533 2463 3578 testatur
2512 3524 2890 3595 Evangelium,
2944 3522 3172 3577 Domino
3223 3522 3469 3588 dicente,
3527 3526 3811 3580 mulierem

2228 3615 2590 3690 αἱμοῤῥοῦσαν,
2638 3613 2741 3668 hoc
2792 3621 2897 3678 est,
2955 3611 3155 3665 ﬂuxum
3202 3612 3476 3681 sanguinis
3515 3615 3810 3682 patientem

2229 3717 2428 3756 sanans
2445 3701 2518 3754 "z
2547 3701 2699 3756 Sensi
2724 3719 2756 3754 a
2787 3718 2868 3755 nte
2895 3702 3061 3755 exisse
3083 3703 3348 3766 virtutem,
3380 3701 3479 3757 hoc
3503 3714 3606 3768 est,
3637 3706 3809 3776 Spiri-

2229 3803 2340 3848 tum
2366 3803 2629 3858 sanctum,
2648 3793 2739 3863 qui
2761 3793 2952 3848 dividit
2977 3795 3112 3849 dona
3141 3796 3448 3850 sanitatum.
3466 3796 3603 3863 Quid
3627 3799 3805 3852 dicam

2227 3886 2294 3941 de
2337 3885 2651 3956 Operatione
2693 3884 2968 3940 essentiali
3028 3896 3243 3941 nostrae
3301 3888 3561 3941 naturae?
3615 3886 3805 3944 Nonne

2227 3975 2504 4045 aptissime
2530 3984 2718 4031 sancto
2749 3975 2972 4044 Spiritui
3007 3976 3308 4046 copulatur,
3334 3978 3418 4032 cui
3465 3979 3626 4034 veluti
3677 3997 3804 4050 pro-

2225 4065 2340 4134 prie
2372 4065 2612 4133 operatio
2659 4065 2914 4119 virtutum
2955 4065 3364 4136 divinarumque
3407 4069 3756 4124 donationum
3783 4111 3798 4135 ,

2223 4163 2279 4209 et
2306 4154 2684 4210 universaliter
2708 4163 2763 4211 et
2791 4157 3008 4227 pr0prie
3037 4157 3326 4227 unicuique
3370 4159 3563 4214 divisio
3607 4163 3799 4216 tribui-

2227 4247 2347 4300 tur?
2401 4245 2458 4300 ln
2500 4255 2728 4301 naturae
2773 4246 2937 4317 igitur
2984 4256 3200 4302 nostrae
3247 4251 3482 4304 essentia
3539 4260 3797 4320 paternae

2223 4338 2573 4405 substantiae,
2602 4338 2656 4392 in
2679 4338 2879 4394 virtute
2910 4353 3037 4393 vero
3066 4340 3396 4395 subsmntiae
3425 4341 3539 4406 lilii,
3569 4343 3622 4396 in
3665 4359 3800 4412 Ope-

2221 4429 2429 4484 ratione
2457 4427 2789 4483 substantiae
2813 4427 3044 4498 Spiritus
3068 4431 3237 4484 sancti
3266 4433 3568 4500 proprietas
3605 4435 3800 4503 digno-

547 4533 772 4578 naturae
821 4523 1098 4581 Trinitatis
1141 4527 1421 4582 creatrieis
1468 4527 1755 4596 imaginem
1783 4538 1837 4583 et
1865 4529 2114 4584 similitu-

2240 4520 2404 4575 .citur.
2429 4518 2566 4575 MAG.
2594 4519 3014 4589 Responsionem
3052 4531 3194 4576 tuam
3225 4538 3254 4576 a
3287 4524 3512 4580 veritate
3555 4541 3663 4580 non
3713 4529 3792 4582 di-

546 4613 722 4667 tlinem
750 4615 803 4668 in
831 4615 1002 4684 seipsa
1028 4617 1328 4686 exprimat,
1359 4616 1460 4672 hoc
1485 4625 1587 4681 est,
1612 4617 1739 4686 quid
1761 4617 1811 4672 in
1835 4633 1896 4674 ea
1919 4635 2119 4676 conve-

545 4703 778 4761 nientius
803 4705 1114 4778 Patri,quid
1136 4707 1434 4778 Filio,quid
1460 4707 1681 4779 Spiritui
1710 4720 1898 4766 sancto
1923 4711 2114 4780 adjun-

2219 4625 2468 4679 serepare
2496 4610 2748 4666 arbitror.
2783 4610 2890 4666 Sed
2940 4611 3088 4678 vide,
3136 4613 3265 4682 quid
3323 4615 3416 4668 tibi
3468 4617 3679 4672 videtur
3727 4620 3795 4674 de

2220 4700 2579 4756 famosissima
2623 4709 2838 4757 nostrae
2880 4709 3104 4758 naturae
3155 4703 3416 4771 trinitate,
3446 4721 3586 4776 quae
3633 4710 3796 4764 intel-

1816 4840 2075 4896 VARIAE
2114 4839 2509 4895 LECTIONES.

665 4927 755 4984 Sic
808 4927 972 4995 CDE;
1003 4930 1047 4984 Α
1087 4946 1284 4998 nonne;

1359 4932 1380 4962 ’
1411 4930 1502 4988 Sic
1547 4932 1719 4995 CDE;
1774 4932 1815 4984 Λ
1859 4931 2190 5002 intelligitur.
2251 4930 2299 5002 fi
2317 4929 2408 5002 Sic
2449 4930 2610 5002 CDE;
2645 4933 2688 4986 A
2730 4941 2778 4986 et
2823 4933 3138 5002 operatione.
3215 4934 3237 4966 ⁸
3267 4934 3358 4990 Sic
3391 4935 3564 5002 CDE;
3620 4939 3659 4991 Α
3711 4954 3786 4995 εει

543 4997 776 5090 spiritus.
800 5067 821 5090 Δ
847 4999 877 5086 ι.
897 4997 1575 5090 C'adprare.m:.SineltlD'E
1603 5013 1751 5090 ;Atres
1783 5018 1892 5090 om;
1907 5001 1992 5090 πέλ.
2393 4997 2862 5090 ςιιξὶςςειᾷεείᾝεεγό
2901 5003 3107 5090 dicunt.
3176 5004 3426 5090 incert,
3452 4997 3780 5090 ὁμοῦσιον.

543 5068 566 5096 ⁹
588 5067 764 5142 Corn,
857 5068 1124 5142 ὁμάγαθον.
1204 5071 1246 5102 ¹⁰
1261 5070 1351 5125 Sic
1372 5072 1487 5136 CIC;
1519 5072 1717 5142 ὁμόθεον
1731 5069 1968 5142 omsAp.

545 5137 780 5209 euadunt
794 5137 976 5209 istacf
1005 5141 1048 5193 A
1080 5155 1336 5209 quorsum
1371 5137 1593 5195 tendunt
1621 5142 1743 5194 ista.

546 5205 590 5236 "
615 5207 706 5261 Sic
744 5207 867 5274 CE;
897 5219 970 5262 est
1001 5205 1113 5263 om:
1141 5210 1186 5262 A
1211 5227 1230 5274 ,°
1262 5211 1304 5263 D
1329 5220 1375 5263 et
1399 5211 1618 5263 essentia
1649 5220 1694 5262 et
1717 5211 1879 5263 virtus
1908 5218 2005 5262 est.

539 5274 710 5346 CDE:
743 5277 787 5346 Α
815 5289 1036 5332 naturae
1081 5288 1306 5332 nostrae.
1384 5278 1427 5310 "
1477 5279 1569 5334 Sic
1622 5279 1792 5343 CDE;
1849 5278 1892 5332 Α
1931 5277 2292 5346 processionis.

1617 5349 1662 5380 ³³
1695 5349 1786 5404 Sic
1805 5347 1892 5403 ΟΕ
1917 5363 1932 5413 ;
1961 5349 2005 5401 A
2031 5346 2212 5401 Deitas
2237 5349 2430 5418 genita.
2508 5349 2554 5380 ³³
2593 5349 2683 5404 Sic
2711 5349 2865 5406 ΑΒΕ.

538 5343 584 5376 ’³
612 5344 704 5400 Sic
723 5345 840 5413 CE;
868 5347 909 5402 Α
940 5363 1123 5403 sacrae
1150 5347 1421 5404 Trinitatis
1451 5350 1542 5402 sit.

1825 5110 1840 5124 .
1858 5069 1968 5123 AD.
2048 5069 2086 5101 ¹¹
2104 5068 2195 5123 Sic
2216 5069 2347 5122 CDE
2365 5086 2379 5133 ;
2396 5071 2437 5122 A
2456 5069 2832 5124 Romanorum.

1821 5141 1866 5172 ιι
1899 5139 1987 5172 ea.
2015 5137 2145 5172 nni:
2171 5154 2183 5166 ο
2233 5139 2262 5172 Δ
2322 5138 2594 5172 'r...-...°.,...-.
2636 5142 2832 5172 ,κηςκιη

1899 5139 1989 5194 Sic
2015 5137 2146 5193 CDE
2171 5154 2185 5202 ;
2226 5139 2270 5191 A
2322 5138 2594 5194 Trinitatis
2635 5142 2860 5194 divinae.
2941 5141 2984 5171 ⁸⁸
3009 5141 3099 5196 Sic
3127 5143 3298 5208 CDE;
3327 5145 3370 5196 A
3393 5137 3544 5200 viden

1908 5218 2005 5262 est.
2085 5207 2127 5238 ³⁸
2156 5207 2246 5261 Sic
2271 5207 2441 5271 CDE;
2480 5210 2533 5262 in
2554 5225 2661 5264 om.
2691 5211 2758 5263 Α.
2834 5212 2874 5245 ⁸⁷
2905 5210 2996 5265 Sic
3038 5209 3201 5275 CDE;
3234 5213 3277 5265 Α
3327 5215 3380 5266 in
3415 5215 3544 5269 lilio.

2912 5071 3150 5144 's_C9rr.,
3175 5072 3265 5144 DE
3291 5077 3453 5139 istac;
3475 5071 3782 5144 C(jtzorsum

2941 5141 2984 5171 ³⁵
3009 5141 3099 5196 Sic
3127 5143 3260 5197 CDE
3283 5161 3298 5208 ;
3327 5145 3370 5196 A
3393 5141 3595 5200 videtur
3614 5166 3778 5216 posse.

2941 5211 2996 5265 lic
3038 5209 3201 5268 CDE:
3234 5213 3277 5265 Α
3327 5215 3380 5266 in
3415 5215 3544 5268 lilio.
3627 5220 3669 5250 "
3695 5220 3778 5268 Sic

2391 5246 2402 5262 ι
2428 5250 2441 5271 ,
2480 5237 2533 5262 m
2554 5237 2661 5264 υιιι.
2691 5237 2758 5263 ιι.
2834 5237 2870 5245 "
2906 5237 2996 5265 ou;
3038 5237 3201 5275 nun;
3234 5237 3277 5265 ιι
3327 5237 3380 5266 ιη
3415 5237 3544 5269 uno.
3627 5237 3669 5250 "
3695 5237 3781 5274 διε

2391 5279 2438 5310 ¹⁶
2469 5278 2559 5353 Sic
2599 5279 2738 5353 _A_E;
2770 5282 2842 5353 _A_
2881 5280 3076 5335 dicitur
3116 5283 3419 5353 principalis
3465 5286 3758 5342 substantia

2021 5473 2272 5533 NOTAE.

672 5565 906 5638 Verbis:
943 5565 1176 5622 Paterna
1217 5566 1804 5638 siquidcm"snbstantia
1861 5583 1993 5634 quae
2039 5567 2103 5622 de

537 5637 613 5707 [se
637 5636 773 5708 υιιι.]
820 5639 1162 5709 substantiam
1199 5636 1422 5705 ﬁliatam
1461 5639 1631 5708 genuit
1663 5647 1707 5691 et
1745 5638 2098 5709 procedentem

536 5707 876 5762 substantiam
907 5707 1089 5761 finitur
1116 5712 1235 5763 cod.
1273 5709 1334 5764 D.

2281 5569 2308 5608 ι)
2344 5569 2423 5624 Ad
2465 5585 2686 5628 vernum
2726 5573 3080 5642 procedentem
3109 5573 3345 5630 Thomas
3371 5572 3501 5630 Gale
3531 5575 3769 5630 animad-

2208 5641 2368 5696 vertit
2401 5642 2531 5698 haec
2559 5658 2572 5696 :
2605 5643 2706 5697 llic
2728 5641 2904 5711 deﬁcit
2932 5644 3113 5712 codex,
3170 5646 3256 5715 qui
3286 5646 3409 5700 olim
3446 5647 3545 5716 fuit
3582 5647 3770 5701 Titani.
