4064 6292
243 313 350 370 569

1067 315 1153 371 DE
1193 313 1528 371 DIV'ISIONE
1567 313 1912 368 NATURAE.
1953 344 2019 352 —
2059 311 2257 367 LIBER
2299 313 2678 371 SECUNDUS.

3390 323 3494 379 570

244 429 411 495 lectu,
439 438 494 482 et
519 426 746 491 ratione,
771 433 827 480 et
852 441 1010 482 sensu
1037 428 1377 496 intelligitur:
1414 444 1539 480 num
1574 428 1818 482 dissonat
1847 429 1896 488 Α
1923 423 2084 478 veluti
2113 424 2366 479 ostiarius
2404 425 2425 456 ’
2457 427 2672 496 quidam
2728 428 3202 501 interminciusqne
3251 447 3332 496 ea,
3363 450 3503 504 quae

239 521 312 575 ab
336 536 424 585 ea,
453 537 612 590 quam
645 518 1030 589 praediximus,
1061 520 1261 583 anima,
1290 533 1357 572 an
1395 535 1498 572 una
1529 519 1826 589 eademque

241 621 296 664 et
325 612 461 666 haec
509 621 564 664 et
594 611 609 641 ί
639 610 774 678 ipsa,
805 618 858 666 et
880 625 987 664 non
1020 610 1156 664 duae
1187 611 1448 680 quaedam
1490 609 1648 664 unius
1683 608 1826 678 ejus-

238 700 475 768 demque
505 710 722 754 nostrae
743 699 1006 753 naturae?
1049 697 1280 755 Sensum
1319 709 1498 755 autem
1549 702 1670 756 dico
1718 717 1822 757 non

241 791 570 846 exteriorem
600 792 691 845 sed
722 790 1053 846 interiorem.
1084 789 1217 844 Nam
1247 791 1472 845 interior
1499 792 1826 846 coessentia-

241 882 312 935 lis
349 891 432 936 est
462 882 655 936 rationi
687 890 848 951 atque
879 880 1191 946 intellectui,
1212 880 1450 935 exterior
1471 896 1825 950 vero,quam-

240 971 326 1024 vis
363 971 484 1041 plus
534 972 601 1025 ad
654 972 888 1026 animam
942 972 1240 1042 pertinuere,
1292 987 1454 1044 quam
1509 972 1575 1027 ad
1629 988 1825 1042 corpus

239 1060 512 1126 videatur,
542 1076 647 1115 non
699 1071 878 1116 tamen
925 1063 1217 1117 essentiam
1273 1065 1487 1118 animae
1527 1064 1822 1129 constituit,

240 1155 359 1218 sed,
391 1163 450 1208 ut
486 1155 636 1208 aiunt
661 1153 1199 1222 Graeci,conjunctio
1221 1155 1483 1228 quaedam
1511 1163 1593 1210 est
1613 1155 1824 1208 animae

240 1255 298 1298 et
330 1244 570 1313 corporis
606 1261 620 1298 :
660 1245 836 1300 soluto
857 1245 999 1300 enim
1022 1260 1248 1314 corpore
1286 1253 1341 1301 et
1378 1245 1664 1300 recedente
1711 1245 1822 1298 vita

238 1335 460 1404 penitus
487 1335 831 1389 interimitur.
858 1334 991 1390 Nam
1017 1337 1062 1390 si
1096 1336 1149 1388 in
1177 1335 1353 1389 anima
1384 1342 1650 1398 maneret,
1675 1343 1730 1388 et
1756 1333 1822 1387 ad

237 1427 602 1480 substantiam
633 1425 749 1494 ejus
778 1427 1176 1496 pertineret,eo
1205 1426 1447 1496 profecto
1477 1426 1639 1480 etiam
1667 1433 1820 1480 extra

236 1533 439 1587 corpus
469 1527 731 1572 uteretur.
764 1519 834 1571 At
859 1533 1010 1584 vero,
1038 1519 1161 1588 quia
1199 1517 1316 1572 sine
1342 1532 1568 1588 corpore
1612 1532 1678 1571 eo
1724 1531 1824 1570 nec

235 1610 434 1673 utitur,
461 1625 560 1664 nec
607 1609 682 1663 uti
725 1617 922 1678 potest,
970 1609 1310 1679 relinquitur,
1351 1625 1451 1664 nec
1494 1608 1546 1662 in
1597 1621 1822 1678 corpore

235 1701 418 1755 soluto
457 1715 699 1767 manere,
729 1715 827 1756 nec
857 1702 1068 1756 animae
1105 1701 1341 1771 regimen
1388 1701 1633 1770 corporis
1661 1700 1820 1754 dese-

1927 513 2268 568 extrinsecus
2305 515 2628 581 introducit,
2658 519 2986 586 praesidenti
3021 521 3262 576 interiori
3320 526 3504 578 sensui

1926 603 2218 658 annunciet
2246 605 2307 659 ³ο.
2331 605 2474 660 Disc.
2501 605 2685 676 Neque
2713 623 2802 662 me
2827 620 3022 674 movet,
3053 626 3306 665 sensuum
3339 615 3510 667 nomi.

1927 695 2083 749 nibus
2096 710 2280 749 eorum
2301 697 2340 727 ¹¹
2366 697 2720 751 instrumenta
2746 698 3035 768 signiﬁcari
3055 717 3070 765 ;
3090 715 3262 770 neque
3279 702 3504 756 duorum

1925 801 2179 842 sensuum
2212 788 2252 818 ¹²
2277 787 2600 854 άὶοέῐρι·ειιιὶει,
2625 806 2785 858 quam
2830 793 2895 844 ad
2943 806 3135 860 purum
3180 794 3505 859 discrcvisti,

1926 895 2012 934 me
2041 881 2194 945 latet,
2227 891 2284 935 ut
2309 882 2518 950 opinor.
2552 882 2617 935 lit
2650 884 2778 951 quid
2823 884 2890 937 de
2943 885 3216 961 praedicta
3267 887 3507 941 trinitate

1925 979 2152 1025 naturae
2180 981 2398 1025 nostrae
2418 974 2614 1038 sentio,
2643 988 2740 1041 pro
2773 974 3022 1044 ingenioli
3055 975 3157 1029 mei
3189 968 3345 1045 captu
3369 977 3508 1030 edis-

1925 1075 2126 1116 seram.
2163 1062 2306 1116 Duae
2331 1063 2601 1117 trinitates
2627 1063 2878 1118 videntur
2903 1079 3042 1128 esse,
3075 1065 3272 1134 quibus
3318 1078 3504 1121 nostra

1925 1165 2137 1219 natura,
2165 1164 2423 1224 quantum
2447 1156 2510 1209 ad
2542 1156 2830 1226 imaginem
2860 1156 2954 1210 Dei
2998 1155 3141 1211 facta
3169 1168 3271 1222 est,
3305 1158 3504 1227 proba-

1927 1254 2014 1300 tur
2045 1246 2358 1301 subsistere.
2388 1245 2493 1300 Sed
2523 1247 2765 1300 consulta
2811 1229 3038 1301 veritate
3097 1263 3204 1301 non
3253 1264 3312 1302 re
3368 1249 3504 1317 ipsa,

1925 1338 2020 1391 sed
2047 1337 2176 1392 solis
2210 1336 2519 1393 nominibus
2559 1352 2588 1389 a
2629 1351 2687 1390 se
2725 1337 2954 1391 invicem
3003 1337 3314 1407 discrepare
3361 1355 3514 1408 repe-

1927 1431 2160 1485 riuntur.
2191 1430 2326 1484 Nam
2371 1437 2486 1490 νοῦς
2530 1439 2584 1483 et
2608 1432 2784 1494 οὐσία,
2821 1431 2926 1484 hoc
2969 1437 3072 1495 est,
3114 1429 3415 1484 intellectus
3460 1439 3516 1483 et

1926 1522 2159 1577 essentia
2175 1521 2599 1576 excelsissimam
2627 1529 2846 1576 nostrae
2868 1529 3088 1575 naturae
3112 1529 3320 1590 partem
3345 1521 3514 1592 signi-

1924 1613 2110 1677 ﬁcant,
2143 1611 2309 1666 immo
2330 1612 2766 1666 excelsissimum
2789 1621 3013 1666 motum.
3043 1611 3342 1682 Siquidem,
3369 1621 3425 1664 ut
3451 1621 3504 1665 tu

1926 1705 2039 1774 ipse
2087 1702 2356 1772 intelligis,
2396 1718 2503 1756 non
2547 1702 2692 1756 aliud
2721 1713 2805 1756 est
2834 1709 3048 1756 nostrae
3093 1710 3319 1756 naturae
3359 1716 3505 1763 esse,

238 1791 382 1844 renti
412 1791 723 1846 adhaerere.
763 1791 896 1845 Nam
926 1801 981 1845 ct
1006 1792 1118 1860 ipsa
1145 1790 1406 1855 definitio,
1447 1806 1552 1860 qua
1601 1797 1823 1845 sanctus
1855 1781 1898 1839 Β
1926 1803 1980 1848 et
2005 1793 2147 1847 aliud
2176 1791 2416 1855 moveri;
2459 1792 2694 1846 essentia
2722 1791 2866 1845 enim
2893 1788 3011 1858 ejus
3047 1798 3131 1843 est
3157 1799 3334 1843 motus
3363 1789 3507 1844 circa

234 1883 574 1952 Augustinus
593 1883 918 1938 exteriorem
947 1899 1165 1938 sensum
1194 1883 1364 1939 voluit
1406 1881 1656 1946 delinire,
1682 1883 1823 1936 intra

235 1973 624 2028 substantiales
667 1974 878 2028 animae
905 1983 1086 2044 partes
1129 1989 1233 2028 non
1281 1973 1493 2027 videtur
1533 1986 1826 2026 connume-

236 2063 382 2120 rari:
401 2063 598 2118 Sensus
615 2075 712 2129 est,
729 2064 924 2134 inquit,
946 2065 1120 2134 passio
1142 2063 1396 2132 corporis,
1419 2078 1511 2132 per
1537 2078 1591 2114 se
1611 2062 1775 2131 ipsam
1799 2061 1820 2092 ³

238 2169 349 2205 non
371 2152 537 2207 latens
559 2154 809 2207 animam.
837 2154 968 2208 ltem
993 2153 1118 2218 alia,
1145 2168 1284 2222 quae
1314 2152 1443 2206 dicit
1473 2169 1486 2204 :
1519 2149 1712 2205 Sensus
1747 2157 1822 2204 est

237 2244 565 2298 sensibilium
603 2261 772 2298 rerum
793 2245 1071 2314 phantasia
1099 2261 1192 2315 per
1218 2245 1564 2299 instrumenta
1591 2242 1823 2311 corporis

239 2344 534 2403 assumpta.
553 2333 812 2389 Similiter
832 2347 1058 2388 naturae
1098 2335 1309 2388 animae
1334 2350 1438 2388 non
1467 2331 1678 2388 videtur
1699 2346 1821 2386 eum

237 2425 569 2494 conjungere
609 2437 650 2491 ⁸,
681 2427 777 2480 scd
815 2422 962 2482 velut
1018 2426 1416 2480 internuncium
1468 2425 1714 2495 corporis
1769 2432 1824 2478 ct

239 2516 462 2592 animae
491 2517 842 2584 constituere,
865 2527 918 2572 et
941 2518 986 2572 si
1017 2518 1138 2587 quis
1168 2518 1424 2573 intentius
1469 2534 1694 2588 graecae
1723 2516 1824 2570 lin-

240 2622 382 2677 guae
421 2608 802 2676 proprietatem
831 2612 1196 2680 perspexerit,
1221 2611 1448 2664 duorum
1482 2626 1734 2665 sensuum
1768 2611 1819 2663 in

241 2699 467 2767 homine
491 2699 872 2768 proprietatem
901 2702 1151 2770 reperiet.
1179 2701 1236 2754 ln
1263 2718 1325 2756 ea
1349 2702 1492 2757 enim
1520 2709 1635 2762 νοῦς
1666 2701 1822 2756 intel-

241 2786 420 2863 lectus
450 2788 668 2853 dicitur,
689 2790 836 2862 λόγος
861 2791 1027 2852 ratio,
1081 2789 1273 2848 διάνοια
1322 2807 1533 2858 sensus,
1583 2809 1686 2846 non
1735 2793 1822 2848 ille

536 2881 629 2934 sed
661 2881 915 2948 interior;
966 2891 1021 2936 et
1067 2883 1120 2936 in
1175 2883 1259 2937 his
1301 2883 1474 2937 tribus
1519 2883 1822 2938 essentialis

241 2968 461 3024 trinitas
485 2969 698 3025 animae
725 2971 792 3025 ad
824 2971 1113 3042 imaginem
1141 2973 1235 3026 Dei
1278 2972 1602 3027 constitutae
1638 2972 1818 3028 subsi-
1866 2983 1876 2993 ’

239 3064 356 3116 stit.
386 3063 479 3131 Est
505 3063 647 3118 enim
694 3063 1015 3129 intellectus,
1049 3073 1104 3118 et
1148 3065 1304 3129 ratio,
1349 3073 1404 3120 et
1463 3082 1670 3128 sensus,
1727 3066 1816 3136 qui

241 3153 443 3206 dicitur
473 3153 699 3208 interior
722 3163 776 3210 et
817 3155 1150 3222 essentialis;
1201 3157 1438 3212 exterior
1485 3172 1632 3222 vero,
1659 3174 1816 3227 quem
1848 3136 1890 3195 (ἶ

241 3246 492 3316 corporis
527 3254 581 3299 et
606 3249 818 3304 animae
846 3250 1090 3320 copulam
1118 3251 1375 3315 diximus,
1398 3251 1637 3310 αἴσθησις
1664 3265 1824 3303 voca-

241 3349 366 3403 tur;
399 3340 752 3396 instrumenta
784 3353 986 3409 autem,
1009 3344 1062 3398 in
1085 3345 1278 3414 quibus
1303 3345 1558 3416 possidet,
1586 3345 1823 3403 αἰσθητή-

241 3455 349 3509 ρια,
405 3435 555 3500 quasi
581 3436 864 3498 αἰσθήσεως
893 3441 1069 3508 rupta,
1099 3438 1202 3491 hoc
1252 3447 1358 3500 est,
1411 3450 1601 3492 sensus
1644 3445 1818 3489 custo-

239 3523 369 3575 diae
398 3522 437 3575 ’⁵.
473 3523 526 3577 In
557 3525 636 3580 eis
665 3526 810 3580 enim
849 3541 1038 3582 sensus
1085 3527 1392 3582 custoditur
1435 3535 1490 3580 et
1535 3535 1818 3595 operatur;

244 3623 302 3667 et
332 3623 458 3667 sunt
485 3630 711 3670 numero
761 3615 1018 3686 quinque,
1047 3617 1212 3680 visus,
1241 3619 1456 3672 auditus
1481 3618 1526 3681 ⁸,
1571 3617 1820 3683 olfactus,

243 3711 453 3770 gustus,
480 3710 673 3758 tactus.
703 3701 812 3759 Nec
836 3713 887 3759 te
912 3720 1127 3760 movere
1155 3706 1487 3775 debet,quod
1516 3707 1824 3761 nominibus

244 3793 670 3862 qninquepertiti
696 3810 886 3850 sensus
926 3797 1420 3867 quinquepertitum
1464 3796 1580 3866 ejus
1621 3798 1825 3852 instru-

245 3891 488 3938 mentum
513 3883 856 3959 appellarim;
908 3903 1031 3940 nam
1061 3886 1532 3956 frequentissimus
1576 3895 1632 3941 et
1679 3903 1825 3941 com-

247 3974 426 4030 munis
450 3973 733 4031 locutionis
756 3985 810 4030 et
839 3991 1025 4032 sacrae
1053 3976 1366 4047 Scripturae
1394 3992 1524 4031 usus
1546 3984 1645 4039 est,
1671 3975 1826 4032 sedes

245 4079 502 4120 sensuum
568 4067 806 4137 ipsorum
855 4086 1110 4126 sensuum
1167 4072 1477 4126 nominibus
1530 4071 1822 4142 appellare.

238 4155 405 4223 ‘Visus
434 4158 576 4212 enim
604 4169 824 4215 vocatur
847 4162 1055 4227 oculus,
1077 4172 1132 4216 et
1173 4163 1320 4217 auris
1361 4163 1596 4227 auditus,
1621 4164 1822 4217 ceteri-

246 4261 353 4312 que
385 4246 634 4302 similiter
662 4265 854 4305 sensus
899 4252 1010 4306 suis
1050 4253 1423 4308 instrumentis
1475 4253 1826 4321 signiﬁcatio-

245 4352 367 4388 nem
393 4349 688 4404 praestant.
716 4339 830 4396 Non
855 4351 1030 4398 autem
1057 4353 1339 4414 prepterea
1355 4343 1824 4414 quinquepertitus

244 4443 437 4482 sensus
496 4430 714 4496 dicitur,
767 4435 908 4501 quod
964 4435 1018 4487 in
1071 4435 1246 4504 seipso
1298 4436 1544 4504 quinario
1599 4449 1824 4489 numero

246 4518 548 4584 dividatur;
572 4529 653 4575 est
675 4522 818 4576 enim
849 4524 1072 4592 simplex
1103 4536 1154 4579 et
1186 4526 1559 4592 uniformis,et
1582 4527 1636 4580 in
1664 4526 1826 4580 corde

244 4607 407 4660 veluti
438 4607 720 4679 principali
772 4612 938 4668 sede“
975 4615 1215 4684 possidet
1260 4633 1271 4670 :
1321 4618 1416 4672 sed
1463 4617 1605 4686 quod
1651 4617 1670 4648 ⁷
1730 4631 1827 4686 per

243 4698 738 4768 quinquepertitutn
767 4704 1011 4773 corporis
1041 4706 1476 4769 instrumentum,
1517 4706 1679 4760 veluti
1729 4721 1826 4774 per

243 4788 506 4856 quasdam
533 4789 809 4859 cujusdam
840 4793 1074 4848 civitatis
1106 4795 1343 4863 quinque
1369 4803 1570 4864 portas,
1600 4793 1826 4848 sensibi-

244 4877 376 4930 lium
413 4893 592 4934 rermn
624 4881 1003 4938 similitudines
1031 4900 1096 4938 ex
1119 4886 1474 4954 qualitatibus
1505 4894 1558 4938 et
1602 4883 1822 4954 quanti-

245 4968 449 5023 tatibus
470 4971 756 5026 exterioris
790 4973 974 5027 mundi
1005 4975 1304 5040 venientes,
1351 4975 1671 5044 ceterisque,
1699 4972 1820 5042 Qui-

243 5057 348 5114 lius
375 5074 564 5115 sensus
585 5062 826 5118 exterior
855 5063 1139 5133 formatur,
1171 5067 1396 5122 interius
1447 5067 1671 5136 recipiat
1701 5068 1746 5137 ⁸,
1771 5081 1826 5128 et

1928 1883 2096 1938 Deum
2119 1890 2174 1936 et
2202 1889 2508 1936 creaturam
2556 1879 2784 1946 stabilis,
2812 1888 2869 1934 et
2908 1876 3120 1934 mobilis
3163 1886 3357 1932 status.
3402 1878 3509 1931 Sed

1927 1974 2051 2028 dum
2084 1981 2326 2026 movetur
2347 1965 2492 2026 circa
2525 1969 2713 2035 Deum,
2751 1969 2843 2040 qui
2869 1977 3088 2039 superat
3119 1969 3322 2032 omnia,
3352 1983 3501 2022 sum—

1925 2080 2048 2120 mus
2076 2064 2120 2096 ¹³
2143 2072 2320 2120 motus
2339 2064 2456 2133 ejus
2481 2064 2642 2117 datur
2672 2062 2746 2127 “;
2777 2063 2903 2116 dum
2930 2077 3060 2116 vero
3086 2060 3228 2115 circa
3272 2059 3506 2129 primar-

1926 2156 2093 2211 diales
2110 2171 2301 2211 causas
2316 2163 2582 2217 versatur,
2598 2167 2734 2222 quae
2755 2152 3035 2222 proximae
3055 2149 3366 2206 immediate
3386 2159 3508 2218 post

1925 2251 2095 2304 Deum
2115 2256 2261 2314 sunt,
2276 2246 2439 2302 veluti
2469 2245 2647 2304 medio
2668 2243 2901 2314 quodam
2924 2241 3291 2298 moderamine
3313 2239 3509 2294 intelli-

1926 2342 2070 2412 gitur
2089 2339 2314 2406 moveri;
2331 2339 2549 2409 quando
2559 2346 2738 2392 autem
2763 2334 3192 2407 primordialium
3217 2347 3505 2387 causarum

1926 2431 2150 2486 eﬂ‘ectus
2163 2431 2276 2486 sive
2297 2429 2561 2494 visibiles,
2578 2429 2691 2483 sive
2706 2425 3002 2482 invisibiles
3021 2423 3327 2494 perspicere
3347 2437 3511 2476 cona-

1927 2530 2032 2585 tur,
2057 2531 2355 2576 extremum
2387 2521 2471 2575 sui
2498 2527 2700 2575 motum
2730 2518 2842 2588 pati
2869 2516 3224 2587 dignoscitur,
3249 2530 3353 2569 non
3383 2514 3528 2582 quia

1926 2616 2068 2670 idem
2095 2624 2274 2670 motus
2301 2611 2674 2670 substantialis
2704 2610 2889 2680 augeri
2916 2609 3000 2663 vel
3031 2607 3197 2662 minui
3227 2606 3284 2660 in
3332 2606 3513 2674 seipso

1924 2705 2114 2773 possit,
2145 2704 2238 2759 sed
2266 2703 2409 2773 quod
2438 2702 2734 2756 secundum
2775 2699 3093 2769 dignitatem
3122 2712 3301 2750 rerum
3322 2736 3337 2760 ,
3365 2695 3511 2749 circa

1925 2810 2060 2864 quas
2091 2793 2341 2858 volvitur,
2378 2800 2433 2849 et
2460 2792 2746 2858 minimus,
2797 2797 2853 2844 et
2897 2787 3127 2853 medius,
3154 2795 3210 2840 et
3245 2785 3513 2840 maximus

1925 2901 2045 2941 esse
2067 2884 2345 2954 judicatur
2369 2883 2433 2936 ”.
2457 2883 2703 2938 Essentia
2730 2881 2911 2950 itaque
2939 2881 3152 2934 animae
3176 2887 3395 2932 nostrae
3421 2886 3509 2931 est

1927 2975 2249 3040 intellectus,
2299 2975 2390 3045 qui
2417 2973 2753 3028 universitati
2790 2974 3058 3027 humanae
3081 2979 3307 3025 naturae
3347 2985 3505 3040 prae-

1926 3065 2082 3130 sidet,
2099 3065 2223 3135 quia
2255 3065 2298 3096 ¹⁸
2325 3064 2470 3119 circa
2512 3063 2680 3118 Deum
2710 3078 2871 3133 supra
2898 3077 3113 3118 omnem
3140 3073 3387 3116 naturam
3421 3062 3504 3116 in—

1924 3157 2137 3226 cognite
2151 3155 2595 3210 circumvehitur.
2611 3152 2770 3229 Λόγος
2789 3167 2918 3208 vero
2932 3152 3016 3206 vel
3036 3151 3270 3222 δύναμις,
3288 3153 3388 3207 hoc
3403 3161 3510 3215 est,

1923 3247 2064 3302 ratio
2090 3246 2174 3302 vel
2197 3247 2239 3278 "
2270 3246 2445 3300 virtus
2468 3246 2762 3299 secundam
2810 3242 2976 3298 veluti
3000 3250 3209 3312 partem
3237 3242 3510 3306 insinuat;

1925 3354 2028 3394 non
2067 3337 2530 3402 irrationabiliter,
2545 3337 2670 3406 quia
2699 3335 2842 3390 circa
2867 3334 3129 3405 principia
3150 3349 3354 3400 rerum,
3373 3348 3515 3403 quae

1923 3428 2100 3497 primo
2139 3436 2257 3496 post
2309 3427 2478 3482 Deum
2519 3433 2665 3490 sunt,
2708 3423 3106 3479 circumfertur.
3166 3423 3348 3500 Tertia
3387 3438 3518 3477 vero

1926 3533 2072 3586 pars,
2093 3516 2315 3578 διανοίας
2339 3525 2394 3570 et
2419 3517 2691 3592 ἐνεργείας,
2707 3514 2759 3570 id
2783 3524 2886 3580 est,
2907 3529 3098 3570 sensus
3115 3522 3168 3569 et
3186 3513 3520 3581 Operationis

1926 3607 2202 3663 vocabulis
2223 3606 2616 3668 denominatur,
2636 3613 2692 3659 et
2714 3604 2878 3660 veluti
2907 3611 3212 3660 extremum
3240 3604 3510 3658 humanae

1925 3703 2137 3760 animae
2169 3701 2377 3757 obtinet
2405 3700 2618 3764 locum;
2647 3713 2747 3753 nec
2771 3697 3066 3762 immerito,
3094 3696 3349 3767 quoniam
3369 3696 3516 3751 circa

1924 3795 2149 3851 eﬂ‘ectus
2183 3779 2469 3850 causarum
2496 3791 2947 3862 primordialium,
2973 3791 3087 3846 sive
3105 3789 3368 3853 visibiles,
3403 3789 3518 3867 sive

1927 3885 2225 3946 invisibiles
2242 3885 2372 3949 sint,
2399 3881 2856 3938 circumvolvitur.
2885 3882 2964 3937 Ac
2992 3895 3088 3950 per
3115 3880 3218 3935 hoc
3249 3897 3358 3937 non
3382 3881 3519 3934 duas

1942 3976 2323 4033 substantiales
2354 3974 2642 4038 triuitates,
2679 3973 2772 4029 sed
2799 3988 2962 4026 unam
2984 3972 3319 4040 eandemque
3345 3971 3410 4026 ad
3437 3971 3515 4030 si.-

1931 4067 2290 4124 militudinem
2305 4065 2583 4120 Creatoris
2597 4063 2968 4136 sui_couditam
2981 4069 3193 4132 oportet
3212 4076 3309 4119 nos
3324 4060 3519 4115 intelli-

1927 4177 2072 4232 gere.
2109 4159 2214 4215 Sed
2250 4159 2438 4222 miror,
2468 4174 2572 4226 qua
2595 4157 2662 4212 de
2695 4171 2861 4210 causa
2891 4155 3058 4208 vitam
3091 4155 3282 4224 ipsam,
3321 4167 3459 4222 quae
3483 4169 3516 4207 a

1928 4253 2148 4309 Graecis
2166 4254 2405 4326 θρεπτική
2428 4260 2483 4304 et
2507 4252 2751 4315 αὐξητική
2773 4246 3078 4311 vocatur“,
3101 4261 3131 4299 a
3157 4246 3357 4300 nostris
3388 4260 3516 4299 vero

1929 4345 2184 4398 nutritiva
2208 4351 2263 4398 et
2289 4343 2502 4397 auctiva
2526 4371 2598 4383 —-
2617 4341 2784 4395 nutrit
2804 4340 2948 4394 enim
2973 4352 3222 4407 corpora,
3255 4349 3307 4391 et
3336 4337 3514 4391 incre—

1929 4445 2109 4489 menta
2138 4434 2179 4465 ¹⁹
2201 4435 2280 4489 eis
2309 4443 2548 4504 praestat
2572 4464 2643 4474 —
2665 4447 2765 4487 nec
2790 4430 2950 4486 veluti
2979 4439 3229 4499 quartam
3263 4429 3516 4484 substan-

1859 4499 1904 4556 ί)
1934 4526 2110 4580 tialem
2135 4525 2403 4578 humanae
2427 4531 2654 4578 naturae
2679 4533 2910 4594 partem,
2957 4535 3057 4576 nec
3084 4521 3227 4575 intra
3263 4519 3518 4574 substan-

1932 4616 2111 4670 tialem
2167 4614 2463 4670 trinitatem
2513 4611 3078 4669 conaumeratam'°a
3115 4620 3166 4664 te
3214 4609 3394 4676 video,
3448 4623 3514 4664 ac

1928 4707 2091 4762 veluti
2119 4707 2333 4777 penitus
2357 4705 2815 4776 praetermissam,
2841 4712 2897 4759 et
2947 4702 3092 4757 nullo
3119 4700 3282 4756 modo
3305 4700 3373 4754 ad
3414 4713 3514 4753 na-

1930 4807 2084 4852 turae
2105 4805 2317 4850 nostrae
2339 4795 2779 4850 constitutionem
2799 4795 3179 4862 pertinentem.
3210 4790 3349 4845 ΜΑα.
3374 4789 3509 4844 Ne"

1930 4885 2172 4949 mireris;
2217 4900 2322 4938 non
2353 4885 2497 4938 enim
2543 4883 2660 4937 sine
2697 4897 2858 4936 causa
2907 4883 3010 4936 hoc
3054 4881 3304 4936 fecimus.
3337 4877 3514 4948 Siquis

1930 4973 2050 5027 dem
2093 4989 2234 5027 nunc
2278 4988 2384 5028 non
2413 4974 2480 5026 de
2528 4971 2778 5027 universa
2817 4973 3050 5028 humana
3085 4982 3278 5027 natura
3329 4985 3512 5026 sermo

1930 5075 2034 5130 est,
2064 5081 2203 5134 quae
2235 5065 2398 5118 veluti
2428 5065 2668 5134 quinque
2694 5065 2961 5134 partibus,
3010 5065 3113 5120 hoc
3140 5073 3242 5128 est,
3287 5075 3512 5132 corpore

1539 5197 1794 5253 VARIAE
1830 5197 2228 5255 LECTIONES.

322 5300 339 5330 ¹
369 5298 462 5379 εἰς
487 5298 605 5379 CE_;
635 5309 687 5379 et
709 5302 906 5379 OHLA.
938 5372 948 5379 _
982 5305 1002 5334 '
1035 5304 1120 5379 CB
1159 5318 1258 5373 per
1286 5320 1343 5379 se
1367 5306 1556 5379 ipsum.

246 5370 522 5439 custodia.
583 5370 605 5402 ⁸
633 5369 724 5426 Sic
771 5371 890 5438 CE;
921 5372 966 5427 A
994 5369 1226 5439 auditus,
1256 5369 1415 5429 visus.

245 5439 427 5514 o_in.__A
448 5438 536 5514 ;__C
565 5441 656 5494 sed
677 5457 770 5508 per
790 5445 928 5510 quod
955 5444 1466 5514 quinqucpertitum.

249 5510 291 5540 ³³
329 5509 418 5560 Sic
451 5509 528 5571 E;
563 5526 738 5563 eorum
764 5509 871 5564 om.
899 5513 965 5566 Α.

250 5577 294 5608 ’³
325 5578 417 5630 Sic
467 5578 578 5642 CB;
609 5583 649 5632 Λ
692 5580 974 5656 indicatur.
1128 5582 1218 5638 Sic
1259 5586 1374 5649 (SE;
1399 5586 1439 5638 Λ
1471 5588 1583 5656 qui.

1635 5306 1656 5337 ³
1687 5305 1778 5378 Sic
1816 5307 1939 5375 AE;
1974 5324 2069 5378 pro
2096 5307 2211 5362 eum
2236 5309 2550 5377 conjungere
2586 5307 2625 5362 C
2652 5308 3036 5362 connumerari.

1493 5375 1513 5405 ⁶
1542 5375 1633 5430 Sic
1679 5376 1795 5438 CE;
1843 5380 1885 5432 A
1927 5375 2090 5433 veluti
2129 5381 2184 5432 in
2233 5375 2346 5430 loco
2390 5379 2730 5445 principalem
2773 5380 2963 5430 sedem.

1545 5448 1565 5477 ⁸
1595 5446 1685 5501 Sic
1715 5447 1829 5512 CE;
1861 5450 1902 5501 A
1933 5452 2130 5518 recipit.

1046 5517 1086 5549 ’ί
1115 5516 1408 5568 nominibus
1457 5545 1526 5555 --
1554 5533 1796 5570 sensuum
1824 5534 1933 5570 om.
1960 5519 2020 5573 C.

1053 5583 1096 5614 ¹⁶
1128 5582 1218 5638 Sic
1259 5586 1374 5643 CE;
1399 5586 1439 5638 Λ
1471 5588 1583 5643 aui.
1663 5589 1703 5618 ¹⁷
1733 5587 1821 5641 Sic
1849 5588 1966 5643 CE:
1993 5591 2035 5643 A

1774 5589 1821 5641 ic
1849 5589 1966 5653 CE;
1993 5591 2035 5643 A
2069 5600 2136 5642 et.

3144 5304 3284 5361 ‘Sic
3311 5303 3428 5368 CE;
3465 5306 3505 5361 Α

3042 5376 3179 5430 'Sic
3231 5377 3301 5436 E;
3366 5389 3503 5444 quoa

2792 5449 2833 5478 ¹⁰
3204 5447 3503 5568 (Ἔιέἱςηςιὸηι.

2792 5557 2797 5570 ,
2992 5533 3038 5571 tc
3178 5533 3192 5580 ;
3329 5532 3392 5567 tet
3423 5531 3507 5569 nr.

2208 5449 2229 5480 ⁹
2277 5446 2362 5500 CE
2408 5447 2712 5500 hostiarins.

2099 5519 2140 5550 ³³
2170 5517 2263 5573 Sic
2285 5517 2404 5579 CE;
2433 5517 2478 5570 A
2515 5520 2797 5572 maximus.

2215 5591 2256 5622 ⁸⁸
2285 5588 2375 5642 Sic
2405 5586 2523 5650 CE;
2579 5588 2623 5640 A
2675 5589 2935 5652 αὐξητικὴ,
2963 5605 2994 5640 a
3041 5587 3233 5642 nostris
3278 5601 3396 5638 vero
3451 5601 3506 5637 n.

355 5664 404 5735 a.
439 5659 674 5735 vocatur.
747 5651 786 5684 ¹⁹
811 5651 900 5708 Sic
922 5655 996 5718 A;
1025 5653 1109 5708 (ΣΕ
1136 5651 1524 5710 incrementum.
1603 5658 1646 5688 '°
1670 5656 1758 5713 Sic
1799 5658 1870 5724 E;
1898 5651 2354 5722 A'enumeratam,
2386 5656 2425 5713 C
2472 5667 2518 5711 et
2571 5651 3032 5714 connutneratam.
3108 5656 3153 5688 “
3178 5655 3268 5712 Sic
3313 5654 3429 5719 UE,
3464 5656 3498 5706 Α

257 5716 400 5770 Non.

1915 5905 2064 5918 ο›,ν.-ε.
