4064 6292
546 259 645 314 571

1892 251 2176 309 ,ΙΟΑΝΝΙΞ
2211 251 2410 310 SCOTI

3717 264 3823 322 572

545 371 802 442 vitalique
833 377 1002 434 motu,
1032 381 1220 433 sensu,
1260 373 1317 422 et
1363 366 1573 421 ratione
1615 371 1866 422 Constare
1891 370 2125 434 videtur,
2155 371 2206 431 Α
2233 367 2490 432 arbitror,
2533 381 2641 423 non
2679 374 2826 424 utet
2869 369 2999 427 illud
3031 373 3432 443 superadditum
3474 390 3690 448 penem,
3724 380 3821 436 sed

544 474 598 520 et
638 463 942 526 intellectu;
997 461 1092 516 sed
1123 460 1189 514 de
1233 474 1296 514 ea
1341 457 1678 513 solummodo
1720 466 1896 527 parte,
1939 459 1992 513 in
2023 474 2129 528 qua

543 558 723 628 imago
749 563 806 610 et
842 553 1137 610 similitudo
1161 549 1458 607 conditoris
1502 549 1851 619 perspicitur,
1884 549 1989 604 hoc
2023 558 2128 612 est,

543 649 611 703 de
631 646 905 702 intellectu
933 653 987 699 et
1010 643 1220 697 ratione
1242 650 1298 697 et
1331 655 1494 696 sensu
1523 639 1796 705 interiori,
1827 638 1932 704 vel,
1968 649 2026 694 ut
2055 639 2129 693 ita

542 709 743 801 dicam,
776 735 1035 799 essentia,
1066 733 1285 796 virtute,
1306 731 1624 802 operatione
1670 731 1794 785 ’.ιιι
1843 731 1947 788 hoc
1983 731 2131 788 enim

545 828 786 883 ternario
835 839 1080 881 summae
1113 838 1178 878 ac
1203 823 1466 878 sanctae’
1498 820 1782 876 Trinitatis
1812 821 1989 892 imago
2035 837 2131 876 ex-

548 937 740 994 pressa
771 903 1130 990 cognoscitur.
1165 916 1299 972 Nam
1337 916 1406 972 de
1426 915 1573 970 vitali
1609 924 1779 980 motu,
1807 930 1914 986 quo
1947 915 2126 970 anima

545 1029 745 1083 corpus
771 1020 822 1066 et
852 1011 1044 1074 nutrit,
1072 1019 1128 1064 et
1155 1010 1207 1064 in
1240 1023 1408 1063 unum
1450 1007 1674 1078 colligit,
1706 1015 1762 1062 et
1787 1007 2047 1071 viviﬁcat,
2074 1015 2130 1063 et

542 1107 838 1171 ministrat,
877 1105 1035 1174 eique
1065 1108 1460 1158 incrementum
1495 1102 1609 1168 dat,
1640 1102 1815 1172 deque
1859 1102 1977 1172 ipso
2001 1116 2128 1156 cor-

539 1216 691 1272 pore,
721 1197 863 1270 quod
912 1197 1076 1252 totius
1122 1205 1406 1252 creaturae
1450 1203 1756 1251 extremum
1803 1194 2012 1250 obtinet
2049 1192 2127 1247 lo-

539 1305 687 1353 cum,
725 1289 864 1344 alius
893 1286 1193 1344 disserendi
1219 1285 1380 1342 locus
1425 1285 1552 1349 erit,
1585 1287 1712 1340 dum
1757 1285 1811 1340 in
1837 1294 2033 1356 quarto
2061 1285 2152 1339 li-~

539 1383 639 1438 bro
680 1382 703 1413 ³
732 1383 798 1436 de
846 1379 1056 1434 naturis
1077 1377 1452 1442 sensibilibus,
1507 1377 1616 1434 Deo
1641 1377 1804 1442 duce,
1830 1376 2129 1447 disputabi-

540 1479 646 1525 tur.
677 1469 826 1537 Quae
859 1484 1012 1538 pars,
1042 1468 1300 1537 quoniam
1327 1475 1481 1522 extra
1507 1469 1895 1537 proprietatem
1923 1466 2124 1521 intelli-

538 1560 717 1628 gibilis
765 1568 986 1614 nostrae
1034 1558 1343 1622 essentiae,
1400 1573 1506 1628 qua
1561 1557 1630 1611 ad
1687 1558 1975 1628 imaginem
2031 1556 2125 1613 Dei

538 1649 739 1704 conditi
763 1663 972 1714 sumus,
1001 1647 1364 1719 dignoscitur,
1393 1658 1679 1719 pr0pterea
1725 1663 1756 1702 a
1790 1650 1946 1704 nobis
1966 1665 2127 1719 prae-

2232 466 2292 513 ut
2330 458 2384 512 in
2421 457 2574 522 illud,
2619 460 2762 528 quod
2790 460 2964 530 primo
3014 474 3102 518 est
3151 464 3448 531 conditum,
3474 475 3736 535 transeat,
3765 479 3821 528 et

2231 564 2394 602 unum
2422 563 2545 603 cum
2579 548 2669 604 illo
2690 549 2805 615 ﬁat,
2829 567 2934 606 non
2961 555 3114 622 quasi
3145 555 3274 623 duo,
3305 558 3400 613 sed
3430 574 3600 615 unum
3640 561 3822 619 incor-

2230 639 2484 709 ruptibile
2529 649 2584 695 et
2627 640 2908 711 spirituale
2953 658 3051 713 per
3101 647 3332 716 gratiam
3373 648 3467 704 Dei
3495 649 3686 718 Verbi,
3726 655 3821 724 qui

2230 745 2337 785 non
2365 730 2536 786 solum
2569 730 2624 785 in
2659 741 2845 788 nostra
2884 735 3176 803 naturalia,
3207 751 3397 793 verum
3431 740 3600 796 etiam
3643 743 3702 797 in
3730 758 3819 799 su-

2228 819 2508 890 peraddita
2556 820 2714 876 nobis
2762 822 3142 890 descenderat,
3189 835 3250 882 ut
3300 830 3481 884 omnia
3519 840 3711 886 nostra
3763 834 3822 888 in

2229 911 2410 981 seipso
2451 920 2802 977 restauraret,
2847 920 2901 968 et
2948 913 3182 985 desuper
3225 917 3451 987 adjectis
3493 921 3821 978 naturaliter

2238 1002 2396 1056 insita
2459 1001 2702 1068 faceret,
2759 1004 2852 1073 qui
2921 1003 3049 1060 fecit
3107 1016 3342 1079 utraque
3400 1018 3593 1067 unum.
3670 1016 3818 1071 Dtsc.

2228 1089 2393 1144 Plane
2464 1106 2570 1146 non
2645 1091 3062 1160 incongruum;
3135 1098 3230 1152 sed
3306 1107 3457 1154 ratae
3526 1100 3823 1171 subtilique

2228 1182 2630 1254 investigationi
2703 1192 2762 1240 et
2816 1185 3118 1242 inventioni
3183 1189 3523 1247 rationabilis
3592 1203 3822 1251 naturae

2227 1273 2816 1330 convenientissimum.
2865 1275 3135 1344 Quorsum
3185 1295 3314 1336 vero
3362 1283 3514 1348 haec,
3577 1286 3822 1342 nondum

2227 1365 2406 1418 video.

2297 1455 2438 1513 MAG.
2479 1456 2697 1514 Patiens
2745 1468 2882 1516 esto.
2915 1460 3031 1516 Non
3064 1463 3209 1518 enim
3239 1479 3327 1519 res
3351 1479 3514 1535 parva
3549 1467 3694 1523 inter
3722 1484 3824 1526 nos

2238 1547 2542 1616 quaeritur,
2571 1563 2673 1603 uec
2718 1549 2820 1604 nisi
2863 1550 3049 1605 multis
3089 1552 3502 1621 diligentissime
3532 1557 3828 1612 ratiocina-

2229 1635 2391 1691 tionis
2419 1636 2735 1706 ambagibus
2762 1647 2817 1694 et
2847 1640 3163 1712 investigari
3186 1653 3241 1696 et
3269 1643 3498 1699 inveniri
3543 1656 3744 1716 potest,
3777 1650 3825 1703 si

535 1738 836 1795 sentialiter
881 1738 1194 1794 intermissa
1245 1747 1350 1803 est,
1378 1739 1505 1792 dum
1552 1740 1626 1793 sit
1681 1747 1858 1793 motus
1898 1739 2120 1808 quidam
2155 1726 2199 1786 Β
2230 1733 2406 1780 “lmen
2434 1726 2499 1780 ad
2524 1743 2716 1796 Pumm
2747 1727 2980 1784 ίηνεηίτί
3008 1740 3204 1800 Ροιθει-
3250 1731 3394 1787 Num
3427 1735 3573 1789 enim
3603 1738 3825 1793 monili

535 1838 688 1885 extra
740 1837 994 1886 naturam
1055 1828 1482 1899 primordialiter
1527 1829 1827 1894 conditam,
1878 1830 2127 1885 substan-

536 1921 652 1975 tiali
710 1929 931 1976 nostrae
975 1920 1300 1991 operatioui,
1345 1934 1486 1990 quae
1520 1935 1712 1976 sensus
1769 1920 2015 1987 interior,
2063 1929 2125 1976 ut

533 2011 794 2077 diximus,
837 2011 1131 2077 vocitatur,
1180 2009 1480 2080 subjectus,
1515 2012 1677 2081 inque
1718 2025 1947 2082 poenam
1991 2026 2126 2081 pec-

501 2102 644 2158 "cati
677 2101 926 2168 additus;
962 2117 1072 2171 quo
1095 2101 1349 2156 videlicet
1377 2110 1524 2156 motu
1552 2115 1640 2165 ea,
1671 2115 1814 2170 quae
1833 2109 1957 2170 post
1994 2116 2124 2170 pec-

533 2201 718 2248 catum
765 2194 1037 2248 humanae
1079 2201 1310 2248 naturae
1330 2193 1680 2263 superaddita
1703 2204 1862 2261 sunt;
1890 2194 2125 2250 admini-

534 2293 674 2340 strat
700 2301 712 2337 :
740 2299 938 2354 corpus
978 2285 1082 2340 hoc
1118 2284 1471 2356 corruptibile
1493 2285 1636 2351 dico,
1681 2294 1846 2357 atque
1875 2288 2124 2354 mortale,

535 2374 670 2431 locis
714 2375 1157 2446 temporibusque
1204 2376 1437 2444 varium,
1475 2376 1713 2447 partium
1759 2393 1983 2433 suarum
2027 2394 2129 2432 nu-

535 2480 686 2522 mero
749 2466 1042 2522 discretum
1071 2506 1088 2533 ,
1151 2467 1344 2538 spatiis
1396 2467 1720 2534 distentum,
1777 2469 2128 2527 incrementis

534 2555 1010 2625 deerementisque
1053 2557 1364 2624 subditum,
1418 2557 1770 2628 qualitatibus
1812 2561 2130 2631 quantitati-

533 2645 745 2715 basque
782 2644 1014 2701 diversis
1049 2646 1376 2717 subjectum,
1411 2647 1481 2702 ad
1507 2662 1698 2705 omnes
1727 2649 2128 2707 irrationabiles

534 2743 714 2790 motus
737 2749 993 2805 pronum,
1018 2736 1256 2793 carnalis
1298 2736 1475 2793 adhuc
1502 2739 1736 2804 animae,
1773 2739 1968 2795 merito
1996 2755 2128 2798 suae

533 2826 932 2883 inobedieutiae
993 2827 1391 2898 superbiaeque
1444 2829 1676 2885 diversis
1721 2829 2127 2886 calamitatibus

533 2919 806 2975 involutae
862 2918 1178 2990 hospitium,
1230 2929 1546 2991 ceteraque,
1593 2935 1735 2990 quae
1781 2922 1849 2976 de
1891 2920 2124 2978 infelici-

531 3015 645 3064 tate
686 3009 740 3064 in
792 3009 932 3064 hanc
963 3009 1130 3065 vitam
1173 3010 1448 3066 humanae
1493 3019 1722 3067 naturae
1749 3027 1815 3067 ex
1864 3012 2124 3068 felicitate

2230 1817 2437 1882 sensui,
2471 1819 2720 1886 quamvis
2747 1819 2996 1875 videatur
3023 1830 3182 1876 acute
3229 1822 3528 1892 inquirere,
3561 1825 3691 1882 licet
3719 1828 3828 1883 hoc

2227 1911 2564 1980 promittere,
2613 1925 2682 1966 ne
2715 1912 2977 1968 incautus
3019 1913 3379 1984 redarguatur
3404 1916 3426 1947 ⁸
3457 1930 3612 1983 esse,
3677 1920 3828 1989 quod

2229 2015 2356 2056 suas
2383 2001 2527 2056 vires
2553 2009 2775 2070 superat
2797 2002 3043 2058 invenire
3069 2018 3171 2073 per
3190 2018 3252 2060 se
3269 2005 3450 2074 ipsum
3469 2008 3823 2076 promittens.

2235 2091 2371 2147 Nam
2416 2094 2462 2148 si
2491 2094 2784 2160 invenitur,
2829 2111 2936 2151 non
2971 2097 3111 2166 ipse,
3153 2096 3248 2168 qui
3276 2086 3511 2166 quaerit,
3559 2100 3657 2155 sed
3683 2099 3826 2172 ipse,

2226 2185 2318 2253 qui
2368 2187 2672 2255 quaeritur,
2715 2195 2772 2242 et
2819 2187 2912 2258 qui
2945 2197 3031 2244 est
3079 2188 3169 2243 lux
3221 2190 3508 2258 mentium,
3536 2191 3824 2249 invenit’.

2229 2275 2551 2343 Quaerimus
2598 2293 2848 2348 namque,
2897 2279 2953 2334 ni
2998 2279 3175 2348 l'allor,
3213 2282 3488 2352 quomodo
3535 2299 3605 2340 ex
3660 2299 3828 2356 argu—

2229 2378 2413 2424 mento
2459 2371 2834 2427 substantialis
2905 2372 3170 2429 trinitatis
3216 2383 3440 2432 nostrae
3485 2383 3720 2431 naturae
3755 2377 3828 2434 ad

2229 2460 2518 2531 imaginem
2550 2461 2645 2516 Dei
2677 2461 2720 2494 ‘°
2745 2469 2980 2528 creatae,
3007 2477 3274 2520 summam
3297 2464 3446 2521 illam
3471 2465 3824 2534 Trinitatem,

2229 2566 2370 2623 quae
2416 2551 2559 2608 Deus
2600 2561 2707 2619 est,
2753 2553 2980 2624 ejusque
3028 2553 3194 2611 veluti
3222 2557 3478 2627 proprias
3519 2556 3576 2613 in
3621 2566 3825 2614 natura

2229 2644 2448 2699 condita
2509 2646 2855 2715 operationes
2905 2647 3135 2717 singulis
3195 2649 3449 2718 personis
3499 2649 3831 2709 distributas

2212 2751 2519 2815 possumus
2569 2737 2910 2810 investigare.
2945 2739 3092 2796 Dts'c.
3121 2740 3178 2796 id
3224 2742 3404 2812 ipsum
3434 2757 3586 2800 nunc
3610 2744 3689 2810 “,
3714 2759 3828 2801 non

2230 2826 2377 2882 aliud
2410 2828 2747 2897 quaerimus.
2780 2828 2851 2883 Et
2872 2830 3008 2886 ordo
3038 2846 3219 2886 rerum
3255 2832 3449 2904 exigit,
3476 2833 3644 2891 utsic
3683 2834 3829 2890 veri-

2231 2926 2398 2974 tatem
2445 2933 2807 2988 quaeramus;
2863 2928 3196 2992 argumento"
3243 2922 3512 2993 siquidem
3566 2923 3828 2995 imaginis

2233 3007 2348 3078 ipsa
2372 3009 2600 3075 veritas,
2643 3007 2800 3078 cuius
2826 3009 3004 3082 imago
3047 3019 3150 3079 est,
3199 3013 3510 3083 quaerenda
3539 3023 3650 3082 est,
3681 3029 3829 3084 quae

533 3099 769 3169 paradisi
807 3099 1066 3169 expulsae
1112 3107 1172 3157 et
1199 3099 1306 3155 dici
1352 3109 1408 3158 et
1459 3103 1831 3171 experimento
1867 3104 2120 3174 cognosci
2152 3082 2197 3145 (ἶ
2229 3105 2432 3167 quanto
2485 3098 2780 3154 studiosius
2824 3082 3254 3172 laboriosiusque
3301 3104 3616 3175 inquiritur,
3673 3082 3829 3162 tanto

533 3197 781 3259 possunt.
819 3188 996 3246 Motus
1022 3189 1208 3260 itaque
1248 3190 1519 3247 humanae
1546 3200 1774 3248 naturae
1814 3195 1882 3248 ad
1917 3209 1980 3250 ea
2028 3187 2125 3250 ad-

534 3279 918 3344 ministranda,
947 3294 1087 3349 quae
1134 3279 1237 3335 sibi
1273 3281 1344 3335 ad
1373 3281 1669 3338 vindictam
1695 3285 2124 3353 praevaricatio-

533 3370 621 3424 nis
649 3369 815 3425 divini
852 3370 1128 3441 praecepti
1176 3371 1432 3442 adjuncta
1477 3381 1642 3441 sunt;
1684 3375 1981 3432 vindictam
2026 3393 2124 3433 au—

532 3467 644 3514 tem
674 3461 818 3528 dico,
855 3476 962 3516 non
1017 3462 1308 3519 irascentis
1354 3463 1451 3519 Dei
1495 3464 1776 3533 ultionem,
1816 3470 1911 3526 sed
1957 3471 2122 3526 misc-

533 3550 710 3606 rentis
763 3551 1243 3618 exercitationem;
1302 3569 1411 3610 non
1467 3555 1916 3616 irrationabiliter
1967 3569 2121 3618 extra

537 3640 800 3697 terminos
845 3643 1151 3701 essentialis
1198 3654 1420 3701 nostrae
1471 3647 1733 3705 trinitatis
1774 3649 2120 3721 relinquitur.

539 3731 608 3786 Et
632 3745 702 3787 ne
736 3734 1012 3803 aestimes,
1040 3751 1140 3792 nos
1176 3737 1262 3794 bis
1289 3738 1474 3795 verbis
1502 3740 1698 3797 docere
1717 3742 1872 3809 velle,
1909 3745 2124 3814 praedi-

532 3831 678 3878 ctam
710 3823 979 3883 humanae
1004 3835 1236 3882 naturae
1262 3827 1562 3884 trinitatem
1603 3829 1672 3885 ad
1703 3831 1994 3905 imaginem
2026 3835 2122 3890 Dei

533 3923 587 3979 in
627 3926 884 3995 paradiso
907 3927 1203 3993 conditam,
1227 3929 1544 4002 priusquam
1589 3923 1860 4002 peccaret,
1901 3936 2125 3992 omnino

533 4029 761 4085 corpore
811 4019 1056 4075 caruisse
1101 4020 1324 4087 :absit,
1382 4020 1524 4076 absit
1551 4021 1631 4076 ‘a
1691 4023 1847 4080 nobis
1888 4024 1991 4080 hoc
2035 4024 2121 4080 di-

537 4120 664 4162 cere
692 4107 752 4174 ',
801 4118 897 4163 aut
940 4109 1606 4180 quodammodopntare;
1655 4112 1824 4168 semel
1881 4113 2026 4168 enim
2067 4125 2125 4170 ct

533 4196 696 4252 simul
722 4199 932 4255 animas
963 4211 1175 4256 nostras
1202 4210 1260 4256 et
1296 4217 1524 4272 corpora
1567 4203 1621 4258 in
1646 4204 1898 4273 paradiso
1927 4207 2123 4262 condi-

535 4299 622 4346 tor
641 4293 867 4358 creavit,
895 4308 1125 4363 corpora
1165 4295 1288 4350 dico
1319 4295 1597 4362 caelestia,
1641 4297 1962 4368 spiritualia,
1989 4313 2124 4369 qua-

533 4381 607 4435 lia
630 4389 750 4452 post
770 4383 1225 4438 resurrectionem
1255 4382 1434 4438 futura
1465 4393 1612 4440 sunt.
1639 4384 1868 4441 Tumida
1892 4402 2124 4457 namque

2229 3189 2510 3246 ardentius
2543 3189 2807 3259 diligitur,
2833 3199 2891 3247 et
2915 3193 3160 3264 apertius
3182 3194 3476 3250 invenitur.
3493 3193 3654 3262 Quid
3675 3197 3827 3252 enim

2228 3280 2451 3351 prodest
2494 3279 2584 3335 illa
2615 3281 2896 3349 velocitas,
2943 3297 3106 3353 quam
3134 3285 3552 3354 puratveritatis
3571 3295 3828 3342 contem-

2228 3372 2396 3444 platio
2441 3370 2652 3443 cll'ugit,
2712 3381 2810 3428 aut
2858 3374 2989 3445 quid
3045 3383 3210 3432 nocet
3255 3376 3372 3449 ipsa
3429 3377 3687 3446 tarditas,
3737 3377 3829 3436 cui

2230 3462 2539 3518 desiderata
2562 3461 2734 3519 facies
2755 3465 3038 3520 occurrit?

2302 3554 2444 3610 MAG.
2487 3554 2676 3624 Itaque
2736 3555 3169 3614 ratiocinationis
3194 3563 3413 3612 nostrae
3439 3555 3733 3612 exordium
3760 3571 3829 3614 ex

2230 3644 2418 3701 verbis
2470 3643 2801 3702 venerabilis
2847 3643 3069 3701 Maximi
3121 3659 3421 3711 sumamus,
3469 3658 3581 3701 non
3617 3644 3827 3702 eisdem

2229 3737 2574 3793 sermonibus
2623 3736 2935 3802 connexim,
2980 3734 3076 3792 sed
3122 3735 3315 3791 eodem
3367 3748 3532 3790 sensu
3585 3741 3826 3790 utentes.

2231 3829 2379 3885 DISC.
2435 3827 2766 3899 Ingredere,
2813 3842 3032 3900 quoquo
3081 3827 3242 3883 modo
3287 3825 3409 3892 vis,
3459 3824 3827 3885 ratiocinandi

2230 3923 2397 3977 viam.
2437 3922 2581 3978 Mne.
2614 3921 2751 3978 Tres
2800 3920 3134 3976 universales
3176 3927 3358 3976 motus
3421 3919 3638 3976 animae
3677 3926 3826 3973 sunt.

2231 4013 2472 4080 Quorum
2521 4012 2731 4083 primus
2769 4021 2856 4068 est
2895 4011 3194 4068 secundum
3240 4009 3506 4074 animum,
3553 4007 3830 4063 secundus

2231 4106 2528 4161 secundum
2559 4106 2850 4170 rationem,
2878 4103 3074 4159 tertius
3097 4100 3396 4158 secundum
3425 4113 3671 4156 sensum.
3699 4098 3768 4153 Et
3783 4097 3826 4130 "

2229 4197 2438 4268 primus
2464 4197 2680 4267 quidem
2728 4195 2955 4267 simplex
2981 4194 3028 4232 ι⁸
3049 4203 3157 4261 est,
3203 4203 3260 4247 et
3312 4206 3477 4263 supra
3508 4191 3682 4263 ipsius
3707 4191 3829 4244 ani-

2232 4303 2355 4344 mae
2408 4298 2682 4352 naturam,
2729 4293 2786 4341 et
2837 4285 3286 4356 interpretatione
3330 4291 3502 4348 caret,
3559 4282 3664 4336 hoc
3719 4290 3825 4343 est,

2232 4376 2540 4446 cognitione
2591 4375 2761 4446 ipsius
2806 4373 2951 4429 circa
3001 4375 3148 4444 quod
3190 4381 3470 4436 movetur;
3519 4385 3619 4441 per
3661 4384 3826 4440 quem

536 4445 788 4541 corpora,
818 4471 1092 4538 mortalia,
1121 4473 1519 4542 corruptibilia,
1551 4473 1749 4543 quibus
1779 4490 1922 4531 nunc
1946 4445 2126 4547 oppri.
2155 4445 2204 4505 Ῑ)
2231 4469 2378 4524 circa
2429 4468 2600 4522 Deum
2645 4467 2976 4538 incognitum
3007 4475 3174 4532 mota,
3220 4463 3368 4519 nullo
3420 4463 3582 4519 modo
3610 4478 3680 4518 ex
3716 4463 3828 4517 ullo

536 4562 758 4628 mimur,
803 4578 908 4618 non
950 4579 1017 4618 ex
1049 4571 1266 4630 natura,
1301 4565 1397 4620 sed
1436 4581 1506 4622 ex
1549 4565 1746 4622 delicto
1780 4569 2124 4626 occasionem

538 4654 738 4708 ducere
764 4668 870 4708 non
915 4662 998 4710 est
1037 4654 1414 4712 dubitandum.
1448 4656 1603 4724 Quod
1645 4672 1776 4729 ergo
1805 4667 2029 4716 naturae
2057 4676 2123 4717 ex

536 4753 762 4815 peccato
784 4745 1038 4811 adolevit,
1065 4759 1130 4801 eo
1159 4747 1404 4818 profecto
1432 4758 1692 4804 renovata
1727 4750 1779 4804 in
1807 4749 2046 4818 Christo,
2069 4762 2125 4808 et

538 4834 593 4888 in
635 4834 923 4904 pristinum
977 4845 1176 4892 statum
1227 4839 1479 4895 restituta
1527 4840 1756 4896 carebit.
1814 4839 1929 4896 Non
1977 4843 2122 4897 enim

537 4934 718 4996 potest
753 4935 982 4983 naturae
1024 4942 1145 4984 esse
1190 4938 1560 4997 coaeternum,
1607 4931 1751 5002 quod
1781 4933 1830 4986 ei
1871 4932 2129 4988 adhaeret

539 5027 764 5088 propter
801 5027 1116 5090 peccatum;
1159 5029 1216 5075 et
1261 5021 1404 5076 intra
1430 5023 1816 5080 substantiales
1840 5022 1958 5094 ejus
2001 5039 2130 5080 con-

539 5109 849 5167 stitutiones
897 5124 1005 5168 non
1051 5113 1355 5184 computari
1377 5113 1423 5181 ⁸,
1449 5129 1557 5171 non
1589 5107 1966 5187 incongruum,
2007 5123 2067 5170 ut
2103 5115 2124 5146 ⁷

2227 4575 2449 4623 eorum,
2481 4573 2622 4628 quae
2665 4566 2814 4622 sunt,
2845 4558 3023 4627 ipsum
3059 4564 3284 4628 propter
3311 4555 3394 4612 sui
3444 4555 3827 4610 excellentiam

2236 4652 2516 4723 cognoscit
2561 4652 2856 4708 secundum
2899 4650 3043 4722 quod
3069 4651 3135 4718 ιδ,
3165 4650 3294 4722 quid
3341 4650 3433 4715 sit,
3467 4651 3570 4706 hoc
3610 4659 3717 4715 est,
3770 4649 3826 4704 in

2225 4744 2370 4799 nulla
2415 4743 2651 4799 essentia
2704 4758 2800 4798 seu
2845 4742 3170 4807 substantia,
3217 4741 3302 4796 vel
3343 4741 3397 4795 iu
3430 4741 3638 4811 aliquo,
3676 4740 3824 4810 quod

2227 4835 2335 4891 dici
2396 4835 2482 4891 vel
2531 4835 2755 4907 intelligi
2815 4834 3031 4901 valeat,
3082 4850 3208 4890 eum
3257 4834 3498 4904 reperire
3543 4833 3587 4864 ’⁵
3623 4839 3820 4903 potest.

2236 4930 2468 5001 Superat
2507 4931 2652 4985 enim
2687 4943 2870 4995 omne,
2905 4929 3047 4999 quod
3091 4936 3175 4984 est
3215 4935 3272 4982 et
3299 4927 3444 4998 quod
3491 4941 3598 4982 non
3624 4933 3733 4990 est,
3771 4934 3826 4980 et

2235 5022 2380 5077 nullo
2407 5023 2567 5077 modo
2598 5020 2811 5076 deliniri
2845 5030 3041 5090 potest,
3073 5020 3200 5091 quid
3231 5019 3322 5075 sit.

2307 5114 2588 5172 Secundus
2614 5131 2744 5171 vero
2772 5124 2951 5171 motus
2995 5123 3100 5180 cst,
3144 5128 3252 5184 quo
3288 5111 3625 5184 incognitum
3655 5110 3820 5166 Deum

1842 5309 2098 5367 VARIAE
2137 5311 2544 5370 LECTIONES.

618 5469 634 5500 ⁸
659 5467 751 5544 Sir.
784 5469 1070 5544 CEiAAet
1111 5469 1446 5544 operatione.
1518 5472 1545 5544 ξ
1563 5468 1659 5544 _S_ic
1699 5469 1814 5544 QE;
1840 5469 1887 5544 _A
1913 5479 1961 5525 et
1990 5487 2192 5526 sacrae.
2273 5473 2294 5504 ³
2318 5472 2408 5528 Sic
2436 5473 2565 5544 VCE;
2591 5489 2646 5527 ιιι
2693 5482 2882 5544 quarto
2922 5474 3054 5544 libro
3081 5488 3190 5544 om.
3219 5473 3286 5528 Α.
3360 5472 3497 5544 δδίε
3543 5473 3666 5539 CE;
3692 5472 3822 5527 absit

545 5555 653 5594 om.
686 5539 749 5592 A.
827 5540 847 5571 ‘
870 5540 960 5595 Sic
986 5539 1106 5606 CE;

547 5679 590 5710 ³³
613 5679 703 5734 Sic
730 5681 815 5736 UE
840 5698 854 5745 ;
885 5681 927 5735 Λ
952 5680 1167 5752 quidem
1210 5691 1380 5735 motus
1409 5681 1672 5755 _simple.\'.

1208 5541 1435 5595 credere.
1513 5540 1535 5571 ⁶
1557 5540 1648 5595 Sic
1680 5542 1799 5603 Ch);
1825 5542 1867 5593 A
1911 5544 2298 5597 connumerari.
2372 5544 2391 5574 "
2420 5543 2510 5599 Sic
2539 5543 2656 5609 (Ἐς
2691 5540 2745 5596 ut
2786 5559 2896 5598 om.
2926 5543 2992 5597 A.
3069 5545 3090 5576 ⁸
3112 5543 3204 5599 Sic
3229 5543 3348 5608 AE;
3376 5543 3417 5599 C
3438 5561 3551 5600 .uec
3572 5547 3823 5600 incautus

545 5611 898 5678 redurguitur.
971 5613 992 5644 ’
1019 5609 1111 5664 Sic
1155 5611 1272 5676 CE;
1321 5611 1361 5663 A
1399 5611 1678 5665 invenitur.
1750 5611 1794 5646 ¹⁰
1819 5610 1916 5665 Dei
1957 5626 2076 5666 .om.
2109 5612 2218 5667 ΟΕ.

1757 5681 1800 5713 ¹³
1821 5679 1912 5738 Sic
1938 5683 2024 5738 AC
2057 5699 2069 5749 ;
2105 5684 2143 5738 E
2173 5685 2468 5741 secundum
2509 5685 2582 5740 id.
2658 5685 2807 5740 “(3E
2835 5685 3070 5754 reperiri.

2307 5615 2346 5648 ¹¹
2373 5613 2464 5669 Sic
2492 5614 2608 5679 CE;
2646 5631 2784 5668 nunc
2814 5629 2925 5668 om.
2974 5613 3040 5666 Λ.
3120 5616 3162 5646 ³³
3194 5615 3285 5671 Sic
3330 5615 3446 5682 CE;
3496 5614 3565 5669 Et
3617 5613 3816 5670 om.A.
