4064 6292
277 279 386 338 575

1098 272 1188 329 DE
1230 268 1571 328 DIVISIONE
1609 265 1957 323 NATURAE.
1999 297 2067 307 —-—
2105 263 2307 321 LIBER
2347 263 2757 350 SECUNDUS.’

3450 270 3556 328 574

275 392 468 452 deﬁunt
503 392 520 424 ⁸
571 387 868 456 secundum
922 384 1065 455 quod
1114 399 1278 440 causa
1323 384 1567 440 omnium
1602 382 1695 438 sit.
1725 380 1869 436 Defl-
1899 389 1946 446 Α
1974 379 2075 449 pit,
2111 394 2209 449 per
2237 379 2474 448 seipsam
2522 379 2833 435 immediate
2877 380 3150 453 incognito
3177 384 3396 456 quidem
3424 388 3556 456 quid

273 483 369 538 nit
390 495 526 537 vero
546 452 762 534 {Deum
793 452 1016 539 causam
1067 474 1311 530 omnium
1354 487 1498 539 esse,
1527 482 1584 527 et
1626 481 1712 528 est
1748 485 1864 526 mo-

271 582 363 627 tus
391 570 498 626 iste
526 569 667 624 intra
693 566 909 622 animae
936 573 1210 629 naturam,
1235 579 1337 634 per
1368 579 1530 634 quem
1562 563 1677 634 ipsa
1706 572 1863 619 natu-

267 660 463 716 raliter
488 666 635 714 mota
675 669 867 713 omnes
896 654 1174 712 naturales
1218 654 1461 711 rationes
1479 654 1721 711 omnium
1751 655 1863 709 for-

266 754 549 818 matrices,
578 765 719 823 quae
749 749 805 805 in
848 748 966 820 ipso
993 749 1210 820 cognito
1240 748 1578 804 solummodo
1606 762 1706 818 per
1733 762 1862 803 cau-

265 857 389 900 sam
409 872 479 883 —
504 840 857 912 cognoscitur
887 838 1056 903 enim,
1098 838 1227 909 quia
1276 853 1444 894 causa
1486 847 1571 894 est
1590 869 1663 879 —
1682 847 1860 893 aeter-

232 934 469 1002 ,naliter
511 934 689 990 factae
732 932 1055 998 subsistunt,
1100 931 1420 1002 operatione
1460 931 1722 987 scientiae
1744 930 1852 987 sibi

220 990 243 1044 Ι

264 1025 370 1094 ipsi
398 1024 647 1094 imponit,
685 1024 790 1079 lioc
828 1030 932 1089 est,
981 1022 1038 1077 in
1084 1037 1144 1078 se
1169 1024 1408 1093 ipsa-per
1434 1037 1624 1079 earum
1669 1023 1855 1094 cogni-

262 1117 469 1172 tionem
508 1115 802 1186 exprimit,
845 1117 1069 1185 ipsaque
1122 1115 1359 1187 cognitio
1386 1130 1417 1169 a
1446 1115 1624 1186 primo
1662 1114 1858 1170 motu’

266 1209 516 1265 nascitur
546 1209 599 1263 in
628 1206 889 1264 secundo.

335 1299 554 1355 Tertius
603 1308 782 1355 motus
831 1308 918 1354 est
955 1298 1309 1369 compositus,
1375 1313 1475 1369 per
1502 1312 1684 1368 quem,
1714 1313 1857 1369 quae

258 1398 419 1443 extra
448 1399 593 1456 sunt,
626 1389 805 1443 anima
847 1399 1095 1461 tangens,
1117 1389 1282 1444 veluti
1313 1403 1380 1444 ex
1415 1388 1738 1458 quibusdam
1779 1389 1856 1444 si-

256 1479 384 1549 gnis
411 1478 554 1548 apud
582 1476 820 1547 seipsam
854 1477 1146 1533 visibilium
1177 1477 1419 1533 rationes
1449 1476 1727 1543 reformat,
1762 1478 1855 1547 qui

256 1570 600 1645 compositus
628 1571 849 1636 dicitur,
876 1585 982 1625 non
1012 1570 1156 1641 quod
1188 1570 1242 1625 in
1272 1571 1453 1642 seipso
1477 1569 1708 1641 simplex
1747 1586 1855 1625 non

254 1662 358 1728 sit,
405 1660 861 1733 quemadmodum
909 1661 1119 1732 primus
1167 1668 1223 1716 et
1269 1660 1540 1717 secundus
1583 1657 1856 1730 simplices

1965 474 2050 523 est
2096 468 2140 533 ⁸,
2191 465 2408 537 cognito
2450 468 2473 500 ⁸
2517 482 2680 534 vero,
2735 468 2878 538 quod
2921 485 3086 527 causa
3132 473 3377 529 omnium
3429 484 3552 544 est,

1961 557 2353 630 principiisque
2385 558 2626 614 omnium
2656 573 2862 626 rerum,
2890 562 2995 618 hoc
3014 574 3116 629 est,
3157 565 3547 637 principalibus

1962 651 2161 714 causis,
2195 650 2264 705 ab
2286 666 2352 706 eo
2386 657 2443 706 et
2473 651 2526 705 in
2573 666 2640 708 eo
2674 651 2852 719 factis,
2883 663 2939 709 et
2961 668 2993 709 a
3023 670 3085 710 se
3132 657 3439 715 distributis
3460 673 3550 715 rc-

1960 741 2088 808 fcrt,
2116 743 2220 797 hoc
2244 750 2351 808 εει,
2403 758 2434 798 a
2465 741 2577 798 Deo
2606 756 2703 813 per
2728 743 2874 813 ipsas
2918 744 2977 801 in
3019 746 3220 813 omnia,
3256 763 3396 818 quae
3427 760 3553 821 post

1960 847 2021 889 se
2067 841 2212 896 sunt,
2266 833 2582 904 procedere,
2637 842 2691 890 et
2738 834 2935 889 iterum
2963 850 3060 905 per
3096 836 3244 908 ipsas
3273 838 3328 895 in
3372 841 3551 913 ipsum

1958 924 2212 995 intelligit
2279 940 2582 980 recurrere.
2632 925 2862 981 Animae
2922 927 3089 999 igitur
3136 939 3399 999 purgatae
3451 947 3553 1003 per

1960 1017 2252 1078 actionem.
2281 1016 2617 1072 illumi’uatae
2656 1031 2754 1086 per
2799 1018 3108 1086 scientiam,
3138 1019 3414 1089 perfectae
3455 1037 3551 1093 per

1962 1109 2290 1181 theologiam
2339 1120 2536 1172 motus,
2575 1125 2683 1181 quo
2729 1125 2944 1181 semper
2973 1111 3122 1169 circa
3184 1112 3355 1169 Deum
3407 1114 3553 1170 inco-

1934 1200 2169 1271 gnitum
2229 1201 2579 1258 aeternaliter
2627 1200 2905 1266 volvitur,
2975 1201 3117 1258 ultra
3169 1211 3229 1259 et
3290 1219 3445 1260 suam
3495 1213 3554 1261 et

1958 1293 2199 1348 omnium
2232 1308 2413 1349 rerum
2457 1304 2710 1349 naturam
2741 1294 2917 1364 ipsum
2945 1295 3113 1350 Deum
3141 1296 3363 1353 omnino
3390 1298 3551 1354 abso-

1959 1385 2133 1440 lutum
2160 1387 2229 1441 ab
2256 1386 2532 1452 omnibus,
2563 1400 2703 1456 quae
2731 1395 2787 1442 et
2813 1387 2919 1441 dici
2948 1396 3006 1442 et
3042 1388 3270 1460 intelligi
3296 1399 3546 1460 possunt,

1959 1493 2172 1534 necnon
2225 1478 2500 1545 omnibus,
2548 1492 2689 1547 quae
2728 1493 2832 1534 nec
2876 1476 2981 1534 dici
3011 1494 3112 1536 nec
3155 1480 3379 1551 intelligi
3427 1497 3552 1552 pos-

1959 1579 2106 1636 sunt,
2138 1579 2191 1625 et
2223 1578 2402 1625 tamen
2429 1569 2826 1640 quodammodo
2853 1578 3003 1637 sunt,
3030 1571 3359 1640 intelligens,
3387 1587 3542 1629 eum-

1956 1678 2063 1733 que
2086 1677 2208 1720 esse
2227 1663 2429 1733 aliquid
2448 1678 2660 1729 eorum,
2675 1678 2815 1733 quae
2828 1672 2951 1718 sunt
2973 1671 3028 1719 et
3043 1679 3183 1735 quae
3197 1664 3243 1696 “
3265 1680 3371 1721 non
3393 1675 3542 1734 sunt,

254 1763 410 1820 sum,
442 1752 539 1809 sed
570 1753 715 1824 quod
744 1767 852 1808 non
899 1766 996 1823 per
1038 1753 1248 1823 seipsas
1275 1751 1612 1807 sensibilium
1666 1765 1850 1806 rerum
1881 1734 1925 1793 Β
1953 1753 2244 1826 denegans,
2268 1763 2326 1809 et
2349 1754 2554 1821 omnia,
2584 1770 2722 1824 quae
2748 1758 2814 1810 de
2841 1770 2908 1810 eo
2932 1756 2975 1787 “
3009 1734 3416 1826 praedicantur,
3436 1773 3546 1814 non

254 1844 504 1900 rationes
529 1843 721 1913 incipit
767 1857 1118 1914 cognoscere.
1165 1840 1351 1897 Primo
1370 1841 1640 1911 siquidem
1683 1842 1854 1911 pbau—

254 1937 433 1992 tasias
467 1936 705 2007 ipsarum
737 1949 922 1991 rerum
950 1949 1050 2007 per
1077 1935 1406 1991 exteriorem
1452 1948 1669 1989 sensqu
1697 1934 1854 2004 quiu-

254 2025 628 2097 quepertitum
678 2023 975 2079 secundum
1030 2038 1316 2078 numerum
1370 2023 1851 2078 instrumentorum

256 2113 631 2185 corporalium
656 2113 698 2181 ⁸,
729 2113 783 2168 in
825 2114 1022 2184 quibus
1054 2121 1107 2169 et
1138 2129 1237 2184 per
1262 2128 1404 2183 quae
1449 2120 1730 2183 operatur,
1761 2127 1854 2169 ae-

251 2205 493 2278 cipicns,
535 2221 739 2277 easque
765 2221 951 2263 secum
982 2205 1265 2279 colligens,
1297 2206 1563 2271 dividens,
1590 2206 1852 2262 ordinans

251 2302 531 2374 disponit;
565 2303 760 2360 deinde
789 2317 887 2374 per
913 2303 1061 2374 ipsas
1100 2304 1168 2358 ad
1204 2302 1444 2359 rationes
1474 2317 1680 2364 earum,
1711 2317 1851 2373 qua-

253 2409 383 2449 rum
416 2394 741 2465 phantasiae
764 2402 912 2460 sunt,
938 2393 1280 2465 perveniens,
1309 2393 1452 2449 intra
1477 2393 1714 2464 seipsam
1730 2407 1849 2459 eas,

251 2487 501 2543 rationes
529 2485 672 2552 dico,
723 2492 925 2540 tractat
970 2492 1135 2556 atque
1178 2484 1506 2540 conformat.
1547 2483 1618 2539 Et
1664 2496 1765 2539 nec
1799 2491 1852 2539 te

252 2586 494 2645 moveat,
525 2578 668 2651 quod
696 2577 857 2651 paulo
884 2585 1014 2632 ante
1055 2576 1401 2633 exteriorem
1432 2590 1653 2631 sensum
1683 2574 1851 2645 phan-

252 2670 456 2726 tasiam
505 2684 689 2726 rerum
736 2668 1076 2726 sensibilium
1121 2683 1246 2724 esse
1284 2667 1655 2731 definivimus,
1706 2680 1852 2723 nunc

251 2773 392 2815 vero
426 2773 527 2830 per
555 2774 679 2815 eum
699 2757 1022 2830 pluantasias
1062 2758 1362 2814 earundem
1409 2771 1592 2813 rerum
1620 2754 1851 2811 sensibi-

254 2849 393 2905 lium
442 2848 510 2906 ad
569 2849 892 2905 interiorem
938 2862 1159 2904 sensum
1196 2847 1220 2880 ⁸
1245 2846 1530 2917 pervenire
1569 2846 1848 2903 docemus.

253 2938 580 2996 Praedictus
640 2939 839 3010 quippe
877 2938 899 2972 '
957 2938 1151 2994 tertius
1201 2946 1384 2993 motus
1427 2950 1497 2991 ex
1548 2935 1852 3007 pliantasiis

250 3046 442 3089 rerum
469 3030 803 3088 exteriorum
834 3045 932 3102 per
959 3030 1289 3087 exteriorem
1316 3043 1536 3085 sensum
1572 3028 1674 3084 sibi
1704 3043 1846 3083 nun-

253 3122 421 3179 eiatis
448 3122 656 3179 moveri
696 3100 905 3194 incipit.
934 3121 1352 3178 Pbautasiarum
1380 3120 1526 3176 enim
1550 3119 1689 3175 duae
1724 3132 1849 3190 spe-
1876 3100 1923 3163 (ἶ

251 3213 373 3270 cies
396 3221 541 3276 sunt,
591 3226 822 3283 quarum
862 3211 1038 3282 prima
1065 3219 1171 3276 est,
1200 3225 1342 3282 quae
1365 3225 1435 3266 ex
1463 3208 1707 3266 sensibili
1746 3223 1849 3264 na~

256 3318 383 3362 tura
428 3306 608 3377 primo
650 3304 705 3360 in
756 3304 1135 3361 instrumentis
1185 3319 1442 3360 sensuum
1488 3303 1751 3368 nascitur,
1790 3310 1851 3360 et

254 3397 439 3468 imago
465 3395 519 3451 in
565 3395 817 3452 sensibus
844 3410 1104 3466 expressa
1134 3394 1354 3467 proprie
1381 3403 1643 3461 vocatur,
1674 3394 1849 3449 altera

253 3502 393 3542 vero
416 3496 500 3543 est
527 3487 666 3557 ipsa,
689 3501 829 3557 quae
861 3487 1217 3557 consequenti
1246 3487 1441 3544 ordine
1470 3503 1540 3544 ex
1571 3487 1849 3558 praedicta

251 3574 497 3648 imagine
518 3574 814 3641 formatur,
845 3583 1014 3631 etest
1064 3574 1179 3645 ipsa
1206 3575 1512 3646 phantasia,
1545 3590 1686 3646 quae
1723 3590 1849 3647 pro-

252 3666 376 3737 prie
418 3661 613 3721 sensus
665 3666 909 3722 exterior
963 3665 1246 3721 consuevit
1295 3664 1586 3720 nominari.
1639 3665 1710 3720 Et
1757 3664 1847 3721 illa

251 3759 408 3829 prior
433 3757 647 3829 corpori
689 3772 903 3828 semper
928 3757 1210 3823 adhaeret,
1251 3758 1524 3829 posterior
1552 3773 1684 3814 vero
1729 3758 1848 3813 ani-

253 3863 411 3914 mae;
454 3857 509 3903 et
539 3848 691 3919 prior
723 3848 975 3919 quamvis
1024 3848 1079 3903 in
1120 3864 1283 3905 sensu
1312 3850 1408 3915 sit,
1456 3850 1692 3920 seipsam
1734 3865 1845 3905 non

253 3937 457 4002 sentit;
486 3940 756 4009 posterior
782 3953 913 3995 vero
943 3948 1000 3995 et
1033 3940 1269 4010 seipsam
1292 3941 1481 4007 sentit,
1519 3949 1577 3995 et
1607 3941 1844 4011 priorem

255 4029 506 4100 suscipit.
561 4028 698 4085 Dum
745 4044 878 4085 vero
921 4031 1115 4087 tertius
1161 4031 1251 4087 ille
1303 4039 1483 4087 motus
1532 4032 1845 4102 pbantasias

255 4137 443 4177 rerum
486 4121 781 4178 visibilium
808 4123 1033 4189 deserit,
1079 4124 1360 4194 nudasque
1405 4124 1553 4179 omni
1585 4123 1847 4195 imagina-

256 4214 404 4269 tione
451 4229 712 4285 corporea
763 4216 1001 4272 rationes
1033 4231 1098 4271 ac
1144 4231 1243 4287 per
1285 4232 1346 4272 se
1385 4215 1661 4286 simplices
1713 4231 1846 4291 pure

254 4306 532 4378 intelligit,
563 4308 678 4378 ipse
705 4323 923 4379 quoque
950 4308 1178 4380 simplex
1227 4308 1562 4392 simpliciter,
1599 4308 1701 4365 boc
1735 4317 1842 4375 est,

252 4397 594 4454 universales
646 4398 1028 4454 univcrsaliter
1069 4399 1309 4455 rationes
1350 4399 1664 4466 visibilium,
1693 4401 1840 4456 omni

1954 1846 2172 1916 proprie
2197 1845 2292 1901 sed
2322 1844 2638 1901 translative
2667 1845 2737 1901 de
2779 1860 2845 1901 eo
2874 1847 3176 1916 praedicari
3215 1847 3546 1918 approbans,

1951 1944 2071 1999 νοῦς
2111 1953 2142 1992 a
2180 1935 2424 2002 Graecis,
2487 1953 2520 1991 a
2574 1936 2781 1992 nostris
2824 1936 3152 2004 intellectus,
3196 1937 3282 1994 vel
3310 1938 3546 2006 animus,

1952 2030 2037 2086 vel
2069 2045 2222 2087 mens
2248 2030 2473 2097 dicitur,
2499 2038 2555 2087 et
2584 2030 3016 2087 substantialiter
3040 2040 3145 2097 est,
3188 2041 3246 2088 et
3274 2032 3546 2104 principa-

1952 2122 2020 2179 lis
2048 2136 2178 2194 pars
2207 2123 2421 2178 animae
2447 2138 2569 2178 esse
2609 2122 2945 2196 intelligitur.
2976 2122 3094 2179 Non
3123 2124 3269 2179 enim
3290 2124 3434 2180 aliud
3459 2132 3546 2181 est

1952 2213 2167 2268 animae
2190 2212 2554 2269 essentialiter
2581 2226 2726 2279 esse,
2772 2220 2830 2270 et
2856 2211 3289 2270 substantialiter
3314 2214 3545 2270 moveri.

1950 2305 2068 2377 Ipsa
2098 2306 2364 2378 siquidem
2402 2306 2458 2361 in
2500 2305 2747 2361 motibus
2761 2305 2878 2362 suis
2905 2304 3177 2371 subsistit,
3202 2306 3395 2378 suique
3431 2321 3549 2364 mo-

1952 2406 2042 2454 tus
2078 2398 2133 2453 in
2163 2398 2280 2469 ipsa
2319 2397 2652 2463 subsistunt;
2692 2406 2779 2452 est
2819 2396 2966 2451 enim
2994 2396 3223 2467 simplex
3252 2405 3449 2454 natura
3490 2405 3550 2455 et

1952 2487 2255 2554 individua,
2283 2497 2636 2558 motuumque
2662 2501 2886 2543 suorum
2922 2486 3370 2543 substantialibus
3393 2486 3550 2544 diffe-

1950 2577 2143 2635 rentiis
2170 2578 2511 2635 solummodo
2532 2578 2786 2635 discreta.
2821 2575 2959 2634 Nam
2978 2578 3039 2633 si
3064 2576 3335 2636 caelestes
3354 2594 3545 2637 essen-

1953 2668 2075 2733 tias,
2119 2682 2256 2738 quas
2300 2669 2466 2723 etiam
2507 2668 2551 2700 “
2577 2667 2842 2724 caelestes
2883 2667 3112 2724 virtutes
3160 2668 3542 2741 angelicasque

1949 2758 2134 2814 divina
2163 2757 2446 2814 nominant
2487 2755 2726 2828 eloquia,
2777 2755 2852 2811 nil
2881 2755 3029 2812 aliud
3058 2770 3180 2815 esse
3217 2757 3544 2813 substantia-

1949 2849 2076 2906 liter
2110 2864 2141 2904 a
2168 2848 2372 2905 sanctis
2395 2848 2624 2904 traditur
2649 2846 2904 2903 Patribus
2925 2846 2996 2915 ",
3023 2846 3128 2903 nisi
3156 2845 3541 2919 intelligibiles.

1949 2950 2235 3008 aeternos,
2282 2939 2738 3013 iueessabilesque
2786 2949 2968 2996 motus
3013 2939 3159 2997 circa
3214 2939 3544 3011 principium

1951 3034 2215 3100 omnium,
2264 3048 2296 3088 a
2341 3047 2469 3104 quo,
2499 3040 2555 3088 et
2601 3044 2699 3103 per
2745 3043 2906 3103 quem
2930 3030 3081 3095 “,aet
3118 3030 3173 3085 in
3214 3045 3342 3101 quo,
3371 3038 3430 3088 et
3473 3028 3546 3086 ad

1951 3140 2133 3195 quem,
2182 3133 2249 3182 et
2280 3131 2568 3180 moventur
2604 3130 2660 3178 et
2698 3121 3002 3201 subsistunt
3025 3150 3097 3163 -—
3119 3130 3207 3178 est
3250 3120 3396 3178 enim
3442 3120 3546 3178 istc

1952 3202 2234 3273 circularis
2282 3222 2463 3271 motus
2510 3212 2829 3269 caelestium
2866 3211 3147 3267 virtutum
3184 3211 3332 3268 circa
3380 3225 3543 3267 suum

1950 3306 2297 3378 principium,
2337 3304 2407 3360 ab
2452 3319 2521 3360 eo
2553 3301 2806 3359 videlicet
2853 3301 3121 3373 incipiens
3163 3310 3226 3357 ut
3268 3316 3300 3357 a
3336 3301 3543 3372 princi-

1948 3397 2070 3469 pio;
2122 3410 2220 3467 per
2260 3394 2437 3466 ipsum
2476 3407 2578 3464 per
2620 3407 2816 3449 causas
2841 3400 3058 3448 creatas
3099 3406 3326 3447 currens
3365 3390 3444 3459 ¹³;
3486 3391 3543 3447 in

1951 3485 2092 3558 ipso,
2122 3493 2182 3540 ut
2208 3485 2261 3540 in
2290 3483 2498 3556 legibus
2536 3481 2874 3539 naturalibus
2898 3482 2968 3548 ι’,
2996 3495 3137 3552 quae
3163 3480 3219 3536 in
3247 3479 3366 3552 ipso
3391 3490 3543 3547 sunt,

1947 3588 2212 3650 extraque
2237 3593 2375 3648 quas
2401 3575 2584 3648 egredi
2616 3590 2717 3632 nec
2745 3573 2883 3642 vult,
2913 3587 3016 3631 nec
3041 3581 3239 3645 potest,
3258 3588 3358 3629 nec
3383 3588 3545 3645 posse

1948 3669 2158 3736 vult";
2190 3668 2243 3724 in
2294 3669 2472 3741 ipsum
2495 3669 2564 3736 ⁸9,
2593 3676 2656 3722 ut
2710 3667 2766 3723 in
2819 3665 2983 3723 linem
3028 3680 3185 3723 suum
3215 3666 3431 3723 rediens
3449 3664 3536 3720 υς

1949 3770 2003 3817 et
2058 3762 2113 3817 in
2177 3760 2290 3818 sola
2346 3760 2699 3833 intelligentia
2762 3758 2884 3817 talis
2948 3767 3129 3816 motus
3174 3768 3299 3828 est;
3375 3759 3542 3818 intel-

1948 3851 2117 3921 ligunt
2163 3850 2310 3908 enim
2360 3863 2420 3906 se
2471 3850 2541 3906 ab
2589 3850 2707 3921 ipso
2756 3864 2919 3915 esse,
2969 3857 3028 3904 et
3077 3862 3176 3919 per
3217 3850 3435 3920 ipsum,
3485 3858 3542 3906 et

1947 3941 2004 3995 in
2066 3941 2184 4010 ipso
2248 3938 2586 3996 intellectum
2633 3953 2790 3994 suum
2848 3936 3058 3993 moveri
3101 3938 3182 4004 ὀ,
3229 3947 3284 3995 ει
3331 3938 3539 3995 nullum

1947 4030 2114 4085 alium
2158 4030 2322 4085 linem
2356 4035 2602 4098 praeter
2646 4025 2798 4082 illum
2819 4026 2865 4059 ²¹
2894 4040 2955 4083 se
3002 4026 3206 4083 habere
3247 4041 3356 4082 non
3386 4026 3542 4098 igno-

1948 4131 2072 4179 rant
2108 4151 2179 4162 -—
2213 4120 2341 4190 quid
2398 4120 2620 4184 obstat,
2682 4131 2752 4174 ne
2821 4117 3071 4174 similiter
3132 4118 3534 4190 intelligamus.

1947 4213 2212 4268 humanos
2240 4208 2546 4266 intellectus
2573 4206 2943 4264 indesinenter
2977 4208 3123 4264 circa
3162 4206 3331 4264 Deum
3360 4206 3530 4275 volvi,

1904 4290 1909 4295 “
1945 4302 2199 4374 quoniam
2239 4301 2310 4357 ab
2352 4300 2471 4370 ipso
2497 4339 2513 4367 ,
2556 4307 2613 4355 et
2647 4313 2745 4370 per
2794 4298 3002 4371 ipsum,
3055 4307 3114 4354 et
3164 4298 3218 4353 in
3267 4297 3386 4370 ipso
3412 4337 3429 4365 ,
3477 4306 3536 4354 et

1947 4396 2015 4451 ad
2069 4395 2245 4466 ipsum
2294 4391 2456 4448 sunt?
2512 4390 2718 4447 Eodem
2778 4403 3013 4460 namque
3062 4388 3383 4461 intelligibili
3428 4388 3538 4445 cir-

254 4490 545 4561 pltantasia
592 4489 886 4557 absolutas,
920 4491 1082 4561 inque
1107 4492 1413 4562 semetipsis
1454 4460 1745 4563 purissime
1774 4509 1840 4552 ac
1874 4460 1923 4521 θ
1946 4485 2067 4542 culo
2089 4460 2401 4549 λόινιιηιιπ,
2430 4480 2756 4553 Praemium
2800 4494 2925 4536 00m
2961 4479 3147 4536 (“Villa
3177 4460 3390 4552 eloquia
3431 4478 3533 4536 Ῑιοο

253 4580 542 4635 verissime
590 4589 924 4652 perspectas,
985 4596 1082 4652 per
1130 4582 1369 4637 medium
1408 4592 1613 4638 motum
1664 4585 1841 4656 primo

252 4670 429 4728 motui
469 4671 773 4726 renunciat.
800 4672 919 4742 Ipse
944 4686 1073 4728 vero
1097 4673 1304 4745 primus
1334 4683 1531 4739 motus,
1562 4676 1839 4745 quodcun-

251 4777 363 4834 que
385 4778 451 4819 ex
482 4765 640 4819 tertio
668 4777 766 4835 per
808 4764 1068 4834 medium,
1093 4775 1149 4819 et
1170 4780 1239 4820 ex
1283 4765 1401 4835 ipso
1426 4767 1606 4822 medio
1650 4767 1840 4824 imme-

253 4854 402 4912 diate
429 4855 484 4911 in
533 4856 1001 4912 moderatiouibus
1050 4871 1232 4911 rerum
1280 4866 1586 4914 creatarum
1614 4858 1636 4890 '
1666 4858 1840 4929 perci-

502 5014 529 5028 ς

327 5202 344 5233 ί
364 5190 457 5249 Sic
502 5191 622 5263 CE;
652 5192 722 5263 Δγ
743 5191 1120 5263 cognoscimus.

1946 4581 2145 4637 minem
2178 4577 2247 4633 ad
2295 4575 2585 4645 imaginem
2625 4573 2731 4628 Dei.
2764 4572 2965 4628 factum
2988 4570 3326 4642 perbibeant,
3386 4571 3533 4641 quod

1943 4673 2012 4729 de
2061 4670 2268 4742 angelis
2322 4668 2525 4725 dixisse
2568 4672 2757 4737 aperte
2789 4679 2897 4721 non
2929 4663 3223 4734 reperitur,
3270 4663 3534 4720 subintel-

1942 4763 2218 4835 ligendum
2263 4769 2441 4816 tamen
2473 4765 2694 4829 propter
2722 4754 3142 4811 intellectualem
3174 4761 3425 4808 naturam
3447 4765 3533 4808 re-

1943 4855 2208 4924 linquitur
2231 4851 2297 4904 ”.
2325 4850 2583 4920 Astautes
2595 4845 2758 4903 etiam
2779 4852 2838 4902 et
2865 4844 3242 4901 ministrantes
3260 4840 3376 4898 Deo
3401 4854 3531 4897 cae-

1546 5027 1804 5084 VARIAE
1842 5026 2249 5086 LECTIONES.

1216 5189 1435 5261 ’Conj.,
1469 5191 1508 5245 Α
1552 5189 1747 5246 Delluit
1787 5190 1958 5254 enim;
2003 5188 2045 5244 ϐ
2098 5177 2355 5261 tie/initi};
2470 5181 2650 5252 deﬁnit
2678 5182 2822 5261 (pero
2858 5179 3087 5261 omnis).
3158 5180 3180 5213 ³
3203 5178 3294 5235 Sic
3316 5178 3433 5247 CE;
3478 5179 3524 5236 Α

255 5273 449 5319 motus.
527 5252 666 5319 ‘Sic
697 5252 827 5326 ΑΕξ
855 5262 897 5317 C
936 5261 1296 5331 corporaliter.
1368 5252 1390 5293 ⁵
1412 5252 1504 5318 Sic
1543 5262 1662 5326 CE;
1693 5263 1735 5315 A
1766 5276 1863 5331 per
1904 5252 2027 5331 eum
2068 5258 2137 5331 ad
2164 5252 2799 5331 pltautasiasearundem
2828 5252 3152 5331 sensibilium
3195 5266 3368 5331 rerum
3406 5266 3524 5320 per-

253 5335 449 5405 venire
468 5333 732 5405 docemus
766 5334 857 5405 (ad
894 5333 1193 5405 interiorem
1235 5348 1579 5405 sensumom.
1608 5333 1697 5405 Α).

1772 5329 1793 5363 ⁸
1816 5330 1907 5386 Sic
1928 5329 2041 5393 CE;
2074 5330 2119 5384 Α
2145 5330 2305 5382 enim.

2390 5326 2409 5357 ⁷
2437 5322 2528 5380 Sic
2550 5324 2627 5386 A;
2656 5323 2699 5378 C
2720 5332 3049 5387 cunctarum,
3076 5321 3117 5376 E
3139 5330 3524 5376 creaturarum.

253 5403 278 5436 ³
304 5404 397 5459 Sic
419 5403 506 5458 ΟΕ
522 5420 538 5469 ;
557 5403 684 5474 quid
704 5389 786 5474 est:
800 5403 997 5474 om._A_.
1069 5405 1091 5474 ξ’
1115 5401 1206 5456 Sic
1226 5402 1348 5474 AE;
1375 5403 1416 5458 C
1439 5389 1731 5474 incognito.
1773 5403 1839 5474 _‘A°
1862 5401 1956 5474 Sic
1969 5389 2087 5474 QE;
2110 5415 2243 5474 quae
2263 5395 2464 5474 onlLA.
2481 5465 2494 5474 _
2538 5394 2580 5425 “
2603 5393 2693 5474 Sic
2713 5392 2831 5460 CE;
2861 5393 2906 5444 A
2928 5392 2996 5447 tle
3018 5392 3149 5474 ipso.
3225 5391 3268 5422 “
3293 5389 3384 5446 Sic
3403 5390 3521 5459 CE;

253 5474 416 5529 etiam
435 5489 546 5528 oni.
570 5471 638 5528 Ά.
711 5473 758 5505 ⁸³
780 5474 870 5528 Sic
895 5472 982 5527 (ΣΕ
998 5489 1012 5543 ;
1030 5471 1096 5543 Α
1118 5473 1352 5543 patribus
1374 5471 1623 5527 traditur.
1700 5472 1744 5507 "
1767 5471 1858 5527 Sic
1873 5471 2028 5526 ΑΒΕ.

250 5545 428 5612 ipsum
459 5545 716 5599 conditas.
796 5544 840 5576 ⁸⁸
861 5543 952 5598 Sic
980 5531 1173 5605 CE;'A
1205 5543 1410 5612 legibus
1442 5544 1553 5597 suis
1581 5542 1935 5597 naturalibus.
2011 5542 2052 5574 ³⁷
2076 5540 2169 5612 Sic
2196 5538 2311 5604 CE;
2336 5537 2381 5590 A
2408 5531 2506 5591 nec
2545 5531 2722 5612 colunt
2767 5531 3279 5612 ιιεεέιῖτρεεείῃριιιῃι.

2115 5462 2159 5501 ί⁸
2180 5467 2270 5523 Sic
2314 5465 2435 5532 CE;
2468 5465 2513 5519 Α
2550 5480 2643 5535 per
2666 5462 2836 5535 ipsum
2880 5479 2971 5532 per
3007 5463 3233 5516 ratione:
3269 5474 3396 5515 sua:
3433 5477 3527 5531 per

2115 5541 2169 5587 .io.
2196 5538 2311 5587 CE:
2336 5537 2381 5587 A
2408 5551 2506 5587 nec
2545 5534 2722 5587 volunt
2767 5550 2859 5587 nec
2905 5548 3052 5587 nosse
3083 5531 3279 5586 volunt.
3365 5532 3408 5562 ¹⁸
3434 5530 3525 5587 Sic

282 5601 397 5685 i;_A
429 5615 482 5669 in
512 5615 686 5685 ipsum
708 5615 894 5685 quippe
925 5622 985 5685 ut
1052 5601 1380 5685 “sagina
1407 5614 1644 5685 redeunt.
1663 5614 1703 5685 Ε
1727 5614 1778 5667 in
1806 5613 2047 5685 ipsumet
2071 5601 2313 5685 iuulinem
2344 5621 2501 5662 suum
2530 5605 2785 5685 redigam.
2859 5603 2904 5635 ”
2935 5601 3025 5659 Sic
3052 5601 3169 5669 CE;
3195 5602 3238 5657 Α
3267 5602 3516 5657 exerceri.

254 5684 300 5717 ³⁸
319 5675 419 5739 Sic
459 5675 577 5752 (SE;
608 5675 776 5739 illum.
801 5675 917 5741 'dtu.
949 5684 1009 5737 Λ.
1090 5684 1137 5715 ²¹
1163 5683 1253 5738 Sic
1286 5675 1402 5748 (lli;
1428 5675 1920 5754 subinteﬂigendum
1955 5713 2025 5723 -——
2058 5680 2369 5750 relinquitur
2390 5691 2498 5734 om.
2530 5675 2595 5731 A.
