4064 6292
519 296 620 351 57:;

1887 282 2004 338 JUA
2016 282 2169 337 NNIS
2209 280 2403 337 SCOTI

3686 273 3799 331 576

524 410 691 462 testes
735 390 961 471 virtutes
1006 400 1254 474 legimus,
1283 403 1573 457 humanam
1604 418 1731 457 vero
1764 412 2009 456 naturam
2049 402 2102 455 in
2135 412 2178 471 Α
2282 400 2425 453 Dtsc.
2452 397 2569 453 Non
2596 397 2768 454 solum
2796 398 3057 463 concedo,
3110 410 3295 451 verum
3322 390 3491 452 etiam
3520 394 3797 467 intelligo,
3846 383 3851 389 ’

521 497 697 553 Verbo
723 495 817 549 Dei
845 496 1010 549 Deum
1041 494 1262 558 factam,
1305 502 1359 547 et
1388 492 1580 547 sedere
1609 491 1675 546 ad
1705 492 1951 545 dextram
1984 491 2100 554 Dei,

523 600 578 645 et
609 603 857 660 regnare,
912 586 1045 640 ﬁdes
1074 592 1307 640 testatur
1331 582 1617 638 catholica.
1667 583 1820 649 Quod
1877 588 2058 636 autem
2084 582 2099 611 ¹

525 687 642 749 post
667 677 1122 732 rcsdrrectionem
1159 675 1401 729 omnium
1433 672 1759 743 generaliter
1808 670 2061 725 omnibus
2082 670 2103 700 ⁸

522 770 830 826 hominibus
872 767 1133 821 Dominus
1159 765 1332 835 promi
1365 766 1428 818 tit
1471 764 1491 795 ³
1520 782 1533 817 :
1564 762 1734 817 Erunt
1765 764 1900 816 sicut
1928 760 2102 830 angeli

522 861 622 917 Dei
644 862 696 913 in
735 858 902 923 caelo,
933 858 998 913 de
1055 857 1417 927 condignitate
1461 863 1704 919 naturae,
1743 855 1916 923 deque
1942 851 1964 883 ’⁵
2001 853 2103 906 im-

522 949 870 1007 mortalitatis
915 946 1263 1018 aequalitate,
1294 955 1348 999 et
1375 945 1515 1015 quod
1540 944 1688 999 omni
1739 959 1869 999 sexu
1914 957 2105 1013 corpo-

521 1057 614 1096 reo
656 1040 911 1109 omnique
938 1037 1273 1108 corruptibili
1306 1037 1656 1106 generatione
1701 1035 1986 1099 carebunt,
2021 1034 2107 1087 in-

521 1132 869 1202 telligendum
901 1128 1155 1182 arbitror.
1192 1128 1429 1182 Primam
1454 1140 1685 1195 namque
1706 1126 1943 1181 hominis
1966 1139 2100 1180 con-

520 1223 778 1277 ditionem
810 1230 935 1275 ante
984 1228 1261 1288 peccatum
1300 1219 1352 1271 in
1400 1217 1689 1288 paradiso,
1741 1217 1845 1272 hoc
1889 1224 1993 1281 est,
2050 1215 2102 1269 in

521 1311 740 1366 caelesti
801 1309 1133 1365 beatitudine
1184 1307 1465 1376 aequalem
1520 1307 1766 1378 angelis,
1825 1320 1891 1359 ac
1938 1304 2103 1359 veluti

520 1401 929 1456 connaturalem
973 1399 1160 1463 fuisse,
1218 1414 1323 1453 non
1386 1399 1743 1468 incongruum
1791 1396 1813 1428 '
1855 1395 2100 1450 credere.

519 1491 598 1545 De
651 1491 734 1545 his
791 1503 1026 1559 namque
1075 1488 1337 1543 ambabus
1384 1488 1633 1552 naturis,
1689 1485 1931 1557 angelica
1982 1485 2104 1539 dico

520 1590 682 1651 atque
727 1581 981 1644 humana,
1023 1579 1293 1649 theologia
1343 1580 1678 1649 pronuntiat,
1727 1579 1960 1634 dicens:
2000 1577 2103 1643 Qui

521 1673 692 1743 fecisti
717 1670 886 1725 caelos
909 1673 963 1725 in
995 1670 1276 1736 intellectu,
1316 1672 1417 1725 hoc
1444 1678 1548 1735 est,
1580 1680 1637 1725 ut
1658 1669 2024 1725 essentialiter
2049 1676 2104 1722 et

2203 488 2717 545 excellentissimum
2765 487 2980 543 animae
3028 496 3233 542 motum
3270 488 3414 541 circa
3448 486 3797 557 incognitum

2203 579 2373 634 Deum
2412 578 2552 633 ultra
2581 592 2797 632 omnem
2847 576 3483 634 creaturanrverissltue
3511 577 3698 632 vocari
3738 586 3803 631 et

2204 669 2502 723 subsistere
2555 666 2907 721 intellectum.
2959 664 3070 720 Sed
3110 680 3219 736 quo
3248 666 3427 733 modo,
3461 665 3543 720 vel
3570 681 3684 735 qua
3714 682 3803 721 ra-

2204 756 2715 821 tione‘intellectus,
2768 756 2897 810 dum
2944 755 3089 810 intra
3146 754 3408 811 terminos
3440 755 3719 811 humanae
3765 768 3823 796 δ·

2204 856 2434 903 naturae
2462 845 2824 910 concluditur,
2841 859 3005 914 supra
3027 843 3264 914 seipsum
3291 860 3616 915 omnemque
3636 860 3803 907 crea-

2205 945 2381 991 turam
2409 944 2588 1006 potest
2619 934 2931 999 ascendere,
2959 943 3021 988 ut
3046 933 3192 988 circa
3222 933 3556 1004 incognitum
3592 934 3799 997 Deum.

2204 1029 2294 1099 qui
2323 1029 2481 1098 longe
2507 1028 2576 1082 ab
2601 1028 2748 1082 omni
2795 1034 2979 1081 creata
3018 1034 3214 1080 natura
3260 1035 3500 1081 remotus
3526 1037 3632 1092 est,
3662 1041 3803 1081 suos

2203 1116 2586 1172 substantiales
2632 1124 2811 1171 motus
2856 1115 3034 1172 valeat
3087 1115 3369 1187 perlicere,
3417 1117 3803 1186 quaerendum

2202 1217 2335 1277 puto
2359 1208 2423 1261 υ.
3710 1280 3719 1285 ι

2272 1298 2411 1354 Msa.
2435 1298 2493 1354 In
2518 1299 2621 1355 bac
2647 1306 2804 1369 parte
2846 1298 3110 1365 tbeoriae,
3135 1313 3281 1369 quae
3311 1300 3379 1355 de
3410 1299 3804 1369 intellectuali-

2201 1391 2303 1446 bus
2324 1391 2791 1461 rationalibusque
2817 1390 3135 1446 substantiis
3152 1390 3413 1460 disputat,
3442 1392 3568 1445 dum
3591 1405 3803 1460 perveo

2202 1484 2350 1537 nitur
2385 1482 2452 1536 ad
2490 1482 2966 1547 considerandum,
3023 1482 3297 1551 quomodo
3350 1488 3549 1536 natura
3601 1491 3801 1536 creata

2203 1582 2364 1630 extra
2397 1574 2633 1643 seipsam
2664 1581 2844 1642 potest
2863 1574 3180 1638 ascendere,
3206 1581 3267 1628 ut
3285 1572 3534 1627 creatrici
3560 1581 3809 1645 naturae

2200 1663 2379 1719 valeat
2404 1663 2723 1730 adhaerere,
2751 1663 2929 1717 omnis
2948 1663 3015 1717 de
3054 1663 3294 1732 potentia
3323 1670 3553 1716 naturae
3575 1662 3812 1735 ratioci-

518 1761 948 1817 substantialiter
995 1761 1300 1816 intellectus
1378 1771 1580 1816 essent.
1639 1762 1909 1828 Quoniam
1971 1777 2103 1816 vero
2135 1761 2182 1821 B
2210 1758 2452 1813 nantium
2478 1758 2522 1788 ¹²
2549 1757 2829 1827 inquisitio
2856 1756 3055 1811 delicit.
3105 1754 3222 1810 Non
3273 1756 3419 1810 enim
3456 1754 3531 1810 ibi
3563 1763 3811 1821 naturae

518 1853 694 1920 homo,
730 1870 849 1908 cum
880 1854 936 1908 in
964 1854 1162 1908 honore
1188 1862 1337 1918 esset,
1372 1871 1475 1909 non
1506 1854 1783 1921 intellexit,
1814 1864 1863 1909 et
1893 1870 2105 1925 compa-

518 1954 667 1998 ratus
698 1954 774 1999 est
807 1946 1064 2015 jumentis
1114 1946 1500 2016 insipientibus,
1530 1956 1577 1999 et
1603 1946 1792 2000 similis
1837 1947 2010 2016 factus
2030 1953 2106 1999 est

518 2034 615 2097 eis,
646 2034 802 2105 longe
824 2049 891 2089 ex
921 2034 1162 2106 angelica
1196 2036 1458 2106 dignitate
1502 2038 1750 2103 recessit,
1785 2038 1946 2107 inque
1964 2053 2108 2092 mor-

524 2126 692 2179 talis“
723 2125 881 2195 hujus
930 2127 1073 2182 vitae
1120 2127 1487 2183 calamitatem
1537 2130 1751 2184 cecidit.
1812 2129 2106 2203 Postquam

519 2226 701 2272 autem
739 2216 962 2271 Verbum
1006 2234 1130 2271 caro
1159 2219 1358 2288 factum
1383 2230 1484 2284 est,
1514 2220 1618 2274 hoc
1643 2230 1746 2286 est,
1777 2220 1918 2275 Deus
1944 2223 2109 2277 homo

522 2304 701 2360 factus
735 2315 840 2371 est,
881 2306 1155 2376 impletur,
1200 2309 1340 2378 quod
1370 2310 1422 2362 in
1452 2310 1661 2379 psalmo
1693 2312 1951 2381 scriptum
1979 2323 2104 2368 est:

525 2396 670 2462 Quid
694 2407 770 2452 est
789 2399 967 2466 homo,
987 2401 1127 2470 quod
1149 2417 1345 2455 mentor
1365 2418 1418 2455 es
1430 2403 1568 2472 ejus,
1590 2412 1682 2456 aut
1694 2403 1837 2473 filius
1860 2404 2105 2471 hominis,

524 2489 650 2557 quia
680 2488 859 2542 risitas
892 2506 1010 2544 eum
1035 2491 1064 2546 2’
1100 2490 1391 2546 Admirans
1416 2492 1662 2547 videlicet
1693 2495 1900 2564 primae
1929 2497 2111 2551 condi-

525 2578 688 2632 tionis
710 2579 977 2634 humanae
997 2588 1224 2636 natnrae
1239 2579 1574 2637 altitudinem
1594 2602 1606 2638 :
1627 2585 1905 2641 Minorasti
1918 2604 2036 2641 eum
2058 2590 2106 2655 ⁷,

525 2666 731 2736 inquit,
771 2668 930 2739 paulo
979 2670 1152 2725 minus
1203 2672 1269 2726 ab
1297 2673 1513 2744 angelis,
1571 2676 1675 2731 hoc
1715 2685 1795 2731 est
1847 2679 2107 2734 minorari

525 2772 648 2812 eum
672 2761 865 2815 merito
887 2776 1019 2815 suae
1047 2764 1336 2832 superbiae
1362 2767 1679 2834 permisisti,
1714 2778 1770 2824 et
1799 2770 1852 2824 in
1881 2772 2112 2840 turpitu-

521 2849 704 2904 dinem
752 2850 1142 2908 irrationabilis
1190 2855 1333 2910 vitae
1380 2858 1577 2913 cadere
1613 2874 1710 2914 sua
1758 2862 1975 2931 propria
2013 2877 2110 2917 vo-

526 2939 731 2996 luntate
758 2937 1043 3012 reliquisti.
1078 2944 1222 3000 Deus
1241 2947 1383 3000 enim
1411 2946 1610 3014 facere,
1642 2950 1784 3020 quod
1813 2951 1927 3006 ﬁeri
1955 2952 2103 3016 sinit,

516 3024 687 3087 modo
719 3035 951 3103 quodam
979 3036 1232 3106 loquendi
1256 3039 1453 3094 dicitur
1478 3059 1492 3095 :
1514 3040 1697 3099 Gloria
1711 3054 1758 3097 et
1785 3046 1981 3099 honore
2016 3062 2104 3100 co-

525 3126 723 3179 ronasti
746 3140 885 3190 eum,
917 3135 964 3180 et
989 3129 1306 3183 constituisti
1329 3147 1447 3184 eum
1469 3149 1627 3202 super
1655 3149 1811 3204 opera
1846 3153 2097 3192 manuum
2127 3118 2170 3180 Ο

520 3226 759 3284 tuarum,
801 3222 976 3274 omnia
1000 3222 1265 3291 subjecisti
1299 3225 1394 3277 sub
1434 3226 1648 3294 pedibus
1670 3228 1806 3297 ejus.
1847 3230 2103 3297 Videsne,

516 3316 790 3377 quantum
824 3310 1058 3364 humana
1083 3320 1276 3366 natura
1306 3314 1357 3367 in
1383 3315 1559 3383 primo
1582 3317 1800 3372 homine
1827 3327 1948 3387 post
1975 3335 2105 3389 pec-

520 3408 707 3455 ‘catum
750 3402 1051 3469 humiliata,
1100 3412 1154 3460 et
1183 3414 1442 3474 quantum
1489 3408 1542 3461 in
1581 3412 1821 3465 secundo
1867 3413 2102 3480 homine,

516 3490 584 3543 'in
612 3490 832 3544 Christo
854 3491 996 3555 dico,
1019 3508 1114 3561 per
1142 3495 1371 3565 gratiam
1397 3497 1670 3552 exaltata?
1691 3498 1971 3570 Siquidem
1994 3519 2103 3558 non

531 3578 706 3633 solum
732 3580 801 3633 ad
817 3581 1099 3645 pristinum
1124 3593 1348 3639 naturae
1376 3586 1540 3640 suae'
1564 3596 1787 3656 statum,
1806 3589 1873 3645 de
1892 3606 1999 3661 quo
2017 3609 2107 3649 ce-

524 3666 665 3720 cidit
688 3667 866 3731 homo,
885 3670 1012 3724 resti
1025 3678 1377 3737 tutus,verum
1392 3675 1554 3729 etiam
1571 3676 1622 3730 in
1639 3677 1814 3747 capite
1829 3695 1947 3745 suo,
1961 3682 2107 3751 quod

528 3766 615 3813 est
642 3756 889 3815 Christus
906 3800 921 3825 ,
958 3776 1120 3831 super
1145 3776 1333 3819 omnes
1367 3765 1629 3822 caelestes
1652 3767 1883 3826 virtutes
1904 3773 2109 3829 exalta-

535 3856 641 3902 tus.
675 3847 776 3904 Ubi
804 3849 947 3903 enim
985 3851 1279 3906 abundavit
1302 3865 1606 3924 peceatum,
1649 3863 2111 3929 superabundavit

526 3940 721 4007 gratia.
756 3939 813 3994 Si
836 3940 1001 4010 igitur
1028 3942 1259 3997 humana
1293 3950 1483 4002 natura
1512 3963 1618 4003 non
1645 3951 1820 4006 solum
1845 3954 1913 4008 ad
1934 3955 2110 4024 digni-

527 4039 692 4085 tatem
734 4032 1031 4101 angelicam
1068 4034 1120 4087 in
1156 4033 1376 4092 Christo
1422 4050 1676 4095 renovata
1720 4046 1988 4112 pervenit,
2014 4060 2109 4100 ve-

522 4137 648 4175 rum
676 4122 836 4176 etiam
864 4123 1001 4178 ultra
1027 4138 1243 4180 omnem
1267 4138 1570 4184 creaturam
1600 4132 1652 4185 in
1680 4132 1846 4188 Deum
1870 4151 2108 4207 assump.

530 4223 584 4268 ta
613 4223 716 4279 est,
750 4224 805 4269 et
829 4217 969 4284 quod
998 4216 1198 4270 factum
1228 4227 1312 4271 est
1335 4219 1388 4272 in
1420 4222 1613 4289 capite,
1650 4223 1702 4276 in
1732 4226 1990 4280 membris
2023 4227 2108 4281 fu-

533 4314 711 4360 turum
746 4321 867 4361 esse
922 4309 1143 4377 impium
1191 4318 1275 4363 est
1325 4324 1524 4381 negare
1574 4329 1587 4365 :
1638 4314 1765 4383 quid
1803 4316 2021 4382 mirum,
2061 4319 2105 4375 si

535 4395 755 4449 humani
787 4397 1090 4452 intellectus
1121 4399 1194 4451 nil
1223 4400 1366 4453 aliud
1397 4401 1522 4464 sint,
1557 4403 1658 4457 nisi
1692 4406 1991 4463 iuetTaLiIcs
2028 4411 2106 4464 in-

2210 1848 2368 1913 ratio,
2395 1849 2490 1902 sed
2517 1846 2734 1901 divinae
2780 1846 2989 1916 gratiae
3042 1843 3328 1900 inetIabilis
3378 1854 3434 1898 et
3488 1844 3811 1914 incompre-

2210 1941 2492 1998 hensibilis
2518 1940 2745 1996 altitudo
2788 1939 3144 2010 conspicitur.
3185 1937 3325 1994 Nulli
3364 1937 3813 2017 siquidemcon—

2208 2032 2355 2088 ditae
2389 2031 2726 2087 substantiae
2770 2029 3088 2085 naturaliter
3120 2030 3262 2085 inest
3284 2028 3478 2094 virtus,
3500 2042 3597 2098 per
3626 2042 3819 2097 quam.

2207 2124 2381 2194 possit
2410 2132 2467 2178 et
2489 2122 2754 2177 terminos
2788 2132 3017 2183 naturae
3047 2135 3180 2176 suae
3200 2133 3477 2191 superare,
3505 2118 3812 2189 ipsumth

2209 2218 2379 2273 Deum
2413 2218 2724 2272 immediate
2750 2232 2849 2287 per
2877 2216 3114 2287 seipsum
3164 2217 3468 2288 attingere;
3511 2214 3615 2271 hoc
3642 2215 3809 2268 enim

2208 2309 2374 2364 solius
2399 2318 2483 2363 est
2507 2310 2734 2380 gratiae,
2762 2308 2960 2363 nullius
2981 2323 3119 2373 vero
3143 2308 3360 2373 virtutis
3384 2316 3627 2363 naturae.
3652 2306 3813 2362 llinc

2209 2397 2482 2468 apostolus
2517 2397 2715 2453 fatetur
2741 2413 2802 2455 se
2848 2399 3149 2469 ignorasse,
3189 2397 3464 2468 quomodo
3486 2405 3680 2467 raptus
3709 2405 3815 2451 est

2208 2488 2263 2542 in
2281 2490 2612 2558 paradisum,
2637 2489 2822 2545 dicens
2848 2487 3007 2544 :Scio
3029 2489 3292 2543 hominem
3322 2498 3543 2559 raptum,
3573 2488 3667 2542 sed
3698 2505 3813 2557 ne:

2208 2581 2316 2635 scio
2336 2580 2595 2652 quomodo
2618 2580 2685 2646 ³³,
2701 2582 2755 2635 in
2784 2597 3017 2651 corpore,
3036 2597 3107 2635 an
3125 2590 3275 2636 extra
3303 2596 3523 2650 corpus;
3553 2594 3617 2634 ac
3629 2579 3677 2637 si
3706 2580 3775 2633 di
3788 2609 3814 2620 -

2206 2684 2358 2731 ceret
2406 2674 2470 2739 “,
2501 2690 2608 2730 non
2636 2675 2781 2730 enim
2836 2674 2890 2728 in
2920 2673 3257 2730 naturalibus
3278 2675 3492 2729 animae
3529 2672 3810 2748 motibus,

2204 2766 2264 2822 in
2293 2780 2521 2836 corpore
2564 2765 2646 2821 vel
2674 2774 2830 2821 extra
2857 2753 3075 2835 corpus,
3105 2764 3261 2820 video
3292 2764 3458 2820 ullam
3516 2762 3809 2830 virtutem,

2205 2877 2304 2933 per
2322 2876 2483 2932 quam
2514 2861 2627 2930 rapi
2656 2860 2859 2930 possim
2889 2875 2946 2914 tn
2981 2859 3217 2923 tertium,
3239 2858 3483 2924 caelum;
3515 2857 3660 2912 Deus
3684 2872 3810 2911 au-

2208 2963 2318 3009 tem
2342 2954 2389 2988 ¹⁸
2415 2953 2561 3009 solus
2610 2955 2736 3019 scit,
2767 2951 2922 3020 cujus
2948 2952 3124 3023 gratia
3152 2949 3267 3008 sola
3292 2963 3503 3021 raptum
3532 2963 3618 3004 me
3658 2949 3814 3004 t'niso

2207 3060 2267 3102 se
2313 3061 2420 3100 non
2451 3046 2658 3115 ignoro.
2705 3043 2858 3098 Nulla
2888 3042 3154 3112 siquidem
3184 3050 3379 3096 natura
3418 3055 3514 3112 per
3552 3040 3811 3111 seipsam

2206 3145 2385 3206 potest
2427 3135 2721 3190 ascendere
2761 3134 2814 3188 in
2841 3133 2989 3187 illum
3041 3132 3240 3199 locum,
3280 3132 3348 3187 de
3378 3146 3485 3201 quo
3529 3130 3813 3186 Dominus

2207 3228 2320 3280 ait:
2351 3224 2452 3280 Ubi
2482 3243 2574 3297 ego
2614 3242 2751 3289 sum,
2804 3224 2914 3278 illic
2944 3234 2994 3278 et
3035 3225 3273 3279 minister
3314 3239 3460 3277 meus
3487 3223 3578 3277 erit
3612 3222 3678 3275 ³⁸.
3728 3224 3813 3278 Ut

2210 3332 2341 3387 ergo
2372 3325 2591 3387 superat
2611 3328 2828 3370 omnem
2852 3314 3206 3380 intellectum,
3233 3313 3502 3384 quomodo
3530 3311 3623 3367 Dei
3653 3312 3812 3366 Ver—

2209 3409 2337 3464 bum
2379 3408 2659 3463 descendit
2691 3407 2746 3460 in
2777 3405 3085 3471 hominem;
3116 3406 3189 3461 ita
3218 3414 3440 3475 superat
3464 3419 3675 3460 omnem
3700 3421 3812 3459 ra-

2210 3499 2432 3560 tionem,
2464 3494 2735 3566 quomodo
2757 3496 2918 3549 homo
2939 3494 3186 3550 ascendit
3206 3496 3261 3548 in
3291 3494 3479 3550 Deum.

2282 3588 2427 3641 Dtsc.
2478 3586 2799 3653 Quanquam
2828 3583 3097 3647 breviter,
3128 3592 3215 3637 sat
3244 3591 3426 3637 tamen
3462 3592 3517 3639 et
3547 3583 3586 3615 "
3638 3582 3811 3650 clare

2210 3689 2296 3735 est
2319 3692 2670 3748 responsum;
2716 3676 2964 3745 ideoque,
3001 3676 3146 3746 quod
3175 3676 3360 3741 instat,
3388 3677 3456 3731 ad
3490 3676 3810 3735 secundum

2210 3770 2424 3825 animae
2473 3774 2677 3823 motum
2728 3765 3185 3821 considerandum
3238 3766 3438 3821 mentis
3476 3766 3646 3821 aciem
3717 3767 3813 3823 dio

2210 3863 2344 3932 rige.
3500 3916 3504 3919 Α

2281 3952 2422 4007 MAG.
2450 3942 2628 4006 Motus
2659 3949 2874 4004 animae
2903 3946 3171 4004 secundus
3195 3954 3300 4013 est,
3331 3955 3392 4001 ut
3408 3945 3666 4010 diximus,
3698 3948 3808 4016 qui

2208 4057 2264 4102 et
2312 4047 2454 4101 intra
2508 4043 2768 4098 terminos
2808 4049 3038 4096 naturae
3098 4039 3447 4105 continetur,
3508 4040 3808 4110 ipsumque

2212 4136 2377 4190 Deum
2421 4133 2717 4190 secundum
2761 4146 2980 4187 causam
3009 4130 3227 4194 deﬁnit;
3260 4131 3365 4185 hoc
3389 4138 3491 4194 est,
3546 4129 3677 4185 illud
3705 4145 3807 4185 so-

2211 4226 2486 4281 lummodo
2533 4225 2601 4280 de
2650 4222 2764 4278 Deo
2797 4220 3072 4291 incognito
3130 4220 3349 4291 quidem
3405 4220 3449 4252 ¹⁸
3492 4221 3802 4289 cognoscit,

2210 4319 2352 4389 quod
2382 4315 2647 4379 omnium,
2697 4328 2837 4383 quae
2881 4319 3028 4376 sunt,
3059 4326 3225 4366 causa
3277 4311 3366 4375 sit,
3399 4318 3456 4365 et
3504 4311 3650 4379 quod
3686 4315 3806 4380 prio

2213 4406 2504 4462 mordiales
2545 4405 2785 4459 onmium
2819 4416 3018 4457 causae
3039 4402 3109 4455 ab
3136 4415 3203 4455 eo
3227 4407 3285 4454 et
3313 4401 3366 4455 in
3409 4414 3476 4454 eo
3506 4402 3806 4455 aeternali-

524 4484 928 4552 cessahilesque
956 4487 1171 4540 motus?
1190 4488 1245 4540 In
1276 4488 1361 4543 his
1388 4490 1529 4555 dico,
1555 4493 1645 4561 qui
1675 4495 1820 4565 digni
1852 4509 1977 4554 sunt
1998 4502 2106 4555 cir-
2142 4472 2184 4530 θ
2215 4511 2298 4554 ter
2323 4497 2570 4556 conditae
2593 4496 2720 4562 sint,
2744 4506 3041 4561 earumque
3068 4506 3373 4555 causarum,
3406 4500 3671 4560 quantum
3696 4492 3804 4545 da-

525 4585 589 4624 ca
625 4572 815 4638 Deum,
845 4575 900 4627 in
929 4591 1031 4644 quo
1077 4577 1273 4641 vivunt,
1307 4590 1353 4632 et
1396 4592 1688 4649 moventur,
1715 4595 1763 4639 et
1800 4598 1939 4643 sunt.
1971 4590 2108 4648 Sunt

522 4663 744 4730 quidem
770 4679 865 4733 per
890 4667 1149 4731 rationes,
1187 4669 1381 4737 quibus
1408 4673 1678 4742 existunt;
1705 4691 1987 4735 moventur
2011 4699 2108 4753 per

519 4755 770 4809 rationes
818 4756 1099 4819 virtutmn,
1150 4760 1345 4828 quibus
1394 4763 1531 4818 bene
1565 4768 1803 4824 existere
1846 4783 2104 4841 possunt;

526 4843 717 4897 vivunt
746 4862 843 4915 per
896 4848 1152 4914 rationes,
1183 4851 1378 4919 quibus
1429 4870 1643 4926 semper
1672 4861 1932 4916 existunt.
1971 4864 2107 4919 Sunt

525 4933 706 5006 itaque
762 4941 805 5004 ',
859 4948 914 4994 et
944 4940 1080 4997 bene
1125 4954 1269 5010 sunt,
1311 4954 1366 5000 et
1396 4962 1611 5020 semper
1638 4962 1786 5021 sunt,
1818 4955 1868 5009 in
1890 4957 2007 5012 'Deo
2038 4958 2103 5012 ¹⁰.

2214 4598 2303 4643 tur
2336 4588 2407 4652 ei,
2446 4586 2840 4641 intellectarum
2892 4581 2993 4651 ipsi
3027 4581 3265 4645 animae,
3293 4577 3446 4648 cujus
3472 4587 3655 4634 motus
3684 4590 3799 4645 est,
3848 4604 3859 4612 -

2213 4679 2576 4749 cognitionem
2606 4672 2888 4744 imprimit.
2917 4671 2989 4728 Ut
3014 4670 3159 4725 enim
3189 4684 3257 4724 ex
3292 4668 3646 4724 inferioribus
3668 4685 3805 4724 sen-

2211 4748 2445 4828 sibilium
2476 4784 2655 4825 rerum
2680 4765 2964 4836 imagines,
2991 4748 3127 4832 quas
3146 4760 3335 4818 Graeci
3367 4760 3686 4832 phantasias
3704 4777 3803 4816 vo-

2213 4875 2354 4928 cant,
2408 4864 2585 4918 anima
2620 4860 2840 4930 recipit;
2874 4857 2946 4911 ita
2992 4870 3057 4910 ex
3095 4853 3483 4931 superioribus,
3534 4851 3641 4907 hoc
3684 4862 3799 4918 est,

2212 4955 2651 5030 primordialibus
2691 4952 2873 5008 causis
2918 4948 3290 5020 cognitiones,
3319 4961 3459 5017 quae
3509 4960 3539 4999 a
3569 4944 3801 5001 Graecis

1800 5092 2054 5150 VARIAE
2090 5095 2490 5151 LECTIONES.

538 5212 563 5273 ‘.
606 5190 636 5271 ⁸,
660 5186 749 5244 δίο
765 5188 878 5273 CE;
904 5190 1183 5273 Αμξρζὶηξιη
1212 5201 1232 5231 ²
1263 5194 1353 5273 Sic
1378 5200 1493 5267 CE;
1540 5204 1581 5258 A
1613 5206 1677 5261 de
1705 5212 1973 5267 omnibus.
2053 5215 2074 5246 ³
2103 5214 2193 5269 Sic
2224 5214 2340 5273 CE;
2371 5213 2411 5266 A
2443 5212 2586 5264 dicrt.
2665 5160 2812 5261 ³18Ῑο
2856 5202 2981 5273 (ῖΕέ
3023 5202 3063 5254 Α
3088 5217 3191 5273 ηοῗι
3309 5200 3675 5273 θοηιιίεηίωιε
3698 5210 3794 5259 εεά

529 5259 907 5351 ςζςεμξιξιιιιίξιχξςεΔ
940 5261 1076 5351 :Sif
1099 5263 1216 5351 CE;
1250 5268 1291 5321 A
1318 5286 1421 5351 non
1453 5257 1973 5351 a'szrineongruunilw
2004 5283 2025 5313 ⁸
2050 5257 2345 5351 δίῖἶὶιὲῖό
2371 5257 2775 5351 initiatam.“
2798 5257 2826 5351 ’τ
2852 5272 2891 5327 C
2924 5257 3081 5351 enim.
3144 5272 3186 5351 ,ξ
3207 5270 3299 5351 Sic
3331 5257 3509 5351 ix
3533 5257 3793 5351 suaeque:

527 5341 695 5405 turne.
772 5329 793 5360 ⁹
822 5328 911 5405 _S_ic
940 5330 1009 5396 E;
1036 5332 1077 5384 Α
1102 5328 1244 5405 ergo.

526 5400 746 5471 tionum.
776 5469 797 5471 Α
825 5399 868 5430 ¹³
895 5399 1282 5471 ηαοηιοιιούιιι.
1310 5412 1377 5468 Α.

526 5415 746 5480 uanum.
826 5415 868 5430 ··
895 5415 1152 5471 quomouo
1174 5421 1282 5461 out.
1310 5415 1377 5468 A.
1456 5415 1501 5446 “
1531 5434 1593 5471 ac
1616 5415 1661 5472 si
1692 5419 1881 5475 diceret
1905 5438 2014 5480 om.
2038 5425 2098 5481 C.

526 5470 735 5540 quidem
760 5469 801 5525 C
823 5473 948 5541 quid
968 5481 1063 5526 est.

1325 5341 1368 5371 ‘°
1393 5356 1513 5397 sunt
1553 5341 1853 5418 itaquel-in
1891 5353 1996 5408 Deo
2027 5370 2134 5409 om.
2165 5357 2223 5409 lt].
2268 5341 2280 5351 ’
2305 5357 2346 5386 ¹¹
2380 5355 2471 5408 Sic
2495 5350 2568 5414 Ci
2606 5350 2625 5403 έ

1325 5412 1377 5468 t.
1456 5415 1501 5446 ”
1531 5434 1593 5471 ac
1616 5421 1661 5472 si
1692 5419 1881 5475 diceret
1905 5438 2014 5475 om.
2038 5425 2098 5475 C.
2178 5427 2222 5457 η
2249 5436 2423 5475 autem
2446 5414 2625 5475 om.'A

2249 5436 2423 5480 autem
2446 5437 2556 5478 om.
2586 5436 2650 5475 Α.

3144 5342 3186 5371 ¹¹
3219 5341 3310 5395 Sic
3332 5340 3404 5406 (ἐς
3430 5343 3473 5394 Α
3505 5344 3793 5397 ratiocina-

2305 5357 2346 5386 ¹¹
2380 5355 2471 5408 Sic
2495 5350 2568 5414 C;
2606 5350 2648 5403 Α
2682 5364 2785 5402 ηοη
2811 5342 3064 5411 intelligo.
3144 5342 3186 5371 "
3219 5342 3310 5395 Sic
3332 5342 3404 5406 (ἐς
3430 5343 3473 5394 Α
3505 5344 3793 5397 ratiocina-

2305 5436 2423 5471 item
2446 5414 2650 5471 om.'A.
2732 5416 2893 5471 “erit
2919 5429 3027 5468 om.
3051 5411 3112 5467 C.
3192 5411 3231 5443 ⁸⁷
3258 5421 3305 5465 et
3329 5427 3441 5466 ont.
3469 5412 3535 5466 Α.
3615 5413 3658 5445 ¹¹⁸
3684 5413 3795 5471 Pro

2732 5416 2893 5473 "erit
2919 5429 3027 5468 om.
3051 5411 3112 5467 C.
3192 5411 3231 5443 ⁸⁷
3258 5421 3305 5465 et
3329 5427 3441 5466 ont.
3469 5412 3535 5466 Α.

2037 5560 2285 5617 NOTAE.

599 5631 843 5717 fYcrhis
891 5635 982 5689 sed
1006 5638 1265 5705 quomodo
1302 5649 1376 5699 vel
1411 5660 1514 5715 qua
1561 5647 1762 5705 ratione
1797 5650 2080 5708 intellectus
2118 5655 2241 5711 dum
2306 5665 2443 5711 intra
2502 5656 2751 5710 terminos
2777 5654 3059 5714 humanae,
3089 5644 3207 5701 cod.
3237 5645 3277 5701 E
3302 5642 3428 5703 lolio
3456 5644 3587 5717 9.35,
3617 5649 3790 5707 blne-

513 5699 617 5778 .dio
652 5700 852 5758 linitur.
