4064 6292
283 339 401 400 577

1107 336 1198 393 DE
1232 337 1575 395 DlVlSlONE
1611 337 1964 421 NATURAE.
1999 366 2075 380 -
2107 339 2305 396 LIBER
2346 341 2727 403 SECUNDUS.

3445 349 3554 412 578

285 447 673 522 tbeepbaniae,
705 463 735 503 a
771 447 983 505 Latinis
1023 448 1238 507 divinae
1305 449 1670 520 apparitiones
1696 450 1875 505 solent
1898 452 1948 511 Α
1976 450 2138 506 tionis
2166 452 2385 509 nomine
2422 456 2772 526 appellatum,
2797 460 2851 514 in
2896 462 3145 531 proprias
3173 463 3412 520 rationes
3430 466 3548 521 sin-

283 539 573 611 appellari,
623 537 725 593 sibi
756 538 858 608 ipsi
889 537 1084 610 inﬁgit,
1114 546 1174 593 et
1200 554 1295 609 per
1319 540 1467 608 ipsas
1504 539 1774 610 quandam
1804 539 1872 595 de

285 630 405 698 Deo
430 631 679 687 notitiam
712 629 944 700 percipit
968 646 983 695 ;
1006 646 1103 700 per
1146 631 1351 702 primas
1371 646 1566 687 causas
1591 632 1735 698 dico,
1763 647 1870 688 non

283 733 350 781 ut
369 723 653 794 intelligat,
684 724 813 795 quid
835 724 1271 779 substantialiter
1298 735 1461 791 sunt;
1491 725 1597 781 hoc
1613 727 1758 781 enim
1782 742 1869 781 sn-

281 824 444 885 perat
487 829 703 869 omnem
752 813 966 868 animae
997 822 1238 881 metum;
1262 814 1357 869 sed
1395 824 1455 869 ut
1491 816 1871 872 universaliter

282 902 604 977 cognoscat,
631 904 757 975 quia
810 912 955 969 sunt,
986 904 1153 974 inque
1185 919 1315 961 suos
1355 905 1577 963 elfectus
1613 907 1869 965 inell‘abili

282 997 635 1067 processiene
666 995 957 1068 proﬂuunt.
985 998 1054 1053 Et
1081 998 1169 1053 hic
1194 1008 1279 1053 est
1298 1008 1496 1065 metus,
1521 1001 1612 1069 qui
1637 1017 1667 1055 a
1694 1001 1868 1058 Grae-

284 1090 370 1144 cis
394 1089 541 1162 λόγος
570 1088 653 1145 vel
699 1090 936 1158 δύναμις.
968 1103 999 1143 a
1028 1089 1231 1145 nostris
1258 1104 1389 1146 vero
1412 1091 1549 1147 ratio
1567 1106 1661 1148 seu
1696 1094 1869 1149 virtus

281 1187 538 1244 vocatur,
567 1187 622 1233 et
666 1194 735 1234 ex
764 1179 942 1250 primo
973 1191 1122 1235 metu
1175 1180 1436 1248 nascitur,
1484 1183 1576 1253 qui
1603 1193 1688 1239 est
1714 1184 1870 1240 intel-

284 1270 479 1327 lectus.
515 1270 668 1327 Sicut
715 1271 860 1326 enim
911 1272 1132 1341 quidam
1179 1273 1396 1343 sapiens
1439 1274 1640 1331 artifex
1693 1284 1868 1332 artem

282 1378 443 1418 suam
466 1363 533 1418 de
565 1364 745 1434 seipse
772 1363 826 1417 in
845 1363 1029 1434 seipse
1052 1361 1234 1430 ellicit,
1259 1373 1316 1420 et
1343 1365 1397 1420 in
1428 1365 1566 1436 ipsa,
1595 1381 1739 1438 quae
1764 1368 1867 1425 sibi

283 1450 537 1507 facienda
585 1461 732 1518 sunt,
765 1454 1075 1522 praenoscit
1109 1454 1149 1521 ¹,
1177 1468 1474 1527 eorumque
1506 1471 1704 1514 causas
1732 1458 1784 1515 vi
1811 1467 1870 1517 et

282 1552 576 1613 potestate,
603 1545 917 1616 priusquam
947 1554 1245 1618 appareant
1277 1549 1405 1604 actu
1448 1558 1504 1604 et
1522 1565 1709 1621 opere,
1748 1554 1868 1609 uni-

282 1632 574 1689 versaliter
608 1642 771 1705 atque
807 1636 1101 1691 causaliter
1126 1638 1420 1703 creat;-sic
1452 1639 1760 1698 intellectus
1797 1644 1867 1699 de

281 1739 347 1780 se
398 1733 454 1778 et
496 1724 552 1779 in
592 1738 654 1780 se
702 1740 857 1781 suam
901 1726 1167 1782 rationem
1197 1729 1404 1797 genuit,
1438 1731 1493 1785 in
1524 1747 1630 1802 qua
1656 1733 1862 1800 omnia,

1973 540 2219 610 gularum
2265 557 2469 611 rerum,
2498 561 2638 616 quae
2670 547 3093 618 primordialiter
3116 552 3170 607 in
3206 555 3385 610 causis
3428 556 3550 612 uni-

1972 631 2364 704 Versaliterque
2392 645 2609 690 creatae
2648 646 2794 702 sunt,
2819 639 3026 696 dividit.
3066 640 3307 698 Cunctae
3333 644 3555 715 quidem

1973 723 2244 780 essentiae
2266 725 2319 779 in
2349 727 2559 783 ratione
2590 744 2752 784 unum
2774 738 2920 792 sunt.
2945 746 3108 788 sensu
3136 750 3267 790 vero
3291 734 3344 790 in
3368 751 3554 793 essen-

1973 814 2078 869 tias
2104 815 2416 873 dilferentes
2451 819 2855 876 discernuntur.
2888 821 3138 879 Omnium
3169 824 3350 896 itaque
3371 843 3555 884 essen-

1973 905 2168 979 tiarum
2195 922 2260 962 ex
2309 923 2529 964 suorum
2580 911 2969 982 principiorum
3011 915 3406 986 simplicissima
3436 918 3559 975 uni-

1972 1002 2084 1052 tate
2103 1011 2201 1067 per
2221 996 2552 1055 intellectum
2588 1002 3004 1059 descendentem
3050 1004 3503 1076 simplicissimam
3528 1008 3552 1040 ⁸

1971 1086 2330 1158 cegnitienem
2367 1090 2506 1145 ratio
2533 1091 2792 1163 percipit;
2816 1093 2908 1150 sed
2931 1110 3124 1151 sensus
3145 1096 3316 1167 ipsam
3346 1097 3555 1167 simpli-

1970 1179 2190 1236 citatem
2232 1197 2331 1252 per
2382 1181 2713 1241 dill'erentias
2754 1196 3021 1258 segregat.
3076 1186 3339 1243 Similiter
3366 1203 3551 1245 rerum

1970 1283 2170 1337 genera
2208 1271 2552 1328 uniformiter
2573 1283 2629 1329 et
2651 1276 2974 1346 simpliciter
3000 1278 3054 1333 in
3088 1279 3200 1335 suis
3230 1279 3555 1336 universalis-

1969 1358 2073 1415 lius
2090 1360 2289 1427 causis,
2314 1362 2416 1419 et’
2451 1363 2504 1418 in
2543 1364 2734 1436 seipsis
2774 1380 2871 1436 per
2914 1367 3244 1424 intellectum
3271 1370 3409 1426 ratio
3458 1366 3557 1426 eo;

1969 1452 2199 1521 gnoscit,
2221 1452 2365 1508 illam
2384 1457 2979 1527 veregeneralissimam
2994 1459 3415 1532 simplicitatem,
3440 1464 3495 1520 in
3516 1465 3535 1497 ί

1967 1555 2028 1596 se
2070 1542 2181 1612 ipsa
2208 1543 2538 1602 individuam
2564 1544 2853 1620 nullisque,
2888 1551 3205 1609 dill‘erentiis
3231 1556 3554 1626 obnoxiam,

1968 1633 2130 1690 nullis
2158 1636 2528 1693 accidentibus
2566 1640 2885 1709 subject-am,
2919 1642 3081 1698 nullis
3121 1646 3310 1715 spatiis
3347 1645 3555 1704 distan-

1970 1733 2101 1788 tem,
2133 1723 2293 1780 nullis
2342 1728 2585 1796 partibus
2630 1733 3019 1801 compositam,
3067 1734 3214 1791 nullo
3251 1735 3410 1792 loeali
3464 1737 3555 1796 vel

280 1830 426 1885 quae
456 1815 568 1870 vult
592 1814 792 1881 facere,
818 1818 1249 1889 praecegnescit,
1285 1820 1683 1892 causaliterque
1709 1838 1878 1906 praes

1971 1815 2254 1883 temporali
2282 1816 2324 1850 “
2355 1826 2503 1872 metu
2546 1820 2772 1886 variam,
2819 1822 2871 1875 in
2898 1822 3110 1879 diversa
3144 1840 3344 1895 genera
3400 1827 3554 1885 dill‘e-

279 1914 455 1960 creat.
501 1904 636 1960 Nam
680 1922 788 1961 non
834 1906 984 1961 aliud
1040 1907 1273 1964 dicimus
1314 1924 1435 1966 esse
1485 1912 1507 1943 '
1559 1913 1865 1980 consilium,

279 2006 500 2068 praeter
546 1997 881 2054 artiﬁciosae
920 1999 1118 2055 tuentis
1173 2010 1515 2071 conceptum.
1588 2001 1869 2073 secundus

278 2089 472 2160 itaque
500 2099 678 2145 metus
705 2092 921 2146 animae
965 2101 1050 2147 est
1078 2093 1239 2159 ratio,
1269 2109 1410 2164 quae
1452 2094 1615 2151 veluti
1645 2097 1866 2167 quidam

278 2168 506 2237 ebtutus
534 2181 905 2238 substantialis
934 2182 989 2237 in
1021 2185 1205 2240 animo
1240 2185 1579 2257 intelligitur,
1608 2203 1673 2245 ac
1700 2189 1868 2272 veluti

276 2285 376 2325 ars
394 2271 462 2325 ab
485 2271 602 2342 ipso
646 2272 713 2345 de
740 2272 916 2345 seipse
943 2273 965 2305 ³
1014 2275 1070 2330 in
1113 2276 1292 2347 seipse
1321 2280 1522 2350 genita,
1566 2280 1620 2334 in
1649 2295 1754 2350 qua
1781 2296 1865 2348 ea,

278 2352 425 2431 quae
448 2361 561 2416 vult
598 2361 804 2431 facere,
855 2367 1166 2435 praenoscit
1189 2368 1211 2398 "
1238 2377 1295 2423 et
1347 2372 1681 2440 praecondit.
1719 2372 1870 2430 Ideo-

279 2466 391 2519 que
416 2469 524 2508 non
552 2454 825 2512 immerito
866 2455 1036 2513 forma
1067 2458 1184 2530 ejus
1215 2462 1561 2529 nominatur;
1598 2464 1866 2534 siquidem

278 2542 401 2614 ipse
436 2561 534 2616 per
555 2561 614 2601 se
644 2547 819 2617 ipsum
846 2549 1285 2629 incognitusest,
1321 2554 1416 2609 sed
1462 2555 1518 2611 in
1544 2570 1640 2611 sua
1665 2555 1862 2626 forma,

277 2649 424 2705 quae
446 2645 531 2692 est
573 2639 736 2703 ratio,
773 2647 831 2695 et
859 2639 967 2696 sibi
994 2640 1093 2712 ipsi
1117 2651 1175 2698 et
1202 2642 1321 2698 aliis
1362 2655 1627 2715 apparere
1658 2646 1865 2717 incipit.

278 2722 418 2781 Nam
439 2729 896 2796 quemadmodum
914 2746 1076 2787 causa
1099 2734 1344 2790 omnium
1370 2751 1468 2806 per
1488 2736 1743 2807 seipsam,
1765 2754 1869 2795 nec

276 2831 311 2870 a
334 2816 534 2886 seipsa,
558 2834 659 2875 nec
689 2821 760 2875 ali
783 2820 963 2891 alique
1001 2822 1231 2880 inveniri
1270 2836 1470 2895 potest,
1497 2828 1626 2898 quid
1655 2830 1726 2884 sit
1750 2847 1765 2897 ;
1811 2831 1865 2886 in

275 2909 397 2966 suis
411 2923 542 2965 vere
574 2912 913 2994 tlieeplianijs
946 2919 1343 2985 quodammodo
1372 2921 1721 2991 cognoscitur
1750 2940 1763 2977 :
1791 2923 1865 2979 ita

278 3004 606 3071 intellectus,
630 2990 737 3078 qui
776 2990 991 3079 semper
1036 3013 1186 3067 circa
1230 3026 1356 3068 eum
1400 3014 1658 3082 volvitur,
1712 3024 1768 3071 et
1798 3018 1865 3073 ad

276 3094 402 3163 ejus
426 3095 715 3167 imaginem
753 3099 975 3155 omnino
1016 3102 1249 3158 similem
1280 3104 1533 3162 conditus
1568 3116 1671 3172 est,
1708 3120 1808 3162 nec
1830 3122 1862 3162 a

275 3200 342 3241 se
372 3186 509 3256 ipse,
554 3204 654 3244 nec
681 3190 749 3245 ab
796 3190 978 3261 aliquo
1007 3193 1229 3264 intelligi
1272 3204 1472 3266 potest,
1527 3199 1655 3269 quid
1684 3201 1781 3265 sit,
1806 3200 1860 3255 in

279 3277 496 3333 ratione
526 3287 731 3344 autem,
775 3294 914 3350 quae
958 3284 1024 3337 de
1069 3282 1186 3352 ipso
1212 3284 1233 3316 ⁵
1256 3286 1520 3354 nascitur,
1549 3287 1737 3358 incipit
1772 3305 1863 3361 ap-

278 3381 495 3438 parere.
525 3365 678 3434 Quod
719 3383 849 3424 vere
882 3371 1015 3435 dixi,
1038 3388 1261 3429 causam
1313 3378 1555 3432 omnium
1581 3389 1636 3433 et
1665 3380 1869 3436 intelle-

283 3466 433 3514 ctum
476 3473 505 3512 a
537 3460 868 3531 seipsisnen
898 3463 1140 3534 intelligi,
1184 3467 1310 3536 quid
1356 3468 1489 3536 sint,
1516 3486 1621 3541 qua
1653 3474 1866 3532 ratione

279 3559 466 3619 potest
486 3567 626 3618 esse,
660 3552 819 3623 paulo
861 3563 984 3625 post
1035 3558 1489 3615 considet-obitur.
1532 3563 1608 3617 De
1632 3569 1869 3624 secunde

280 3650 457 3708 metu,
482 3644 609 3713 quid
637 3645 740 3713 sit,
761 3653 817 3701 et
855 3648 998 3704 unde
1043 3650 1306 3720 originem
1344 3654 1507 3711 ducat
1536 3655 1578 3723 ⁸,
1629 3660 1763 3714 satis
1793 3662 1872 3716 di-

274 3743 456 3800 ctum,
480 3746 540 3791 ut
563 3738 771 3808 epiner.
805 3739 950 3796 DlSC.
982 3742 1079 3798 Sat
1115 3744 1293 3814 plane.

356 3825 497 3883 MAG.
528 3826 748 3915 Tertius
769 3831 954 3903 itaque
991 3844 1160 3891 restat
1181 3848 1377 3906 motus,
1401 3841 1492 3911 qui
1520 3843 1664 3898 circa
1685 3845 1871 3918 singu-

279 3917 366 3974 las
393 3908 773 3991 singularum"
812 3939 994 3979 rerum
1046 3929 1303 3998 rationes,
1348 3946 1488 4001 quae
1529 3935 1865 4005 simpliciter,

280 4010 392 4089 hoc
422 4021 525 4078 est,
571 4014 954 4072 universaliter
978 4019 1031 4073 in
1054 4020 1495 4098 primordialibus
1518 4027 1698 4081 causis
1733 4043 1866 4083 con-

279 4103 429 4159 ditae
453 4114 596 4171 sunt,
625 4100 897 4176 versatur,
938 4119 1013 4177 et,
1052 4125 1174 4168 eum
1214 4128 1280 4169 ex
1306 4117 1641 4173 sensibilium
1690 4137 1871 4178 rerum

280 4192 586 4264 pliantasiis
606 4212 704 4267 per
725 4202 1055 4257 exteriorem
1073 4218 1292 4260 sensum
1322 4207 1424 4263 sibi
1449 4210 1721 4267 nunciatis
1752 4229 1870 4269 me-

281 4294 375 4341 tus
399 4282 484 4344 sui
508 4288 878 4347 substantialis
898 4304 1076 4349 sumat
1096 4297 1403 4367 exordium,
1433 4301 1499 4356 ad
1519 4304 1869 4372 purissimam

281 4393 469 4433 rerum
523 4380 765 4436 omnium
812 4383 1194 4442 discretionem
1227 4405 1326 4459 per
1353 4392 1593 4450 rationes
1622 4398 1871 4468 proprias

281 4468 341 4523 in
370 4472 633 4528 essentias
666 4464 1125 4545 generalissimas,
1159 4480 1322 4551 inque
1340 4499 1536 4554 genera
1564 4488 1870 4557 generalio—

281 4577 370 4640 ra,
402 4563 594 4619 deinde
620 4566 675 4621 in
705 4566 910 4624 formas
939 4573 1256 4642 speciesque
1285 4578 1727 4646 specialissimas,
1765 4583 1867 4639 hoc

278 4661 391 4719 est,
422 4654 476 4708 in
498 4670 754 4713 numeres
774 4659 1199 4719 innumerabiles
1224 4666 1592 4740 inlinitesque,
1620 4672 1873 4729 immuta-

279 4743 484 4802 bilibus
499 4754 679 4802 tamen
702 4760 929 4807 naturae
953 4754 1084 4809 suae
1105 4758 1368 4829 analogiis
1388 4762 1573 4818 linitos
1590 4764 1867 4833 pervenit.
1914 4786 1915 4789 ‘

283 4835 359 4890 Et
392 4836 480 4892 ille
510 4847 686 4925 metus
708 4850 814 4909 est,
841 4846 931 4914 qui
953 4861 1145 4917 graece
1168 4849 1366 4908 διάνοια
1403 4854 1485 4908 vel
1510 4859 1755 4934 ἕνὶργεια,
1790 4860 1873 4915 la-

286 4924 402 4981 tine
424 4941 556 4982 vero
600 4924 796 4988 'sensus
825 4934 908 4988 vel
952 4939 1200 5006 operatio
1250 4952 1504 5012 vocatur;
1538 4924 1714 5016 ipsum
1751 4952 1873 5006 dico

284 5031 532 5085 sensum,
555 5021 647 5090 qui
674 5022 1051 5083 substantialis
1083 5038 1186 5094 est,
1206 5039 1262 5086 et
1289 5032 1537 5100 interior,
1563 5039 1655 5109 qui
1683 5040 1874 5097 simili-

286 5118 376 5162 ter
402 5109 470 5165 ab
501 5111 773 5185 intellectu
798 5120 1039 5187 procedit
1067 5136 1163 5191 per
1185 5125 1473 5183 rationem.
1500 5129 1671 5188 Omne
1697 5133 1872 5206 siqui-

285 5198 435 5263 dem,
463 5203 606 5270 quod
647 5204 951 5264 intellectus
990 5225 1058 5266 ex
1099 5214 1530 5282 primordialium
1584 5198 1870 5282 causarum

285 5292 537 5375 gnostico
558 5298 802 5352 contuitu
826 5301 929 5354 arti
952 5317 1105 5371 suae,
1131 5305 1233 5362 hoc
1252 5317 1357 5375 est,
1382 5311 1580 5368 rationi
1610 5315 1875 5386 imprimit

285 5397 387 5467 per
399 5398 615 5442 sensum
643 5404 799 5445 suum
822 5406 888 5447 ex
919 5408 977 5449 se
998 5398 1407 5469 procedentem,
1432 5404 1659 5475 ejusque
1681 5422 1874 5478 opera-

1973 1906 2284 1976 rentiasque
2320 1909 2643 1977 praedictas,
2677 1911 2916 1981 aliasque
2943 1914 3085 1970 mille
3115 1917 3189 1981 ",
3219 1931 3411 1973 sensus
3431 1932 3554 1987 par-

1972 1993 2122 2049 titur.
2154 1994 2212 2050 ld
2261 1997 2439 2066 ipsum
2484 2009 2569 2055 est
2619 2000 2673 2055 in
2719 2001 3096 2061 dill‘erentibus
3141 2004 3353 2077 formis,
3409 2024 3555 2081 quae

1970 2086 2216 2143 consulta
2239 2089 2449 2145 ratione
2474 2088 2518 2123 ¹⁸
2542 2091 2597 2145 in
2625 2093 2912 2162 generibus
2931 2095 3044 2151 suis
3067 2112 3231 2153 unum
3254 2108 3396 2167 sunt,
3424 2116 3551 2157 sen-

1970 2191 2034 2232 su
2065 2187 2245 2235 tamen
2278 2190 2539 2251 operante
2574 2173 2672 2253 per
2707 2186 2998 2243 rationales
3026 2188 3403 2248 distinctiones
3430 2209 3460 2248 a
3491 2209 3556 2251 se

1971 2271 2201 2327 invicem
2231 2273 2613 2331 discernuntur
2651 2294 2665 2330 :
2695 2278 2799 2335 hoc
2826 2288 2930 2347 est,
2957 2296 3067 2352 quo
3099 2284 3265 2359 mode
3295 2287 3555 2355 naturali;

1970 2361 2075 2416 bus
2090 2364 2350 2431 motibus,
2372 2365 2551 2422 divina
2568 2370 2907 2437 providentia
2930 2384 3176 2443 regente,
3189 2373 3438 2444 jubente,
3462 2378 3555 2435 ad-

1971 2452 2332 2521 ministrante,
2367 2456 2421 2511 in
2452 2457 2714 2516 discretas
2759 2477 2940 2518 rerum
2969 2465 3434 2526 multiformitatcs
3471 2471 3556 2528 di-

1971 2544 2319 2614 viduntur”,
2365 2551 2480 2620 ipse
2508 2550 2811 2610 intellectus
2862 2558 3134 2616 mediante
3185 2564 3396 2619 ratione
3453 2581 3558 2636 per

1969 2637 2485 2697 consubstantialem
2556 2644 2660 2701 sibi
2710 2660 2928 2704 sensum
2981 2651 3099 2707 sine
3153 2668 3338 2711 errore
3394 2658 3550 2715 inve-

1970 2733 2135 2804 Stigat
2162 2743 2219 2790 et
2253 2739 2621 2808 persequitur,
2664 2743 2938 2816 certisque
2975 2749 3173 2819 regulis
3201 2756 3557 2824 comprehen-

1970 2823 2067 2878 dit.
2117 2825 2260 2893 Quid
2293 2828 2468 2884 dicam
2515 2831 2582 2886 de
2612 2833 2842 2892 inﬁnitis
2886 2842 3145 2908 numeris,
3196 2823 3554 2916 qui,quante

1970 2916 2242 2975 interioris
2268 2935 2458 2978 sensus
2485 2925 2697 2982 actione
2723 2927 2838 2985 sive
2861 2929 2913 2985 in
2931 2932 3130 3004 seipse,
3152 2935 3267 2991 sive
3286 2938 3345 2996 in
3371 2954 3554 2997 rerum

1967 3021 2159 3066 natura
2208 3010 2533 3086 multiplices
2576 3017 2727 3086 liunt,
2772 3029 2921 3079 tanto
2950 3025 3163 3082 ratione
3207 3032 3555 3088 considerata

1970 3102 2023 3158 in
2060 3094 2175 3160 suis
2241 3105 2435 3165 formis
2502 3112 2881 3195 universaliter
2918 3126 2972 3173 et
3023 3120 3340 3193 simpliciter
3385 3140 3555 3181 unum

1974 3197 2133 3251 sunt?
2174 3196 2242 3253 Et
2266 3213 2327 3254 ut
2358 3202 2592 3259 breviter
2612 3204 2951 3278 colligamus,
2989 3214 3345 3285 quodcunque
3372 3218 3557 3275 anima

1967 3301 2066 3357 per
2101 3290 2331 3357 primum
2357 3308 2510 3348 suum
2527 3303 2749 3363 motum,
2774 3299 2865 3369 qui
2889 3309 2974 3356 est
2992 3301 3316 3373 intellectus,
3350 3308 3417 3363 de
3442 3310 3559 3367 Dee

1966 3389 2022 3434 ct
2046 3380 2091 3413 “
2113 3382 2548 3453 pritnerdialibus
2586 3389 2774 3444 causis.
2814 3390 3153 3451 unil'ennitcr
3186 3405 3243 3451 et
3278 3399 3559 3459 universa-
3615 3459 3631 3475 ⁸

1967 3469 2093 3528 liter
2116 3475 2412 3544 cognoscit,
2442 3480 2681 3536 secundo
2703 3494 2802 3536 sue
2828 3484 3025 3550 metui,
3049 3485 3142 3555 qui
3166 3495 3249 3542 est
3273 3489 3434 3558 ratio,
3458 3507 3558 3548 eo-

1969 3564 2090 3619 dem
2104 3570 2266 3623 modo
2289 3569 2629 3629 uniformiter
2658 3575 3144 3652 universaliterque
3175 3581 3375 3654 inﬁgit.
3402 3580 3561 3655 Quod

1969 3674 2151 3720 autem
2171 3681 2201 3719 a
2228 3668 2600 3738 superioribus
2624 3686 2721 3742 per
2752 3673 3088 3732 intellectum
3115 3678 3170 3736 in
3204 3682 3418 3740 ratione
3445 3684 3559 3741 fer-

1969 3765 2175 3812 matum
2226 3760 2454 3838 accipit,
2482 3761 2588 3818 hoc
2635 3772 2805 3820 totum
2857 3767 2912 3821 in
2955 3769 3221 3828 discretas
3265 3776 3560 3844 essentias,

1972 3846 2025 3902 in
2049 3849 2282 3904 discreta
2306 3866 2532 3921 genera,
2560 3853 2614 3908 in
2637 3855 2881 3913 diversas
2899 3857 3124 3926 formas,
3150 3861 3204 3916 in
3228 3864 3558 3936 multiplices

1972 3957 2227 3996 numeros
2257 3956 2354 4009 per
2392 3959 2618 3999 sensum
2663 3945 3014 4004 inferioribus
3042 3948 3325 4011 effectibus
3368 3957 3561 4013 distri-

1970 4032 2109 4088 buit.
2139 4032 2207 4088 Et
2236 4043 2298 4088 ut
2328 4036 2567 4105 apertius
2608 4036 2807 4102 dicam,
2841 4042 3201 4112 quodcunque
3243 4045 3425 4102 anima
3455 4048 3561 4104 ltu-

1971 4138 2130 4180 mana
2158 4141 2257 4196 per
2307 4127 2639 4183 intellectum
2680 4145 2837 4186 suum
2870 4133 2923 4186 in
2973 4135 3185 4192 ratione
3225 4150 3323 4193 sua
3350 4139 3419 4196 de
3447 4140 3562 4198 Deo

1974 4216 2151 4287 deque
2178 4233 2357 4273 rerum
2386 4218 2668 4289 principiis
2716 4220 3060 4279 unilermiter
3090 4229 3386 4299 cognoscit,
3417 4246 3565 4287 sem-
3644 4273 3654 4281 .

1971 4324 2070 4378 per
2096 4307 2443 4365 uniformiter
2485 4311 2750 4379 custodit;
2782 4314 3144 4387 quodcunque
3186 4334 3318 4375 vero
3358 4337 3455 4392 per
3481 4339 3564 4383 ra-

1975 4403 2176 4456 tionem
2225 4403 2278 4457 in
2322 4404 2504 4459 causis
2536 4420 2702 4461 unum
2755 4415 2812 4463 et
2863 4407 3205 4467 uniformiter
3263 4414 3567 4474 subsistere

1969 4496 2227 4583 perspicit
2256 4495 2300 4528 ³⁸
2317 4536 2332 4561 ,
2358 4497 2458 4551 hoc
2486 4506 2656 4552 totum
2683 4513 2782 4569 per
2796 4514 3014 4555 sensum
3038 4500 3094 4557 in
3119 4518 3404 4561 causarum
3430 4507 3566 4565 elle-

1972 4598 2150 4656 ctibus
2197 4588 2563 4659 multipliciter
2588 4588 2628 4620 ιτ
2658 4598 2714 4644 et
2739 4590 3084 4648 uniformiter
3106 4594 3149 4625 η
3181 4596 3457 4670 intelligit;
3509 4609 3568 4658 et

1972 4692 2169 4747 iterum
2191 4693 2386 4747 totum,
2416 4681 2562 4751 quod
2607 4697 2706 4752 per
2749 4697 2971 4738 sensum
3002 4685 3560 4770 multipliciterspar-

1976 4795 2097 4838 sum
2138 4779 2195 4833 in
2224 4774 2508 4831 effectibus
2552 4772 2822 4843 intelligit,
2853 4788 2952 4845 per
2992 4777 3259 4845 rationem
3294 4780 3350 4834 in
3381 4783 3565 4838 causis

1976 4852 2144 4926 unum
2173 4866 2522 4937 uniformiter
2548 4864 2849 4920 subsistere
2873 4867 3176 4937 .perspicit.
3214 4867 3408 4926 Omnia
3432 4887 3565 4928 vero

1978 4977 2043 5017 ex
2071 4974 2176 5015 una
2203 4958 2445 5013 omnium
2468 4971 2632 5011 causa
2655 4964 2712 5010 et
2732 4956 3201 5028 multiplicationis
3228 4972 3566 5019 momentum

1981 5052 2246 5121 incipere,
2277 5056 2334 5104 et
2354 5047 2581 5103 unitatis
2625 5048 3051 5119 simplicitatem,
3082 5068 3187 5122 qua
3219 5053 3272 5107 in
3301 5070 3365 5109 ea
3390 5063 3567 5109 aeter-

1982 5141 2179 5198 naliter
2205 5147 2275 5195 et'
2314 5139 2832 5195 incommutabiliter
2858 5142 3178 5205 subsistunt,
3228 5144 3375 5199 nullo
3403 5148 3567 5203 modo

1979 5232 2270 5298 deserere,
2303 5230 2577 5301 totiusque
2616 5231 2699 5288 sui
2737 5241 2921 5288 motus
2971 5236 3132 5290 linem
3164 5237 3216 5290 in
3255 5251 3374 5291 eam
3406 5246 3463 5293 et
3506 5238 3568 5295 in

1980 5341 2043 5381 ea
2075 5324 2398 5389 terminare,
2439 5339 2539 5394 per
2571 5324 2903 5381 intellectum
2942 5328 3231 5397 purissime
3264 5329 3566 5399 cognoscit.

1984 5417 2059 5471 De
2105 5416 2280 5471 tribus
2320 5417 2534 5473 animae
2572 5418 2829 5485 motibus,
2880 5420 2985 5475 hoc
3013 5428 3118 5487 est,
3149 5420 3216 5475 de
3261 5420 3561 5490 intellectu,
3656 5502 3663 5507 η

1595 5494 1851 5556 VARIAE
1890 5503 2278 5562 LECTIONES

361 5571 379 5602 ¹
402 5570 446 5626 C
467 5572 754 5641 praevidet.
831 5584 853 5615 ³
879 5575 986 5633 Pro
1010 5580 1234 5637 dicimur
1252 5602 1365 5640 esse
1386 5585 1427 5642 C
1451 5598 1549 5643 est.
1623 5590 1644 5621 ⁸
1666 5590 1786 5647 Cde
1815 5595 1947 5665 ipse.
2024 5597 2046 5629 ⁵
2069 5599 2111 5652 Α
2138 5603 2548 5670 prnecegnoscit.

361 5641 763 5724 malarumque.“
813 5645 836 5678 ⁸
861 5648 1180 5724 (_3__simplicis
1222 5657 1683 5724 simplicissinmm.
1770 5667 1791 5697 '
1820 5676 1869 5718 et
1896 5682 2004 5721 om.
2033 5667 2095 5724 C.
2197 5671 2239 5701 ¹⁰
2270 5672 2325 5724 in
2354 5686 2464 5724 om.
2488 5670 2548 5724 ϐ.

1820 5676 1869 5718 et
1896 5682 2004 5721 om.
2033 5676 2095 5722 υ.

283 5640 763 5726 singularumque.“
813 5645 836 5678 ⁸
861 5648 1180 5726 (ξηείηιριὶεἱδ
1222 5640 1683 5726 simplicissinmm.

2627 5601 2649 5633 ⁵
2677 5599 2718 5655 C
2744 5601 2809 5656 de
2836 5603 3024 5671 seip’se.
3102 5602 3124 5634 ⁸
3145 5604 3195 5658 Α
3233 5605 3398 5659 ducit.
3475 5607 3497 5638 "
3520 5605 3570 5664 Α

2197 5671 2239 5701 ¹⁰
2270 5672 2325 5742 in
2354 5686 2464 5727 om.
2488 5670 2549 5727 C.
2644 5671 2686 5705 ¹¹
2718 5671 2763 5724 Α
2785 5670 3066 5742 corperali.
3170 5676 3214 5707 “
3251 5675 3292 5732 C
3316 5673 3569 5732 dill'eren-

1674 5713 1680 5714 ,
1822 5713 1865 5718 _-
1899 5713 2004 5721 -..η
2039 5713 2095 5724 ν.
2355 5713 2464 5727 .,....
2491 5713 2549 5727 ν.
2718 5713 2763 5724 .-
2785 5713 2863 5724 νυ.
2913 5713 3066 5727 νη...
3252 5713 3292 5732 υ
3316 5713 3566 5732 νων-υπ-

287 5713 506 5804 ﬁasque
519 5716 798 5804 atqueglia
821 5717 967 5799 mille
991 5713 1541 5804 (mirandumne).
1620 5732 1663 5762 ¹³
1684 5749 1780 5802 pro
1794 5737 2036 5792 consulta
2061 5739 2761 5797 rationeCconsideratiene.
2840 5713 2945 5796 “VC
2969 5743 3290 5800 dividantur.
3369 5747 3566 5804 ηοω).

287 5782 335 5815 ⁸⁸
355 5798 563 5853 semper
588 5782 928 5870 ’tinifemtiter
942 5782 1169 5870 gestauit
1190 5826 1259 5836 --
1275 5782 1658 5870 perspicvilvem.

611 5856 865 5920 Ρηιιοι.
933 5862 1190 5929 CXXI].
1275 5856 1286 5882 ⁷
1392 5856 1409 5887 ”

1832 5807 1873 5840 ¹⁷
1901 5807 1942 5865 C
1967 5808 2257 5882 multiplex.
2334 5810 2379 5844 “
2399 5821 2448 5870 et
2482 5811 2819 5868 uniformiter
2842 5826 2955 5887 om.
2981 5815 3048 5870 Δ.

3174 5887 3267 5986 ἓὲ
