3966 5604
468 360 573 418 579

1823 357 2106 418 manans
2132 346 2334 418 'scort

3628 365 3730 422 580

469 483 742 554 quietiam
784 482 1051 549 essentia;
1079 481 1144 537 de
1178 482 1194 513 ¹
1229 481 1435 537 ratione
1459 523 1472 546 ,
1499 495 1638 552 quae
1671 481 1872 549 virtus;
1902 482 2049 536 etde
2076 484 2123 545 Α
2154 482 2316 537 trium
2355 482 2659 540 Divinitatis
2690 499 3043 555 personarum
3084 500 3352 557 cognosce
3395 486 3729 543 intellectum

469 592 653 641 sensu,
682 576 773 646 qui
819 576 1065 646 operatio
1094 575 1313 641 dicitur,
1342 574 1671 631 sufﬁcienter
1717 590 1958 640 suasum,
1988 582 2049 628 ut

472 667 682 738 opinor.
714 665 859 721 Disc.
888 665 1245 722 Lucidissime
1283 680 1348 720 ac
1377 666 1763 736 multipliciter.

535 758 628 813 24.
671 757 810 814 MAG.
834 758 1046 814 Intuere
1072 759 1274 830 itaque,
1303 758 1524 828 acieque
1548 758 1759 823 mentis,
1790 767 1898 813 tota
1927 773 2045 813 am-

464 851 748 919 biguitatis
790 851 1020 918 caligine
1048 850 1266 920 depulsa
1290 891 1305 915 ,
1342 866 1626 922 cognosce,
1675 866 1834 921 quam
1863 842 2007 906 clare
2028 890 2045 918 ,

464 957 629 1012 quam
653 955 905 1011 expresse
927 941 1141 995 divinae
1161 941 1417 995 bonitatis
1442 940 1811 996 substantialis
1833 940 2048 997 trinitas

467 1032 520 1086 in
551 1031 786 1087 motibus
816 1032 1081 1085 humanae
1105 1040 1328 1085 naturae
1350 1039 1375 1070 ³
1425 1039 1570 1086 recte
1594 1045 1691 1085 eos
1715 1031 2047 1086 intuentibus

468 1122 694 1186 arridet,
727 1138 893 1191 seque
925 1121 946 1154 ³
972 1123 1139 1192 ipsam
1173 1122 1259 1192 pie
1282 1122 1665 1192 quaerentibus
1694 1138 1774 1187 se,
1802 1122 1965 1176 veluti
1993 1123 2046 1177 in

465 1213 698 1281 quodam
727 1213 942 1283 proprio
972 1213 1187 1283 speculo
1238 1213 1305 1267 ad
1346 1212 1631 1284 imaginem
1681 1229 1834 1268 suam
1882 1213 2043 1279 facto,

466 1301 843 1372 limpidissime
872 1304 1212 1371 manifestat,
1241 1314 1443 1360 etcum
1482 1306 1552 1360 sit
1590 1306 1657 1361 ab
1703 1307 1848 1361 omni
1894 1322 2048 1362 crea-

464 1402 587 1447 tura
648 1402 883 1458 remota,
936 1396 1191 1466 omnique
1240 1396 1535 1452 intellectui
1588 1397 1899 1468 incognita,
1951 1412 2048 1468 per

463 1484 752 1555 imaginem
778 1501 928 1539 suam
968 1494 1025 1541 et
1064 1485 1467 1542 similitudinem
1498 1485 1659 1542 veluti
1696 1487 1963 1557 cognitam
1992 1495 2047 1542 et

460 1579 1002 1649 comprehensibilem
1048 1579 1499 1635 intellectualibus
1544 1580 1735 1645 oculis,
1777 1596 1840 1635 ac
1884 1581 2044 1637 veluti

460 1677 801 1738 praesentem
842 1670 1074 1741 seipsam
1114 1670 1400 1740 depromit,
1449 1669 1697 1741 ultroque
1746 1671 2042 1742 specillum,

460 1758 516 1814 in
546 1776 648 1829 qua
681 1760 904 1825 relucet,
928 1761 1199 1831 puriticat,
1226 1771 1285 1817 ut
1310 1764 1363 1818 in
1392 1779 1452 1819 ea
1485 1764 1784 1820 clarissime
1812 1764 2046 1835 resplen-

2150 582 2389 628 nostrum
2406 576 2608 642 omnia,
2630 591 2983 648 quaecunque
3006 580 3072 634 de
3099 579 3206 635 Deo
3232 582 3530 651 causisque
3550 596 3727 637 rerum

2149 672 2326 733 potest
2353 664 2676 736 intelligere,
2706 667 3084 722 universaliter
3112 669 3165 722 in
3188 670 3402 724 ratione
3426 685 3531 739 per
3549 672 3731 741 cogni-

2151 751 2348 807 tionem
2376 762 2495 807 actu
2519 755 2777 810 scientiae
2803 772 3009 822 creare,
3036 758 3137 813 hoc
3163 769 3247 814 est
3272 756 3535 821 formam,
3564 772 3621 815 et
3640 774 3732 829 per

2148 848 2368 898 ’sensum
2403 845 2914 902 consubstantialem
2953 849 3054 904 sibi
3084 850 3505 919 particulariter
3538 851 3595 904 in
3625 851 3735 905 sin-

2147 933 2299 1003 gulas
2339 952 2520 991 rerum
2564 937 2921 1004 deﬁnitiones,
2970 956 3105 1010 quas
3140 942 3192 996 in
3243 942 3464 997 ratione
3502 944 3727 1014 colligit,

2147 1030 2615 1099 contemplationis
2636 1032 2831 1112 virtute
2856 1033 3167 1089 inconfusae
3188 1036 3464 1101 dividere;
3498 1036 3607 1092 hoc
3632 1050 3729 1101 est,

2148 1135 2298 1175 suam
2316 1123 2673 1193 cognitionem
2690 1125 2974 1196 unicuique
2989 1128 3370 1184 cautissimae’
3387 1130 3734 1185 discretionis

2148 1209 2389 1263 contuitu
2404 1213 2827 1270 accommodare.
2844 1215 2988 1271 Dtsc.
3007 1215 3148 1271 Haec
3166 1218 3577 1287 quodammodo
3605 1223 3729 1276 mihi

2145 1298 2542 1367 splendescunt.
2571 1302 2675 1358 Sed
2695 1306 2822 1373 quid
2844 1306 3005 1361 distat
3026 1308 3167 1363 inter
3182 1310 3567 1379 Operationem
3588 1327 3735 1366 crea-

2150 1392 2302 1447 tricis
2332 1394 2589 1450 trinitatis
2628 1405 2683 1451 et
2725 1413 2828 1452 non
2874 1407 3109 1464 creatae,
3152 1411 3207 1455 et
3240 1411 3427 1456 actum
3473 1403 3736 1458 trinitatis

2145 1488 2366 1539 creatae
2399 1493 2454 1539 et
2488 1486 2513 1517 ⁸
2555 1488 2812 1553 creantis,
2862 1489 3096 1544 nondum
3138 1492 3436 1563 perspicio.
3482 1493 3735 1549 Creantis

2148 1570 2296 1637 dico;
2339 1585 2446 1628 non
2487 1575 2630 1630 enim
2666 1578 2997 1645 dubitamus,
3027 1581 3327 1637 trinitatem
3376 1595 3611 1640 nostrae
3641 1602 3733 1639 na-

2149 1669 2325 1728 turae,
2351 1679 2490 1734 quae
2516 1682 2621 1723 non
2650 1669 2826 1740 imago
2852 1669 2946 1725 Dei
2973 1681 3074 1737 est,
3100 1673 3193 1728 sed
3219 1673 3287 1727 ad
3316 1673 3620 1746 imaginem
3646 1677 3732 1731 Dei

2148 1754 2383 1819 condita,
2416 1750 2533 1812 sola
2558 1759 2755 1829 quippe
2773 1759 2796 1790 ’
2823 1775 2947 1817 vera
2979 1761 3156 1832 imago
3185 1764 3478 1821 invisibilis
3503 1767 3601 1821 Dei
3633 1776 3734 1834 est,

459 1854 646 1909 descal
666 1853 689 1885 δ
738 1868 842 1909 una
865 1855 1168 1910 essentialis
1192 1855 1410 1910 bonitas
1432 1858 1484 1911 in
1511 1857 1682 1912 tribus
1709 1858 2040 1921 subslmiliis,
2077 1842 2121 1903 Β
2149 1854 2204 1900 et
2233 1847 2284 1900 ill
2303 1848 2461 1903 “nullo
2485 1850 2784 1916 dissimilis,
2804 1854 3136 1924 unigenitum
3168 1857 3259 1912 Dei
3290 1858 3563 1923 Verbum,
3590 1859 3732 1915 Ρειιιιί

458 1958 595 2013 quae
636 1944 815 1999 unitas
861 1953 916 1999 et
962 1945 1174 1999 trinitas
1218 1945 1271 2000 iu
1313 1947 1488 2015 seipsa
1534 1959 1631 2015 per
1668 1946 1897 2016 seipsam
1940 1960 2043 2001 non

458 2045 773 2109 appareret,
819 2038 942 2107 quia
976 2052 1193 2091 omnem
1244 2036 1576 2092 intellectum
1624 2036 1809 2108 cﬁ'ugit
1845 2038 2043 2093 eximia

461 2143 592 2184 suae
619 2129 888 2185 claritatis
914 2129 1199 2194 inﬁnitate,
1228 2128 1328 2185 nisi
1354 2129 1406 2183 in
1439 2145 1534 2185 sua
1561 2130 1792 2210 imagine
1818 2132 2043 2203 vestigia

457 2213 777 2294 cognitionis
799 2234 930 2279 suae
957 2223 1292 2293 imprimeret
1318 2241 1329 2276 :
1361 2221 1539 2278 Patris
1562 2223 1823 2293 siquidem
1847 2225 1904 2279 in
1931 2224 2047 2280 ani-

456 2332 568 2382 mo,
598 2317 719 2372 Filii
745 2318 797 2372 in
832 2318 1060 2377 ratione,
1093 2317 1267 2372 sancti
1295 2316 1529 2388 Spiritus
1553 2318 1604 2372 in
1630 2333 1789 2373 sensu
1820 2320 2048 2390 apertis-

457 2407 595 2463 sima
621 2408 844 2463 lucescit
867 2408 1181 2463 similitudo.
1211 2408 1346 2463 Nam
1370 2410 1819 2478 quemadmodum
1853 2411 1947 2465 Fili
1973 2428 2041 2466 nu

457 2505 632 2549 artem
660 2496 1044 2566 omnipotentis
1070 2498 1294 2551 artiﬁcis
1320 2498 1636 2560 vocitamus,
1680 2516 1778 2555 nec
1810 2502 2043 2555 immeri-

459 2596 532 2653 to,
563 2587 813 2656 quoniam
845 2588 894 2641 in
923 2587 1058 2657 ipso,
1077 2602 1170 2643 sua
1189 2588 1384 2659 quippe
1412 2590 1701 2660 sapientia,
1720 2591 1909 2647 artifex
1933 2609 2044 2647 om-

458 2680 709 2750 nipotens
736 2679 896 2733 Pater
926 2680 1039 2749 ipse
1061 2680 1259 2743 omnia,
1293 2697 1646 2752 quaecunque
1675 2681 1864 2746 voluit,
1893 2681 2040 2748 fecit,

455 2772 908 2842 aeternaliterquc
974 2780 1029 2827 et
1083 2772 1595 2828 incommutabiliter
1645 2773 1928 2828 custodit:
1968 2775 2040 2829 ita

453 2863 620 2921 etiam
671 2864 939 2918 humanus
982 2863 1326 2928 intellectus,
1374 2867 1726 2935 quodcunque
1773 2866 1839 2920 de
1895 2866 2038 2932 Deo,

452 2957 625 3026 deque
644 2955 884 3011 omnium
912 2969 1092 3010 rerum
1116 2955 1394 3026 principiis
1419 2956 1702 3026 purissime
1725 2957 2039 3012 incunctan—

453 3045 906 3116 terquepercipit,
930 3045 1093 3100 veluti
1121 3046 1173 3099 in
1203 3047 1432 3114 quadam
1461 3054 1577 3102 arte
1603 3062 1721 3111 sua,
1754 3047 1804 3100 in
1831 3047 2037 3108 ratione

455 3138 598 3201 dico,
630 3137 862 3192 mirabili
884 3138 1114 3207 quadam
1146 3139 1457 3208 operatione
1483 3140 1739 3194 scientiae
1768 3150 1917 3194 creat
1942 3156 2037 3210 per

2148 1946 2204 1991 et
2242 1937 2465 2009 Spiritui
2515 1942 3019 2007 cocssentiale,non
3065 1947 3239 2001 solmu
3279 1949 3348 2004 de
3397 1950 3576 2004 nihilo
3619 1965 3735 2006 esse

2147 2040 2409 2097 creatam,
2436 2049 2617 2087 verum
2634 2034 2797 2089 etiam
2820 2036 2919 2090 sub
2936 2052 2994 2091 se
3021 2039 3383 2095 adhaerentes
3411 2043 3520 2097 sibi
3544 2058 3734 2098 sensus

2148 2137 2510 2193 sensuumque
2552 2123 2823 2190 ofﬁcinas,
2858 2135 3134 2198 totumque
3163 2129 3266 2185 hoc
3304 2146 3512 2201 corpus
3553 2150 3728 2196 suum,

2149 2211 2375 2267 mortale
2404 2215 2543 2277 diro,
2573 2231 2791 2279 creare;
2825 2232 2888 2271 ex
2911 2219 3017 2272 Deo
3045 2219 3312 2288 siquidem
3342 2224 3410 2276 ad
3437 2224 3728 2293 imaginem

2148 2302 2242 2357 Dei
2266 2304 2331 2359 de
2351 2303 2394 2336 ¹⁰
2421 2306 2588 2360 nihilo
2601 2307 2736 2361 facta
2751 2318 2829 2362 est
2847 2324 2861 2374 ;
2884 2324 3079 2379 corpus
3102 2325 3231 2365 vero
3244 2325 3404 2366 suum
3419 2313 3540 2383 ipsa
3566 2327 3731 2377 creat,

2147 2410 2252 2448 non
2288 2403 2460 2450 tamen
2489 2398 2555 2451 de
2580 2398 2747 2452 nihilo
2771 2440 2786 2465 ,
2815 2400 2908 2455 sed
2939 2401 3003 2456 de
3036 2401 3238 2472 aliquo.
3266 2402 3469 2459 Anima
3502 2422 3731 2476 namque

2146 2487 2512 2557 incorporalcs
2556 2490 2842 2560 qualitates
2890 2493 2942 2548 in
2986 2510 3149 2548 unum
3185 2495 3639 2568 conglutinantc,
3682 2507 3733 2551 et

2145 2578 2300 2646 quasi
2367 2580 2633 2647 quoddam
2695 2581 2992 2649 subjectum
3053 2584 3199 2652 ipsis
3241 2585 3607 2655 qualitatibus
3668 2603 3732 2642 ex

2143 2669 2445 2737 quantitate
2470 2683 2715 2728 sumente
2735 2682 2788 2727 et
2813 2687 3165 2744 supponente,
3190 2692 3391 2747 corpus
3416 2679 3527 2733 sibi
3562 2690 3731 2743 creat,

2144 2759 2197 2812 iu
2230 2773 2338 2829 quo
2368 2760 2606 2816 occultas
2647 2778 2773 2818 suas
2799 2765 3037 2819 actiones
3064 2781 3160 2835 per
3194 2780 3252 2820 se
3282 2768 3595 2823 invisibiles
3626 2786 3737 2823 ma-

2143 2850 2337 2907 nifeste
2357 2855 2581 2923 aperiat,
2607 2857 2769 2926 inque
2797 2858 3103 2913 sensibilem
3134 2862 3412 2916 notionem
3434 2865 3730 2933 prmhnest,

2145 2951 2201 2997 ut
2245 2944 2357 3015 jam
2402 2946 2454 2999 in
2503 2947 2669 3016 priori
2722 2947 2857 3003 libro
2895 2949 3224 3020 disputatum
3266 2961 3391 3018 est,
3430 2963 3491 3007 ct
3521 2955 3733 3018 adhuc,

2141 3038 2266 3091 dum
2291 3038 2357 3092 ad
2386 3039 2873 3095 considerationem
2901 3043 3129 3097 actionis
3142 3044 3583 3113 primordialium
3605 3064 3732 3101 cae-

2142 3144 2324 3183 sarum
2361 3142 2680 3200 perventum
2720 3132 2902 3199 fuerit,
2937 3133 3248 3203 diligentius
3286 3135 3729 3208 investigahitur.

456 3227 845 3296 cognitionem,
875 3226 1037 3296 inque
1066 3228 1447 3283 secretissimis
1477 3227 1682 3282 sinibus
1711 3230 1876 3299 ipsius
1900 3231 1921 3257 "
1950 3248 2032 3285 re-

2142 3219 2292 3274 Nunc
2319 3231 2523 3286 aotetn,
2554 3221 2694 3291 quod
2720 3222 2902 3286 instat,
2936 3224 3149 3295 aperias
3173 3224 3381 3299 ﬂagito.

455 3322 636 3376 condit
664 3336 760 3390 per
788 3321 1122 3374 memoriam.
1172 3319 1241 3375 Ut
1273 3329 1453 3374 autem
1498 3321 1662 3375 Pater
1698 3321 1874 3391 opifex
1917 3338 2037 3391 om-

456 3415 604 3471 nium
630 3415 990 3485 omnipotens,
1018 3426 1371 3484 quaecunque
1416 3414 1468 3467 in
1500 3423 1615 3468 arte
1640 3430 1759 3480 sua,
1785 3430 1924 3484 quae
1954 3426 2039 3471 est

453 3504 627 3575 ipsius
656 3502 921 3574 sapientia
944 3512 999 3556 et
1022 3503 1212 3566 virtus,
1246 3502 1299 3556 in
1335 3501 1506 3557 Verbo
1536 3518 1653 3567 suo,
1683 3503 1732 3557 in
1765 3504 2037 3574 unigenito

450 3593 609 3657 Filio,
636 3592 797 3647 simul
834 3599 891 3647 et
914 3591 1100 3656 semel,
1126 3591 1564 3661 primordialiter,
1587 3591 1897 3659 causaliter,
1924 3595 2037 3648 uni-

450 3684 725 3751 formiler,
766 3683 1144 3740 universaliter
1183 3678 1421 3740 condidit
1465 3699 1563 3755 per
1605 3685 1864 3754 Spiritum
1911 3690 2070 3742 san-‘

451 3789 601 3835 ctum
628 3793 692 3833 ex
723 3792 782 3833 se
811 3775 1056 3845 Filioque
1085 3777 1460 3846 procedentem
1485 3817 1505 3842 ,
1526 3777 1578 3831 in
1609 3778 2035 3848 primordialium

455 3887 741 3928 causarum
789 3870 1207 3926 inmunerabiles
1253 3869 1474 3926 eﬂ‘ectus
1526 3870 1758 3937 dividit,
1814 3874 1928 3927 sive
1979 3873 2032 3928 in

450 3964 716 4024 essentias
736 3962 1097 4034 intelligibiles
1120 3960 1788 4045 differentiasqueppmcm
1816 3978 2032 4018 sensum

454 4071 777 4127 corporeum
803 4065 1119 4126 superantes
1143 4056 1431 4119 manarint,
1454 4056 1567 4110 εἶκε
1585 4055 1637 4110 in
1668 4056 1824 4127 hujus
1849 4056 2031 4111 mundi
2068 4087 2084 4107 κ

449 4147 723 4204 sensibilis
748 4149 957 4202 varium
1006 4136 1461 4218 multiplicemque
1503 4158 1754 4213 ornatum
1790 4148 2031 4203 locorum

450 4250 864 4309 temporumque
918 4238 1337 4294 discretionibus
1393 4238 1708 4294 variabilem
1765 4239 2035 4309 ID‘Oﬂllxc-i

449 4335 590 4389 rint:
619 4333 691 4387 ita
717 4331 1042 4395 intellectus,
1078 4333 1179 4387 hoc
1200 4330 1647 4403 est,'principa|is
1676 4332 1890 4387 animae
1919 4347 2033 4387 mo-

450 4433 558 4489 tus,
585 4439 653 4478 ex
672 4420 1092 4494 intelligibilium
1111 4437 1287 4476 rerum
1312 4424 1553 4492 gnostica
1580 4425 2031 4493 contemplatione

445 4513 714 4587 formatus
750 4513 771 4543 '
802 4552 818 4577 ,
883 4526 1040 4575 omne
1068 4493 1496 4582 [quodcunque
1543 4514 1594 4568 in
1641 4524 1758 4570 arte
1806 4517 2031 4572 rationis

446 4693 781 4765 singularum
825 4707 1003 4746 rerum
1040 4690 1153 4746 sive
1201 4685 1611 4763 intelligibilium
1650 4694 1764 4749 sive
1800 4696 2029 4750 sensibi-

445 4787 582 4845 lium
608 4786 897 4840 discretam
930 4781 1369 4851 inconfusamque
1410 4783 1600 4838 dividit
1641 4785 2025 4855 cognitionem.

451 4877 644 4936 Omnia
666 4875 830 4937 enim,
856 4886 996 4944 quae
1015 4872 1315 4927 intellectus
1337 4872 1390 4928 in
1422 4872 1631 4929 ratione
1651 4876 2028 4931 universaliter

449 4967 792 5029 considerat,
822 4961 1221 5034 particulariter
1244 4977 1342 5031 per
1367 4976 1584 5017 sensum
1616 4962 1669 5018 in
1710 4978 1888 5018 rerum
1912 4979 2029 5019 om-

453 5062 596 5116 aium
630 5056 893 5112 discretas
920 5051 1254 5124 cognitiones
1288 5051 1735 5125 deiinitiouesque
1773 5057 2025 5125 partitur.

455 5151 611 5206 Vides
634 5148 840 5219 itaque,
855 5146 1071 5201 Patrem
1099 5143 1151 5197 in
1172 5142 1309 5199 Filio
1334 5160 1431 5199 suo
1448 5146 1655 5211 omnia,
1677 5162 2030 5216 quaecunque

442 5243 605 5296 κοιιιὶι
644 5278 660 5303 .
710 5235 1091 5295 universaliter
1131 5234 1464 5301 condidisse,
1511 5246 1566 5290 ct
1616 5250 1712 5305 per
1750 5236 2027 5305 Spiritum

810 5348 880 5370 ηιι
916 5327 1321 5384 narliculariter
1349 5328 1724 5382 distribuisse.
1761 5338 1809 5372 ρι
1847 5330 2028 5382 digni-

2062 4558 2109 4617 D

446 4615 619 4668 creat,
654 4611 710 4658 et
740 4601 952 4671 reponit
977 4615 1075 4671 per
1098 4615 1316 4656 sensum
1345 4602 1554 4656 animae
1585 4603 1897 4659 interiorem
1925 4646 1940 4671 ,
1973 4609 2023 4660 in
2055 4601 2081 4679 ξ

2208 3309 2348 3364 MAG.
2368 3310 2537 3382 llujus
2551 3313 2884 3382 quaestionis
2900 3315 3095 3371 solutio
3111 3315 3363 3373 facillima
3378 3333 3443 3391 ac
3457 3333 3602 3391 pene
3614 3320 3732 3377 sine

2138 3403 2247 3457 ullo
2274 3402 2456 3458 labore
2486 3405 2616 3459 mihi
2646 3404 2877 3460 videtur.
2913 3407 3134 3463 Summa
3160 3410 3433 3480 siquidem
3459 3410 3732 3479 Trinitas,

2137 3498 2375 3552 omnium
2410 3513 2591 3553 rerum
2634 3500 2889 3566 creatrix,
2919 3509 2975 3556 et
3015 3516 3045 3555 a
3080 3502 3226 3557 nullo
3253 3490 3475 3571 creata,
3521 3507 3731 3570 omnia,

2137 3601 2277 3656 quae
2308 3586 2472 3651 fecit,
2505 3587 2572 3643 de
2620 3588 2788 3644 nihilo
2828 3591 2975 3645 fecit.
3006 3590 3288 3661 Proprium
3318 3594 3466 3649 enim
3508 3596 3729 3651 divinae

2135 3679 2394 3734 bonitatis
2438 3690 2541 3747 est,
2592 3696 2659 3736 ex
2687 3683 3177 3739 non-existentibus
3228 3685 3283 3739 in
3330 3687 3728 3751 existentia".

2136 3786 2276 3839 quae
2296 3769 2407 3826 vult
2436 3771 2572 3837 ﬁeri,
2608 3788 2821 3829 vocare.
2854 3773 2987 3849 qu
3010 3786 3065 3831 et
3090 3778 3191 3833 hoc
3219 3792 3442 3845 nomen,
3477 3784 3629 3852 quod
3649 3794 3732 3838 est

2139 3862 2371 3929 bonitas,
2402 3880 2509 3919 non
2556 3864 2772 3922 aliunde
2824 3867 3087 3938 originem
3134 3869 3320 3937 ducit,
3350 3871 3459 3927 nisi
3488 3889 3521 3927 a
3567 3876 3729 3930 verbo

2135 3970 2349 4025 graeco,
2382 3958 2521 4028 quozl
2551 3966 2636 4014 est
2664 3960 2799 4037 βοῶ,
2832 3960 2933 4016 hoc
2985 3969 3102 4028 est,
3143 3961 3360 4032 clamo;
3391 3966 3505 4038 βοῶ
3546 3978 3727 4023 autem

2134 4058 2187 4103 ct
2218 4051 2372 4117 καὶῶ,
2407 4052 2456 4105 id
2483 4059 2566 4107 est
2596 4053 2659 4119 ι’,
2691 4052 2864 4107 clamo
2889 4062 2944 4109 et
2972 4068 3127 4121 voco,
3154 4071 3333 4111 unum
3349 4074 3575 4115 sensum
3599 4076 3725 4130 pos-

2136 4140 2344 4206 sidcnt;
2378 4144 2577 4199 etenim
2609 4146 2698 4217 qui
2750 4154 2904 4201 vocat
2930 4188 2945 4211 ,
2975 4148 3290 4218 saepissime
3338 4151 3393 4206 in
3425 4153 3724 4210 clamorem

2134 4236 2562 4305 erutnpit.,Deus
2590 4253 2722 4309 ergo
2750 4254 2854 4293 non
2905 4239 3351 4297 inconvenienter
3383 4243 3562 4301 bonus
3592 4246 3725 4300 dici-

2135 4338 2223 4382 tur
2250 4338 2304 4383 et
2339 4329 2581 4395 bonitas,
2616 4332 2743 4401 quia
2793 4332 2971 4395 omnia
3017 4333 3083 4389 de
3125 4320 3295 4392 nihilo
3341 4337 3395 4392 in
3428 4340 3719 4394 essentiam

2137 4421 2322 4475 venire
2355 4420 2679 4493 intelligihili
2712 4422 2947 4479 clatuore
2988 4423 3221 4492 clamat,
3269 4424 3504 4499 ideoque
3530 4444 3719 4501 graece

2135 4508 2331 4564 dicitur
2357 4510 2501 4567 Deus
2524 4513 2695 4578 καλὸς,
2726 4513 2776 4567 id
2801 4521 2904 4577 est,
2934 4513 3128 4580 bonus,
3176 4513 3264 4573 διὰ
3365 4520 3537 4576 πάντα
3556 4521 3718 4577 καλεῖν

2134 4604 2205 4660 εἰς
2231 4604 2429 4663 οὐσίαν.
2466 4603 2565 4658 hoc
2593 4612 2675 4658 est
2693 4638 2715 4667 -,
2755 4618 2821 4659 eo
2853 4605 2995 4673 quod
3038 4606 3222 4660 omnia
3251 4619 3414 4662 vocat
3443 4609 3501 4664 in
3535 4625 3719 4665 essea-

2137 4692 2283 4745 tiam.
2298 4694 2499 4747 (Itiiicta
2520 4694 2803 4765 siquidem,
2823 4712 2963 4766 quae
2982 4698 3303 4754 naturaliter
3314 4700 3633 4765 subsistunt,
3648 4703 3717 4757 de

2136 4783 2304 4837 nihilo
2332 4783 2383 4837 in
2409 4786 3032 4844 cssentiamacouditore
3054 4801 3244 4845 vocata
3277 4802 3411 4848 sunt
3438 4810 3538 4864 per
3563 4795 3717 4864 quia-

2134 4878 2496 4945 quepertitum
2536 4879 2858 4934 universalis
2886 4888 3169 4938 creaturae
3190 4887 3710 4954 motum..Quaedam

2137 4983 2369 5037 namque
2416 4978 2603 5023 vorata
2664 4978 2825 5033 sunt,
2871 4982 2929 5025 ut
2971 4972 3315 5030 solummodo
3353 4978 3715 5034 essentialiter

2134 5057 2428 5114 subsistant
2455 5060 2529 5125 ⁸³;
2580 5061 2866 5129 quaedam,
2910 5070 2968 5115 ιιι
2999 5062 3302 5119 subsistant
3321 5077 3379 5122 et
3404 5069 3615 5131 vivant;
3656 5070 3713 5122 in

2098 5166 2102 5170 -
2134 5149 2449 5217 quibusdam
2480 5152 2817 5206 substantiali
2865 5156 3006 5208 vitae
3030 5172 3225 5212 sensus
3264 5170 3349 5213 est
3383 5163 3624 5227 additus;
3654 5162 3708 5215 in

2133 5242 2454 5311 quihusdam
2484 5244 2839 5308 vitaliscnsui
2874 5248 3010 5303 ratio
3037 5252 3383 5322 cumulatur;
3413 5262 3468 5309 In
3499 5256 3709 5325 quibus-
3776 5320 3783 5324 _

2135 5330 2257 5382 dam
2313 5330 2379 5380 ειίί
2441 5333 2835 5378 nmmliclnrnm
2882 5339 3211 5393 nulttrnlium
3249 5352 3502 5399 motuum
