4064 6292
238 368 340 426 581

1065 367 1154 423 DE
1190 363 1530 423 DIVISIONE
1583 363 1932 421 NATURAE.
1970 395 2041 406 -——
2077 365 2279 421 LIBER
2317 367 2700 425 SECUNDUS.

3413 374 3521 431 582

235 490 332 533 tus
358 477 414 531 in
441 474 762 544 corporibus
805 473 1179 542 naturalibus;
1202 474 1473 530 secundus
1509 490 1562 528 ιιι
1601 486 1666 527 ea
1694 474 1828 538 vita,

1939 477 2190 539 continet,
2208 489 2471 549 quantum
2494 484 2739 537 mortalis
2752 482 3016 555 fragilitas
3039 486 3208 556 ipsius
3223 490 3515 559 permittit.
3584 518 3593 527 -

234 584 348 638 qua
377 568 522 636 ligna
551 567 855 637 herbaeque
877 569 893 597 ¹
932 576 991 622 et
1014 567 1289 621 vivunt~et
1316 575 1598 631 crescunt;
1636 566 1830 621 tertius

232 663 298 716 in
333 662 354 693 ¹
399 661 860 717 irrationabilibus
906 660 1302 727 animantibus;
1353 668 1580 729 quartus
1614 659 1832 730 proprie

235 755 296 808 in
339 754 608 816 humana;
640 755 862 824 quintus
911 754 963 809 in
1003 754 1024 785 ³
1067 754 1309 824 angelica
1352 754 1684 823 conspicitur
1734 770 1832 809 na-

240 853 387 899 tura.
403 843 469 899 Et
490 843 511 874 ⁸
533 844 618 899 his
643 844 881 914 quinque
901 844 1158 915 gradibus
1181 845 1232 897 in
1264 845 1556 899 condendis
1577 845 1642 900 de
1665 844 1834 900 nihilo

241 936 406 989 rebus
437 950 681 990 summae
712 950 776 989 ac
815 944 1036 990 sanctae
1062 933 1343 989 Trinitatis
1384 935 1598 990 bonitas
1626 936 1833 1005 perspi-

233 1027 388 1081 citur
430 1028 487 1092 ⁸,
540 1027 930 1097 inell'abilisque
994 1028 1238 1097 operatio
1294 1026 1688 1098 manifestatur.
1756 1028 1835 1084 Ea

240 1133 376 1174 vero
405 1119 641 1182 trinitas,
690 1135 831 1188 quae
870 1120 921 1174 in
954 1128 1139 1173 nostra
1185 1127 1377 1172 natura
1421 1119 1488 1174 ad
1541 1119 1832 1185 imaginem

238 1208 520 1265 Creatoris
546 1210 763 1265 condita
790 1210 812 1241 ⁸
831 1250 846 1275 ,
875 1210 1007 1263 nihil
1034 1218 1182 1264 creat
1211 1209 1278 1264 de
1307 1208 1496 1263 nihilo.
1527 1209 1662 1264 Illud
1685 1211 1831 1265 enim

240 1300 414 1355 solius
443 1299 534 1354 Dei
564 1310 667 1361 est,
697 1309 752 1355 et
778 1300 977 1355 nullius
1000 1309 1305 1355 creaturae.
1330 1300 1539 1371 Duplex
1563 1316 1692 1356 vero
1716 1302 1834 1372 ejus

241 1393 393 1446 actio
431 1392 687 1446 videtur:
742 1400 837 1445 aut
883 1391 1029 1446 enitn
1080 1407 1161 1455 ea,
1189 1407 1331 1462 quae
1377 1393 1445 1448 de
1490 1393 1661 1449 nihilo
1704 1408 1845 1449 suus

238 1480 475 1536 Creator
507 1482 766 1546 totididit,
822 1481 1231 1536 rationabilibus
1277 1481 1835 1552 intellectualibusque

238 1572 359 1626 suis
386 1573 617 1626 motibus
670 1572 978 1642 investigat,
1023 1581 1079 1627 et
1127 1589 1268 1643 quae
1299 1574 1354 1628 in
1404 1583 1601 1629 natura
1651 1590 1832 1629 rerum

236 1686 380 1741 pum
415 1665 803 1744 intcdigentiae
824 1665 1069 1719 contuitu
1100 1667 1399 1738 cegnoscit,
1434 1668 1485 1721 in
1518 1667 1723 1723 intimis
1750 1683 1835 1722 ra-

238 1762 407 1816 tionis
453 1778 586 1817 suae
635 1757 854 1818 sedian
910 1756 1181 1827 disponit,
1229 1757 1582 1829 oumiumque
1619 1774 1827 1820 rerum,

1950 610 1955 611 κ
2001 567 2095 621 25.
2136 569 2242 624 Sed
2274 569 2412 634 vide,
2446 586 2515 626 ne
2531 587 2600 626 ex
2628 574 2670 604 υ
2703 574 2790 629 his
2818 576 3115 632 rationibus
3138 580 3366 649 incipias
3390 596 3524 647 cono,

1926 658 2117 728 jirere,
2149 662 2362 717 animae
2391 664 2434 694 “
2467 665 2795 720 creationem
2828 669 3106 738 temporali
3131 671 3366 739 quodam
3391 688 3519 742 spa-
3556 658 3560 667 ’

1934 751 2009 805 tio
2033 752 2395 807 conditionem
2415 755 2660 824 corporis
2676 756 2972 825 spiritualis
2994 769 3120 815 ante
3143 771 3420 830 peccatum
3448 762 3523 830 ³³,

1934 845 2276 914 praecedere.
2319 845 2443 901 Sola
2479 847 2743 917 siquidem
2784 849 3043 920 dignitate
3086 851 3520 924 excellentiaque

1935 943 2163 991 naturae
2190 938 2466 1006 praecedit
2485 940 2665 992 anima
2692 954 2910 1010 corpus,
2940 958 3046 998 non
3076 952 3254 998 autem
3283 944 3404 999 loco
3434 945 3524 1002 vel

1936 1033 2209 1096 tempore;
2237 1027 2396 1081 simul
2422 1027 2567 1082 enim
2613 1044 2677 1083 ac
2718 1032 2885 1085 semel
2920 1032 2973 1086 in
3021 1033 3112 1087 illo
3138 1050 3245 1088 uno
3285 1037 3524 1098 homine,

1935 1116 2028 1187 qui
2054 1117 2122 1170 ad
2168 1117 2454 1190 imaginem
2497 1120 2589 1174 Dei
2631 1119 2806 1176 factus
2828 1132 2933 1186 est,
2958 1126 3198 1180 omnium
3248 1127 3528 1183 hominum

1937 1208 2173 1262 rationes
2194 1211 2487 1265 secundum
2511 1226 2708 1281 corpus
2727 1222 2780 1268 et
2809 1213 2853 1245 “
2875 1216 3355 1285 animamcreatae
3376 1228 3526 1274 sunt.

1936 1300 2092 1355 Nullo
2118 1301 2263 1355 enim
2297 1303 2341 1334 ³⁸
2371 1306 2530 1357 modo
2570 1303 2722 1371 juxta
2752 1321 2931 1361 moras
2961 1316 3261 1378 temporum
3289 1310 3530 1365 essentia

1935 1392 2151 1445 animae
2184 1395 2431 1463 corporis
2458 1397 2785 1461 essentiam,
2833 1399 2973 1453 sicut
3016 1415 3118 1454 nec
3158 1400 3407 1469 corporis
3440 1415 3531 1458 cs-

1937 1483 2113 1537 sentia
2146 1485 2359 1539 animae
2375 1487 2667 1542 essentiam
2696 1489 2990 1557 praecedit.
3027 1489 3089 1544 Et
3121 1508 3190 1547 ne
3228 1508 3315 1547 me
3341 1492 3534 1548 existi-

1938 1588 2055 1627 mes
2097 1574 2161 1639 “,
2192 1575 2423 1645 primum
2471 1577 2599 1630 illud
2628 1580 2913 1633 essentiale
2944 1596 3140 1650 corpus
3187 1583 3238 1636 in
3278 1583 3531 1652 paradiso

1936 1663 2213 1719 conditum
2241 1706 2254 1730 ,
2289 1666 2403 1721 sola
2439 1676 2615 1733 tamen
2655 1669 2865 1723 ratione
2893 1671 3070 1725 adhuc
3113 1670 3315 1726 factum
3342 1713 3357 1735 ,
3387 1672 3534 1727 sicut.

1938 1762 1995 1807 et
2027 1753 2138 1823 ipsa
2168 1756 2347 1809 anima
2376 1758 2511 1812 -—-in
2541 1758 2657 1827 ipso
2678 1760 2874 1830 quippe
2897 1761 3135 1832 generali
3160 1772 3214 1817 et
3239 1763 3532 1820 universali

236 1866 380 1922 quas
417 1860 595 1921 mles:
648 1867 1013 1922 cognoscere,
1056 1848 1393 1925 msumones
1434 1859 1528 1903 ειυι
1576 1851 1629 1903 in
1672 1866 1835 1905 ιιηιηη
1870 1831 1913 1891 Β
1943 1844 2162 1899 homine
2188 1847 2258 1901 ad
2290 1846 2580 1917 imaginem
2625 1850 2715 1904 Dei
2765 1850 2910 1906 facto
2941 1867 3132 1908 omnes
3173 1855 3419 1910 homines
3446 1870 3533 1910 se-

234 1940 467 2011 colligit,
486 1942 632 1997 verbi
654 1944 823 2013 gratia
835 1958 1037 2014 genera
1063 1944 1118 1999 in
1143 1938 1405 2011 essentia,
1424 1938 1640 1999 lumnas
1667 1939 1719 1994 in
1747 1954 1841 2010 ge-

237 2046 395 2095 nere,
426 2048 681 2088 numeros
711 2034 1109 2090 individuorum
1140 2036 1194 2090 in
1231 2035 1405 2091 forma
1428 2038 1708 2105 scientiae,
1742 2043 1833 2093 aut

237 2141 409 2180 untim
439 2125 588 2191 facit,
614 2136 710 2181 aut
741 2127 1114 2198 multipliciter
1133 2129 1345 2194 dividit,
1381 2132 1625 2202 singulas
1647 2134 1834 2203 cogni-

238 2219 420 2274 tiones
463 2219 689 2289 singulis
738 2219 939 2288 rebus,
986 2236 1217 2290 quarum
1286 2224 1625 2294 cognitiones
1677 2233 1833 2293 sunt,

238 2312 591 2375 distribuens,
637 2311 738 2367 hoc
783 2321 886 2375 est,
942 2323 1000 2368 ut
1049 2315 1238 2368 eodem
1306 2316 1553 2386 exemplo
1598 2327 1834 2382 utamur,

238 2403 537 2459 essentiam
579 2404 633 2458 in
672 2420 870 2475 genera
897 2446 911 2469 ,
941 2421 1111 2475 genus
1158 2408 1210 2462 in
1243 2407 1465 2475 formas,
1511 2409 1740 2465 formam
1784 2412 1836 2466 in

241 2494 519 2551 individua
555 2498 796 2565 gnostica
831 2499 1145 2568 operatione
1192 2501 1512 2557 discernens
1538 2504 1579 2556 ⁷.
1609 2503 1674 2557 Ει
1705 2505 1839 2560 haec

239 2594 329 2641 est
378 2586 692 2657 principalis
721 2602 1041 2659 smnmaque
1073 2590 1354 2646 rationalis
1394 2601 1617 2647 naturae
1645 2609 1841 2662 Opera-

242 2679 340 2734 tio.
367 2677 614 2734 Secunda
647 2695 778 2735 vero
804 2689 907 2745 est,
930 2696 1090 2751 quae,
1115 2692 1170 2737 ut
1192 2682 1447 2750 diximus,
1482 2685 1536 2739 in
1564 2687 1839 2743 creatione

238 2770 326 2825 sui
371 2770 615 2841 corporis
659 2772 1033 2843 cognoscitur,
1060 2773 1223 2843 inque
1262 2774 1381 2845 ejus
1426 2776 1660 2832 sollicito
1692 2780 1837 2849 regi—

246 2862 395 2916 mine
435 2862 700 2931 aperitur.
744 2863 929 2918 Primo
968 2866 1234 2934 siquidem
1281 2869 1567 2923 materiam
1613 2871 1731 2940 ejus
1769 2887 1837 2926 ex

242 2954 600 3024 qualitatibus
641 2972 824 3011 rerum
867 2958 1205 3013 sensibilium
1245 2961 1462 3029 accipit,
1495 2962 1654 3032 eique
1692 2963 1840 3018 nullo

244 3047 527 3117 temporali
555 3050 733 3118 spatio
766 3049 1086 3119 interposito
1116 3051 1345 3107 formam
1376 3053 1696 3124 vitalemqnc
1724 3072 1839 3109 ino-

244 3147 361 3194 tum
381 3139 404 3171 ⁸
425 3142 833 3206 accommodat,
864 3157 973 3212 quo
1006 3143 1176 3212 ipsam
1214 3146 1496 3200 materiam
1520 3157 1573 3202 et
1601 3149 1836 3203 vivilieat

242 3240 301 3285 et
325 3230 514 3296 nutrit,
537 3231 697 3301 inque
723 3243 1008 3303 augmenta
1041 3235 1313 3304 perfectae
1340 3245 1580 3292 staturae
1604 3253 1700 3309 per
1732 3256 1831 3293 nu-

244 3335 428 3376 meros
447 3320 687 3377 locormn
722 3333 777 3376 et
800 3331 1102 3393 temporum
1132 3326 1414 3394 provehit,
1452 3343 1670 3383 sensum
1701 3345 1834 3399 quo-

243 3432 354 3487 que
392 3418 718 3472 exteriorem
765 3418 814 3473 ei
853 3428 1116 3489 praestat,
1145 3435 1242 3490 per
1272 3437 1430 3491 quem
1462 3424 1702 3477 omnium
1750 3441 1836 3479 rc-

245 3527 391 3576 rnm,
421 3526 557 3580 quas
577 3511 915 3567 extrinsecus
936 3512 1170 3583 attingit,
1201 3514 1515 3583 pliantasias
1540 3516 1748 3586 recipit,
1782 3525 1837 3571 et

246 3613 458 3669 cetera,
508 3619 647 3673 quae
673 3605 740 3658 de
782 3603 1145 3677 sollicitudine
1190 3600 1406 3661 assidua
1433 3607 1839 3677 continentique

244 3697 465 3753 actione
499 3697 711 3750 animae
731 3696 873 3752 circa
895 3712 1093 3767 corpus
1120 3712 1275 3751 suum
1310 3712 1503 3768 resque
1524 3713 1836 3770 corporeus,

243 3787 364 3842 sive
396 3786 643 3841 sensibus
672 3801 927 3856 praesens
951 3787 1252 3858 vigilando,
1283 3788 1398 3843 sive
1425 3789 1495 3845 ab
1521 3789 1601 3845 eis
1632 3801 1840 3845 remota

243 3876 603 3942 dormiendo,
655 3877 1023 3948 imaginesque
1070 3893 1288 3943 rerum,
1330 3895 1464 3951 quas
1500 3896 1599 3951 per
1648 3892 1840 3936 sensus

157 3951 166 3963 ‘
247 3971 527 4036 hauserat,
554 3984 740 4025 secum
766 3970 1067 4034 tractando,
1100 3980 1195 4025 aut
1241 3971 1502 4044 imagines
1543 3972 1839 4043 imaginum

246 4061 526 4135 ﬁngendo,
555 4072 648 4118 aut
686 4061 939 4116 alimenta
971 4065 1293 4133 corporalia,
1331 4080 1472 4136 quae
1503 4066 1839 4144 extiinsecns

245 4154 305 4211 in
331 4156 638 4212 aedilicium
666 4152 909 4226 corporis
929 4157 1159 4227 accipit,
1184 4171 1281 4228 per
1306 4156 1549 4212 occultos
1580 4172 1837 4214 venarum

246 4260 647 4315 nervorumque
686 4258 911 4315 meatus,
941 4264 1076 4319 quos
1099 4245 1294 4302 Graeci
1319 4260 1482 4316 poros
1505 4245 1584 4300 vel
1607 4245 1839 4302 arterias

245 4334 538 4407 appellant,
570 4338 975 4402 distribuendo,
1012 4348 1067 4393 et
1101 4337 1326 4408 cogitari
1357 4346 1412 4392 et
1441 4337 1665 4406 intelligi
1707 4352 1836 4407 pos-

246 4420 394 4483 sunt.
428 4426 502 4483 Ut
539 4430 683 4484 enim
723 4446 931 4486 summa
962 4430 1205 4485 Trinitas
1233 4429 1637 4507 universitatem
1671 4429 1835 4484 totius

187 4534 190 4535 ν
244 4527 562 4582 creaturae,
608 4535 772 4590 quam
826 4523 893 4577 de
934 4522 1104 4576 nihilo
1141 4520 1413 4585 condidit,
1460 4520 1834 4590 providentiae

245 4625 380 4665 suae
406 4611 605 4682 regulis
642 4607 816 4668 movet
843 4654 859 4679 ,
905 4614 1060 4682 regit,
1090 4612 1327 4675 ordinat,
1357 4620 1412 4667 et
1453 4611 1588 4665 nihil
1614 4612 1792 4681 perire
1813 4652 1829 4677 ,

243 4700 351 4757 hoc
397 4711 517 4768 est,
556 4703 773 4773 penitus
824 4704 892 4758 ad
931 4703 1156 4757 nihilum
1192 4703 1400 4767 redire,
1439 4716 1501 4761 ex
1544 4702 1660 4764 his,
1691 4716 1834 4772 quae

241 4792 507 4857 condidit,
540 4793 697 4875 sinit;
723 4795 797 4848 ita
818 4792 839 4824 ’
864 4805 1082 4849 nostrae
1106 4802 1331 4847 naturae
1369 4792 1583 4847 trinitas
1613 4792 1833 4891 univer—

246 4882 395 4937 sitati
430 4886 672 4953 corporis
695 4886 776 4939 sui
799 4886 1150 4954 omniumque
1180 4898 1435 4938 sensuum
1469 4880 1585 4951 ejus
1624 4880 1833 4939 inEolu-

246 4967 433 5030 ntitatl'
457 4975 499 5007 ¹⁰
529 4976 796 5047 providet,
846 4978 1126 5049 ipsmnuue
1155 4974 1391 5029 viviﬁcat
1448 4984 1503 5030 et
1549 4984 1747 5039 movet,
1780 4979 1865 5032 et‘

1944 1938 2181 1992 cundum
2221 1953 2419 2008 corpus
2447 1948 2503 1994 ct
2541 1942 2780 2004 animam
2828 1945 2988 1999 simul
3022 1956 3077 2000 et
3114 1947 3277 2001 semel
3320 1948 3372 2003 in
3415 1948 3535 2006 sola

1942 2028 2298 2098 possibilitate
2341 2032 2559 2087 condita
2617 2044 2744 2089 sunt
2769 2037 2832 2101 ιτ,
2863 2046 2918 2091 et
2952 2038 3006 2092 in
3042 2040 3156 2107 ipso
3185 2056 3372 2095 nantes
3399 2057 3531 2112 pec-

1940 2131 2223 2188 cavgrnnt,
2251 2124 2563 2195 priusquam
2585 2128 2635 2197 in
2656 2130 2902 2200 proprias
2928 2131 3260 2189 substantias
3280 2135 3536 2204 spiritua-

1940 2220 2085 2288 litcr,
2102 2223 2244 2279 sicut
2259 2217 2462 2293 angeli,
2485 2219 2781 2289 prodirent,
2814 2223 2915 2277 hoc
2936 2234 3040 2290 est,
3055 2222 3345 2294 antequam
3368 2242 3535 2282 unus-

1936 2314 2169 2385 quisque
2193 2315 2490 2371 seeundum
2520 2310 2820 2387 angelicam
2844 2313 3340 2382 multiplicationem
3358 2316 3410 2370 in
3432 2329 3538 2372 sua

1940 2403 2177 2460 discreta
2226 2404 2530 2462 dill‘crentia
2572 2407 2626 2461 in
2664 2409 2844 2462 anima
2880 2403 3135 2464 rationali
3176 2413 3231 2460 el
3265 2405 3537 2475 spirituali

1940 2514 2170 2568 corpore
2219 2511 2508 2571 appareret
2546 2518 2560 2567 ;
2610 2502 2753 2571 quod
2799 2503 3049 2559 videlicet
3091 2515 3289 2575 emptis
3350 2500 3539 2557 incor-

1942 2590 2195 2660 rupnbiIe
2216 2592 2565 2648 aeternaliter
2585 2602 2640 2647 et
2666 2595 3310 2651 coaeternaliteranimae
3332 2597 3535 2651 adhae-

1944 2690 2109 2745 reret,
2138 2682 2182 2737 si
2210 2697 2314 2738 non
2341 2693 2612 2752 peccaret,
2639 2684 2693 2737 in
2718 2700 2825 2754 quo
2853 2700 3044 2741 omnes
3075 2686 3322 2741 homines
3345 2701 3535 2742 resur-

1944 2772 2146 2827 recturi
2203 2782 2329 2828 sunt
2355 2804 2425 2813 —
2462 2774 2531 2828 ab
2563 2775 2743 2830 anima
2780 2776 2950 2829 creari
2978 2775 3198 2831 dixisse.
3228 2775 3359 2830 Illud
3384 2777 3533 2832 enim

1943 2862 2013 2916 ab
2035 2876 2142 2916 uno
2162 2862 2405 2916 omnium
2418 2863 2677 2919 Creatore
2704 2864 3012 2921 immediate
3035 2866 3193 2921 simul
3220 2882 3342 2921 cum
3368 2866 3536 2924 ratio-

1943 2956 2049 3010 nali
2072 2957 2250 3011 anima
2272 2957 2324 3011 in
2346 2956 2566 3013 caelesti
2590 2958 2943 3023 beatitudine,
2970 2959 3136 3014 immo
3155 2959 3221 3015 ad
3242 2959 3534 3016 caelestem

1943 3048 2325 3105 beatitudinem
2354 3050 2787 3107 substantialiter
2816 3051 3095 3106 conditum
3126 3061 3241 3117 est;
3276 3052 3537 3108 substan-

1945 3140 2143 3195 tialiter
2163 3150 2343 3195 autem
2390 3142 2544 3207 dico,
2590 3143 2717 3212 quia
2765 3142 3191 3214 uniuscujusque
3246 3153 3535 3199 creaturae

1940 3246 2065 3285 vera
2110 3239 2196 3285 est
2243 3233 2546 3288 substantia
2606 3250 2700 3289 sua
2752 3234 2806 3287 in
2862 3234 3303 3303 primordialibus
3352 3237 3536 3292 causis

1939 3324 2311 3395 praecognita,
2364 3323 2826 3393 praeconditaque
2856 3325 2899 3357 ¹⁸
2926 3326 3084 3389 ratio,
3113 3341 3218 3395 qua
3266 3327 3408 3382 Deus
3433 3327 3536 3383 de‘

1940 3414 2131 3481 linivit,
2158 3415 2237 3471 sic
2268 3426 2323 3470 et
2351 3432 2453 3470 non
2485 3415 2643 3469 aliter
2669 3416 2790 3470 erit.
2816 3415 2895 3470 Ad
2919 3415 3207 3473 caelestem
3236 3417 3278 3448 ¹⁹
3301 3417 3536 3476 ιιθτιιίιιιτ

1941 3507 2120 3562 dinem
2149 3523 2362 3577 quoque
2392 3508 2502 3561 dixi
2530 3524 2544 3573 ;
2578 3523 2682 3562 non
2709 3508 2852 3563 enim
2885 3508 3059 3574 video,
3085 3509 3355 3578 quomodo
3371 3510 3534 3567 homo

1941 3598 2328 3655 beatitudinem
2353 3600 2626 3668 perderet,
2653 3599 2843 3655 sicam
2868 3615 2926 3654 re
2956 3601 3070 3672 ipsa
3091 3601 3248 3672 plene
3269 3602 3537 3672 perfecte-

1942 3704 2046 3759 que
2073 3700 2331 3762 gustaret.
2361 3690 2517 3770 Prius
2541 3692 2708 3755 enim,
2740 3701 2800 3747 ut
2825 3695 3091 3759 arbitror,
3122 3696 3189 3750 ad
3226 3710 3285 3751 se
3330 3686 3553 3767 ipsum,-

1943 3798 2104 3852 quam
2131 3786 2197 3838 ad
2225 3783 2392 3838 Deum
2418 3800 2710 3840 conversus
2740 3795 2853 3851 est,
2886 3796 3049 3856 atque
3074 3788 3119 3819 ὀ
3162 3788 3283 3844 ideo
3324 3789 3532 3859 lapsus.

1943 3870 2059 3926 Hoc
2084 3888 2211 3927 vero
2236 3888 2432 3942 corpus
2452 3874 2803 3945 corruptibile
2851 3891 2916 3929 ac
2948 3876 3228 3932 materiale
3250 3919 3264 3943 ,
3296 3879 3440 3948 quod
3461 3894 3536 3937 ex

1944 3964 2072 4020 limo
2102 3974 2280 4020 terrae
2308 3973 2645 4034 assumptum
2684 3975 2785 4029 est,
2819 3974 2878 4020 nt
2912 3968 3161 4038 superius
3192 3969 3429 4024 diximus
3487 3971 3532 4036 ⁸,

1945 4064 2065 4126 post
2119 4064 2400 4125 peccatum
2430 4054 2627 4109 merito
2667 4054 2872 4124 peccari
2916 4055 2984 4108 ad
3025 4057 3432 4112 cxereitandam
3473 4058 3531 4114 in

1943 4163 2009 4204 eo
2058 4148 2415 4219 negligentem
2465 4147 2702 4240 anima\m
2751 4131 2879 4217 erga
2923 4149 3297 4204 mandatorum
3341 4159 3530 4206 custo-

1941 4241 2116 4305 diam,
2176 4244 2412 4309 suasquei
2472 4236 2715 4320 occultas
2767 4243 3113 4319 operationes
3168 4243 3531 4312 revelandas,

1941 4334 2104 4389 veluti
2184 4320 2413 4403 quadam
2486 4333 2703 4402 propria
2779 4335 2993 4389 actione
3062 4335 3107 4366 ²⁹
3189 4335 3402 4390 animae
3472 4346 3532 4392 et

1940 4432 2187 4480 creatum
2236 4412 2402 4477 fuisse
2448 4429 2503 4476 et
2552 4422 2793 4491 quotidie
2843 4424 3039 4488 creari,
3093 4424 3363 4480 aﬂirmare
3417 4442 3530 4483 non

1942 4514 2170 4569 haesito.
2210 4512 2551 4607 Quod‘enim
2603 4514 2883 4583 Scriptura
2935 4530 3092 4572 sacra
3133 4516 3301 4571 Deum
3355 4516 3531 4574 lutum

1937 4607 2005 4663 de
2047 4616 2190 4661 terra
2232 4606 2570 4677 sumpsisse,
2616 4606 2792 4677 deque
2828 4616 2905 4662 eo’
2931 4622 3128 4679 corpus
3167 4608 3374 4664 homini
3413 4608 3529 4665 for-

1938 4715 2116 4755 masse
2168 4699 2474 4769 perhibent,
2523 4715 2629 4754 non
2694 4708 2745 4755 te
2797 4715 3017 4757 movere
3059 4702 3237 4757 debet.
3284 4701 3419 4758 Nam
3471 4711 3532 4761 et

1938 4792 2081 4847 actio
2126 4800 2411 4846 creaturae
2443 4792 2511 4846 ad
2535 4805 2703 4856 eum,
2751 4807 2820 4846 ex
2875 4808 2983 4861 quo
3036 4793 3214 4849 omnis
3264 4794 3534 4856 naturalis.

1938 4884 2079 4938 actio
2138 4882 2363 4952 incipit,
2430 4897 2535 4937 non
2594 4874 2867 4937 immeriti)
2931 4871 3184 4939 relertur.
3246 4884 3526 4955 Siquiden.

1940 4987 1996 5032 et
2030 4977 2083 5031 in
2109 4975 2435 5031 caelestibus
2469 4975 2724 5032 essentiis
2750 4993 2779 5030 a
2798 4976 2973 5047 primo
2998 4979 3211 5044 ordine,
3242 4978 3334 5049 qui
3360 4977 3405 5009 ⁸³
3423 4978 3525 5033 im-

1538 5151 1793 5207 \‘ARIAE
1835 5149 2239 5207 LECTIONES.
2459 5134 2509 5162 "
2876 5233 2883 5236 φ
3293 5218 3321 5238 Ἰ

313 5290 340 5328 ί
366 5289 705 5357 Cherbaqne.
781 5289 802 5320 ²
834 5288 886 5341 in
913 5301 1021 5341 om.
1054 5285 1116 5342 C.
1195 5286 1216 5317 ³
1239 5285 1279 5341 C
1303 5286 1523 5355 quintus
1550 5286 1721 5340 adhuc
1745 5287 1819 5340 in.
1896 5285 1918 5316 ⁸
1949 5285 1993 5339 Α
2022 5285 2125 5340 Ex.
2190 5286 2224 5357 7‘
2255 5286 2300 5339 A
2322 5286 2595 5356 aspicitur.
2672 5286 2694 5317 ‘
2721 5286 2854 5340 Aest
2879 5287 3115 5341 condita.
3175 5287 3212 5330 ι’
3234 5285 3277 5339 Α
3302 5285 3525 5357 colligit,

244 5364 345 5416 hoc
372 5371 447 5415 est
474 5372 529 5413 ut
559 5356 736 5413 eodem
757 5358 992 5425 exemplo
1021 5369 1254 5421 utantur,
1279 5358 1555 5411 essentiam
1578 5358 1630 5411 in
1666 5373 1874 5427 genera,
1903 5373 2064 5427 genus
2092 5359 2145 5410 in
2170 5356 2388 5427 formas,
2418 5356 2638 5424 formam
2683 5358 2738 5411 in
2770 5357 3039 5410 individua
3074 5358 3310 5425 gnostica
3341 5356 3527 5426 apera-

243 5436 389 5486 tione
422 5430 752 5493 discernens,
788 5438 878 5498 aut
908 5427 1265 5498 multipliciter
1294 5428 1501 5494 dividit,
1538 5428 1773 5497 singulas
1808 5426 2124 5497 cognitiones
2146 5426 2365 5496 singulis
2404 5428 2573 5489 rebus,
2610 5443 2833 5497 quarum
2877 5427 3191 5497 cognitiones
3219 5436 3371 5489 sunt,
3409 5428 3523 5482 dis-

246 5502 504 5566 tribuens,
555 5499 695 5553 velbi
719 5497 1127 5569 gratia,ggenera
1152 5499 1206 5551 in
1239 5499 1483 5569 essentia,
1514 5497 1713 5569 [orntus
1746 5498 1801 5551 in
1840 5514 2046 5569 genere,
2085 5514 2325 5569 numeros
2359 5497 2750 5569 indiijidugorum
2779 5499 2853 5569 Ain
2894 5498 3064 5564 [arma
3109 5497 3356 5569 scientiae
3401 5509 3523 5551 actu

245 5586 413 5628 unum
446 5572 594 5641 faciti.
695 5566 787 5622 ’Ἀ
810 5567 1022 5641 ritalem
1049 5568 1261 5641 modum
1297 5566 1546 5637 (formam
1576 5568 1734 5638 om.).
1811 5570 1830 5600 ’
1864 5566 1969 5641 _Pro
1998 5566 2072 5641 ita
2103 5567 2143 5622 C
2171 5569 2268 5620 hoc
2294 5578 2389 5641 est.
2482 5567 2529 5641 ff
2569 5567 2610 5622 C
2644 5566 3025 5641 incolumitate.
3089 5567 3149 5641 _‘_‘
3184 5583 3256 5641 ex
3294 5581 3404 5641 om.
3453 5572 3521 5621 A.

250 5643 296 5679 “
326 5635 468 5697 Ᾱαᾶ
497 5642 729 5696 animae.
807 5637 850 5669 ¹³
881 5639 1172 5707 spiritualis
1223 5635 1343 5692 ante
1389 5649 1659 5708 peccatum
1698 5635 1816 5692 'om.
1850 5637 1915 5691 Α.
2019 5637 2061 5667 ιδ
2088 5648 2134 5690 et
2166 5653 2272 5691 om.
2320 5638 2380 5693 C.
2479 5638 2525 5668 ¹⁸
2569 5639 2725 5692 enim.
2782 5653 2892 5692 οιιι.
2945 5637 3005 5691 C.
3086 5635 3210 5708 "pA
3254 5638 3520 5692 aestimes.

251 5715 295 5746 ⁸⁷
327 5714 542 5770 condita
568 5721 687 5767 sum
725 5725 833 5766 om.
862 5706 924 5764 C.
1003 5709 1046 5739 ³⁸
1088 5708 1134 5762 Α
1172 5706 1504 5779 conditaque.
1583 5708 1625 5741 ¹⁹
1654 5709 1923 5764 caelestem
1954 5722 2061 5764 om.
2096 5708 2159 5762 A.
2216 5708 2280 5769 _'°
2331 5710 2375 5763 Α
2417 5724 2501 5762 ac.
2578 5709 2622 5749 ἰ
2667 5718 2719 5761 ut
2768 5708 3006 5779 supeiins
3049 5706 3279 5763 diximus
3308 5720 3418 5764 ora.
3449 5708 3521 5764 Α.

325 5785 369 5838 Δ
408 5783 726 5854 operatione.
800 5779 845 5811 ”
872 5780 913 5833 Δ
941 5780 1101 5850 quod.
1397 5772 1408 5779 ⁷
2832 5772 2841 5777 -
2890 5772 2972 5807 ,4-

3004 5912 3047 5938 ε
