4064 6292
549 337 657 404 £83

1889 344 2171 405 JOANNIS
2213 342 2407 401 SCOTI

3713 351 3823 411 584

550 460 789 518 mediate
830 466 950 529 post
1001 459 1168 514 Deum
1203 458 1425 530 incipit,
1491 473 1662 531 usque
1696 458 1765 515 ad
1827 470 2133 515 extremum
2163 465 2208 528 Α
2242 466 2348 514 tem
2401 458 2671 531 leguntur,
2737 462 3076 533 apertissime
3119 465 3342 533 referri,
3418 466 3544 522 audi
3588 468 3825 526 eandem

550 555 817 626 gradatim
841 555 1309 622 descendentibus,
1338 557 1699 628 quodcunque
1726 557 1861 612 ordo
1880 555 2130 627 superior

550 647 605 701 in
633 643 874 700 inferiori
912 661 970 700 se
998 644 1188 701 ordine
1214 646 1433 715 propria
1459 646 1693 716 quadam
1720 646 1930 701 actione
1956 645 2128 699 admi-

544 732 858 791 nistraverit
911 744 1074 805 atque
1109 735 1419 806 perfecerit,
1458 739 1561 793 boc
1609 746 1780 792 totum
1806 738 1874 791 ad
1907 746 2048 799 eum,
2088 752 2119 792 a

544 840 655 896 quo
689 826 869 881 omnis
917 827 1183 882 naturalis
1232 836 1412 883 motus
1461 828 1698 893 incboat,
1756 828 2125 898 naturalisque

540 917 686 972 actio
709 933 737 971 a
772 932 987 973 summo
1029 933 1203 989 usque
1258 921 1507 975 deorsum
1536 921 1833 987 descendit,
1867 919 2131 975 refertur.‘

538 1007 657 1077 ipsa
678 1009 823 1064 enim
852 1025 1017 1066 causa
1040 1012 1302 1080 omnium,
1329 1014 1576 1084 quamvis
1602 1028 1708 1069 non
1740 1028 1839 1084 per
1860 1014 2119 1084 soipsam,

536 1099 794 1168 quoniam
852 1101 1205 1158 immutabilis
1259 1116 1362 1166 est,
1412 1104 1507 1160 sed
1542 1104 1973 1176 per~subditam
2018 1105 2121 1162 sibi

535 1192 1273 1248 creaturamuniversitatem
1299 1193 1465 1249 totius
1486 1203 1709 1249 naturae
1734 1210 1763 1249 a
1788 1208 1848 1249 se
1869 1196 2121 1253 conditae

534 1288 700 1346 creet,
740 1292 973 1348 moveat,
1028 1283 1322 1354 gubernet;
1362 1294 1476 1341 tota
1520 1295 1700 1342 tamen
1749 1288 1961 1342 divinae
1994 1303 2120 1358 pro-

533 1370 806 1426 videntiae
835 1372 1167 1441 dispensatio
1197 1374 1249 1428 in
1279 1390 1399 1430 eam
1434 1374 1762 1442 refunditur,
1800 1378 1924 1447 quia
1956 1394 2117 1435 causa

529 1463 772 1517 omnium
798 1473 901 1519 est.
938 1465 1077 1532 Quid
1105 1467 1281 1523 dicam
1304 1469 1369 1524 de
1397 1469 1681 1525 ordinibus
1737 1469 2014 1526 Ecclesiae
2062 1472 2116 1526 in

528 1550 635 1608 bac
661 1553 840 1608 adlmc
884 1556 1099 1610 mortali
1126 1557 1233 1611 vita
1266 1560 1617 1623 constitutae,
1661 1560 1859 1631 quibus
1901 1562 2115 1631 episco-

528 1659 720 1714 porum
736 1644 869 1700 ordo
890 1646 1221 1716 praefertur?
1256 1646 1507 1719 Nunquid
1528 1665 1708 1713 omne.
1739 1651 1882 1721 quod
1903 1660 2117 1708 ceterae

529 1735 926 1806 dispositiones,
960 1753 1100 1807 quae
1145 1739 1479 1811 posteriores
1528 1750 1688 1809 sunt,
1722 1742 1775 1796 in
1808 1742 2115 1797 distributis

2237 546 2577 618 Scripturam
2599 550 2868 608 dicentem
2897 544 2917 608 τ’
2946 554 3093 609 Ferit
3125 573 3327 629 quoque
3364 557 3627 612 Dominus
3677 560 3823 615 Deus

2230 641 2376 697 Adae
2396 646 2622 698 etuxori
2674 662 2802 700 suae
2840 648 3048 702 tunicas
3083 648 3352 719 pelliceas,
3400 659 3449 705 ct
3480 650 3652 706 induit
3698 665 3809 705 eos.

2231 731 2330 789 Ubi
2359 749 2466 789 non
2518 736 2813 808 incongrue
2841 737 3213 809 intelligimus,
3264 756 3370 795 non
3420 740 3565 795 aliud
3596 756 3694 810 per
3732 749 3827 798 ln-

2234 823 2386 878 nicas
2437 824 2693 894 pelliceas
2760 826 3073 897 signiﬁcari,
3125 838 3339 900 praeter
3391 829 3413 861 ⁸
3456 835 3819 907 «spicarum-tr,

2226 916 2474 972 mortalia
2506 918 2753 973 videlicet
2796 916 2819 950 '
2846 934 3090 991 corpora,
3133 916 3273 991 quae
3314 922 3418 977 sibi
3455 922 3601 993 justo
3623 925 3823 980 condi-

2229 1007 2362 1061 toris
2380 1006 2590 1075 judicio
2616 1008 2661 1039 ⁸⁸
2681 1009 3023 1079 permittente
3045 1011 3203 1080 primi
3231 1012 3478 1067 homines
3492 1022 3615 1083 post
3637 1023 3826 1069 trans-

2224 1099 2558 1168 gressionem
2589 1099 2786 1156 fecere.
2831 1101 2899 1156 Et
2931 1118 3058 1156 num
3106 1103 3201 1158 tibi
3237 1102 3450 1158 videtur
3491 1104 3819 1159 credibilius

2220 1189 2525 1245 ducendum
2579 1192 2644 1255 ι’,
2687 1193 2967 1247 mortalem
3034 1193 3307 1248 hominem
3371 1194 3648 1249 mortalem
3710 1194 3824 1249 sibi

2219 1293 2439 1334 carnem
2466 1279 2680 1344 fecisse,
2709 1297 2871 1351 quam
2895 1282 3136 1352 "'ipsum
3167 1280 3335 1337 Deum
3353 1298 3452 1353 per
3479 1297 3537 1338 se
3557 1298 3778 1339 creasse
3796 1320 3817 1347 ,

2219 1372 2314 1429 sed
2363 1382 2571 1428 tantum
2621 1373 2939 1445 permisisse
2992 1386 3046 1428 et
3072 1375 3456 1430 admonuisse?
3495 1376 3636 1430 Deus
3660 1376 3820 1431 enim

2220 1462 2541 1517 immortalis
2560 1472 2663 1530 est,
2693 1472 2748 1518 et
2777 1464 3135 1534 quodcunque
3185 1479 3284 1535 per
3331 1479 3396 1520 se
3441 1465 3614 1535 ipsum
3654 1463 3820 1528 facit,

2219 1551 2637 1607 immortaleest.
2669 1552 2841 1608 Omne
2869 1553 3137 1623 siquidem
3168 1553 3419 1618 mortale,
3450 1555 3823 1623 quodcunque

2219 1640 2272 1696 in
2328 1645 2427 1699 boc
2455 1644 2694 1698 sensibili
2747 1645 2946 1698 mundo
2974 1659 3094 1700 esse
3146 1645 3378 1710 videtur,
3409 1644 3703 1716 etii-agile,
3752 1656 3818 1701 et

2221 1734 2616 1801 transitorium,
2647 1742 2741 1789 aut
2766 1750 2863 1791 nos
2891 1734 2989 1804 ipsi
3038 1733 3266 1789 facimus
3287 1736 3487 1790 nostris
3520 1736 3790 1790 irrationa

524 1825 625 1880 sibi
656 1826 846 1883 officiis
866 1830 1196 1900 peregerint,
1221 1831 1288 1886 ad
1313 1847 1435 1887 eum
1464 1832 1479 1863 ι
1536 1833 1833 1901 reducitur,
1862 1826 2107 1905 quoniam

2222 1825 2417 1880 bilibus
2469 1828 2702 1880 motibus
2741 1834 3010 1891 errantes,
3040 1834 3136 1879 aut
3161 1836 3380 1896 propter
3403 1824 3655 1880 delictum
3707 1840 3822 1880 no-

524 1917 595 1972 ab
653 1933 719 1974 eo
763 1920 966 1991 posteri
997 1922 1235 1988 ordines,
1290 1937 1430 1991 quae
1475 1923 1575 1978 sibi
1603 1927 1904 1995 peragenda
1959 1936 2106 1992 sunt,

527 2009 840 2081 accipiunt?
865 2010 949 2067 Ab
999 2027 1065 2067 eo
1097 2013 1364 2082 siquidem
1400 2013 1610 2086 singula
1639 2016 1864 2086 singulis
1898 2014 2115 2088 symbo4

521 2101 625 2156 lica
680 2096 978 2159 ministeria
1024 2104 1463 2172 distribuuntur,
1534 2107 1807 2177 totiusque
1847 2109 2108 2164 ecclesiae

526 2193 823 2264 spiritualis
873 2195 1120 2265 operatio
1167 2208 1265 2264 per
1321 2196 1497 2266 ipsum
1551 2195 1789 2252 refertur
1843 2197 1896 2252 in
1935 2198 2105 2268 ipsam

520 2298 761 2349 causam,
786 2285 955 2338 Deum
979 2285 1124 2351 dico,
1146 2285 1389 2339 omnium
1415 2285 1679 2340 bonarum
1728 2286 2108 2358 mysticorum-

521 2390 627 2442 que
660 2376 953 2431 actionum.
982 2375 1092 2431 Cur
1118 2390 1248 2446 ergo
1276 2377 1495 2443 mirum,
1530 2379 1575 2433 si
1606 2378 1816 2448 primus
1845 2381 2011 2436 bomo
2037 2380 2104 2436 ad

522 2467 814 2537 imaginem
864 2465 960 2522 Dei
1018 2468 1302 2534 conditus,
1357 2469 1706 2539 divinumque
1757 2479 2102 2541 praeceptum

521 2565 914 2628 transgressus,
967 2572 1032 2612 ac
1077 2571 1179 2627 per
1215 2557 1318 2613 boc
1362 2558 1431 2613 de
1481 2559 1819 2616 beatitudine
1868 2560 2101 2631 paradisi

519 2649 800 2720 expulsus,
828 2648 1019 2719 fragile
1050 2659 1212 2719 atque
1240 2650 1470 2707 mortale
1510 2652 1579 2706 de
1612 2651 1725 2709 luto
1768 2661 1947 2708 terrae
1974 2654 2104 2709 sibi-

519 2753 634 2798 met
664 2728 1026 2798 babitaculum
1077 2751 1314 2810 crearet,
1342 2744 1524 2798 divina
1552 2744 1892 2815 providentia
1917 2745 2104 2800 admo-

516 2835 686 2900 nitus,
715 2842 795 2901 ut,
819 2834 946 2906 quia
989 2834 1224 2891 caeleste
1253 2850 1452 2905 corpus
1474 2850 1538 2892 ac
1566 2834 1850 2906 spirituale
1878 2837 1947 2892 ab
1986 2836 2103 2906 ipso

516 2926 629 2983 Deo
670 2927 944 2983 conditum
971 2926 1251 2998 possidere
1298 2936 1355 2983 et
1381 2926 1657 2983 custodire
1697 2928 1962 2998 superbus
2002 2940 2101 2981 ne-

516 3020 781 3090 glexerat,
819 3035 1117 3091 congruum
1144 3019 1247 3075 sibi
1293 3034 1423 3075 suae
1469 3020 1867 3076 inobedientiae
1905 3020 2102 3075 merito

514 3111 747 3167 mortale
799 3111 1114 3181 hospitium,
1168 3126 1237 3166 ex
1285 3112 1767 3169 terrenaimateria
1803 3121 2097 3183 sumptum,

2215 1924 2385 1970 strum
2414 1917 2481 1971 ad
2524 1932 2677 1971 usum
2706 1915 2950 1970 mortalis
2976 1917 3117 1971 vitae
3144 1925 3361 1972 nostrae
3396 1924 3453 1971 et
3500 1916 3821 1985 exemplum

2213 2008 2329 2062 fieri
2349 2006 2563 2072 sinitur,
2594 2007 2708 2061 sive
2737 2006 2894 2062 bonis
2918 2005 3206 2061 virtutibus
3231 2005 3731 2062 administrantibus
3751 2012 3825 2062 et

2210 2100 2617 2170 perlicientibus
2651 2100 2720 2166 ⁸³,
2753 2100 2868 2155 sive
2921 2098 3077 2155 malis
3131 2099 3364 2153 naturali
3390 2100 3588 2160 cursui,
3627 2112 3699 2153 ne
3736 2096 3820 2154 ad

2209 2196 2366 2249 stium
2399 2195 2560 2249 finem
2592 2195 2894 2263 perveniat,
2925 2192 3090 2248 certis
3111 2193 3299 2263 spatiis
3320 2193 3669 2247 constitutum
3701 2189 3817 2244 im-

2208 2287 2564 2356 pedientibus.
2626 2286 2854 2341 Vitalem
2914 2300 3146 2354 namque
3175 2294 3382 2339 motum
3409 2284 3463 2338 in
3495 2282 3821 2338 seminibus

2209 2392 2390 2450 agere,
2424 2386 2484 2433 ut
2531 2393 2630 2448 per
2652 2378 3057 2447 generationem
3092 2378 3144 2432 in
3173 2376 3375 2432 formas
3400 2375 3635 2431 visibiles
3665 2389 3813 2443 pro-

2208 2471 2423 2535 cedant,
2447 2470 2626 2525 nnllus
2663 2479 2809 2526 recte
2837 2469 3330 2540 philosophantium
3357 2468 3401 2500 ”
3441 2466 3681 2531 dubitat;
3704 2465 3817 2522 sed

2209 2561 2325 2632 ipse
2362 2561 2543 2618 vitalis
2570 2571 2750 2618 motus
2776 2579 2879 2618 non
2906 2576 3124 2632 semper
3163 2561 3466 2631 aequaliter
3490 2560 3540 2615 in
3564 2560 3811 2630 singulis

2206 2654 2495 2726 generibus
2543 2655 2773 2711 actionis
2823 2669 2954 2710 suae
3002 2654 3257 2709 virtutem
3309 2651 3639 2716 manifestat,
3676 2650 3811 2707 sive

2206 2756 2428 2817 propter
2473 2748 2739 2818 quaedam
2792 2747 3116 2812 accidentia,
3145 2760 3286 2816 quae
3351 2743 3644 2800 seminibus
3689 2759 3815 2799 non

2206 2838 2554 2903 conveniunt,
2584 2847 2639 2893 et
2660 2853 2726 2893 ex
2766 2838 3064 2894 contrariis
3105 2837 3462 2908 qualitatibus
3485 2844 3813 2902 nascuntur,

2205 2931 2321 2986 sive
2344 2939 2565 3001 propter
2587 2931 2861 2994 adversas,
2902 2940 2964 2985 ut
2990 2930 3244 2993 diximus,
3268 2928 3517 2992 virtutes,
3544 2942 3681 2998 quae
3703 2942 3820 2981 na-

2205 3022 2363 3077 turali
2391 3022 2557 3077 motui
2594 3030 2913 3093 repugnant.
2956 3022 3034 3077 De
3063 3021 3258 3092 quibus
3288 3029 3443 3077 nunc‘
3456 3020 3723 3075 disserere
3750 3026 3819 3077 et

2206 3114 2423 3187 longum
2453 3123 2609 3170 estet
2635 3113 2980 3184 superfluum,
3008 3115 3132 3183 quia
3163 3112 3348 3169 multis
3370 3113 3704 3183 disputatum
3733 3111 3812 3166 ³⁸.

513 3202 830 3258 humiliatus
874 3202 1099 3269 iaceret,
1161 3204 1214 3258 in
1261 3218 1370 3275 quo
1420 3205 1642 3274 punitus
1675 3182 1998 3274 poeniterét,
2046 3213 2101 3260 et
2128 3182 2175 3247 θ
2210 3182 2325 3265 Sed
2350 3208 2597 3264 fortassis
2621 3182 2744 3279 quis
2770 3208 2937 3275 dicet,
2966 3182 3094 3262 illud
3120 3207 3355 3278 primum
3389 3182 3588 3277 corpus
3619 3205 3817 3260 incor~

514 3294 844 3350 exercitatus
893 3295 963 3349 ad
995 3294 1293 3365 pristinam
1344 3296 1661 3368 dignitatem
1715 3304 1945 3351 naturae
1974 3312 2104 3353 suae

515 3384 964 3475 redite‘seipsutn
1007 3388 1444 3475 recogposcendo
1488 3398 1546 3445 et
1580 3388 1911 3447 bumiliando
1954 3399 2106 3462 pete-

519 3475 640 3529 ret?
667 3473 779 3530 Nec
804 3476 869 3532 de
892 3476 996 3533 boc
1022 3473 1308 3547 Scriptura
1347 3486 1509 3534 tacet.

504 3642 511 3648 Α
584 3568 678 3623 ‘26.
712 3568 847 3624 Nam
884 3579 1007 3641 post
1041 3571 1556 3641 praevaricationem
1583 3580 1839 3629 continuo
1882 3573 1948 3629 de
1975 3575 2104 3629 sim-

515 3660 644 3734 plici
675 3662 906 3717 bumana
934 3673 1128 3719 natura
1169 3673 1295 3720 ante
1334 3675 1637 3738 peceatum,
1666 3667 1719 3722 in
1764 3669 1786 3699 ³
1834 3667 2101 3740 duplicem

516 3770 705 3811 sexum
720 3757 888 3812 divisa
904 3764 1025 3827 post
1038 3773 1222 3813 casum
1233 3760 1341 3825 ,.ait
1357 3776 1371 3814 :
1391 3760 1455 3814 Et
1472 3771 1787 3816 consuerunt
1808 3761 1935 3831 [alia
1946 3763 2099 3832 ﬁcus,

513 3858 563 3904 et
589 3849 938 3920 fecerunt‘sibi
958 3854 1311 3931 περιζώματα,
1342 3862 1527 3924 aperte
1551 3853 1830 3909 insinuans
1850 3852 2103 3910 foliorum

516 3940 764 4012 symbolo
813 3939 1062 4013 fragilem
1132 3952 1295 4015 atque
1338 3944 1608 4000 caducam
1646 3945 1892 4000 mortalis
1940 3944 2102 4015 bujus

514 4032 1171 4104 corporis'conditionem,
1196 4051 1360 4106 quam
1389 4036 1490 4092 sibi
1517 4037 1677 4092 homo
1715 4044 1837 4108 post
1875 4036 1957 4091 sui
1988 4035 2101 4091 rui-

516 4141 644 4180 nam
668 4134 898 4180 texerat.
926 4124 1119 4183 Nostra
1146 4127 1414 4198 siquidem
1451 4128 1700 4182 mortalia
1724 4142 1951 4198 corpora
1980 4127 2102 4183 latis

513 4217 604 4273 fici
649 4216 791 4273 foliis
820 4217 1095 4273 simillima
1121 4227 1266 4273 sunt.
1311 4217 1929 4288 Nam-quemadmodum
1974 4216 2100 4270 folia

513 4308 605 4363 illa
634 4309 879 4365 umbram
906 4308 1130 4374 faciunt,
1176 4308 1356 4364 radios
1393 4308 1525 4364 solis
1575 4308 1859 4362 recludunt
1906 4307 1966 4373 ³;
2022 4307 2102 4363 sic

513 4408 701 4454 nostra
742 4414 973 4469 corpora
1013 4406 1069 4453 et
1116 4400 1371 4454 tenebras
1431 4398 1768 4470 ignorantiae
1818 4399 2102 4453 animabus

514 4488 718 4544 nostris
745 4488 768 4519 ⁸
812 4489 1100 4560 ingerunt,
1146 4500 1202 4544 et
1254 4489 1497 4543 veritatis
1520 4489 1882 4559 cognitionem
1925 4490 2100 4559 repel-

512 4581 653 4636 l'unt.
680 4581 835 4649 Quae
857 4589 1036 4635 tamen
1062 4579 1188 4637 folia
1210 4589 1418 4649 nostra,
1445 4589 1659 4637 terrena
1687 4596 1916 4651 corpora
1953 4581 2097 4646 dico,

513 4681 858 4728 terrenarum
882 4671 1395 4741 mortiferarnmque
1420 4671 1736 4727 deliciarum
1760 4671 2099 4728 dulcedinem

510 4762 667 4833 quasi
713 4763 982 4833 quendam
1027 4760 1261 4818 fructum
1293 4763 1315 4795 ⁸
1340 4763 1574 4833 undique
1603 4763 1806 4819 vallare
1832 4772 1888 4820 et
1912 4763 2106 4820 obum-

511 4855 695 4920 brare,
718 4855 881 4925 inque
905 4856 986 4910 eis
1007 4870 1106 4910 nos
1128 4856 1345 4912 allicere
1365 4870 1429 4910 ac
1455 4854 1641 4911 fallere
1667 4855 1688 4886 ⁸
1719 4864 2099 4912 consuescunt.

511 4946 655 5002 Etut
679 4962 997 5017 cognoscas,
1029 4947 1273 5003 mortalis
1296 4948 1465 5004 nostri
1494 4948 1737 5019 corporis
1764 4948 2097 5003 creationem

511 5040 583 5095 ad
628 5053 773 5103 eum,
811 5037 965 5108 cujus
1005 5039 1231 5095 consilio
1261 5047 1381 5095 acta
1404 5048 1549 5104 sunt,
1581 5054 1939 5110 quaecunque
1966 5053 2095 5106 erga

510 5144 754 5194 nostram
793 5135 1236 5190 exercitationem
1282 5142 1338 5189 et
1379 5134 1777 5189 revocationcm
1807 5134 1827 5163 "
1858 5141 1913 5186 et
1951 5130 2097 5185 salu-

2131 4544 2179 4602 D

2208 3300 2487 3370 rnptibile,
2533 3300 2676 3370 quod
2709 3300 2946 3364 animae,
3009 3299 3056 3354 si
3090 3315 3195 3353 non
3225 3307 3497 3369 peccaret,
3542 3297 3816 3353 adhaere-

2205 3401 2311 3457 ret,
2341 3390 2431 3445 ubi
2482 3405 2626 3445 nunc
2672 3392 2797 3445 est?
2846 3390 3032 3445 Perire
3078 3390 3223 3445 enim
3261 3388 3666 3460 incorruptibile
3693 3406 3815 3445 non

2204 3487 2398 3552 potest.
2430 3478 2565 3535 lluic
2586 3478 2825 3535 breviter
2864 3480 3319 3551 reSpondendum,
3350 3479 3404 3533 in
3446 3479 3674 3533 secretis
3703 3478 3816 3532 bu-

2207 3584 2401 3626 manae
2448 3578 2675 3625 naturae
2698 3569 2904 3625 sinibus
2950 3570 2994 3603 ¹⁶
3017 3570 3195 3627 adhuc
3222 3570 3383 3635 latet,
3432 3570 3485 3625 in
3508 3568 3813 3624 futuroau-

2206 3669 2315 3718 tem
2342 3660 2523 3716 seculo
2546 3661 2847 3732 apparebit,
2873 3662 3082 3732 quando
3104 3660 3323 3715 mortale
3342 3661 3440 3715 hoc
3462 3661 3517 3714 in
3540 3661 3674 3714 illud
3689 3677 3815 3714 mn-

2207 3756 2427 3821 tabitur,
2464 3766 2513 3810 et
2559 3754 2896 3825 corruptibilc
2940 3754 3303 3809 ltocinduetur
3330 3753 3806 3824 incorruptionem.

2206 3848 2350 3904 Audi
2398 3846 2714 3917 Apostolum
2741 3864 2754 3900 :
2786 3846 3090 3903 Seminntur
3116 3830 3302 3916 corpus
3327 3842 3578 3908 animale,
3626 3852 3811 3912 surget

2205 3959 2392 4012 corpus
2417 3939 2724 4011 spirituale;
2760 3939 3051 3995 seminatur
3093 3939 3147 3992 in
3186 3935 3515 4007 inﬁrmitate,
3540 3944 3719 4005 surget
3748 3935 3809 3989 in

2205 4036 2425 4100 virtute;
2476 4033 2768 4088 seminatur
2816 4034 2871 4087 in
2905 4030 3245 4094 contumelia,
3303 4037 3480 4100 surget
3528 4029 3582 4082 in
3603 4027 3809 4099 gloria,

2206 4125 2633 4181 immortalitatis
2662 4123 2939 4189 videlicet,
2986 4130 3041 4176 et
3079 4119 3633 4190 incorruptibilitatis,
3684 4117 3805 4173 sive

2205 4220 2258 4275 in
2294 4219 2473 4282 bonis,
2499 4218 2615 4273 sive
2639 4217 2692 4271 in
2714 4215 2891 4270 malis.
2926 4213 3040 4268 lloc
3068 4221 3248 4267 autem
3284 4211 3325 4242 ¹⁷
3365 4208 3695 4280 generaliter
3736 4208 3808 4262 de

2203 4311 2350 4365 omni
2376 4310 2614 4364 humano
2652 4321 2880 4376 corpore
2900 4305 3103 4359 dictum
3141 4315 3260 4357 esse
3294 4300 3565 4363 arbitror;
3597 4298 3653 4352 in
3682 4312 3807 4352 om-

2203 4405 2363 4459 nibus
2388 4402 2530 4457 euim
2570 4409 2825 4457 aeternae
2851 4395 3296 4459 immortalitatis,
3329 4408 3434 4447 non
3457 4399 3640 4445 autem
3671 4390 3808 4444 bea-

2206 4495 2453 4551 titudinis
2488 4493 2732 4565 aequalis
2750 4492 2856 4546 erit
2893 4489 3083 4562 gloria.
3120 4486 3255 4542 Tota
3283 4483 3552 4553 siquidem
3601 4487 3806 4535 natura

2206 4585 2568 4658 primordialis
2610 4600 2733 4640 cum
2759 4582 2860 4639 sibi
2908 4579 3269 4652 superadditis
3294 4577 3350 4633 in
3380 4590 3547 4631 unum
3575 4588 3804 4644 repara-

2206 4678 2371 4823 bllgi:
2410 4769 2555 4824 Dtsc.
2587 4766 2663 4822 De
2688 4766 2793 4821 hac
2818 4763 3036 4820 interim
3100 4761 3143 4794 ¹⁸
3194 4759 3514 4832 quaestione
3540 4755 3679 4812 satis
3718 4753 3805 4810 di-

2207 4874 2377 4923 cttnn,
2400 4869 2457 4915 ut
2481 4862 2692 4932 opinor,
2720 4869 2774 4914 et
2813 4859 2879 4913 ad
2937 4854 3425 4911 considerationem
3461 4849 3609 4905 illius
3637 4847 3802 4902 trini-

2207 4954 2353 5018 tatis,
2409 4953 2464 5007 in
2518 4966 2623 5022 qua
2667 4951 2736 5005 ad
2782 4949 3071 5019 imaginem
3117 4954 3174 4999 et
3219 4941 3630 4999 similitudinem
3698 4937 3801 4993 Dei

2206 5045 2410 5101 conditi
2448 5058 2655 5107 sumus,
2688 5039 3045 5101 rcdenmlum,
3104 5035 3502 5104 diligenterque
3550 5029 3804 5085 conside-

2207 5136 2455 5199 randum,
2482 5142 2664 5188 utrum
2715 5146 2812 5202 per
2848 5130 3031 5184 omnia
3060 5128 3236 5197 imago
3264 5123 3354 5178 illa
3382 5117 3802 5178 similitudinem

1800 5285 2055 5341 VARIAE
2098 5281 2499 5340 LECTIONES.

589 5434 608 5468 ⁸
660 5430 753 5489 Sic
796 5429 908 5497 BC;
962 5430 1003 5485 A
1064 5445 1180 5485 eum
1217 5427 1511 5499 episcopum
1560 5424 1862 5499 reducitur.

506 5510 772 5611 suculam
828 5502 1058 5572 fructum
1106 5515 1216 5556 om.
1245 5498 1328 5553 oA.

572 5580 602 5611 Δ
647 5573 1027 5611 ronnnnh'nsusn
1160 5573 1187 5603 ο
1223 5568 1263 5611 [ἶ
1318 5584 1328 5611 I

568 5580 607 5631 A
647 5573 1050 5629 renovationcm.

510 5642 555 5703 Α
583 5646 781 5703 indicio
808 5641 1115 5698 conditoris.

516 5772 742 5845 secretis
785 5792 1005 5836 naturae
1026 5797 1153 5836 suae
1176 5772 1411 5836 finibusJ
1480 5772 1773 5835 "A'enim.
1868 5778 1908 5809 η

1973 5424 1993 5455 ι
2029 5423 2040 5435 .

1956 5450 1966 5467 ο
2023 5439 2039 5467 ί

1399 5441 1511 5481 imm
1568 5424 1862 5481 reducitur.
1956 5424 1993 5467 ι’
2023 5423 2075 5476 in
2101 5436 2210 5477 om.
2236 5419 2298 5476 C.
2399 5419 2420 5450 ³
2449 5419 2492 5472 Α
2544 5419 2845 5472 eacmdunt.
2959 5419 2980 5443 ⁸
3015 5419 3206 5465 nostris
3250 5425 3361 5490 om.
3397 5419 3462 5462 tt.
3586 5419 3610 5439 ·
3639 5422 3798 5477 quas:

1399 5496 1572 5561 'Coni
1607 5536 1620 5561 ,
1650 5495 1691 5551 C
1720 5496 1775 5549 in
1802 5495 1987 5563 quietis
2018 5509 2110 5548 nos
2141 5492 2345 5563 allicere
2382 5488 2624 5563 n/fallarc
2646 5486 2802 5563 (sic!)
2829 5492 3222 5563 consuescunt;
3254 5480 3466 5563 allicere
3493 5476 3798 5563 acerna:

1160 5573 1187 5603 ⁸
1223 5568 1263 5624 C
1318 5559 1723 5638 praeterquod
1770 5559 2118 5635 πὲριζώρατα.
2150 5566 2215 5638 .-³
2259 5562 2495 5638 uidelicet
2531 5574 2665 5638 MOI".

1228 5640 1268 5671 “
1309 5630 1400 5694 Sic
1431 5637 1500 5701 C,’
1550 5630 1849 5691 ducendum
1888 5630 1997 5690 oni.
2028 5638 2090 5688 A.
2141 5631 2202 5703 (f.
2235 5630 2594 5703 dicend_unt?).

512 5718 650 5773 tibus
677 5708 787 5769 σωῖ
812 5711 878 5766 Α.
912 5710 919 5715 ’
958 5709 1003 5741 ¹⁶
1027 5711 1205 5765 nullus
1227 5714 1373 5765 recte
1401 5708 1739 5787 pl'vlgsoplt‘us
1760 5704 2256 5828 philosogltantiunt.

516 5785 742 5828 moratis
785 5792 1005 5828 naturae
1026 5797 1153 5828 suae
1176 5779 1389 5828 ﬁnibus.
1480 5779 1509 5811 “
1543 5778 1588 5828 A
1615 5778 1773 5828 enim.
1868 5778 1908 5809 ⁸⁸
2035 5783 2240 5828 uerum.

2035 5789 2240 5829 uerum.

2399 5418 2420 5450 ³
2449 5417 2492 5472 Α
2544 5416 2845 5472 mandunt.
2959 5412 2980 5443 ⁸
3015 5412 3206 5465 nostris
3250 5425 3361 5463 oni.
3397 5408 3462 5462 Α.
3586 5406 3610 5439 ⁸
3639 5403 3802 5477 quasi

2864 5555 2906 5587 ³⁸
2930 5553 3100 5618 Coni;
3143 5551 3184 5606 C
3217 5549 3533 5605 conditionis
3550 5546 3802 5618 judicio;

2705 5628 2746 5660 "
2783 5626 2998 5699 Currant
3030 5626 3231 5699 ipsum.
3265 5689 3276 5699 _
3339 5619 3384 5652 υ
3418 5629 3467 5671 et
3511 5617 3810 5699 perﬁciet}:t

2337 5700 2381 5733 ¹⁸
2408 5700 2448 5754 A
2478 5689 2761 5770 dc'qnibus
2780 5696 2916 5752 alius
2944 5689 3231 5751 disserendi
3256 5689 3403 5746 locus
3423 5699 3522 5745 est.
3600 5689 3644 5719 “
3667 5689 3714 5741 Α
3737 5689 3803 5741 in
