4064 6292
258 310 369 372 885

261 519 547 578 dissimilis
595 523 797 591 deficit,
845 529 911 583 ad
959 531 1368 610 perfectamque
1416 542 1703 616 imaginem
1742 519 1848 607 non

260 611 487 666 cumino
512 617 774 684 pervenit.
804 618 937 676 Nam
960 622 1013 676 iu
1044 637 1303 692 quantum
1329 631 1588 701 innitatur,
1638 638 1690 692 in
1727 650 1850 697 tau-

264 705 378 755 tum
404 701 583 773 imago
609 716 755 762 recte
783 708 1000 767 dicitur.
1035 714 1093 770 Si
1115 718 1258 773 enim
1283 721 1305 752 ⁸
1337 722 1389 777 ἰη
1425 713 1605 796 aliquo
1636 732 1852 787 vacilla-

262 791 428 857 verit,
479 809 545 848 ex
597 796 871 867 perfectae
921 802 1170 876 imaginis
1201 809 1406 869 ratione
1455 791 1677 874 recedit.
1707 821 1847 878 Illac.

263 876 551 958 Hominem
594 887 658 941 ad
684 887 974 959 imaginem
996 906 1052 951 et
1074 898 1483 961 similitudinem
1522 909 1615 964 Dei
1674 914 1852 983 perfe-

258 973 507 1030 ctissime
529 977 750 1046 factum,
777 993 831 1038 et
860 986 913 1041 in
936 989 1082 1045 nullo
1109 992 1436 1054 defecissein
1459 973 1711 1071 paradiso
1725 1016 1855 1065 ante

260 1064 544 1138 peccatum
573 1073 866 1143 credimus,
918 1093 1142 1153 excepta
1175 1089 1382 1147 ratione
1419 1095 1666 1166 subjecti.
1712 1100 1856 1173 Deus

258 1153 409 1208 enim
455 1171 554 1225 per
596 1174 655 1213 se
700 1162 872 1231 ipsum
898 1169 1212 1237 subsistens,
1257 1178 1358 1231 et’
1385 1195 1415 1234 a
1452 1153 1600 1240 nullo
1629 1168 1853 1256 praeces

258 1243 424 1299 dente
451 1260 509 1300 se
527 1245 547 1275 ⁸
572 1250 865 1309 subsistere
879 1258 1166 1328 accipiens,
1185 1263 1454 1323 hominem
1474 1271 1541 1325 ad
1562 1273 1853 1346 imaginem

258 1342 320 1388 et
346 1335 751 1395 similitudinem
775 1360 925 1400 suam
943 1349 1007 1404 de
1031 1353 1200 1408 nihilo
1217 1356 1268 1411 in
1291 1362 1584 1419 essentiam
1606 1367 1850 1427 adduxit.

260 1421 342 1479 Eo
368 1424 549 1496 itaque
575 1442 758 1489 notato
785 1434 826 1501 ⁸,
851 1439 991 1506 quod
1019 1440 1157 1499 Deus
1182 1462 1278 1517 per
1301 1464 1361 1503 se
1390 1450 1563 1521 ipsum
1595 1453 1850 1535 ἄναρχος,

259 1514 321 1569 id
342 1527 447 1583 est,
471 1520 588 1575 sine
605 1523 871 1596 principio
891 1534 1182 1590 essentiam
1207 1553 1360 1593 suam
1386 1544 1660 1614 possidet;
1690 1514 1852 1606 inemo

257 1623 413 1677 vero,
446 1613 511 1668 de
540 1615 709 1672 nihilo
748 1631 987 1688 creatus,
1044 1625 1206 1683 habet
1249 1630 1271 1662 ‘
1308 1635 1631 1695 conditionis
1670 1642 1690 1672 "
1722 1656 1852 1701 suae

258 1698 498 1770 initium,
532 1721 638 1761 non
666 1709 839 1765 solum
874 1712 924 1767 in
946 1715 1389 1785 primordialibus
1412 1730 1614 1796 causis,
1651 1732 1702 1786 in
1730 1735 1850 1804 qui-

255 1791 361 1846 bus
413 1796 593 1851 omnia
636 1799 795 1856 simul
825 1814 1007 1862 creata
1039 1820 1185 1877 sunt,
1214 1829 1403 1872 verum
1431 1821 1596 1877 etiam
1643 1825 1697 1880 in
1728 1843 1853 1897 pro—
1884 1835 1926 1895 Β

252 1883 596 1941 cessionibus
624 1889 677 1943 in
702 1892 947 1951 diversas
982 1902 1249 1957 essentias
1295 1905 1603 1984 formasque
1629 1917 1742 1974 sive
1767 1920 1849 1975 in-

254 1971 588 2034 tellectuales
625 1980 739 2037 sive
767 1986 1049 2045 sensibiles
1096 2009 1109 2046 :
1145 2006 1327 2052 cetera
1371 1971 1575 2070 omnia,
1613 2022 1751 2077 quae
1780 2010 1849 2068 de

257 2062 371 2120 Deo
410 2067 663 2126 dicuntur
682 2084 738 2129 et
766 2075 1142 2151 intelliguntur
1185 2104 1280 2158 per
1302 2062 1646 2156 essentialeni
1665 2101 1844 2160 excel-v

252 2155 477 2215 [entiam
512 2202 528 2223 ,
583 2166 804 2223 omnino
856 2170 907 2225 in
949 2173 1183 2247 imagine
1219 2180 1241 2211 ⁸
1281 2181 1398 2251 ejus
1445 2189 1849 2259 perspiciuntur

252 2248 354 2314 per
381 2258 628 2307 naturam
656 2264 709 2309 et
735 2258 756 2288 ’
787 2261 1037 2329 gratiam.
1066 2248 1324 2324 Conditor
1373 2248 1588 2346 quippe.
1609 2278 1850 2337 invisibio

253 2336 347 2400 lis,
380 2339 970 2418 iincomprehensibilis,
998 2370 1214 2412 omnem
1245 2360 1654 2436 intelligentiam
1685 2386 1851 2428 exsu-

253 2443 480 2498 perans,
509 2432 796 2504 imaginem
830 2456 987 2500 suam,
1010 2446 1061 2499 in
1095 2448 1180 2504 his
1210 2454 1464 2510 omnibus
1495 2457 1596 2513 sibi
1628 2460 1675 2492 ¹⁶
1696 2461 1848 2517 simi-

252 2517 362 2576 lem
393 2527 615 2582 creavit.
641 2529 775 2585 Nam
798 2543 854 2589 et
879 2535 915 2567 ¹¹
937 2550 1121 2594 noster
1145 2541 1447 2603 intellectus
1472 2565 1572 2607 nec
1599 2567 1630 2606 a
1659 2555 1855 2626 seipse.

254 2618 629 2687 cognoscitur,
662 2624 792 2691 quid
846 2628 915 2681 sit
960 2633 1256 2689 secundum
1309 2641 1622 2709 essentiam,
1654 2661 1755 2702 nec
1778 2647 1847 2703 ab

253 2704 365 2758 alio
399 2718 616 2775 praeter
652 2712 843 2781 Deum,
880 2720 968 2788 qui
998 2723 1151 2779 solus
1190 2728 1360 2795 novit,
1391 2747 1531 2803 quae
1562 2704 1719 2803 fecit;
1752 2738 1853 2797 sed.

249 2799 709 2879 quemadmodum
731 2806 795 2863 de
822 2810 1102 2869 conditore
1127 2832 1225 2871 suo
1252 2819 1358 2876 hoc
1410 2799 1623 2878 tantum
1650 2843 1852 2899 cogno-

251 2887 381 2949 scit,
431 2874 555 2958 quia
587 2901 701 2958 est,
756 2912 862 2952 non
887 2910 1065 2957 autem
1095 2908 1347 2976 percipit,
1386 2911 1515 2981 quid
1543 2904 1649 2970 Sit:
1678 2874 1755 2972 it;
1782 2917 1852 2974 de

252 2977 438 3047 Sl'lpSO
455 2982 793 3054 solummodo
816 2990 1025 3059 definit,
1052 2997 1177 3066 quia
1201 3009 1415 3058 creatus
1436 3014 1552 3073 est;
1579 3010 1851 3076 quomodo

253 3082 387 3125 vero
410 3071 493 3125 vel
519 3073 571 3128 in
594 3090 698 3144 qua
727 3080 1032 3139 substantia
1055 3088 1387 3149 substitutus
1414 3104 1518 3162 est,
1541 3071 1850 3172 intelligere

1078 329 1168 388 DE
1206 333 1541 396 DlYlSlONE
1577 341 1926 405 NATURAE.
1960 382 2034 393 ——
2070 353 2269 414 LIBER
2311 359 2693 425 SECUNDUS.

262 427 410 494 ilius,
458 428 612 500 cujus
682 432 859 506 imago
913 446 997 493 est
1039 440 1091 507 ¹,
1148 444 1409 515 imitatur,
1457 468 1524 507 an
1573 453 1625 509 iu
1672 456 1851 528 aliquo
1881 469 2020 525 Aex
2065 468 2347 540 principali

3424 392 3533 451 886

2378 474 2419 509 ¹¹¹
2462 478 2634 536 forma
2666 485 2877 544 videtur
2915 491 3173 555 dividere.
3225 490 3366 563 Hae.
3409 505 3526 574 Dic,

1952 558 2186 624 postulo,
2210 577 2350 632 quae
2369 566 2442 621 sit
2465 569 2575 626 illa.
2602 573 2747 631 DISC.
2773 578 2910 636 Num
2936 586 2980 620 ⁸⁸
3010 588 3102 644 tibi
3129 591 3340 648 videtur
3365 611 3530 664 parva

1951 647 2251 714 dilferentia
2285 656 2426 713 inter
2453 661 2597 718 illam
2623 679 2892 739 naturam,
2914 690 3053 745 quae
3081 687 3358 751 cognoscit.
3384 690 3531 760 seip-

1951 752 2068 792 sam
2117 749 2175 796 et
2225 759 2367 814 esse,
2419 759 2476 805 et
2516 754 2643 823 quid
2669 758 2771 825 sit;
2820 771 2878 818 et
2927 766 3093 834 illam,
3120 749 3261 840 quae
3319 749 3529 834 tanto-in

1951 832 2230 897 Cognoscit
2283 851 2342 893 se
2387 855 2537 910 esse,
2570 861 2674 902 non
2718 858 2899 908 autem
2945 832 3217 932 intelligit,
3266 868 3394 935 quid
3416 870 3544 926 sit?

1954 917 2232 990 Siquidem
2279 944 2385 985 non
2438 938 2680 1006 negabis,
2738 955 2799 999 ut
2842 917 3310 1024 aestimo.ipsuni
3359 961 3527 1025 Deum

1953 1012 2191 1083 seipsum
2222 1017 2559 1111 intelligere,
2604 1032 2735 1101 quid
2764 1036 2868 1104 sit;
2901 1050 3113 1099 ceteras
3159 1063 3289 1103 vero
3315 1062 3545 1111 creatas

1952 1107 2217 1164 essentias
2284 1120 2340 1168 et
2392 1109 2729 1181 substantias
2772 1143 2833 1183 se
2893 1131 3038 1202 ipsas
3097 1153 3203 1195 non
3271 1158 3532 1213 negamus

1954 1194 2249 1270 intelligere
2296 1221 2401 1260 non
2455 1225 2635 1279 posse,
2679 1217 2808 1286 quid
2883 1223 2991 1277 sint
3041 1225 3104 1291 ¹⁹,
3134 1244 3204 1285 ne
3250 1232 3535 1290 videamur

1952 1284 2293 1349 Nazianzeno
2321 1296 2581 1371 Gregorio
2602 1284 2875 1379 'l‘heologo
2893 1284 3241 1390 Nyssaeoque

1952 1380 2001 1412 '°
2043 1382 2387 1454 impudenter
2433 1393 2713 1467 refragari,
2743 1404 2834 1471 qui
2867 1408 3201 1467 unanimiter
3222 1415 3388 1472 certis
3432 1432 3533 1489 ap-

1953 1474 2187 1542 probant
2211 1478 2256 1510 "
2285 1483 2608 1554 rationibus,
2638 1491 2841 1548 nullam
2887 1508 3129 1556 creatam
3168 1506 3459 1563 essentiam
3499 1528 3530 1565 a

1954 1576 2012 1618 se
2043 1563 2178 1635 ipsa,
2204 1567 2285 1623 vel
2327 1571 2396 1627 ab
2451 1574 2576 1641 alia,
2601 1582 2848 1648 quamvis
2878 1588 3090 1646 ratione
3120 1592 3203 1648 vel
3256 1595 3531 1656 intellectu

1950 1659 2215 1728 praedita,
2241 1678 2400 1733 posse
2433 1669 2671 1740 deliniri,
2711 1677 2839 1746 quid
2866 1679 2956 1735 sit.
2986 1682 3221 1741 Videsne
3265 1703 3394 1761 ergo
3417 1692 3535 1749 dis-

1952 1747 2362 1812 similitudinem
2395 1759 2646 1833 imaginis
2685 1769 3108 1846 principalisque
3128 1793 3264 1835 suae
3306 1781 3533 1847 formae.

1957 1839 2058 1896 hoc
2083 1852 2187 1910 est,
2229 1845 2448 1905 humani
2480 1852 2786 1916 intellectus
2806 1839 3209 1926 et-conditoris
3249 1871 3367 1939 Dei,
3425 1892 3535 1936 non

1950 1931 2124 1989 solum
2149 1935 2201 1990 in
2230 1940 2443 1998 ratione
2473 1948 2724 2018 subjecti,
2752 1968 2940 2011 verum
2988 1960 3151 2033 etiam
3186 1963 3236 2018 in
3266 1980 3354 2032 eo,
3391 1969 3546 2036 quod

1950 2022 2062 2092 ipsa
2106 2028 2421 2100 principalis
2445 2035 2505 2070 "-‘
2536 2036 2709 2095 forma
2737 2032 3036 2116 cognoscit,
3064 2052 3191 2122 quid
3216 2055 3324 2123 sit,
3342 2022 3547 2136 imago

1950 2130 2077 2170 vero
2125 2118 2171 2151 "
2213 2136 2312 2178 nec
2358 2138 2419 2180 se
2473 2126 2684 2199 ipsam,
2753 2136 2882 2203 quid
2938 2140 3031 2204 sit,
3097 2156 3199 2198 nec
3236 2160 3389 2201 suam
3422 2132 3535 2203 for-
3608 2190 3615 2199 .

1950 2224 2117 2277 mam,
2147 2227 2308 2283 quam
2338 2216 2601 2289 imitatur,
2654 2224 3086 2289 substantialiter
3123 2236 3351 2297 delinire
3380 2228 3541 2297 intel‘

1949 2301 2103 2373 [ig-it?

2019 2437 2109 2495 28.
2141 2441 2278 2501 Msa.
2309 2445 2673 2511 Similitudine
2702 2472 2863 2517 verae
2898 2460 3324 2525 ratiocinationis
3352 2468 3402 2503 “
3446 2469 3543 2529 de-

1950 2542 2166 2603 ceptum
2200 2546 2250 2592 te
2276 2554 2398 2596 esse
2425 2532 2600 2601 video.
2658 2546 2770 2604 Nec
2793 2550 3086 2610 immerito.
3113 2555 3226 2613 Nisi
3246 2560 3389 2616 enim
3413 2564 3546 2632 quis.

1949 2639 2037 2690 ea,
2071 2628 2122 2682 in
2161 2631 2359 2699 quibus
2403 2634 2515 2691 falli
2564 2639 2784 2706 videris,
2821 2654 2979 2699 acute
3020 2662 3086 2703 ac
3125 2649 3409 2723 diligenter
3432 2628 3543 2708 cir‘

1950 2723 2340 2789 cumspexerit,
2388 2742 2494 2781 non
2515 2729 2688 2785 solum
2713 2732 3049 2804 verisimilia,
3078 2739 3172 2795 sed
3199 2741 3363 2796 etiam
3408 2760 3544 2802 vera

1950 2822 2073 2864 esse
2110 2814 2463 2881 putabuntur.
2496 2820 2642 2876 Dtsc.
2672 2822 2940 2893 Explices,
2987 2844 3175 2898 posco,
3223 2833 3321 2887 ubi
3357 2833 3534 2891 fallor.

1954 2898 2093 2956 MAG.
2139 2903 2277 2961 Num
2316 2908 2411 2962 tibi
2440 2910 2652 2967 videtur
2687 2913 2872 2971 divina
2900 2922 3133 2976 essentia
3158 2922 3367 2979 inlinita
3393 2940 3537 2993 esse,

1953 3006 2019 3045 an
2045 2992 2232 3051 ﬁnita?
2266 2998 2408 3054 DISC.
2442 3000 2579 3058 Hine
2609 3005 2857 3063 dubitare
2886 3017 2940 3064 et
2961 3011 3186 3081 impium
3227 3022 3291 3084 et.
3326 2992 3536 3072 stultis?

1954 3085 2147 3139 simum
2171 3096 2278 3154 est,
2309 3094 2627 3160 praesertim
2671 3112 2793 3152 cum
2823 3110 2928 3155 non
2956 3103 3214 3168 essentia,
3259 3107 3357 3161 sed
3395 3107 3541 3177 plus-

252 3176 364 3216 uon
387 3173 583 3231 potest.
604 3165 660 3222 Si
677 3170 843 3238 enim,
862 3175 989 3242 quid
1006 3177 1098 3241 sit,
1122 3179 1303 3252 aliquo
1319 3186 1478 3241 modo
1501 3165 1844 3260 intelligeret,

1952 3193 2111 3247 quam
2180 3184 2455 3250 essentia.
2511 3197 2569 3241 et
2621 3191 2982 3247 essentiarum
3018 3196 3258 3252 omnium
3327 3199 3543 3255 infinita

251 3256 563 3312 necessario
588 3274 619 3313 a
643 3261 996 3322 similitudine
1024 3269 1067 3301 ¹²
1090 3268 1364 3330 Creatoris
1390 3277 1631 3336 deviaret
1659 3301 1672 3335 :
1708 3295 1849 3357 ῐιρω-

248 3347 474 3407 τέτυπον
502 3354 715 3426 quippe,
772 3359 875 3416 hoc
907 3371 1013 3428 est,
1043 3365 1342 3439 principale
1368 3375 1674 3446 exemplum
1710 3347 1850 3436 Deus

248 3447 339 3493 est
387 3456 485 3510 per
513 3454 786 3521 naturam,
816 3450 992 3524 imago
1013 3454 1157 3513 Deus
1178 3469 1262 3515 est
1292 3477 1388 3532 per
1410 3465 1672 3534 gratiam;
1709 3480 1852 3547 Πρωέ

928 3518 953 3524 -
1292 3518 1308 3532 ι
1410 3518 1440 3534 υ
1519 3518 1672 3533 ί
1710 3518 1841 3547 --Γτνλ

248 3528 470 3587 τὸτνπον
498 3518 813 3593 diffunditur
835 3556 933 3610 per
959 3547 1162 3613 omnia,
1203 3548 1530 3608 distribuens
1551 3554 1632 3610 eis
1668 3573 1852 3612 esseu-

250 3618 417 3689 tiam;
443 3623 620 3698 imago
636 3627 752 3685 luce
769 3633 975 3701 gratiae
993 3647 1222 3710 purgata
1241 3640 1304 3707 ’³,
1332 3643 1650 3713 illuminata,
1669 3650 1847 3724 perfe-

250 3721 343 3766 cta
378 3729 475 3784 per
511 3718 691 3773 omnia
718 3721 1000 3793 discurrit,
1022 3743 1210 3791 eorum
1240 3732 1295 3788 in
1323 3736 1500 3805 seipsa
1522 3740 1852 3801 confirmans

252 3802 300 3834 "
333 3807 605 3864 notitiam.
629 3815 968 3888 Πρωτὸτνπον
994 3821 1201 3889 omnia,
1226 3840 1367 3895 quae
1397 3802 1542 3893 fecit,
1575 3840 1846 3899 penetrat,

251 3912 353 3951 sua
400 3899 446 3931 ³⁸
490 3901 717 3975 singulis
772 3902 1068 3965 secundum
1099 3916 1371 3986 propriam
1425 3920 1850 3994 uniuscujusque

252 3988 562 4065 analogiam
591 3995 871 4065 dividens;
906 4001 1083 4074 imago
1109 4008 1290 4062 omnia
1339 4008 1552 4076 lustrat,
1582 4015 1850 4074 honorum

252 4077 568 4146 largitorem
592 4099 660 4139 ex
700 4086 857 4144 donis
911 4093 1026 4149 suis
1054 4095 1545 4158 innumerabilibus
1594 4106 1849 4188 omnibus

253 4170 560 4232 distributis
603 4178 851 4238 laudans.
907 4184 1026 4241 Alia
1060 4189 1328 4260 siquidem
1374 4205 1500 4249 sunt
1553 4196 1690 4254 dona
1721 4184 1850 4255 sub?

250 4268 554 4337 stantialia,
578 4289 718 4343 quae
743 4278 960 4347 proprie
1002 4282 1125 4336 data
1156 4283 1429 4351 dicuntur,
1468 4288 1571 4342 alia
1598 4291 1850 4349 substan!

255 4357 366 4415 tiae
406 4359 638 4429 adjecta.
672 4364 740 4419 Et
768 4370 1225 4435 quemadmodum
1274 4376 1616 4450 πρωτὸτνπον
1658 4380 1848 4454 imagi-

249 4464 377 4506 nem
423 4465 576 4506 suam
601 4457 828 4523 creavit,
861 4459 912 4513 in
937 4477 1042 4531 qua
1073 4464 1318 4519 notitiam
1360 4469 1632 4538 quandam
1687 4472 1753 4527 de
1785 4486 1847 4531 se

1954 3283 2119 3325 causa
2160 3280 2216 3327 et
2241 3273 2385 3328 credi
2422 3276 2615 3332 debeat
2638 3290 2694 3334 et
2719 3281 2962 3355 intelligi,
3005 3294 3062 3341 et
3087 3302 3195 3343 non
3219 3288 3390 3344 solum
3420 3290 3542 3346 iulio

1953 3361 2090 3425 uita,
2112 3362 2206 3418 sed
2244 3367 2484 3421 omnium
2516 3371 2874 3428 essentiarum
2905 3375 3237 3455 inﬁnitarum
3265 3379 3537 3448 inﬁnitas,

1952 3459 2008 3505 et
2047 3452 2331 3524 plusquam
2387 3447 2647 3517 inﬁnitas.
2696 3462 2837 3520 Mss.
2883 3464 3049 3522 Recte
3093 3450 3276 3539 itaque
3299 3472 3347 3503 ’⁸
3376 3480 3545 3543 atque

1952 3530 2248 3611 catholice;
2286 3550 2509 3606 omnino
2534 3551 2697 3621 igitur
2725 3554 2931 3610 infinita
2961 3566 3064 3613 est.
3090 3530 3235 3616 Disc.
3265 3560 3380 3617 Hoc
3394 3530 3539 3630 dedi,

1953 3646 2055 3689 nec
2110 3650 2197 3689 me
2241 3639 2482 3706 poenitet
2528 3642 2760 3710 dedisse,
2793 3647 2889 3702 sed
2938 3647 3248 3707 ﬁrmissime
3274 3656 3535 3724 approbo,

1951 3721 2173 3778 oumino
2198 3724 2355 3781 aliter
2380 3744 2485 3784 non
2508 3746 2647 3789 esse.
2701 3732 2839 3788 MAG.
2883 3736 3039 3802 Vide,
3072 3754 3140 3794 ne
3185 3750 3239 3796 te
3267 3745 3536 3802 retrahas.

1954 3811 2102 3869 Dtsc.
2143 3813 2228 3871 Nil
2275 3816 2400 3875 inde
2446 3823 2851 3892 suspicandum.
2924 3827 3062 3895 MAG.
3110 3831 3323 3902 Itaque,
3364 3851 3543 3907 quan~

1950 3904 2019 3959 do
2063 3904 2503 3978 interrogamus,
2567 3913 2698 3983 quid
2769 3925 2856 3972 est
2901 3918 3004 3974 hoc
3046 3921 3134 3976 vel
3186 3904 3540 3990 illum—num

1953 3997 2047 4051 tibi
2097 3999 2344 4056 videmur
2370 4003 2534 4079 .aliud
2594 4020 2876 4075 quaerere,
2941 4011 3046 4066 nisi
3121 4022 3219 4068 aut
3276 4014 3391 4083 jam
3439 4016 3539 4073 de-

1951 4088 2160 4146 ﬁnitam
2213 4095 2596 4163 substantiam,
2649 4108 2742 4154 aut
2782 4100 2997 4158 deliniri
3036 4104 3344 4164 valentem?
3385 4107 3534 4165 Dtsc.

1950 4176 2065 4234 Non
2143 4181 2309 4240 aliud.
2373 4183 2488 4241 Hoc
2553 4187 2698 4243 enim
2755 4204 2973 4255 nomen,
3043 4193 3212 4263 quid,
3290 4195 3416 4250 dum
3466 4196 3541 4253 sit

1951 4272 2421 4346 interrogativum,
2491 4295 2596 4336 non
2675 4283 2932 4353 quaerit,
3009 4284 3114 4341 uisi
3164 4294 3225 4343 ut.
3279 4287 3368 4342 illa
3408 4288 3542 4345 sub.

1951 4367 2148 4421 stantia
2177 4408 2192 4432 .
2239 4385 2405 4438 quam
2461 4372 2737 4442 quaerit;
2771 4374 3169 4444 quodammodo
3224 4376 3535 4434 definiatur.

1950 4456 2090 4518 MAG.
2131 4456 2193 4514 Si
2230 4474 2359 4532 ergo
2394 4478 2556 4519 nemo
2595 4465 2905 4534 sapientum
2947 4466 3272 4537 generaliter
3293 4468 3361 4524 de
3384 4470 3538 4529 omni

248 4540 594 4608 ostenderet;
630 4543 702 4598 ita
754 4546 930 4620 imago
989 4552 1281 4624 imaginem
1316 4556 1420 4617 sibi
1466 4560 1614 4628 fecit,
1648 4562 1698 4616 in
1732 4560 1841 4633 qua

1952 4554 2186 4608 essentia
2243 4554 2504 4626 inquirit,
2540 4559 2670 4629 quid
2708 4559 2819 4624 sit,
2848 4561 3106 4632 quoniam
3163 4561 3376 4619 deliniri
3424 4578 3535 4621 non

246 4636 433 4686 motus
470 4646 599 4688 suos
663 4651 762 4706 per
814 4653 874 4693 se
921 4642 1163 4700 occultos
1207 4647 1593 4708 manifestaret.
1643 4654 1838 4714 Anima

248 4733 492 4793 namque
521 4724 699 4797 imago
748 4727 845 4786 Dei
877 4739 980 4797 est,
1008 4748 1210 4805 corpus
1235 4753 1365 4795 vero
1396 4740 1575 4813 imago
1604 4746 1841 4815 animae,

249 4821 566 4885 ceteraque,
599 4834 739 4889 quae
761 4821 828 4877 de
852 4823 1205 4885 similitudine
1226 4831 1476 4903 imaginis
1495 4835 1838 4909 intelligenda

248 4914 308 4960 et
358 4911 761 4978 pronuncianda
806 4923 953 4972 sunt.
1000 4917 1078 4974 De
1106 4921 1301 4990 quibus
1350 4925 1598 4997 quisquis
1626 4925 1840 4998 plenius

248 4997 329 5052 sci
338 5012 397 5052 re
412 4998 456 5029 ¹⁶
469 5002 715 5070 voluerit,
730 5003 871 5077 legat
882 5007 1077 5063 librum
1092 5015 1262 5067 sancti
1276 5014 1521 5086 Gregorii
1535 4997 1758 5090 Nyssaei
1774 5022 1843 5077 de

252 5086 507 5173 imagine.
540 5092 684 5149 DISC.
712 5094 855 5152 Haec
879 5097 1111 5155 libenter
1124 5104 1361 5173 accipio;
1392 5106 1488 5161 sed
1513 5108 1665 5163 video
1678 5110 1837 5166 aliam

288 5176 614 5238 iderentiam
642 5194 859 5261 praeter
889 5188 1308 5253 substantialem
1367 5209 1507 5253 uuae
1546 5197 1839 5271 imaginem

1946 4653 2142 4715 potest,
2174 4646 2269 4702 sed
2289 4662 2358 4702 ex
2398 4647 2835 4709 circumstantiis
2850 4652 2986 4720 suis,
3014 4652 3155 4709 intra
3186 4669 3322 4726 quas
3367 4654 3537 4713 veluti

1947 4735 2208 4792 terminos
2262 4737 2766 4807 circumscribitur,
2812 4741 2934 4800 loco
2980 4742 3105 4799 dico
3164 4753 3221 4801 et
3267 4753 3530 4816 tempore.

1947 4836 2151 4895 quanto
2186 4834 2243 4881 et
2294 4827 2470 4896 quali,
2513 4828 2819 4897 relatione,
2853 4833 3193 4903 copulatione
3237 4834 3305 4900 “,
3351 4844 3533 4902 statu,

1950 4924 2123 4981 motu,
2172 4915 2382 4986 habitu,
2433 4921 2736 4992 ceterisque
2762 4923 3153 4990 accidentibus,
3183 4926 3379 4996 quibus
3417 4926 3535 4996 ipsa

1945 5008 2155 5065 ratione
2194 5010 2420 5081 subjecti
2465 5012 2763 5069 substantia
2815 5015 2861 5049 "'
2926 5026 3023 5086 per
3084 5019 3315 5089 seipsam
3384 5018 3536 5075 ineo-

1945 5103 2094 5173 gnita
2160 5103 2618 5179 indelinibilisque
2686 5109 3027 5174 subsistens.
3092 5124 3214 5166 esse
3274 5120 3529 5173 tantum.

1945 5207 2051 5249 non
2102 5201 2280 5250 autem
2327 5195 2459 5266 quid
2503 5196 2600 5263 sit,
2652 5197 3032 5260 manifestatur
3075 5217 3096 5259 :.
3134 5201 3254 5271 quis
3303 5198 3534 5259 Theolo-

1547 5390 1800 5447 VARIAE
1818 5424 1823 5429 ο
1839 5393 2240 5453 LECTIONES

282 5497 287 5502 ⁸
325 5517 341 5549 ¹
376 5516 419 5572 C
444 5518 599 5589 cujus
628 5519 926 5588 imaginem.
1003 5523 1025 5555 '
1062 5523 1099 5604 ᾼ
1130 5541 1268 5580 rero.
1346 5526 1371 5558 ³
1397 5525 1441 5580 Α
1463 5536 1517 5582 et
1545 5529 1617 5604 iu.
1697 5500 1905 5604 (ἦρξέ
1924 5544 2009 5604 se.
2081 5531 2101 5564 ³
2129 5531 2173 5604 Α
2208 5532 2404 5588 Notata
2429 5535 2602 5600 itaque
2622 5575 2635 5598 ,
2677 5534 2838 5604 quod.
2928 5534 2949 5565 '
2971 5534 3014 5588 Α
3037 5535 3238 5588 lmbuit.
3316 5536 3337 5569 ⁷
3367 5536 3409 5593 C
3435 5553 3529 5592 co-

249 5588 521 5658 gnitionis.
689 5591 987 5661 imaginem.
1065 5593 1342 5650 “naturam
1364 5599 1616 5653 etom.A.

251 5669 544 5732 purgaret._
601 5660 644 5691 “
742 5658 1105 5732 conformans.

252 5727 364 5780 sint?
379 5745 488 5784 mm
521 5727 558 5781 Α
572 5770 583 5781 .

251 5800 429 5854 tionis.

1204 5666 1253 5699 ”
1278 5666 1321 5720 Α
1350 5669 1488 5722 dona
1512 5684 1627 5723 sua.

660 5729 710 5772 ”
728 5729 1068 5804 Nyssaeoque
1089 5737 1352 5799 praedicto
1374 5754 1481 5792 om.
1498 5740 1578 5792 ‘C.

509 5801 554 5832 ³⁸
585 5802 757 5872 itaque
779 5819 887 5868 Q11).
930 5801 995 5858 A.
1071 5804 1116 5838 ³⁸
1146 5807 1238 5863 Sic
1265 5809 1324 5863 C.
1401 5810 1444 5842 "
1475 5810 1517 5865 Α
1561 5812 1831 5869 distantia.

1698 5599 2048 5656 '°sibiom.A.
2130 5602 2433 5660 “etenuA.
2506 5599 2921 5661 "Cncéessario
2938 5605 3352 5661 similitudinem.
3430 5609 3491 5689 ⁸³]

1710 5671 1752 5693 ut
1791 5671 1811 5693 Δ
1858 5672 1983 5693 --.‘-_-
2012 5673 2085 5693 ul-
2131 5678 2141 5687 ·
2307 5676 2346 5693 ιιι
2388 5676 2425 5693 η
2466 5691 2499 5693 _,
2613 5677 2639 5693 9,
2699 5675 2789 5693 !,!l,
2850 5692 2853 5693 ,
2960 5676 3002 5693 In
3035 5675 3071 5693 IV
3114 5675 3151 5693 ιτ
3324 5678 3365 5693 ι·

1710 5671 1752 5702 ³⁸
1780 5671 1821 5724 Α
1851 5672 1984 5724 scire
2006 5673 2228 5741 plenius.
2307 5676 2346 5706 "
2386 5676 2427 5731 C
2456 5691 2521 5731 ex
2543 5675 2894 5753 principibus:
2960 5676 3003 5708 "’
3032 5675 3071 5731 Ο
3101 5675 3254 5753 Non;
3322 5678 3531 5753 "ﬂun

1656 5741 1697 5771 "
1731 5740 1770 5793 ('1
1800 5740 2071 5810 approbat.

2130 5602 2433 5660 “etenuA.
2506 5602 3352 5661 "Cucéessariosimilitudinem.
3430 5605 3532 5664 "C

2154 5747 2196 5776 ²²
2222 5747 2530 5818 principalis
2567 5762 2676 5804 om.
2710 5746 2775 5800 A.
2850 5746 2895 5777 ⁸³
2928 5764 3043 5802 rcro
3073 5761 3181 5803 om.
3214 5746 3275 5805 C.
3348 5746 3533 5806 "'ruv
