4064 6292
525 350 641 417 587ι
1876 354 2111 416 JOANNI

2218 355 2398 415 SCOTI
2682 339 2708 344 ”
3701 339 3806 405 538

522 467 648 539 giae
680 467 979 540 disciplinis
1011 472 1030 502 ⁸
1055 470 1305 527 eruditus
1348 470 1687 542 interrogare
1715 482 2030 544 praesumat
2052 471 2119 526 de
2147 470 2195 530 Α
2221 469 2278 524 id
2311 479 2408 535 est,
2450 468 2716 524 veritatem
2756 469 2841 538 pie
2877 483 2941 521 ac
2980 466 3211 521 studiose
3254 461 3621 535 quaerentibus
3659 462 3804 517 inre-

523 556 705 611 divina
720 557 1187 628 substantia,quid
1203 560 1424 625 sit,cum
1439 560 2114 629 purissimeintelligat,de
2215 563 2394 617 niendi
2425 559 2653 633 facultas
2688 562 2841 615 desit.
2874 559 3019 615 Dtsc.
3062 558 3179 614 Non
3215 558 3529 629 perturbor,
3568 556 3663 611 sed
3690 571 3811 610 ma-

524 642 642 713 ipsa
678 661 780 699 nec
806 644 1019 700 deﬁniri
1045 661 1225 716 posse,
1255 662 1354 703 nec
1379 647 1550 702 ullum
1578 663 1791 717 eorum,
1807 665 1949 720 quae
1962 655 2111 713 sunt,
2213 653 2297 724 gis
2321 663 2375 707 et
2407 652 2604 707 merito
2648 653 2714 706 de
2756 651 3087 707 obscuritate
3131 648 3437 720 praesentis
3465 646 3809 717 quaestionis

524 748 677 798 esse,
729 736 1041 805 omniaque,
1094 753 1236 807 quae
1285 738 1495 794 deﬁniri
1525 748 1777 810 possunt,
1813 742 2113 811 superare?
2213 757 2455 806 moveor,
2478 739 2704 811 ejusque
2726 739 3053 795 solutionem
3077 738 3287 794 facilem
3313 736 3428 792 ﬁeri
3453 753 3556 791 non
3587 736 3803 806 opinor.

521 824 663 879 Audi
692 824 1092 887 Nazianzenum
1121 846 1136 882 :
1172 827 1231 883 Si
1256 829 1390 883 nihil
1417 830 1627 885 omnino
1649 841 1745 894 est,
1774 831 2107 901 inquit,e:ci-
2213 830 2353 889 MAG.
2384 832 2693 887 Redeamus
2735 832 2920 901 itaque
2956 831 3025 885 ad
3070 846 3157 897 ea,
3201 846 3343 900 quae
3381 829 3432 883 in
3460 828 3629 899 priori
3665 828 3810 881 libro

522 917 769 970 stentium
802 919 1087 972 secundum
1115 921 1284 989 ipsum
1311 938 1423 975 esse
1468 924 1580 992 ipsa
1612 923 1925 987 cumulatio,
1977 940 2115 994 quae
2213 922 2356 978 inter
2382 937 2484 977 nos
2514 923 2779 987 discussa,
2810 932 2866 976 et
2913 923 2979 977 ad
3019 936 3235 992 purum,
3280 920 3336 974 ni
3369 919 3545 983 fallor,
3570 919 3814 973 deducta

525 1014 600 1058 est
628 1013 673 1067 ³,
698 1016 746 1057 et
779 1006 977 1059 dicitur
1014 1024 1212 1071 eorum,
1241 1025 1375 1079 quae
1395 1028 1426 1063 a
1454 1009 1600 1065 nobis
1624 1013 1765 1065 circa
1788 1012 1941 1075 illud,
1970 1012 2110 1084 quod
2212 1024 2360 1070 sunt.
2401 1015 2545 1069 Dtsc.
2576 1013 2727 1081 Quae
2750 1025 2878 1068 sunt
2906 1013 3018 1079 illa,
3060 1013 3376 1075 admoneas,
3409 1025 3633 1080 quaeso.
3658 1007 3837 1092 Μιω.ι

521 1094 812 1164 quaeritur,
863 1106 911 1149 et
952 1096 1319 1168 intelliguntur
1359 1111 1408 1154 et
1451 1102 1720 1168 dicuntur,
1746 1105 1837 1158 sed
1882 1105 2110 1160 alterunt
2212 1106 2642 1172 Recordarisne,
2698 1107 2843 1162 inter
2883 1123 2982 1162 nos
3028 1107 3096 1161 ad
3146 1105 3414 1177 liquidum
3467 1103 3809 1166 consedisse,

523 1183 648 1255 quid
675 1195 884 1254 praeter
930 1186 1093 1250 illud,
1142 1191 1283 1244 circa
1326 1194 1469 1262 quod
1507 1195 1637 1248 haec
1678 1208 1842 1261 sunt;
1883 1199 2112 1252 continet
2212 1199 2412 1254 nullam
2461 1198 2853 1269 catcgoriarum
2885 1199 3109 1253 denario
3147 1212 3378 1252 numero
3418 1194 3809 1251 conclusantm

522 1289 747 1343 namque
774 1291 859 1339 ea,
883 1276 1051 1346 ipsum
1074 1295 1197 1333 vero
1223 1279 1286 1332 ab
1314 1282 1394 1335 his
1423 1282 1569 1336 nullo
1597 1285 1751 1338 modo
1779 1287 2112 1352 continetur;
2213 1287 2281 1344 de
2303 1288 2484 1342 divina
2512 1298 2705 1342 natura
2730 1287 2840 1342 ullo
2864 1288 3023 1343 modo
3043 1288 3261 1358 proprie
3282 1283 3585 1356 praedicari
3609 1282 3819 1354 posse!

521 1365 760 1434 quiescat
807 1364 976 1421 omnis
1015 1370 1192 1423 anima
1221 1371 1285 1423 ab
1329 1374 1471 1426 omni
1518 1376 1722 1429 ratione
1751 1393 1953 1439 eorum,
1976 1396 2113 1448 quae
2214 1380 2361 1435 Dtsc.
2389 1380 2520 1433 lllttd
2552 1380 2875 1434 inconcusse
2921 1388 2977 1434 et
3021 1393 3338 1434 concessum
3381 1384 3466 1432 cst
3503 1386 3559 1429 et
3600 1374 3816 1430 stabili-

522 1456 665 1510 circa
694 1456 863 1511 Deum
885 1469 1250 1525 suut,.temere
1279 1464 1335 1517 in
1361 1465 1722 1533 deﬁnitionem
1742 1470 1858 1539 ejus
1886 1470 2108 1536 insilire,
2214 1479 2327 1524 tum
2375 1470 2438 1523 “.
2488 1469 2628 1525 MAG.
2659 1469 2776 1524 Non
2818 1470 2987 1541 igitur
3030 1478 3138 1523 tam
3193 1467 3460 1522 laboriose
3483 1507 3499 1533 ,
3533 1474 3595 1520 ut
3638 1462 3817 1519 aesti-

519 1548 613 1601 sed
638 1548 845 1603 silentio
874 1551 1011 1605 colat
1038 1552 1060 1583 ³
1087 1563 1292 1608 tantum
1334 1556 1652 1626 ineffabilem
1680 1569 1729 1613 et
1772 1576 1928 1632 super
1952 1562 2112 1616 intel-
2213 1578 2330 1617 mes
2359 1564 2423 1626 η,
2454 1563 2507 1617 in
2536 1562 2695 1633 hujus
2723 1561 3058 1634 quaestionis
3086 1558 3399 1615 difﬁcultate
3433 1556 3688 1612 solvenda
3715 1569 3814 1609 su—

521 1638 731 1705 lectum,
764 1643 1032 1712 omnisque
1050 1662 1314 1699 sumntum
1334 1648 1602 1713 scientiae,
1630 1649 1840 1706 divinae
1859 1655 2113 1709 essentiae
2214 1654 2493 1719 dabimus,
2544 1655 2587 1709 si
2630 1654 2831 1724 prioris
2876 1652 3001 1707 libri
3050 1660 3199 1707 ratas
3243 1649 3616 1705 conclusiones
3645 1654 3823 1702 acute

521 1732 811 1823 ceritatem.
864 1734 921 1788 Si
971 1751 1101 1807 ergo
1150 1752 1311 1792 nemo
1358 1739 1884 1809 sapientissimorum
1932 1755 2110 1815 potest
2213 1749 2627 1820 perspiciamus.
2656 1747 2873 1803 Illarum
2904 1745 3168 1816 siquidem
3198 1742 3411 1800 subtilis
3432 1757 3495 1797 ac
3514 1740 3815 1811 perspicax

522 1836 849 1893 cognoscere
881 1826 1227 1882 cxistentium
1259 1830 1595 1886 substantiae
1633 1835 1894 1901 rationes,
1919 1851 2111 1891 secun-
2140 1827 2188 1886 Β
2217 1842 2425 1896 utilitas
2456 1842 2507 1895 in
2541 1842 2647 1895 hoc
2672 1841 2791 1896 loco
2822 1839 3252 1910 pulcherrimum
3300 1835 3537 1891 fructum
3574 1833 3818 1888 utilissi-

522 1910 648 1964 dutn
681 1927 816 1980 quas
842 1914 1093 1971 fundatae
1116 1926 1266 1984 sunt,
1290 1920 1413 1989 quis
1442 1922 1638 1976 audeat
1662 1922 1831 1980 Deum
1853 1925 1906 1979 in
1932 1926 2116 1996 aliquo
2213 1947 2470 2002 mumque
2492 1933 2639 1988 ferre
2660 1930 3116 1986 manifestabitur.
3143 1928 3285 1982 Dtsc.
3316 1926 3485 1981 Valde
3503 1925 3607 1981 erit
3634 1924 3686 1958 ¹⁸
3706 1936 3819 1979 ne-

522 2005 789 2061 dcﬁnire?
840 2008 985 2065 Dise.
1029 2010 1140 2067 Nec
1182 2013 1285 2068 hoc
1311 2030 1576 2083 quaerere
1619 2018 2074 2086 praesumpseritn
2095 2059 2110 2084 ,
2214 2023 2529 2088 cessarium,
2559 2023 2602 2077 si
2633 2022 2711 2077 sic
2745 2021 2929 2077 fuerit.
2963 2020 3105 2075 MAG.
3138 2020 3254 2074 Erit
3285 2018 3465 2088 plane.
3511 2017 3660 2087 ipsas
3702 2014 3821 2070 ita-

522 2111 854 2169 cognoscens
871 2102 1040 2171 ipsam
1053 2104 1275 2160 omnino
1290 2105 1556 2161 inﬁnitam
1574 2122 1695 2162 esse
1708 2105 1748 2160 ‘.
1766 2106 1906 2162 Msa.
1926 2107 2113 2179 Itaque
2214 2130 2319 2184 que
2345 2114 2648 2184 categorias
2671 2113 2911 2169 breviter
2933 2113 2985 2167 in
3014 2111 3331 2168 memoriam
3360 2125 3613 2165 revocare
3634 2107 3821 2163 ratio-

521 2186 567 2242 si
603 2188 745 2244 Deus
774 2192 1053 2260 cognoscit
1077 2193 1334 2261 seipsum,
1358 2194 1488 2264 quid
1517 2196 1609 2257 sit,
1642 2211 1820 2251 nonne
1844 2211 1902 2259 se
1938 2197 2111 2268 ipsum

2218 2207 2503 2263 cinationis
2524 2207 2695 2262 series
2719 2206 2933 2262 videtur
2958 2220 3273 2276 exposcere.
3300 2204 3449 2259 Dtsc.
3478 2202 3594 2257 Alia
3620 2200 3820 2271 inqui—-

529 2278 756 2334 deﬁnit?
789 2280 961 2336 Omne
992 2283 1278 2352 siquidem,
1304 2287 1445 2354 quod
1470 2287 1802 2359 intelligitur,
1850 2291 1976 2359 quid
2021 2292 2113 2359 sit,
2213 2298 2427 2353 εῑιῙοηῑς
2450 2314 2555 2353 non
2583 2299 2787 2354 arridet
2811 2298 2893 2352 via
2918 2296 2985 2351 η,
3019 2296 3271 2352 Attamen
3303 2294 3689 2366 interrogative
3709 2307 3825 2349 eas

526 2366 739 2461 deﬁniri
758 2385 798 2461 Aa
830 2386 888 2425 se
932 2372 1051 2441 ipso
1078 2374 1160 2427 vel
1192 2375 1260 2428 ab
1303 2376 1408 2430 alio
1449 2386 1627 2447 potest
1655 2379 1697 2431 ⁵.
1740 2379 1822 2434 Ac
1867 2395 1962 2450 per
2010 2383 2114 2437 boc
2213 2390 2539 2460 rccapitulcs
2574 2390 2757 2443 velim.
2789 2388 2930 2445 MAG.
2973 2388 3217 2443 Intentus
3261 2387 3443 2458 itaque
3471 2386 3822 2441 huncinter-

525 2459 637 2550 non
678 2459 1059 2517 universaliter
1103 2464 1347 2519 inlinitus
1392 2476 1495 2532 est,
1547 2469 1640 2524 sed
1687 2470 2106 2538 particulariter,
2214 2459 2436 2550 rogandi
2472 2479 2718 2534 ordinem
2760 2480 3011 2534 intuere:
3055 2478 3231 2546 Quid?
3268 2477 3565 2547 quantum?
3604 2474 3821 2546 quale?

526 2546 573 2602 si
614 2559 957 2638 excreatura
1000 2553 1335 2611 solummodo
1372 2556 1583 2612 deliniri
1617 2575 1721 2614 non
1763 2571 1963 2630 potest,
1989 2579 2017 2616 a
2054 2578 2114 2618 se
2213 2546 2481 2637 advqnid?
2501 2584 2609 2638 quo
2637 2568 2783 2623 situ?
2809 2584 2917 2637 quo
2942 2566 3169 2622 babitu?
3195 2546 3411 2621 locine?
3439 2565 3830 2636 temporisne?

526 2651 659 2693 vero
683 2637 802 2709 ipso
827 2649 1023 2710 potest.
1062 2644 1238 2697 Velut
1262 2645 1335 2698 ita
1363 2645 1562 2711 dicam,
1590 2650 1692 2704 sibi
1716 2650 1735 2680 ⁸
1782 2651 1880 2720 ipsi
1908 2653 2109 2717 ﬁnitus,
2212 2661 2391 2729 agime
2416 2659 2458 2690 ιδ
2478 2660 2504 2713 ?
2526 2637 2593 2713 ξιιι
2612 2659 2854 2728 patitur?
2882 2659 3012 2713 Item
3040 2659 3084 2712 si
3112 2659 3193 2711 vis
3216 2672 3410 2729 graece
3435 2675 3448 2709 ε
3481 2655 3573 2715 Ti;
3598 2655 3810 2720 πόσσνς

524 2736 811 2785 creaturae
837 2730 1078 2786 inﬁnitus
1104 2734 1369 2789 subsistit.
1400 2737 1464 2791 Et
1499 2739 1542 2791 si
1587 2739 1690 2794 hoc
1715 2741 1896 2795 datum
1927 2742 2109 2809 luerit,

2218 2758 2377 2814 traicit;
2402 2752 2531 2826 πρὸς
2549 2753 2627 2815 τίς
2655 2752 2879 2813 uesicam;
2904 2744 3006 2826 ἆρα
3023 2748 3238 2820 ἔχεσθαι
3260 2748 3334 2813 ¹¹⁵;
3359 2741 3462 2823 ἆρα
3481 2754 3575 2802 ποῖ
3586 2763 3601 2810 ;
3623 2746 3762 2803 πότι
3787 2763 3809 2811 ;

522 2820 837 2874 necessario
865 2832 1143 2890 sequetur,
1184 2832 1241 2876 ut
1273 2834 1363 2878 aut
1407 2836 1513 2880 non
1546 2828 1926 2883 universaliter
1970 2830 2111 2887 Deus

2218 2843 2261 2896 ri
2286 2820 2531 2915 near-iet;
2573 2839 2674 2915 ἄρα
2705 2840 2736 2900 ἧ
2770 2820 3001 2912 πάσχέις
3046 2839 3249 2894 Horum
3278 2820 3464 2908 itaque
3488 2835 3697 2892 nullum
3736 2836 3823 2893 de

526 2908 771 2966 inﬁnitus
800 2913 889 2977 sit,
917 2913 960 2967 si
992 2929 1021 2967 a
1053 2914 1164 2969 sola
1188 2926 1465 2982 creatura,
1505 2934 1613 2972 non
1646 2928 1826 2974 autem
1854 2937 1883 2974 a
1910 2922 2107 2991 seipse,
2212 2908 2391 2994 Deo"!
2419 2908 2634 3002 ρι-οιιιιίέ
2672 2908 3061 3000 interrogatur,
3105 2931 3231 3000 quia
3275 2929 3483 2984 natium
3520 2927 3714 2983 borum
3753 2928 3825 2982 in

525 3016 633 3053 non
660 3002 851 3071 recipit
885 3003 1126 3069 deﬁniri;
1160 3016 1252 3060 aut
1280 3009 1503 3062 omnino
1528 3024 1627 3063 nec
1657 3026 1685 3063 a
1715 3021 2109 3078 creatura,nec
2213 3021 2349 3092 ipso,
2381 3038 2481 3077 nec
2522 3038 2553 3076 a
2596 3039 2654 3078 se
2697 3023 2845 3091 ipso,
2888 3038 2989 3078 nec
3023 3023 3092 3077 ab
3135 3021 3244 3075 alio
3286 3020 3622 3093 intelligitur.
3652 3019 3827 3075 Haec

528 3108 559 3146 a
598 3093 798 3163 seipso,
848 3104 905 3150 ut
932 3097 951 3127 ⁷
997 3097 1376 3154 universaliter
1400 3100 1640 3155 inlinitus
1679 3103 1771 3168 sit,
1801 3103 1909 3158 ullo
1950 3107 2108 3161 modo
2162 3184 2177 3185 ί
2214 3114 2412 3168 etenim
2452 3114 2504 3167 in
2537 3114 2641 3178 his,
2675 3129 2814 3185 quae
2841 3115 2941 3168 sub
2973 3113 3302 3168 intellectum
3340 3129 3432 3168 se“
3460 3127 3679 3168 sensum
3707 3127 3823 3166 ca-

524 3185 894 3242 deﬁnitionem
924 3190 1175 3259 percipit.
1211 3190 1356 3247 Dtsc.
1400 3191 1710 3249 Praesentis
1749 3195 1906 3264 hujus
1940 3198 2107 3253 ratio-
2138 3184 2182 3246 (ἶ
2216 3205 2344 3259 dere
2389 3184 2718 3273 probantur,
2746 3204 2965 3275 proprie
3005 3203 3338 3259 considerari
3384 3210 3624 3272 possunt.
3658 3199 3830 3267 Quid

526 3275 816 3331 cinatiouis
864 3279 1147 3348 caliginem
1196 3281 1620 3338 iuaccessibilem
1666 3300 1793 3341 esse
1838 3288 2109 3343 aestimo:
2216 3298 2399 3351 enim?
2426 3297 2483 3351 Si
2530 3297 2955 3368 interrogaveris
2996 3296 3064 3350 de
3107 3296 3261 3361 Deo,
3309 3294 3439 3364 quid
3480 3294 3569 3358 sit,
3617 3307 3835 3349 nonne

522 3376 585 3460 cf
610 3367 713 3421 ηίδί
754 3369 888 3437 ipse.
927 3371 1018 3439 (Ιυί
1047 3374 1350 3439 quaeritur.
1382 3376 1630 3431 dextram
1663 3393 1815 3432 suam
1847 3396 2113 3449 quaeren-
2214 3391 2485 3460 quandam
2507 3367 2783 3460 propriam
2807 3388 3164 3443 substantiam
3179 3386 3454 3441 deﬁnitam
3470 3398 3697 3455 quaeres
3722 3384 3828 3438 ³τῖ

527 3456 672 3554 tibus
692 3463 1130 3554 se‘praetendat,
1169 3465 1372 3521 nullum
1409 3468 1460 3521 in
1485 3484 1604 3541 eam
1639 3470 1913 3525 introitum
1953 3472 2113 3529 facile
2216 3456 2285 3538 Et
2307 3484 2354 3539 si
2378 3456 2524 3554 (μήδ’
2546 3456 2906 3552 responderit,
2934 3481 3038 3536 hoc
3075 3480 3158 3535 vel
3198 3478 3352 3545 illud,
3377 3490 3554 3533 nonne
3587 3485 3833 3531 certam

527 3547 871 3649 εἷθξίίίξειςίιηο
908 3551 962 3604 Si
994 3553 1138 3649 θηίηξ
1168 3555 1311 3610 Πθηε
1352 3559 1589 3628 seipsum
1636 3576 1741 3614 ιιοη
1775 3562 1984 3627 deﬁnit.
2019 3573 2113 3619 θυι
2215 3547 2484 3649 quandam
2515 3547 3089 3646 circumscriptumque
3117 3573 3392 3629 vidcbitur
3420 3570 3643 3627 deﬁnire
3666 3571 3825 3626 sub-

525 3649 587 3693 se
609 3638 835 3694 deﬁnire
861 3655 967 3695 non
996 3644 1184 3713 possit,
1214 3647 1337 3714 quis
1368 3648 1729 3717 ignorantiam
1757 3662 1811 3707 et
1838 3656 2108 3724 impoten-

2218 3638 2468 3724 stantiant
2493 3667 2516 3720 ?
2547 3666 2701 3734 Quod
2724 3667 2768 3721 si
2795 3666 2915 3735 quis
2939 3664 3212 3719 veraciter
3242 3663 3308 3717 de
3332 3661 3447 3731 ipso
3474 3658 3827 3731 pronuncia~

524 3730 660 3826 tiam
691 3732 743 3826 in
787 3748 911 3789 eum
958 3738 1150 3793 cadere
1198 3742 1442 3810 negarit?
1481 3743 1842 3813 lgnorautiam
1884 3748 2109 3816 scilicet,
2214 3759 2377 3821 verit,
2407 3755 2491 3810 vel
2518 3730 2633 3826 ipse
2663 3757 2731 3810 de
2756 3730 2964 3824 δεέῑρεο
3003 3752 3274 3823 inmugit,
3316 3730 3547 3821 primum
3583 3758 3827 3821 allego.

526 3822 572 3876 si
603 3836 663 3877 se
689 3822 711 3853 ⁸
739 3838 843 3878 non
876 3826 1144 3898 intelligit,
1173 3831 1302 3900 quid
1333 3831 1433 3893 sit;
1468 3833 1838 3905 impotentiam
1877 3854 2035 3903 vero,
2066 3840 2110 3895 si
2215 3847 2419 3902 riarum
2446 3822 2623 3901 locum
2647 3842 2770 3913 jure
2796 3822 3099 3909 obtinebit,
3132 3822 3223 3912 qui
3268 3842 3436 3896 certis
3458 3838 3829 3909 deﬁnitisqne

526 3929 644 4008 non
660 3923 839 3984 potest
863 3918 1113 3983 deﬁnire,
1138 3922 1264 3991 quid
1292 3925 1555 3980 subsistit.
1585 3927 2010 3999 lmpotensenim
2035 3933 2106 3988 vi-
2216 3939 2471 3993 tribuitur
2514 3936 2800 4008 subjectis,
2850 3937 2905 3991 in
2941 3936 3160 4006 quibus,
3188 3944 3244 3989 et
3269 3934 3416 3990 circa
3454 3948 3587 4003 quae
3612 3933 3828 3991 omnia

527 4004 741 4060 debilur
779 4024 921 4074 esse,
962 4013 1178 4079 quando
1208 4014 1442 4085 seipsum
1478 4019 1530 4073 in
1573 4020 1754 4090 aliquo
1781 4038 1888 4077 non
1936 4032 2112 4093 potest
2212 4037 2503 4085 versantur
2530 4038 2585 4083 et
2609 4004 3303 4083 continenturaccidentia.
3331 4025 3411 4079 Ac
3445 4038 3540 4094 per
3566 4023 3665 4077 hoc
3687 4038 3827 4080 non

530 4096 870 4155 deﬁnire.oSi
904 4112 1114 4177 veroet
1146 4105 1395 4177 intelligit
1424 4110 1843 4183 etdeﬁnit,quid
1876 4114 1991 4183 ipse
2019 4113 2108 4179 sit,

527 4202 638 4241 non
666 4192 886 4246 omnino
926 4194 1170 4251 inﬁnitus
1213 4212 1332 4252 esse
1377 4200 1724 4269 probabitur,
1764 4203 1890 4258 dum
1936 4220 1965 4257 a
1999 4204 2112 4259 sola

2214 4215 2505 4287 categoria.
2531 4214 2656 4270 Sive
2680 4215 2823 4270 enim
2847 4212 3271 4269 abinteliectuali
3286 4219 3553 4273 creatura,
3572 4207 3738 4262 sivea
3767 4207 3825 4241 “

530 4289 781 4336 creatura
812 4285 1021 4340 deﬁniri
1052 4304 1155 4341 non
1192 4300 1391 4359 potest,
1422 4294 1546 4362 quia
1584 4295 1731 4350 nullo
1765 4298 1925 4350 modo
1954 4296 2021 4351 ab
2048 4312 2109 4352 ea

536 4300 781 4384 creatura
812 4300 1021 4340 oemurt
1052 4304 1155 4341 non
1192 4300 1391 4376 potest,
1422 4300 1546 4362 quia
1584 4300 1731 4350 nullo
1765 4300 1925 4350 modo
1954 4300 2021 4351 ab
2048 4312 2109 4352 ea
2214 4309 2389 4379 seipsa
2429 4307 2484 4362 in
2524 4307 2701 4378 aliqua
2759 4306 2976 4362 delinita
3007 4305 3237 4361 essentia
3273 4303 3597 4373 intelligatur
3618 4300 3826 4357 divitia

531 4374 879 4444 intelligitur,
911 4393 939 4430 a
970 4395 1026 4431 se
1055 4374 1201 4436 vero
1225 4384 1339 4451 ipso
1372 4394 1425 4437 et
1454 4386 1709 4440 deﬁnitur
1742 4397 1795 4441 et
1830 4390 2109 4457 cognosci-

2218 4410 2553 4462 natura,non
2568 4397 2785 4452 omnino
2806 4407 2888 4452 est
2920 4396 3127 4451 inﬁnita
3157 4405 3212 4452 et
3234 4393 3701 4462 incircumscripta
3743 4392 3825 4458 ι’,

530 4474 640 4530 tur,
665 4468 789 4535 quid
819 4470 909 4522 sit.
937 4470 1075 4525 MAG.
1096 4473 1172 4527 Ne
1196 4473 1437 4538 turbere,
1462 4477 1554 4530 sed
1584 4478 1752 4546 magis
1777 4479 1916 4531 bon’o
1932 4480 2111 4533 animo

2221 4490 2474 4559 omnique
2506 4488 2765 4544 accidenti
2791 4486 3003 4543 carens.
3048 4488 3280 4556 ideoque
3312 4502 3419 4540 non
3449 4484 3587 4538 ultra
3616 4497 3824 4544 ornate,

532 4563 670 4609 esto.
704 4555 847 4610 llaec
869 4559 1011 4611 enim
1040 4562 1402 4616 consideratio
1433 4579 1530 4616 nos
1561 4566 1627 4617 ad
1657 4581 1758 4619 nos
1780 4566 1924 4634 ipsos
1961 4568 2111 4622 intel-

2221 4530 2474 4559 υ..,....,..υ
2506 4530 2765 4544 “suam...
2792 4530 3003 4543 nam.-.
3048 4530 3280 4556 ...-...,..,,
3315 4530 3419 4540 ..νη
3453 4530 3587 4538 ω-.-
3621 4530 3824 4544 -,-----_,

2221 4585 2363 4653 quod
2413 4583 2609 4637 dicitur
2653 4591 2707 4637 et
2738 4581 3075 4650 intelligitur,
3125 4580 3397 4635 veraciter
3434 4585 3640 4632 remota
3678 4590 3830 4630 esse

531 4643 772 4712 ligendos
795 4648 1052 4712 attrahit,
1085 4661 1141 4703 et
1179 4651 1245 4704 ad
1277 4666 1360 4716 ea,
1387 4668 1525 4721 quae
1552 4654 1639 4723 pic
1672 4654 1737 4709 dc
1777 4655 1886 4709 Deo
1927 4668 2111 4713 nostro

2218 4674 2476 4737 creditur,
2508 4673 2761 4742 quoniam
2795 4673 2932 4725 intra
2962 4672 3226 4741 quosdam
3256 4669 3514 4725 terminos
3552 4664 3828 4722 deﬁnitae

532 4736 813 4806 cogitanda
847 4748 897 4792 et
928 4740 1266 4813 intelligenda
1300 4754 1351 4799 et
1385 4748 1787 4814 pronuncianda
1826 4759 1969 4813 sunt,
1997 4751 2110 4821 ipso
2216 4774 2443 4818 naturae
2464 4736 2809 4831 intelligitur.
2833 4736 3006 4816 Omne
3033 4761 3198 4826 enim,
3223 4762 3291 4815 de
3316 4775 3427 4829 quo
3448 4766 3626 4828 [ιοῑθδί
3653 4772 3832 4829 Prae:

530 4837 827 4923 praeeunte
858 4832 1117 4900 perducit.
1153 4833 1364 4900 Quanto
1408 4852 1637 4907 namque
1679 4838 1731 4892 in
1776 4839 1995 4893 introitu
2035 4842 2115 4894 in-
2216 4855 2381 4911 dicari
2438 4854 2520 4909 vel
2565 4853 2819 4923 intelligi,
2865 4852 2991 4921 quid
3040 4851 3140 4916 sit,
3184 4866 3404 4913 eorum,
3458 4862 3597 4917 quae
3646 4856 3825 4913 sunt,

534 4918 840 4987 quisitionis
879 4923 1168 4994 caliginosa
1212 4936 1266 4979 et
1307 4927 1575 4982 laboriosa
1616 4931 1910 4999 potabitur,
1965 4938 2113 4986 tanto

2213 4124 2566 4188 translative,
2609 4123 2701 4178 sed
2731 4123 2948 4192 proprie
2975 4120 3147 4191 prima
3193 4119 3260 4189 de
3285 4134 3351 4173 eo
3398 4115 3831 4189 praedicabitur
3912 4176 3919 4183 ,

531 5012 815 5080 perspicua
864 5024 917 5069 et
968 5014 1241 5073 fructuosa
1290 5020 1610 5088 reperietur.
1655 5019 1801 5074 Fieri
1831 5022 1965 5075 enim
2009 5038 2112 5076 non

531 5111 722 5172 potest,
747 5116 803 5159 ut
827 5107 903 5160 ait
930 5118 1151 5164 sanctus
1178 5110 1772 5182 Augustintts,qundnm
1797 5113 1972 5167 divina
1992 5131 2113 5183 pro-

530 5191 758 5249 videntia
786 5196 829 5261 9,
860 5207 912 5251 ut
940 5198 1193 5269 religiosis
1232 5203 1422 5255 animis
1450 5204 1644 5271 seipsos
1669 5212 1715 5255 et
1750 5202 1913 5256 Deum
1935 5219 2111 5267 suum,

2219 4960 2503 5001 numerum
2557 4960 2661 4999 non
2718 4953 2896 5014 potest
2954 4930 3251 5006 excedere,
3306 4942 3398 4995 sed
3458 4938 3622 4993 veluti
3676 4952 3829 5007 pars

2219 5034 2273 5088 in
2323 5043 2476 5101 toto,
2527 5034 2613 5089 vel
2670 5043 2837 5088 totum
2904 5034 2956 5087 in
3020 5032 3308 5102 partibus,
3370 5031 3452 5084 vel
3520 5029 3689 5083 l‘orma
3758 5030 3825 5084 iu

2221 5140 2455 5198 genere,
2508 5125 2591 5180 vel
2649 5141 2816 5197 genus
2860 5125 2913 5179 in
2976 5123 3207 5188 formis,
3259 5122 3343 5176 vel
3392 5119 3651 5175 individui
3712 5136 3829 5175 nu-

2221 5221 2356 5274 meri
2398 5221 2451 5274 in
2492 5219 2695 5291 specie,
2737 5217 2822 5273 vel
2853 5216 3061 5287 species
3090 5216 3140 5269 in
3172 5212 3493 5278 individuis,
3526 5210 3608 5265 vel
3645 5225 3824 5280 prae-

1813 5369 2065 5425 VAIHAE
2100 5370 2504 5430 LECTIONES.

602 5483 618 5512 ‘
659 5480 704 5536 A
736 5482 1043 5551 discipulus.
1119 5484 1139 5511 ²
1160 5481 1323 5551 Cipsa
1355 5459 1670 5535 cumulatior
1689 5497 1749 5533 ea
1774 5496 1908 5549 quae
1929 5490 2023 5533 est.
2102 5480 2119 5510 ³
2141 5481 2181 5535 C
2203 5481 2354 5535 celat.
2430 5481 2628 5546 ‘SicC;
2647 5481 2867 5550 verbaD
2891 5479 3033 5534 Disc.
3050 5476 3606 5551 mellae—infinitam
3622 5495 3737 5533 esse
3756 5481 3823 5551 Α

442 5594 449 5601 .
534 5566 694 5619 supra
723 5566 843 5621 post
870 5554 1031 5605 verba
1062 5567 1074 5604 :
1107 5569 1238 5621 quae
1264 5552 1473 5619 tle/iniri
1500 5562 1993 5621 possunt,stq)erarc
2018 5553 2210 5619 posuit.

1991 5621 2012 5651 ⁰
2062 5622 2101 5673 Α
2141 5621 2462 5685 prouidentia
2492 5623 2687 5678 dicina.

1931 5691 1975 5724 ¹⁸
2013 5689 2110 5745 Dt'i
2141 5690 2356 5761 ἔχεσθαι
2394 5706 2503 5747 om.
2532 5691 2591 5747 C.

1595 5623 1615 5651 ’³
1636 5639 1688 5674 se
1708 5638 1815 5675 om.
1850 5621 1915 5674 A.

531 5633 716 5722 ξηαπ.
794 5622 814 5652 ⁸
850 5623 887 5674 Λ
916 5622 1087 5675 sicuti.
1161 5623 1181 5653 ⁷
1224 5631 1275 5674 ut
1322 5639 1429 5674 om.
1458 5622 1517 5674 C.
1595 5623 1807 5675 "scum.

617 5689 655 5722 Γ
694 5702 763 5722 ..οι
864 5693 907 5722 ta
948 5693 972 5722 Α
1022 5694 1101 5722 ..τη
1144 5709 1243 5722 nl...
1284 5693 1477 5722 ηιινῖ,1.ιο
1578 5692 1619 5722 I't
1654 5692 1677 5722 Α
1727 5692 1807 5722 ιιηὲ

617 5689 658 5744 C
691 5702 786 5745 cst.
843 5693 907 5764 3³
937 5693 984 5764 ΑΔ
1022 5694 1101 5744 ria
1143 5709 1244 5764 non
1281 5693 1497 5745 arritlct.
1578 5692 1619 5723 "‘
1642 5692 1687 5745 Λ
1724 5692 1851 5764 agit.

864 5693 907 5724 ³³
937 5693 978 5745 Α
1022 5694 1101 5744 ria
1143 5709 1244 5744 non
1281 5693 1497 5745 arridet.

537 5759 584 5791 ¹⁸
624 5779 654 5814 a
694 5778 800 5816 Olli.
831 5760 893 5816 C.
974 5762 1015 5795 "
1044 5764 1082 5816 (Σ
1115 5762 1523 5831 ι’ὺϊυηιεσνὶιλιιι.

2288 5552 2320 5652 ⁸1
2338 5552 2440 5652 Clu
2465 5553 2631 5652 seipse
2663 5552 2741 5606 vel
2763 5552 2970 5652 asilalio
2994 5552 3203 5652 (Ile/iniri
3227 5569 3259 5605 a
3286 5549 3572 5652 seipfloArcl
3703 5550 3827 5604 alio

2679 5662 2687 5692 ε
2771 5622 2876 5679 “’C
2915 5621 3281 5674 stabilitnlum.
3390 5620 3428 5650 ²¹
3452 5620 3497 5674 Α
3537 5621 3823 5673 aestimas.

2692 5693 2734 5724 “
2762 5692 2806 5748 Α
2857 5692 2921 5763 de
2959 5690 3068 5746 Deo
3104 5690 3328 5746 nullum.
3433 5691 3474 5723 "
3507 5691 3552 5746 Α
3576 5692 3823 5760 quaeris.
