4064 6292
259 323 369 383 589

1074 319 1165 377 DE
1203 317 1543 376 DIVISIONE
1583 316 1932 375 NATURAE.
1973 347 2044 359 -—
2081 315 2281 373 LIBER
2321 316 2705 376 SECUNDUS.

3425 309 3533 368 590

260 440 530 496 dictorum
574 424 815 494 omnium
862 436 1128 507 quaedam
1169 435 1221 491 in
1246 436 1262 466 ⁸
1292 436 1561 504 quandam
1588 433 1848 488 unitatem
1881 436 1927 496 Α
1956 430 2045 486 nia
2073 447 2299 502 corpora
2331 432 2697 498 continentur,
2729 431 2953 487 inferius
2981 439 3206 487 naturae
3229 446 3360 486 suae
3384 445 3535 486 men-

260 548 330 588 ex
383 531 566 586 multis
611 528 856 586 collectio
897 528 1021 599 jure
1072 526 1448 583 aestimabitur
1495 540 1635 581 esse.
1692 521 1845 591 Quod

260 624 421 694 lange
445 623 610 677 distat
649 637 716 677 ex
746 620 959 676 divinae
997 628 1225 675 naturae
1257 618 1490 690 simplici
1534 617 1849 688 inﬁnitaque

261 713 516 779 veritate,
534 727 672 783 quae
698 710 837 766 nihil
858 712 1072 777 horum,
1096 725 1238 782 quae
1259 718 1411 776 sunt,
1432 707 1696 765 subsistit.
1730 707 1847 764 Non

259 807 411 862 enim
448 815 619 862 totum
654 810 772 871 est,
810 817 985 874 neque
1012 816 1178 873 pars:
1215 809 1385 859 totum
1424 810 1602 857 tamen
1642 809 1698 856 et
1725 815 1861 883 pars

259 897 482 963 dicitur,
513 896 766 968 quoniam
805 897 874 951 ab
912 910 975 950 ea
999 909 1161 950 omne
1187 901 1357 948 totum
1397 900 1453 948 et
1492 892 1665 949 omnis
1700 908 1844 963 pars,

256 996 323 1046 et
344 988 525 1043 omnia
559 996 666 1043 tota
694 995 753 1041 et
788 1001 979 1041 omnes
1006 992 1189 1056 partes
1215 984 1435 1040 condita
1464 993 1609 1039 sunt.
1642 982 1846 1039 Simili-

261 1090 349 1137 ter
371 1095 545 1150 neque
573 1094 741 1151 genus
776 1087 897 1143 est,
943 1092 1118 1148 neque
1161 1077 1357 1143 forma,
1398 1091 1574 1147 neque
1616 1077 1846 1146 species,

260 1188 441 1243 neque
491 1186 782 1236 numerus,
830 1186 1005 1240 neque
1045 1172 1223 1234 οὐσέα,
1260 1170 1376 1225 sive
1415 1168 1847 1242 generalissima,

258 1265 382 1320 sive
405 1260 791 1334 specialissima
821 1260 1096 1316 subsistit:
1121 1268 1175 1315 et
1201 1269 1383 1315 tamen
1408 1260 1544 1316 haee
1569 1258 1751 1331 omnia
1782 1260 1848 1315 de

258 1375 330 1415 ea
361 1358 765 1429 praedicantur,
799 1356 1055 1427 quoniam
1082 1355 1150 1410 ab
1174 1372 1238 1410 ea
1262 1356 1591 1412 subsistendi
1625 1354 1849 1413 faculta-

261 1461 375 1505 tem
400 1450 692 1520 accipiunt.
728 1447 838 1503 Nec
872 1463 977 1502 non
1014 1448 1342 1503 universitas
1369 1449 1562 1503 horum
1603 1448 1845 1505 omnium

256 1542 480 1606 dicitur,
501 1540 627 1594 dttttt
653 1539 816 1594 tutius
838 1547 1118 1594 creaturae
1145 1537 1551 1594 universitatem
1583 1538 1848 1595 inﬁnitate

256 1646 396 1687 suae
416 1630 766 1686 excellentiae
790 1636 1028 1701 superat,
1055 1628 1307 1698 quoniam
1336 1627 1405 1682 ab
1429 1643 1492 1683 ea
1524 1628 1846 1684 universalis

259 1721 596 1775 universitas
617 1728 800 1774 creata
824 1727 927 1774 est.
945 1717 1224 1787 Quomodo
1252 1717 1417 1788 igitur
1442 1717 1623 1772 divina
1652 1727 1842 1773 natura

1948 540 2130 578 suram
2168 540 2271 579 non
2315 533 2491 593 potest
2527 524 2837 587 extendere,
2868 525 2990 594 quia
3022 523 3151 579 nihil
3179 516 3403 579 inferius
3425 531 3531 590 est,

1950 629 2051 689 nec
2076 613 2325 682 superius
2364 621 2542 684 potest
2579 615 2892 670 ascendere.
2920 613 3133 669 Finitur
3162 615 3306 669 enim
3337 616 3387 670 in
3417 614 3538 686 ipso

1951 703 2097 758 vitali
2146 713 2294 759 motu
2323 744 2345 772 ,
2378 720 2485 775 quo
2533 705 2771 760 nutritur
2813 712 2869 761 et
2913 714 3174 775 augetur,
3213 718 3373 776 atque
3412 705 3535 762 ideo

1948 796 2086 850 ultra
2118 796 2287 867 ipsam
2332 815 2436 853 non
2479 786 2906 870 provehiturfSi
2935 815 3064 853 vero
3110 800 3160 853 in
3203 799 3538 857 sublimitate

1949 886 2232 944 universae
2254 898 2538 947 creaturae
2560 888 2827 956 subsistit,
2847 901 2907 944 ut
2927 889 3306 945 intellectualis
3328 903 3529 962 cogno-

1948 990 2151 1046 scatur,
2184 980 2298 1036 suis
2328 980 2525 1037 ﬁnibus
2555 982 2793 1037 coartari
2820 996 3043 1037 necesse
3085 990 3190 1035 cst.
3236 981 3349 1036 Non
3388 981 3533 1037 enim

1946 1082 2124 1144 potest
2172 1074 2468 1129 ascendere
2515 1074 2569 1129 in
2620 1074 2865 1130 altiorem
2915 1089 2973 1129 se
3026 1084 3353 1140 creaturam,
3407 1074 3537 1144 quia

1949 1165 2116 1220 altius
2138 1164 2228 1219 illo
2266 1164 2321 1221 iu
2371 1165 2532 1220 rebus
2566 1165 2768 1221 creatis
2793 1165 2868 1220 nil
2893 1178 3015 1221 esse
3043 1164 3275 1220 videtur.
3304 1161 3534 1219 Inferius

1951 1255 2078 1312 item
2107 1272 2211 1312 non
2242 1264 2422 1329 potest
2446 1256 2650 1312 remitti
2677 1265 2901 1328 propter
2931 1265 3221 1326 sequentes
3259 1272 3318 1311 se
3358 1255 3534 1311 subsi-

1949 1348 2198 1404 stentias.
2248 1347 2305 1403 Si
2349 1362 2475 1404 vero
2508 1347 2559 1403 in
2588 1348 2765 1405 medio
2806 1347 3093 1403 libramine
3119 1347 3297 1403 locum
3322 1346 3535 1407 obtine-

1949 1446 2052 1503 ret,
2083 1452 2184 1493 nec
2205 1438 2272 1492 ad
2296 1437 2549 1494 inferiora
2579 1454 2637 1493 se
2660 1439 2930 1494 relaxaret
2954 1439 2999 1504 ',
3045 1453 3145 1495 nec
3167 1440 3234 1494 ad
3253 1440 3532 1512 superiora

1948 1543 2009 1582 se
2064 1528 2378 1583 extenderet
2423 1528 2466 1592 ⁸,
2514 1529 2610 1584 sed
2647 1529 2946 1584 naturalem
2993 1544 3149 1585 suum
3191 1530 3534 1603 mediumque

1948 1618 2216 1673 obtineret
2256 1627 2455 1673 statuat
2495 1617 2540 1673 ’.
2577 1617 2655 1673 Ae
2701 1633 2797 1688 per
2838 1620 2938 1674 hoc
2983 1619 3128 1674 nulla
3152 1629 3402 1676 creatura
3427 1632 3535 1685 est,

1951 1708 2067 1763 sive
2095 1708 2321 1764 visibilis
2344 1708 2457 1765 sive
2488 1708 2789 1775 invisibilis,
2820 1726 2959 1780 qttae
2981 1727 3086 1765 non
3118 1711 3258 1768 intra
3277 1712 3534 1769 terminos

257 1814 496 1884 “ipsa...
527 1821 707 1885 ροιοει
742 1811 1063 1883 intelligere,
1087 1810 1214 1882 quid
1257 1811 1350 1874 εξι,
1378 1826 1501 1865 cum
1550 1809 1683 1866 nihil
1735 1811 1852 1871 sit?
1881 1793 1923 1853 Β
1951 1799 2201 1872 propriae
2220 1810 2444 1855 naturae
2472 1801 2524 1855 in
2553 1801 2732 1870 aliquo
2752 1810 3025 1857 coartetur
3053 1801 3095 1833 '°
3125 1802 3181 1857 itt
3208 1818 3460 1859 mensura
3480 1815 3537 1860 et

260 1903 500 1975 Superat
529 1904 673 1960 enim
702 1918 883 1973 omne,
917 1902 1060 1973 quod
1099 1909 1213 1968 est,
1240 1901 1454 1970 quando
1493 1915 1594 1955 nec
1628 1901 1739 1972 ipsa
1765 1911 1849 1956 est

255 2007 405 2059 esse,
432 1994 525 2050 sed
549 1992 619 2047 ab
649 1993 762 2063 ipsa
791 2001 876 2048 est
903 1988 1069 2047 omne
1081 2006 1227 2059 esse,
1253 2006 1392 2061 quae
1418 2006 1632 2045 onmem
1660 2006 1847 2046 essen-

261 2086 397 2140 tiam
426 2093 482 2139 et
506 2081 1085 2152 sutbstatttitttnfvirtttte
1107 2098 1237 2138 suae
1272 2082 1622 2138 excellentiae
1659 2098 1759 2153 sup
1797 2098 1848 2137 re

253 2176 484 2234 eminet.
557 2176 665 2231 Aut
685 2175 953 2247 quomodo
977 2174 1242 2229 inlinitum
1275 2181 1451 2243 potest
1479 2173 1728 2243 inaliqno
1751 2175 1845 2230 de-

257 2259 406 2328 ﬁu'iri
436 2288 465 2325 a
490 2287 549 2326 se
572 2271 709 2341 ipso,
749 2270 831 2324 vel
854 2270 906 2322 in
929 2268 1112 2339 aliquo
1134 2267 1381 2338 intelligi,
1420 2284 1542 2323 cum
1568 2284 1626 2323 se
1648 2283 1849 2339 cogno-

259 2378 382 2422 scat
406 2381 567 2436 super
591 2380 750 2420 omne
781 2363 991 2418 ﬁnitum
1020 2372 1077 2416 et
1104 2360 1395 2423 inﬁnitum,
1421 2369 1476 2415 et
1504 2360 1764 2415 ﬁnitatem
1793 2368 1848 2414 et

257 2454 621 2512 inﬁnitatem?
646 2454 784 2510 Deus
811 2454 990 2523 itaque
1006 2452 1177 2507 nescit
1200 2466 1280 2515 se,
1302 2452 1430 2521 quid
1454 2460 1560 2517 est,
1590 2451 1715 2521 quia
1738 2465 1845 2505 non

255 2557 349 2605 est
392 2547 555 2618 quid;
601 2544 1161 2615 incomprehensibilis
1208 2544 1405 2613 quippe
1449 2543 1502 2597 in
1555 2542 1736 2613 aliquo
1790 2550 1847 2597 et

257 2636 368 2695 sibi
406 2637 504 2707 ipsi
538 2645 593 2692 et
618 2636 764 2691 omni
819 2635 1130 2691 intellectui.
1177 2634 1241 2688 Et
1285 2650 1406 2689 cum
1438 2634 1461 2665 ¹
1496 2633 1611 2703 ipsa
1644 2633 1846 2689 veritas

257 2726 583 2799 intelligibili
619 2741 752 2783 voce
789 2726 844 2782 in
876 2726 1026 2797 puris
1070 2724 1428 2780 intellcctibus
1467 2723 1603 2778 haec
1638 2723 1703 2778 de
1736 2723 1845 2777 Deo

257 2820 547 2876 verissime
567 2820 588 2851 ⁸
626 2818 732 2876 dici
753 2819 1074 2891 proclamat,
1098 2834 1254 2874 nemo
1276 2819 1362 2889 pie
1380 2818 1842 2889 cognoscentium,

262 2911 431 2983 inque
471 2912 653 2967 divina
702 2910 957 2983 mysteria
1006 2910 1459 2971 introductorum,
1508 2908 1733 2964 audiens
1776 2908 1845 2963 de

261 3002 397 3067 Deo,
422 3002 657 3073 seipsum
701 2999 1002 3071 intelligere
1043 3015 1148 3055 non
1193 3012 1367 3069 posse,
1405 2997 1533 3068 quid
1567 2997 1657 3062 sit,
1698 2995 1843 3053 aliud

260 3093 422 3151 debet
441 3092 772 3157 existimare,
803 3091 905 3146 nisi
928 3092 1101 3160 ipsum
1124 3091 1316 3155 Deum,
1339 3090 1429 3160 qui
1451 3104 1557 3144 non
1579 3098 1664 3145 est
1688 3090 1840 3160 quid,

261 3183 484 3247 otnnino
513 3183 760 3254 ignorare
785 3180 838 3235 in
867 3196 926 3236 se
953 3179 1090 3251 ipso,
1119 3181 1260 3251 quod
1293 3180 1406 3250 ipse
1434 3194 1539 3233 non
1561 3188 1665 3240 est,
1694 3179 1839 3248 seip-

258 3286 385 3331 Sum
411 3282 592 3330 autem
617 3290 723 3329 non
744 3273 1023 3346 cognoscit
1050 3262 1252 3343 aliquid
1279 3289 1417 3328 esse.
1450 3272 1626 3327 Nescit
1659 3271 1842 3341 igitur,

259 3364 393 3436 quid
425 3365 536 3435 ipse
561 3372 663 3429 est,
694 3364 794 3425 hoc
828 3371 953 3430 est,
983 3362 1157 3418 nescit
1185 3377 1244 3418 se
1272 3362 1402 3432 quid
1424 3376 1565 3427 esse,
1590 3363 1844 3432 quoniam

210 3471 224 3479 ί
258 3456 571 3527 cognoscit,
600 3470 659 3510 se
700 3454 906 3511 nullum
939 3470 1124 3510 eorum
1150 3495 1165 3522 ,
1198 3470 1337 3525 quae
1365 3454 1419 3511 in
1449 3454 1629 3524 aliquo
1648 3470 1845 3526 cogno-

260 3559 510 3612 scuntur,
534 3557 589 3603 et
617 3549 684 3603 de
723 3549 921 3619 quibus
958 3557 1136 3619 potest
1162 3548 1269 3631 dici
1306 3549 1387 3603 vel
1426 3549 1687 3621 intelligi,
1716 3549 1845 3621 quid

260 3651 413 3705 sunt,
438 3640 658 3695 on‘niuo
679 3655 819 3696 esse.
853 3640 988 3695 Nam
1013 3641 1058 3697 si
1091 3641 1142 3696 in
1172 3642 1355 3713 aliquo
1380 3643 1617 3712 seipsum
1645 3658 1846 3714 cogno-

260 3742 462 3797 sceret,
494 3748 598 3787 non
628 3733 847 3788 omnino
876 3732 1143 3789 infinitum
1169 3743 1226 3788 et
1248 3734 1844 3804 ineomprehensibilem

264 3822 818 3892 innmnitmbilemque
849 3823 1084 3893 seipsum
1110 3824 1392 3879 indicaret.
1431 3823 1501 3879 Ut
1527 3825 1656 3896 quid
1680 3826 1847 3882 inter-

264 3930 459 3986 rogas,
494 3917 696 3988 inquit,
733 3934 927 3973 nomen
974 3919 1188 3974 meum?
1237 3919 1303 3973 Et
1340 3919 1442 3974 hoc
1481 3929 1565 3975 est
1610 3936 1781 3989 genus
1824 3920 1847 3953 ⁵

261 4008 531 4065 mirabile.
560 4009 665 4064 Aut
708 4025 886 4064 nonne
928 4010 1030 4065 hoc
1058 4026 1183 4066 vere
1223 4020 1308 4066 est
1351 4010 1595 4065 mirabile
1625 4028 1846 4081 nomen,

262 4100 409 4172 quod
453 4111 537 4157 est
572 4117 735 4171 super
774 4117 934 4158 omne
976 4118 1196 4168 nomen,
1243 4103 1385 4171 quod
1428 4102 1853 4171 innomiuabile,

260 4194 410 4264 quod
441 4193 587 4247 omni
618 4192 1033 4264 supercollatum
1077 4195 1280 4249 nomini
1316 4194 1622 4258 nominato,
1653 4194 1765 4250 sive
1793 4195 1845 4249 in

258 4286 450 4342 seculo
486 4286 611 4349 hoc,
644 4287 757 4341 sive
793 4285 846 4339 in
884 4284 1098 4341 futuro?
1135 4284 1195 4342 Si
1228 4300 1359 4358 ergo
1386 4287 1628 4355 increpat
1651 4300 1849 4341 nomen

261 4392 422 4432 suum
453 4392 736 4446 quaerere,
767 4378 892 4448 quia
923 4392 1086 4448 super
1120 4392 1281 4432 omne
1315 4392 1508 4431 nomen
1546 4386 1660 4443 est,
1691 4377 1845 4432 inno-

1953 1910 2181 1950 numero
2203 1905 2254 1953 et
2272 1895 2526 1967 pondere.
2557 1898 2700 1952 Deus
2725 1905 2902 1952 autem
2928 1895 3142 1952 innullo
3155 1912 3340 1953 eorum
3373 1899 3532 1955 intel—

1953 1986 2069 2059 ligit
2103 2003 2162 2044 se
2182 2003 2325 2052 esse,
2356 1989 2451 2044 sed
2479 1989 2776 2060 cognoscit,
2797 2004 2856 2045 se
2884 2005 3047 2059 supra
3076 2004 3265 2046 omnes
3291 2005 3412 2047 esse
3434 2006 3534 2061 na-

1954 2089 2108 2132 turae
2127 2079 2347 2134 ordines
2369 2079 2410 2111 “
2433 2095 2561 2135 suae
2582 2079 2879 2148 sapientiae
2899 2080 3237 2146 excellentia,
3253 2090 3309 2137 et
3333 2081 3470 2138 infra
3490 2083 3535 2114 ¹¹

1949 2171 2132 2224 omnia
2172 2186 2304 2227 suae
2333 2170 2546 2225 virtutis
2571 2169 2884 2236 altitudine,
2924 2179 2980 2225 et
3016 2172 3157 2226 intra
3193 2173 3373 2228 omnia
3403 2190 3536 2228 suae

1948 2266 2319 2336 providentiae
2347 2262 2765 2337 ininvestigabili
2800 2264 3226 2336 dispensatione,
3263 2276 3315 2323 et
3351 2270 3534 2324 omnis

1950 2357 2179 2423 ambire,
2203 2358 2328 2428 quia
2359 2358 2412 2412 in
2445 2358 2559 2428 ipso
2574 2367 2700 2414 suat
2723 2359 3167 2424 omnia,etextra
3201 2360 3373 2431 ipsunt
3402 2362 3541 2418 nihil

1949 2460 2057 2505 est.
2089 2448 2248 2506 Solus
2275 2450 2417 2505 enim
2446 2450 2560 2520 ipse
2583 2457 2666 2504 est
2695 2466 2946 2506 mensura
2977 2451 3094 2506 sine
3132 2467 3407 2520 mensum,
3441 2471 3537 2508 nu-

1953 2556 2135 2596 merus
2163 2541 2283 2597 sine
2310 2555 2556 2608 numero,
2578 2541 2789 2612 pondus
2815 2541 2931 2597 sine
2953 2543 3210 2613 pondere.
3233 2544 3301 2598 Et
3322 2546 3537 2611 merito,

1950 2634 2077 2703 quia
2120 2650 2150 2688 a
2188 2631 2334 2687 nullo
2355 2673 2369 2697 ,
2403 2648 2506 2689 nec
2538 2649 2567 2686 a
2600 2634 2777 2705 seipse
2808 2642 3169 2698 mensuratnr,
3199 2645 3534 2700 muneratur,

1947 2726 2254 2788 ordinatur,
2289 2740 2388 2780 nee
2418 2725 2470 2779 in
2504 2725 2607 2779 ulla
2642 2740 2894 2781 mensura
2917 2767 2931 2792 ,
2962 2726 3013 2781 in
3043 2726 3150 2780 ullo
3189 2743 3446 2793 numero,
3478 2729 3535 2783 in

1950 2815 2060 2870 ullo
2086 2816 2278 2871 ordine
2303 2816 2550 2888 intelligit
2578 2832 2637 2873 se
2657 2833 2799 2884 esse,
2825 2818 3079 2888 quoniam
3103 2818 3156 2873 in
3180 2817 3324 2876 nullo
3344 2835 3534 2890 eorum

1950 2909 2382 2964 substantialiter
2408 2910 2738 2975 continetur,
2779 2927 2900 2967 cum
2935 2910 3082 2966 solus
3119 2926 3247 2968 vere
3276 2912 3330 2968 in
3361 2914 3536 2969 omni-

1949 3001 2051 3058 bus
2076 3017 2239 3074 supra
2276 3003 2736 3060 omniainlinitus
2763 3005 2981 3060 existat.
3019 3004 3182 3062 Etne
3206 3006 3339 3061 mihi
3369 3022 3535 3077 oppo-

1950 3108 2070 3160 nas,
2093 3110 2263 3164 quare
2288 3095 2541 3163 dixerim,
2568 3096 2814 3151 ordinem
2840 3110 3124 3167 corporum
3157 3097 3209 3151 in
3233 3096 3449 3154 altiores
3474 3114 3541 3153 se

1947 3198 2170 3241 naturas
2199 3187 2418 3243 extendi
2452 3185 2497 3218 ³³
2526 3203 2631 3242 non
2662 3186 2865 3250 valere,
2905 3202 3028 3242 cum
3068 3187 3372 3255 credamus,
3412 3205 3534 3243 om-

1945 3276 2031 3331 nia
2058 3292 2289 3347 corpora
2311 3276 2363 3331 in
2396 3276 2745 3348 incorporeas
2772 3277 3062 3347 qualitates
3092 3287 3255 3348 atque
3273 3280 3528 3335 substan-

1946 3365 2049 3423 tias
2073 3379 2196 3421 esse
2232 3365 2545 3422 transitura.
2575 3366 2801 3434 Quando
2824 3366 2970 3422 enim
3010 3368 3114 3423 hoc
3150 3369 3278 3434 erit,
3306 3384 3544 3440 corpora.

1944 3472 2068 3513 esse
2108 3458 2420 3514 cessabunt.
2473 3458 2664 3514 Adhuc
2704 3468 2887 3512 autem
2930 3459 3058 3512 dum
3112 3473 3336 3529 corpora
3383 3467 3539 3525 sunt,

1945 3565 2045 3623 nec
2066 3551 2111 3585 ⁸⁸
2142 3550 2371 3607 inferius
2392 3566 2565 3621 neque
2592 3551 2840 3628 superius
2867 3566 2996 3605 suae
3021 3560 3246 3606 naturae
3269 3551 3532 3609 terminos

1918 3651 2172 3711 .possunt
2201 3640 2523 3712 transgredi.
2556 3640 2633 3696 De
2670 3656 2773 3710 qua
2805 3651 2959 3711 parte
2984 3639 3377 3712 philosophiae,
3403 3643 3535 3697 dum

1945 3734 2013 3790 de
2048 3734 2222 3789 reditu
2264 3749 2445 3789 rerum
2476 3733 2531 3788 in
2557 3749 2753 3789 causas
2788 3730 3274 3798 considerabimus,
3305 3734 3553 3809 diligens

1947 3823 2055 3880 tius
2081 3823 2425 3879 tractabitur.
2446 3822 2599 3879 Nunc
2626 3833 2804 3878 autem
2833 3823 2898 3877 de
2925 3838 3011 3886 eo,
3046 3824 3189 3893 quod
3212 3824 3396 3891 instat,
3430 3825 3532 3881 hoc

1946 3926 2051 3981 est,
2084 3917 2226 3986 quod
2256 3917 2418 3987 Deus,
2461 3917 2597 3987 quid
2622 3917 2711 3981 sit,
2751 3932 2856 3970 non
2898 3914 3172 3985 intelligit,
3204 3916 3530 3970 intueamur.

1947 4009 2014 4064 Et
2043 4007 2085 4039 "
2111 4009 2178 4063 de
2202 4008 2307 4063 hoc
2346 4008 2490 4079 quod
2529 4022 2790 4063 conantur
2824 4009 3071 4067 suadere,
3101 4005 3228 4075 quid
3262 4004 3353 4059 tibi
3387 4005 3534 4059 vide-

1948 4110 2036 4158 tur
2075 4098 2139 4167 ¹⁸,
2169 4115 2276 4155 non
2325 4109 2378 4155 te
2419 4100 2619 4170 pudeat
2660 4098 2839 4153 fateri.
2874 4098 3016 4151 DlSC.
3060 4096 3135 4150 De
3165 4098 3267 4151 hac
3298 4096 3535 4151 mirabili

1946 4193 2125 4247 divina
2143 4191 2464 4263 ignorantia,
2498 4207 2601 4261 qtta
2627 4190 2766 4245 Deus
2781 4187 3170 4259 nonintelligit,
3194 4188 3322 4258 quid
3352 4188 3393 4219 ’⁷
3419 4188 3534 4258 ipse

1947 4287 2036 4343 sit.
2054 4300 2235 4357 quaea
2253 4294 2302 4340 te
2321 4284 2461 4339 dicta
2483 4282 2883 4352 sunt,quamvis
2893 4280 3207 4351 caliginosa,
3226 4294 3330 4334 non
3351 4287 3531 4334 tamen

1951 4377 2107 4440 falsa.
2130 4375 2224 4432 sed
2247 4390 2395 4438 vera.
2415 4374 2635 4444 verique
2653 4373 2849 4428 similia
2867 4372 2997 4427 mihi
3017 4371 3184 4426 videri
3208 4370 3398 4424 fateor.
3415 4368 3532 4425 Non

265 4468 544 4532 minabilc,
583 4468 734 4539 quid,
783 4468 827 4523 si
865 4469 989 4540 quis
1034 4479 1261 4539 quaerat
1301 4469 1418 4536 ejus
1461 4469 1845 4533 substantiam,
1880 4499 1928 4557 ο
1954 4471 2095 4525 enim
2121 4469 2337 4536 suades,
2354 4469 2523 4524 Deum
2541 4468 2776 4536 seipsum
2798 4462 3534 4537 ignorare,sedsolummodo

262 4573 429 4629 quae,
480 4558 528 4612 si
570 4558 624 4612 in
670 4558 852 4627 aliquo
892 4558 1045 4633 linito
1088 4568 1252 4624 esset,
1305 4559 1455 4614 linito
1494 4558 1712 4613 nomine
1745 4572 1850 4613 non

270 4651 522 4706 careret?
561 4650 830 4718 Quoniam
879 4667 1008 4706 vero
1046 4650 1101 4704 in
1142 4650 1288 4706 nullo
1330 4651 1698 4714 substituitur.
1721 4649 1849 4721 quia

265 4740 512 4797 inﬁnitus
549 4741 697 4798 onmi
739 4742 1106 4797 nominatione
1151 4750 1333 4808 caret,
1389 4741 1790 4797 innomiuabilis
1826 4743 1849 4774 ⁸

262 4844 366 4889 est.
397 4832 569 4889 Omne
599 4833 885 4903 siquidem,
920 4833 1066 4903 quod
1112 4833 1166 4888 in
1212 4833 1393 4903 aliquo
1418 4832 1849 4889 substantialiter

262 4923 601 4995 intelligitur,
633 4924 708 4979 ita
736 4934 793 4979 ut
821 4927 1040 4996 proprie
1062 4925 1127 4980 de
1147 4939 1212 4979 eo
1234 4926 1574 4994 praedicetur
1595 4924 1722 4995 quid
1753 4924 1839 4986 sit,

262 5029 444 5085 neque
490 5015 704 5070 modum
763 5032 940 5087 neque
986 5032 1293 5072 mensuram
1350 5018 1600 5072 excedit:
1661 5016 1842 5086 aliquo

261 5121 501 5176 namque
528 5108 708 5174 modo,
736 5123 844 5177 quo
871 5110 1074 5172 linitur.
1100 5108 1668 5177 concluditur;aliqua
1694 5123 1842 5161 men-

261 5214 416 5266 sura,
445 5216 605 5271 quam
625 5216 883 5272 superare
910 5218 1016 5257 non
1044 5210 1245 5271 potest,
1274 5201 1507 5256 lineatur
1529 5200 1570 5255 ⁸.
1613 5199 1669 5256 Si
1696 5199 1839 5255 enim

262 5289 512 5347 infimum
538 5292 592 5347 in
618 5300 812 5348 natura
838 5308 1018 5348 rerum
1047 5293 1343 5349 obtinuerit
1371 5292 1567 5357 lo‘cum,
1596 5307 1702 5364 quo
1726 5306 1842 5346 om-

1954 4564 2229 4639 ignorare,
2265 4561 2396 4634 quid
2433 4561 2526 4618 sit.
2557 4561 2626 4615 Et
2656 4560 2849 4615 merito
2873 4600 2887 4622 ,
2936 4558 3060 4628 quia
3098 4572 3203 4611 non
3238 4565 3322 4612 est
3358 4555 3529 4627 quid;

1951 4653 2196 4709 inlinitus
2262 4652 2461 4722 quippe
2526 4661 2609 4705 est
2664 4656 2720 4703 ct
2769 4648 2872 4703 sibi
2935 4647 3073 4717 ipsi,
3137 4654 3194 4699 et
3240 4644 3531 4710 omnibus,

1947 4759 2087 4814 quae
2114 4743 2183 4798 ab
2198 4757 2263 4798 eo
2289 4750 2433 4797 sunt.
2463 4740 2543 4795 Ac
2567 4754 2665 4811 per
2702 4739 2806 4793 hoc
2839 4739 2890 4792 in
2920 4737 3022 4794 hac
3049 4736 3234 4807 specie
3271 4736 3531 4806 ignorant-

1950 4836 2057 4890 tiae
2083 4833 2423 4904 apertissime
2468 4831 2939 4901 pulcherrimeque
2990 4843 3204 4885 summa
3235 4837 3291 4883 et
3337 4826 3526 4881 inclia-

1948 4925 2073 4983 bilis
2096 4924 2304 4980 arridet
2334 4923 2621 4993 sapientia.
2668 4922 2901 4979 Stultum
2931 4920 3201 4975 enim’Dei
3230 4919 3531 4990 sapientius

1947 5026 2033 5075 est
2052 5015 2378 5072 hominibus.
2399 5013 2537 5069 MAG.
2558 5013 2697 5081 Quid
2716 5013 2918 5083 itaque?
2931 5011 2987 5068 Si
3002 5012 3122 5082 quis
3145 5012 3210 5066 de
3227 5009 3335 5068 Deo
3365 5012 3533 5066 inter-

1947 5109 2240 5181 rogaverit,
2261 5118 2499 5179 quantus
2520 5107 2600 5161 vel
2634 5106 2810 5178 qualis
2838 5107 2942 5168 sit.
2973 5122 3101 5160 nunt
3138 5104 3233 5160 tibi
3276 5113 3419 5159 recte
3451 5104 3531 5156 vi-

1950 5201 2164 5256 debitur
2188 5199 2535 5270 responderi,
2573 5206 2755 5254 tantus
2780 5208 2836 5254 ct
2880 5198 3035 5252 talis?
3060 5196 3173 5249 Non
3220 5195 3362 5249 illam
3406 5193 3528 5249 dico

1952 5292 2311 5364 quantitatem
2337 5298 2392 5346 et
2427 5288 2767 5359 qualitatem,
2806 5289 2873 5344 de
2910 5304 3013 5358 qua
3056 5285 3320 5365 Propheta
3349 5283 3526 5340 dicit:

1556 5447 1806 5503 VARIAE
1846 5445 2246 5503 LECTIONES.

337 5570 354 5600 ¹
381 5566 490 5622 Pro
518 5565 749 5621 inCita.
826 5566 847 5598 ³
885 5565 1017 5621 Asi.
1094 5565 1169 5619 'A
1207 5563 1465 5619 verissime
1499 5563 1563 5619 de
1606 5562 1733 5617 Deo.
1808 5563 1830 5593 ⁵
1870 5579 2031 5632 genus
2073 5575 2183 5615 om.
2226 5559 2289 5614 C.
2367 5558 2390 5592 ⁸
2426 5556 2609 5629 Conj.,
2634 5556 2722 5613 AC
2762 5557 2887 5627 quia
2921 5551 3344 5632 in_nomi_qabilis.
3419 5550 3441 5583 '
3482 5550 3526 5608 ϐ

263 5641 451 5693 liuent.
553 5637 574 5668 '
609 5635 651 5690 Α
703 5636 1049 5692 relaxantur.
1151 5636 1173 5669 ⁸
1219 5636 1264 5688 Α
1307 5634 1688 5688 exlemleretur.

266 5710 311 5741 “
372 5708 466 5762 Sic
514 5705 593 5773 C;
631 5707 676 5762 Λ
702 5718 921 5761 naturae
954 5707 1162 5762 ordines
1199 5722 1329 5759 esse.

1811 5632 1832 5663 ⁹
1894 5635 1986 5688 sed
2050 5633 2344 5687 naturalem
2398 5659 2469 5671 -—-
2528 5639 2722 5683 slulum
2782 5642 2890 5681 om.

1442 5704 1484 5734 ”
1517 5705 1607 5759 Sic
1646 5703 1755 5758 AC.
1789 5703 1831 5737 ⁸³
1881 5703 1921 5759 C
1955 5704 2249 5760 extendere.

2947 5626 3010 5680 C.
3122 5623 3165 5655 ³⁸
3216 5624 3257 5676 C
3297 5632 3523 5678 coartet.

2328 5702 2372 5733 tt
2406 5700 2447 5754 ο
2473 5716 2595 5754 που,
2692 5695 2894 5768 "qugd
2923 5688 3059 5749 θειιέ
3094 5691 3271 5768 -ςτ-Ιξι
3308 5695 3519 5768 om...C.

267 5779 314 5811 ¹⁶
353 5761 451 5833 δίαν
484 5775 554 5843 C,
580 5761 632 5835 Ἀ
665 5776 727 5831 Et
747 5791 921 5834 utrum
957 5777 1048 5832 tibi
1093 5775 1355 5849 probabile
1385 5775 1603 5841 videtur,
1631 5773 1771 5844 quod
1793 5789 2043 5832 conamur
2077 5768 2142 5832 de
2163 5776 2258 5830 hoc
2280 5775 2519 5853 suadere,
2545 5786 2647 5825 non
2668 5777 2715 5823 lc
2733 5761 2925 5842 pudeat
2965 5775 3067 5822 cet.
3147 5765 3188 5798 ”
3211 5761 3254 5819 C
3281 5765 3439 5836 quod.
