4064 6292
528 344 636 413 εει

1913 345 2196 407 JOANNIS
2231 343 2430 403 soon
2494 308 2500 315 ’

3692 332 3806 395 592

529 459 762 539 Magnus
795 462 1050 534 Dominus
1068 472 1118 519 et
1138 461 1422 519 laudabilis
1444 461 1621 527 nimis,
1638 460 1700 517 ἐι
1735 461 2110 540 magnitudinis
2138 465 2184 526 Α
2215 458 2424 517 nullum
2455 455 2620 513 silum
2641 453 2978 522 babitumve,
3011 452 3215 510 nullum
3237 451 3415 509 locum
3436 464 3531 508 seu
3565 458 3806 522 tempus,

530 552 651 629 ejus
672 572 777 611 non
812 566 891 611 est
911 554 1058 624 ﬁnis.
1094 554 1247 618 Vide,
1277 568 1442 624 quam
1468 551 1576 608 alte
1596 551 1908 623 .Tlteologus
1942 551 2114 621 Ιοιιυίέ

531 644 934 718 ιιιιιειιαῃηαε,
977 646 1175 716 inquit,
1211 644 1485 700 Dominus.
1525 644 1632 700 Sed
1682 660 1751 700 ne
1795 644 1916 715 quis
1963 643 2118 699 ﬁnita

531 735 836 806 quantitate
871 750 996 792 eum
1042 735 1185 790 ﬁniri
1220 742 1458 807 putaret,
1508 733 1768 790 continuo
1806 733 1956 789 addit
2000 750 2015 788 :
2064 743 2115 788 et

528 826 911 898 magnitudinis
939 826 1054 896 ejus
1084 843 1187 881 non
1217 835 1292 881 est
1322 825 1467 894 ﬁnis.
1506 824 1661 892 Item,
1696 839 1765 879 ne
1791 824 1913 895 quis
1940 822 2115 892 quali-

531 924 698 970 tatem
728 916 937 970 lluitam
964 916 1020 971 in
1056 931 1121 971 eo
1140 930 1261 971 esse
1284 915 1619 988 opinaretur,
1658 929 1766 970 non
1806 912 1944 969 dixit
1978 912 2112 968 sitn-

527 1005 747 1076 }licitcr
787 1017 834 1060 et
883 1004 1190 1072 laudabilis,
1239 1004 1335 1061 sed
1375 1006 1651 1077 subiunxit
1679 1023 1694 1059 :
1727 1006 1917 1070 nimis;
1952 1003 2115 1059 nimis

529 1102 715 1152 autem
757 1096 976 1159 dicitur,
1012 1086 1156 1168 quod
1194 1111 1412 1151 omnem
1453 1097 1672 1151 modum
1713 1095 1947 1150 excedit.
1994 1093 2113 1149 Non

528 1184 677 1241 illam
710 1187 915 1255 itaque,
944 1196 1004 1242 ut
1030 1186 1165 1253 dixi,
1189 1188 1547 1258 quantitatem
1571 1185 1838 1242 inﬁnitam
1869 1186 2113 1251 nomino,

530 1286 637 1334 nec
670 1277 816 1333 illam
840 1277 1175 1351 qualitatem,
1200 1295 1342 1351 quae
1371 1286 1455 1336 est
1478 1279 1673 1344 nimis;
1704 1280 1841 1334 haec
1878 1292 2117 1347 namque

525 1379 639 1423 non
655 1366 675 1399 ¹
702 1367 997 1439 incongrue
1017 1368 1084 1424 de
1113 1368 1223 1424 Deo
1240 1370 1579 1442 cogitantur;
1608 1369 1703 1426 sed
1726 1356 2045 1440 qualitatem
2059 1377 2114 1423 et

525 1457 906 1528 quantitatem,
929 1474 1069 1530 quae
1093 1461 1388 1517 secundum
1422 1460 1676 1516 accidens
1692 1460 1745 1515 in
1768 1458 2011 1527 subjecto
2031 1458 2112 1514 di-

524 1542 742 1605 cuntur.
762 1551 904 1608 Dtsc.
921 1550 1037 1606 mon
1061 1560 1207 1608 recte
1228 1553 1466 1622 quidem.
1486 1550 1591 1608 Ubi
1607 1552 1750 1607 enim
1781 1566 1887 1606 non
1905 1550 2115 1606 inveni-

524 1649 617 1696 tur
642 1640 864 1697 deﬁnita
891 1642 1213 1709 substantia,
1249 1628 1356 1708 vel,
1386 1651 1446 1697 ut
1484 1642 1558 1697 ita
1587 1641 1765 1696 dicam
1784 1682 1801 1707 ,
1825 1639 2129 1696 deﬁnitum

523 1729 852 1802 subjectum,
874 1732 946 1787 ibi
973 1734 1331 1804 quantitatem
1363 1734 1463 1789 ‘ct
1498 1731 1813 1803 qualitatem
1848 1744 2114 1803 quaerere

2216 552 2421 608 nullum
2470 566 2633 621 agere
2670 550 2758 606 vel
2814 550 2927 621 pati
2971 543 3197 605 'omnine
3233 545 3283 601 ei
3311 544 3580 607 accidere,
3611 558 3676 599 ac
3701 556 3817 621 pet

2215 647 2320 703 hoc
2342 646 2546 703 nullum
2579 659 2765 701 eorum
2789 657 2890 699 nec
2918 657 2953 697 a
2974 641 3175 711 seipse,
3207 653 3310 694 nec
3333 639 3403 693 ab
3430 636 3536 691 alio
3551 637 3606 691 in
3621 635 3807 705 seipso

2216 737 2263 770 υ
2304 736 2527 807 intelligi
2553 734 2753 807 posse?
2778 732 3056 804 Siquidem
3084 728 3306 787 deﬁnita
3328 727 3633 784 substantia
3652 726 3713 779 in
3732 724 3817 780 ω’

2214 841 2322 883 non
2355 835 2594 899 reperta,
2632 839 2810 895 neque
2851 821 3149 888 intellecta,
3179 818 3386 876 nullum
3436 817 3807 874 accidentium

2213 919 2468 978 deﬁnitae
2520 916 2858 973 substantiae
2887 915 2938 971 ei
2993 914 3244 970 accidere
3291 919 3502 968 rectum
3530 908 3804 966 estdubi-

2213 1020 2350 1067 tare.
2404 1010 2502 1066 Ubi
2546 1009 2691 1064 enim
2751 1006 2934 1063 deﬁcit
2983 1004 3263 1062 deﬁnitum
3323 1003 3667 1074 subjectum,
3721 996 3804 1056 ibi

2213 1101 2421 1158 nullum
2479 1099 2735 1156 accidens
2789 1096 3108 1167 intelligitur
3150 1095 3463 1166 adiunctum
3508 1090 3598 1147 vel
3645 1103 3807 1157 sepa-

2212 1201 2411 1258 ratum,
2441 1190 2528 1246 vel
2552 1189 2661 1244 ullo
2685 1189 2846 1244 modo
2866 1195 3060 1241 natura
3086 1183 3321 1255 subjecti
3338 1183 3656 1239 discretum.
3690 1177 3813 1234 Sctf

2211 1293 2272 1341 ut
2308 1279 2551 1341 breviter
2574 1284 2642 1337 de
2666 1280 2895 1351 singulis
2932 1279 3199 1355 dicamus,
3246 1276 3315 1331 de
3336 1273 3535 1346 quibus
3559 1272 3612 1326 in
3634 1286 3809 1342 supc—

2211 1377 2343 1433 riori
2365 1375 2505 1431 libro
2526 1374 2744 1444 copiose
2761 1371 2806 1404 "
2833 1369 3188 1427 tractavimus
3207 1384 3220 1420 :
3239 1365 3375 1433 Quis
3406 1363 3620 1447 divinae
3648 1369 3780 1415 natu

2211 1485 2307 1525 rae
2334 1469 2496 1525 situm
2539 1466 2782 1532 dederit,
2805 1465 2935 1519 dum
2961 1469 3016 1518 et
3057 1462 3173 1533 ipsa
3202 1459 3254 1514 in
3283 1458 3459 1528 seipsa
3492 1453 3701 1510 nullum
3727 1467 3809 1507 ss-

2211 1571 2325 1617 tum
2371 1558 2688 1631 cognoscit?
2729 1556 2881 1613 Silus
2921 1556 3065 1612 enim
3103 1561 3196 1609 aut
3230 1551 3468 1623 partium
3498 1550 3555 1605 in
3603 1556 3719 1604 toto
3754 1546 3813 1579 "

2210 1661 2324 1719 est;
2382 1650 2530 1706 verbi
2578 1649 2775 1721 gratia,
2828 1647 2966 1702 situs
3013 1643 3239 1701 humani
3264 1639 3510 1712 corporis
3545 1646 3632 1695 cst
3664 1636 3815 1692 ordo

2211 1743 2602 1807 membrorum,
2650 1754 2758 1810 quo
2800 1738 2845 1772 *'
2873 1752 3035 1795 omne
3079 1735 3380 1791 membrum
3409 1732 3465 1787 in
3487 1745 3585 1787 suo
3608 1727 3816 1784 ordine

521 1831 579 1878 et
605 1822 824 1878 ﬁrmare
852 1823 1076 1879 stultum
1110 1824 1267 1881 valde
1294 1824 1516 1894 risuque
1535 1824 1757 1895 dignum
1794 1822 1928 1879 mihi
1960 1822 2111 1878 vidc-
2135 1833 2184 1895 Β
2212 1836 2412 1892 sinitur
2450 1834 2514 1889 η,
2569 1831 2719 1887 situs
2764 1844 2982 1902 quoque
3006 1828 3205 1884 dicitur
3231 1825 3396 1882 totius
3418 1822 3668 1893 corporis
3704 1834 3808 1892 po-

520 1922 630 1969 tnr.
661 1912 740 1970 Ac
771 1930 867 1987 per
906 1916 1030 1983 hoc,
1060 1917 1187 1972 dum
1216 1916 1270 1972 in
1295 1914 1406 1972 Deo
1429 1931 1531 1971 nec
1560 1916 1696 1987 ipse,
1726 1929 1827 1971 nec
1854 1914 1993 1969 alius
2022 1913 2106 1969 in-

519 2003 767 2061 tellectus
788 2006 951 2060 ullam
977 2005 1253 2060 definitam
1276 2006 1658 2070 substantiam,
1690 2005 1795 2072 vel,
1828 2014 1888 2061 ut
1916 2005 1992 2060 ita
2024 2004 2105 2060 die

518 2111 663 2162 cam,
712 2098 996 2153 deﬁnitum
1026 2096 1344 2166 subjectum,
1376 2097 1672 2154 secundum
1702 2097 1845 2168 quod
1882 2095 1989 2152 dici
2021 2094 2107 2151 vel

516 2184 743 2259 intelligi
796 2188 972 2244 valeat
998 2189 1128 2257 quid
1154 2189 1247 2256 sit,
1292 2187 1530 2270 reperire
1557 2204 1664 2244 non
1693 2196 1897 2260 potest,
1927 2203 2106 2244 nonne

515 2278 900 2349 limpidissime
944 2279 1135 2345 claret,
1178 2280 1380 2336 nullam
1441 2280 1649 2335 ﬁnitam
1692 2280 1777 2335 vel
1834 2279 2105 2335 inﬁnitam

517 2373 904 2442 quantitatem,
958 2371 1158 2426 nullam
1193 2371 1511 2442 qualitatem
1560 2371 1770 2427 ﬁnitam
1800 2371 1887 2426 vel
1919 2371 2105 2426 inlini-

521 2473 633 2518 tam
666 2464 720 2518 in
767 2464 884 2534 ipso
927 2465 1179 2536 cognosci
1207 2480 1238 2520 a
1272 2479 1332 2519 se
1360 2466 1498 2535 ipso,
1523 2464 1615 2521 vel
1641 2466 1710 2521 ab
1740 2464 1848 2521 alio
1883 2464 2111 2521 valere?

521 2552 582 2610 Si
605 2554 749 2609 cnim
775 2568 991 2610 omnem
1016 2554 1224 2610 ﬁnitam
1253 2564 1310 2611 et
1336 2555 1602 2611 inﬁnitam
1632 2556 1992 2612 substantiam
2023 2558 2105 2611 in-

523 2643 675 2699 ﬁnita
717 2653 773 2700 et
818 2645 1102 2717 plusquam
1143 2645 1351 2702 inﬁnita
1378 2649 1630 2719 propriae
1658 2648 1878 2703 virtutis
1922 2648 2110 2704 excel-

517 2733 681 2791 lentia
731 2736 1119 2808 superexaltat,
1173 2738 1295 2809 quis
1337 2754 1444 2794 non
1478 2739 1737 2795 continuo
1765 2755 1838 2795 ac
1852 2741 1968 2796 sine
1994 2740 2102 2796 ulla

516 2825 857 2884 dubitatione
930 2837 1215 2899 erumpat,
1282 2836 1343 2884 ut
1409 2840 1597 2900 aperte
1655 2830 1893 2886 fateatur
1941 2840 2104 2901 atque

520 2918 824 2985 exclamet,
858 2918 1059 2975 nullam
1096 2919 1303 2974 ﬁnitam
1326 2919 1411 2975 vel
1450 2921 1714 2976 inﬁnitam
1745 2922 2106 2993 quantitatem

516 3012 605 3068 vel
640 3012 956 3082 qualitatem
1013 3013 1067 3067 in
1122 3027 1246 3068 eum
1289 3013 1504 3079 cadere,
1529 3022 1624 3069 aut
1646 3014 1756 3070 ullo
1784 3014 1944 3071 modo
1972 3015 2103 3085 quid

518 3104 741 3161 omnino
765 3106 923 3162 esse?
941 3105 1076 3161 Nam
1102 3105 1191 3160 ubi
1221 3103 1496 3161 invenitur
1515 3106 1667 3177 quid,
1691 3106 1765 3162 ibi
1792 3107 2099 3174 confestim,

520 3205 780 3266 quantum
811 3204 865 3252 et
887 3196 1065 3268 quale.
1096 3196 1198 3255 Ubi
1228 3215 1365 3256 vero
1396 3214 1502 3255 non
1530 3207 1615 3255 εει
1637 3200 1783 3269 quid,
1813 3199 1887 3255 ibi
1930 3216 2102 3271 quan-
2129 3186 2176 3250 C

520 3292 638 3343 tum
669 3296 726 3343 ct
747 3288 910 3357 quale
930 3288 1267 3359 impossibile
1294 3298 1377 3346 est
1408 3290 1655 3360 reperiri.
1685 3290 1742 3345 Si
1771 3305 1903 3361 ergo
1932 3290 1985 3345 in
2016 3306 2104 3345 rc-

518 3392 643 3433 rum
691 3379 979 3450 generibus
1025 3394 1199 3452 neque
1226 3382 1374 3452 quid,
1401 3396 1576 3451 neque
1609 3390 1895 3450 quantum,
1927 3394 2129 3451 neque

519 3472 699 3541 quale,
734 3488 909 3540 neque
956 3473 1123 3529 ullum
1164 3476 1420 3531 accidens
1458 3474 1794 3544 intelligitur,
1845 3475 2103 3546 quoniam

517 3561 784 3631 simplicia
823 3571 969 3631 sunt,
1012 3564 1149 3619 haec
1174 3580 1304 3621 vero
1351 3565 1407 3621 in
1446 3564 1739 3621 individuis
1765 3563 2108 3621 solummodo

517 3664 886 3724 quaeruntur,
913 3657 1054 3730 quis,
1080 3657 1185 3714 nisi
1212 3659 1425 3723 stultus,
1455 3657 1507 3713 in
1536 3658 1648 3713 Deo
1670 3658 1800 3729 quid
1828 3659 1912 3714 vel
1937 3672 2108 3730 quan-

526 3756 642 3802 tum
663 3747 749 3803 vel
777 3748 936 3818 quale
966 3751 1161 3806 audeat
1186 3750 1497 3822 quaerere?

592 3836 736 3894 ΜΑε.
761 3836 902 3906 Quid
930 3840 1118 3912 igitur?
1148 3840 1285 3896 Num
1312 3842 1365 3896 in
1394 3856 1459 3896 eo
1483 3841 1737 3897 aestimas
1757 3856 1878 3897 esse
1892 3840 2108 3898 relatio-

518 3944 670 3997 nem,
691 3945 831 4002 quac
845 3946 873 3986 a
904 3930 1129 3988 Graecis
1149 3932 1347 3988 dicitur
1371 3934 1502 4013 πρὸς
1525 3956 1594 3991 τι.
1615 3935 1761 3989 Dtsc.
1776 3932 1972 4007 Ncltoe
1989 3934 2107 4004 qui-

520 4023 643 4078 dem
683 4022 935 4079 dixerim.
969 4021 1072 4079 Ubi
1109 4024 1254 4079 enim
1277 4024 1298 4056 ³
1327 4025 1545 4079 deﬁnita
1562 4026 1859 4080 substantia
1878 4039 1983 4080 non
2008 4039 2107 4094 po-

517 4121 629 4171 test
674 4114 930 4186 intelligi,
966 4114 1037 4170 ibi
1070 4116 1271 4170 nullam
1295 4115 1610 4171 relationem
1650 4117 1767 4172 ﬁeri
1800 4131 1958 4187 posse
1995 4131 2103 4172 non

416 4248 425 4269 κ
517 4205 754 4277 ambigo.
803 4206 923 4262 Non
964 4207 1108 4261 enim
1168 4206 1303 4264 cst"
1332 4209 1627 4263 secundum
1677 4209 2031 4264 substantiam
2059 4207 2099 4272 ⁸,

519 4297 617 4352 sed
647 4297 945 4352 secundum
977 4297 1246 4367 quandam
1296 4299 1544 4369 copulam
1577 4299 2051 4370 babitudinemque
2080 4299 2104 4332 ⁸

523 4389 755 4442 duorum
787 4402 881 4442 seu
912 4386 1184 4457 plurium’
1214 4387 1595 4457 subiectorum.
1620 4387 1755 4443 Nam
1780 4390 1992 4459 quodin
2016 4389 2102 4444 di-

516 4477 681 4533 vinae
707 4479 964 4534 bonitatis
979 4477 1278 4560 .Trinitate,
1307 4479 1407 4534 sub
1430 4479 1649 4534 rciativa
1672 4480 1697 4512 ⁸
1723 4480 1917 4547 forma,
1940 4480 2103 4535 Pater

2207 1926 2360 1993 sitio,
2387 1924 2539 1981 verbi
2587 1922 2785 1994 gratia,
2811 1930 2943 1990 stat,
2976 1920 3152 1986 sedet,
3174 1918 3350 1989 jacet,
3387 1915 3595 1989 quibus
3633 1914 3817 1970 omni-

2206 2017 2310 2074 bus
2334 2016 2558 2072 omnino
2585 2015 2807 2070 divinae
2832 2013 3106 2070 cssentiae
3131 2012 3386 2066 virtutem
3413 2022 3606 2064 carere
3634 2022 3809 2063 nemo

2204 2116 2353 2164 recte
2395 2096 2891 2178 philosophantium
2919 2103 3156 2175 ignorat.
3189 2100 3305 2155 Non
3327 2098 3472 2155 enim
3497 2108 3672 2152 totum
3694 2104 3808 2163 est,

2204 2212 2381 2268 neque
2423 2211 2571 2268 pars,
2601 2209 2777 2266 neque
2802 2194 2953 2251 sedet
2979 2192 3146 2249 veluti
3176 2190 3424 2262 fatigata,
3452 2202 3632 2258 neque
3653 2187 3807 2259 jacet

2204 2296 2264 2344 ut
2293 2296 2586 2359 prostrata,
2601 2300 2778 2357 neque
2790 2292 2914 2356 post
2928 2283 3093 2351 ullum
3115 2281 3159 2314 "
3179 2280 3382 2338 metum
3402 2277 3637 2348 διεμιΔά
3664 2278 3811 2332 dex-

2205 2390 2345 2437 tram
2376 2380 2555 2436 Patris
2579 2380 2766 2436 sedere
2781 2378 2950 2435 Filius
2969 2376 3170 2431 dicitur
3194 2374 3261 2441 η,
3292 2382 3437 2429 totus
3456 2370 3652 2435 Filius,
3668 2367 3805 2426 Ver-

2203 2477 2329 2533 bum
2359 2483 2416 2532 ct
2433 2491 2582 2531 caro.
2609 2473 2807 2530 Dextra
2832 2471 3012 2528 Patris
3032 2478 3119 2526 est
3144 2467 3387 2539 potentia
3401 2466 3603 2532 Patris,
3628 2464 3796 2521 forti-

2206 2568 2335 2625 tudo
2366 2567 2566 2623 Patris.
2621 2565 2742 2636 ipse
2790 2565 2973 2634 itaque
3019 2560 3192 2617 Filius
3221 2562 3414 2616 dextra
3466 2556 3652 2614 Patris
3690 2565 3800 2611 est.

2204 2659 2305 2716 Ubi
2334 2659 2499 2729 igitur
2527 2656 2570 2689 ι’
2595 2657 2767 2721 sedet,
2795 2654 2849 2709 in
2894 2654 3075 2724 seipso
3096 2652 3269 2717 sedet,
3306 2642 3805 2706 consubstantialis

2204 2750 2350 2806 Patri
2389 2764 2635 2815 manens,
2672 2746 2922 2817 judicans
2943 2745 3127 2806 omnia
3168 2742 3403 2815 quietus.
3449 2739 3575 2819 Stat
3600 2739 3650 2771 ²⁹
3677 2737 3799 2795 Ste-

2204 2843 2387 2916 phano
2413 2840 2674 2896 militibus
2695 2852 3069 2910 compugnans
3088 2835 3222 2901 suis,
3247 2835 3382 2890 dans
3403 2832 3485 2890 eis
3507 2830 3819 2897 virtutem,’

2202 2943 2266 2989 ut
2314 2934 2538 2989 vincant
2580 2932 2636 2988 in
2685 2930 2872 2997 terris,
2900 2930 3087 2985 dextra
3121 2927 3338 2983 Domini
3363 2925 3483 2997 fecit
3514 2926 3760 2981 virtutem
3780 2962 3803 2988 ,

2201 3024 2441 3095 largiens
2474 3021 2554 3080 eis
2598 3037 2858 3080 coronam
2880 3019 3237 3078 confessionis
3274 3018 3376 3074 sibi
3424 3018 3470 3090 εδ
3524 3017 3580 3072 in
3608 3016 3800 3072 caelis.

2205 3114 2341 3170 Vide
2359 3113 2630 3186 quomodo
2649 3114 2819 3179 sedet,
2844 3111 3113 3183 quomodo
3147 3120 3278 3166 stat.
3309 3108 3460 3166 Situs
3484 3109 3535 3142 ”
3556 3108 3661 3165 iste
3685 3123 3800 3178 my»

2208 3207 2377 3263 sticus
2418 3213 2525 3271 est,
2546 3220 2652 3260 non
2680 3219 2998 3276 corporeus,
3028 3214 3132 3259 noa
3155 3201 3363 3267 locaiis,
3403 3201 3501 3258 sed
3542 3200 3799 3270 spiritua-

2208 3300 2278 3356 lis
2302 3300 2371 3354 ’³.
2408 3299 2594 3355 Talem
2616 3299 2668 3333 “
2689 3298 2849 3353 situm
2872 3297 3087 3353 divinae
3108 3304 3335 3351 naturae
3353 3303 3641 3364 cognosce.
3666 3290 3801 3361 Quis

2208 3393 2261 3448 ei
2301 3393 2547 3447 habitum
2590 3388 2919 3459 adiunxerit,
2948 3389 3075 3444 dum
3100 3388 3155 3443 in
3182 3386 3360 3457 scipsa
3382 3384 3588 3440 nullum
3618 3378 3815 3453 perci—~

2206 3483 2288 3556 pit
2322 3484 2601 3539 habitum?
2647 3481 2766 3553 ipsa
2798 3480 3066 3552 siquidem
3110 3478 3213 3535 sibi
3246 3477 3346 3548 ipsi
3378 3476 3445 3532 ad
3483 3475 3797 3531 habendum

2208 3573 2426 3639 sttﬁicit,
2450 3588 2553 3629 nec
2589 3572 2697 3627 ulla
2723 3572 2894 3627 virtus
2924 3571 2973 3625 ei
2997 3569 3215 3637 accidit,
3243 3568 3495 3639 quoniam
3528 3567 3588 3621 in
3617 3566 3797 3635 seipsa

2208 3665 2603 3735 simplicissima
2626 3662 2819 3726 virtus,
2850 3670 2905 3717 et
2930 3660 3212 3731 plusquam
3235 3660 3408 3714 virtus
3437 3656 3709 3721 subsistit,
3735 3661 3795 3709 et

2206 3756 2331 3811 fons
2379 3755 2620 3810 omnium
2644 3753 2938 3816 virtutum,
2984 3759 3040 3804 et
3091 3763 3445 3819 quaecunque
3486 3745 3795 3802 substantia

2206 3847 2461 3903 virtutem
2483 3846 2740 3917 possidet,
2761 3861 2869 3901 nou
2893 3842 3110 3898 aliunde
3132 3841 3316 3907 habet,
3347 3839 3450 3895 nisi
3475 3855 3541 3894 ex
3567 3838 3813 3916 particic.

2207 3940 2429 4010 patione
2449 3937 2783 4009 generalium
2817 3936 3100 3996 virtutum,
3123 3947 3259 4004 quas
3295 3930 3535 3987 omnium
3560 3922 3809 3985 causalis

2206 4033 2380 4085 virtus
2428 4031 2482 4084 in
2535 4027 2974 4100 primordialilius
3024 4026 3137 4081 suis
3183 4024 3425 4081 condidit
3481 4021 3787 4095 principiis.

2205 4119 2362 4177 Omni
2391 4119 2510 4175 loco
2533 4128 2683 4174 caret
2706 4118 2759 4191 ξ’
2783 4118 2960 4172 divina
2994 4125 3208 4179 natura,
3238 4113 3485 4185 qnamvis
3514 4114 3659 4168 intra
3707 4124 3792 4167 se-

2207 4212 2377 4282 ipsam
2407 4211 2608 4277 omnia,
2631 4226 2770 4280 quae
2789 4208 2857 4263 ab
2882 4223 2943 4263 ea
2965 4216 3110 4272 sunt,
3133 4205 3389 4269 collocct;
3417 4204 3649 4272 ideoque
3667 4217 3791 4258 om-
3884 4192 3893 4201 ’

2207 4303 2356 4357 nium
2400 4302 2550 4356 locus
2594 4301 2811 4365 dicitur,
2838 4300 3069 4369 seipsam
3100 4306 3277 4351 tamen
3308 4294 3482 4349 nescit
3504 4294 3554 4326 “
3574 4292 3790 4353 locare,

2206 4393 2332 4462 quia
2364 4392 2573 4448 inﬁnita
2606 4399 2691 4447 est
2712 4389 3272 4458 etincircumscripta,
3297 4395 3353 4441 et
3389 4401 3419 4440 a
3456 4384 3607 4439 nullo
3628 4381 3787 4437 intel-

2206 4481 2372 4547 lectu,
2397 4496 2572 4552 neque
2593 4497 2622 4536 a
2655 4481 2829 4551 seipsa
2854 4480 2898 4512 ³⁷
2927 4479 3112 4540 locari,
3140 4478 3192 4531 id
3218 4485 3322 4540 est,
3354 4474 3568 4530 deﬁniri
3598 4482 3655 4529 et
3675 4471 3787 4528 cir-

517 4567 641 4624 Filii
666 4568 865 4625 dicitur
886 4569 932 4637 ',
954 4548 1010 4625 et
1030 4548 1202 4626 Pilius
1230 4568 1425 4633 Patris,
1449 4570 1569 4639 plus
1589 4570 1718 4625 mihi
1746 4570 2105 4641 possessionis
2134 4548 2181 4608 θ
2207 4548 2500 4631 cumscribi
2534 4548 2838 4647 permittit.
2898 4571 2981 4627 Ab
3030 4572 3145 4641 ipsa
3172 4568 3438 4637 siquidem
3472 4564 3684 4620 inﬁnita
3732 4571 3791 4618 et

516 4657 785 4726 habitum,
824 4674 988 4730 quam
1018 4659 1299 4717 relationis
1325 4661 1749 4717 vicissitudinem
1795 4663 2009 4717 videtur
2032 4662 2106 4717 si-
2134 4672 2161 4686 "
2206 4667 2491 4738 plusquam
2524 4666 2731 4720 inﬁnita
2756 4665 2938 4719 omnia
2970 4664 3118 4718 ﬁnita
3144 4670 3200 4717 et
3226 4660 3432 4716 inﬁnita
3460 4659 3786 4729 procedunt,

518 4748 800 4820 gniﬁcare.
828 4749 945 4805 Non
972 4760 1154 4807 autem
1179 4752 1428 4809 accidens
1458 4744 1618 4808 est“
1645 4753 1793 4810 Patri
1824 4753 2103 4825 possidere
2205 4760 2371 4829 inque
2421 4760 2593 4829 ipsam
2638 4758 2686 4790 ’³
2727 4757 2991 4812 inﬁnitam
3019 4764 3074 4810 et
3095 4754 3377 4825 plusquam
3408 4750 3675 4807 inﬁnitam
3702 4762 3790 4804 re-

524 4841 743 4910 Filium,
775 4858 876 4899 nec
902 4843 944 4876 “
974 4843 1124 4915 Filiof
1148 4846 1426 4917 possidere
1467 4846 1705 4902 Patrem.
1738 4848 1879 4903 Mne.
1910 4848 1986 4903 De
2013 4861 2103 4902 cc-
2206 4850 2394 4907 deum.
2423 4834 2691 4920 Tempore
2729 4849 2779 4880 ”
2811 4856 2961 4903 caret
2991 4863 3054 4902 ea
3082 4853 3296 4909 natura,
3324 4857 3463 4912 quae
3491 4842 3789 4914 scignorat

522 4935 656 4992 teris
704 4935 993 5008 catcgoriis
1041 4952 1139 5007 per
1184 4924 1390 5008 singula
1431 4937 1757 5007 superﬂuum
1780 4938 1993 4994 videtur
2023 4938 2099 4992 di-
2204 4943 2530 5014 principium
2557 4942 2755 4997 habere
2781 4941 2864 4996 vel
2910 4942 3092 5006 ﬁnem,
3117 4948 3172 4995 et
3192 4953 3408 4995 onmem
3432 4942 3789 5003 motum,an

520 5040 673 5093 cere,
711 5035 769 5082 ut
789 5026 1037 5082 aestimo.
1056 5026 1193 5082 Nam
1213 5028 1256 5084 si
1282 5029 1424 5085 Deus
1452 5030 1567 5100 ipse
1586 5029 1823 5099 scipsnm
1852 5030 1904 5085 in
1953 5029 2098 5084 nulla
2201 5044 2450 5090 movetur
2471 5047 2650 5097 omne,
2668 5032 2809 5102 quod
2835 5046 2865 5086 a
2893 5032 3157 5101 principio
3183 5030 3250 5086 ad
3273 5029 3433 5083 tinem
3458 5034 3516 5080 et
3547 5026 3601 5080 in
3624 5023 3785 5077 ﬁnem

526 5118 747 5174 deﬁnita
778 5116 1101 5185 substantia,
1130 5133 1223 5175 seu
1246 5120 1564 5190 quantitate,
1589 5135 1682 5177 seu
1703 5120 2100 5191 qualitate,seu
2200 5134 2464 5181 movetur.
2516 5121 2699 5178 Nescit
2753 5122 2805 5176 in
2852 5137 2911 5178 se
2953 5121 3307 5183 incrementa,
3353 5131 3492 5187 quae
3531 5114 3790 5183 ﬁuntper

518 5207 784 5267 relatione
808 5207 1100 5280 intelligit,
1124 5209 1209 5264 cui
1251 5210 1371 5266 lucc
1399 5211 1598 5267 clarius
1646 5227 1754 5267 non
1783 5212 2097 5282 apparebit,
2199 5227 2456 5269 numeros
2475 5212 2717 5268 locorum
2742 5220 2796 5266 et
2820 5220 3145 5282 temporum,
3169 5207 3255 5265 vel
3275 5205 3629 5270 detrimenta,
3651 5213 3790 5272 quo-

1812 5319 2069 5377 VAIUAE
2104 5322 2509 5381 LECTIONES.

593 5432 612 5466 ⁸
645 5450 753 5489 non
800 5449 917 5505 om.
949 5433 1012 5490 C.
1050 5503 1057 5505 Α
1119 5432 1140 5465 ¹
1179 5433 1268 5488 Sic
1297 5432 1368 5501 C;
1399 5434 1444 5489 Α
1497 5435 1932 5505 quantitatem,“
1985 5422 2339 5505 qualitatem.
2415 5434 2437 5469 ³
2464 5434 2602 5491 enim
2635 5451 2744 5492 om.
2798 5434 2863 5490 A.
2959 5437 2981 5468 ⁸
3012 5434 3105 5492 Sic
3140 5435 3210 5502 C;
3241 5433 3286 5490 Α
3311 5440 3387 5489 εει
3424 5431 3588 5505 enim.
3632 5498 3645 5505 Δ
3690 5424 3783 5483 ’Δ

519 5514 793 5559 naturam.
870 5504 925 5576 77‘
948 5498 1430 5576 _ltabitudinemque_
1485 5498 1595 5558 om.
1805 5505 1825 5536 ⁷
1850 5498 2216 5576 Cplu'rimnm.
2314 5505 2349 5576 7‘
2374 5506 2417 5561 A
2454 5506 2745 5562 relationis.
2820 5506 2969 5561 ῬΙ-ο
2991 5498 3254 5563 άὶεἰιανᾹ
3296 5505 3457 5576 Dens.
3535 5498 3661 5576 ita
3708 5509 3783 5553 est

520 5576 785 5647 accidens.
863 5575 906 5606 “
936 5574 977 5630 C
1009 5574 1103 5647 uel.
1183 5573 1299 5647 ΡΑ
1328 5571 1545 5647 i’nipso.
1601 5573 1667 5647 _"
1687 5574 1733 5647 _C
1763 5571 1995 5647 copioso.
2050 5574 2118 5647 7“
2143 5574 2188 5629 Α
2222 5576 2274 5630 in
2303 5575 2437 5647 loco.
2514 5576 2560 5609 "
2586 5579 2630 5631 A
2666 5577 2828 5647 quod.
2922 5577 2966 5610 “
2995 5576 3086 5632 Sic
3107 5577 3180 5639 (ἐς
3220 5576 3264 5631 Α
3288 5575 3493 5647 βηὶίωζ.
3570 5571 3615 5604 "
3639 5571 3787 5647 5950;

521 5642 981 5716 ratenilumom.
1013 5643 1075 5699 C.
1157 5644 1201 5676 ³⁸
1238 5642 1344 5716 Pro
1372 5636 1567 5716 dditur
1590 5642 1631 5700 C
1677 5644 1793 5716 Dei.
1825 5636 1835 5646 ’
1873 5646 1915 5676 ¹⁹
1951 5646 1997 5700 A
2038 5646 2234 5716 itaque.
2309 5646 2354 5677 ²⁰
2382 5644 2497 5700 Stat
2523 5662 2635 5701 om.
2660 5636 2721 5703 C.
2799 5648 2842 5679 "
2882 5647 2981 5702 sibi
3007 5662 3116 5701 om.
3149 5636 3214 5701 Α.
3288 5636 3407 5716 ἧς
3431 5644 3589 5696 sicut.
3664 5636 3785 5716 "_C

519 5713 780 5841 ῗξῗίιίζὶε.
855 5713 904 5747 ⁸⁵
929 5714 976 5767 Α
1022 5723 1215 5773 tamen.
1293 5715 1341 5750 ³⁵
1360 5712 1570 5772 Ccaret
1595 5724 1642 5772 et
1664 5715 1867 5773 divina.
1944 5715 1993 5748 “
2018 5715 2060 5776 C
2090 5710 2265 5772 tamen
2293 5730 2393 5771 non
2424 5718 2615 5775 nescit.
2694 5717 2744 5752 ⁸⁷
2770 5716 2811 5775 C
2841 5731 3017 5789 neque
3039 5732 3094 5772 se
3118 5718 3232 5788 ipsa.
3308 5715 3359 5752 ³⁸
3385 5714 3551 5784 ipsum
3579 5724 3689 5766 om.
3713 5710 3777 5762 Δ-

707 5798 995 5854 emporunt.
1021 5800 1024 5805 ’
3372 5822 3375 5825 λ
