4064 6292
284 320 394 378 593

1103 317 1195 374 DE
1239 315 1586 376 DIVISIONE
1624 308 1974 374 NA‘TURAE.
2014 347 2086 359 —
2121 317 2323 373 UBER
2363 316 2746 376 SECUNDUS.

3461 319 3565 379 59s

289 440 440 495 niam
472 435 527 490 in
580 431 758 503 seipsa
809 430 967 501 plena
1016 438 1180 501 atque
1225 430 1468 502 perfecta
1520 439 1624 486 est.
1650 429 1787 498 Quid
1813 431 1879 497 de
1908 442 1952 498 Α
1983 431 2280 486 accidentia
2333 429 2647 500 recipiuutf;
2683 431 2814 485 haec
2844 431 3012 496 enim,
3045 431 3097 487 in
3120 431 3401 489 effectibus
3426 435 3558 501 suis,

288 524 459 597 agere
476 536 532 581 et
564 524 674 595 pati
703 523 1024 578 dicendum?
1043 521 1183 575 Num
1219 521 1459 591 ineptum
1487 520 1873 591 incongruum-

285 636 399 691 que
425 626 530 685 est,
553 617 599 672 si
623 615 744 685 quis
763 613 1060 686 putaverit,
1083 628 1244 682 agere
1263 612 1349 667 vel
1379 613 1489 682 pati
1524 613 1621 683 ipsi
1653 619 1880 667 naturae

286 713 565 771 accidere.
597 722 736 779 quae
756 707 810 761 in
833 706 1008 776 seipsa
1039 704 1243 759 nullum
1266 712 1473 758 motum
1497 700 1564 757 ad
1587 702 1877 773 agendum,

286 802 497 857 nullum
517 797 693 853 habile
724 796 792 851 ad
818 796 1127 866 patiendum
1151 793 1412 865 percipit?
1431 791 1547 847 Non
1578 792 1742 855 enim,
1776 792 1882 847 sic-

289 902 353 946 ut
394 891 451 946 in
499 888 657 944 nobis
699 886 842 940 aliud
877 895 962 941 est
1006 883 1343 951 substantia,
1393 883 1538 938 aliud
1568 883 1585 915 ²
1630 882 1881 938 accidens

287 982 651 1045 substantiae,
708 980 812 1035 hoc
863 987 946 1034 est
996 977 1142 1032 actio
1182 985 1239 1032 et
1275 977 1477 1047 passio,
1502 977 1575 1031 ita
1609 976 1722 1047 ipsa
1747 974 1799 1030 in
1823 989 1882 1030 se

288 1076 411 1144 ipsa
454 1072 730 1144 cognoscit
766 1069 1214 1140 compositionem
1239 1071 1262 1100 ³
1315 1068 1586 1138 quandam
1619 1066 1877 1123 substan-

287 1165 402 1221 tiae
449 1172 506 1220 et
553 1161 940 1218 accidentium.
986 1160 1084 1216 llis
1128 1159 1272 1215 enitn
1302 1159 1356 1215 in
1382 1159 1555 1230 seipsa
1573 1167 1745 1224 caret,
1784 1172 1885 1212 nec

287 1253 474 1309 inesse
493 1251 595 1308 sibi
614 1251 912 1322 cognoscit;
931 1249 1175 1304 estenim
1192 1248 1597 1319 simplicissima
1623 1248 1883 1318 omnique

290 1337 694 1414 compositione
741 1341 937 1397 aliena.
985 1341 1247 1396 Voluntas
1273 1340 1536 1410 siquidem
1562 1355 1658 1395 sua
1683 1380 1699 1405 ,
1744 1353 1885 1408 quae

281 1454 374 1500 eis
406 1450 527 1510 ipsa
574 1433 1021 1500 substantialiter,
1045 1441 1100 1488 et
1120 1432 1402 1503 plusquam
1425 1431 1880 1499 substantialiter,

288 1535 350 1581 et
374 1525 656 1597 plusquam
678 1525 952 1589 voluntas,
974 1524 1117 1578 actio
1145 1530 1199 1577 et
1225 1522 1405 1592 passio
1426 1522 1543 1593 ejus
1580 1529 1685 1578 est.
1709 1521 1883 1591 Agere

289 1617 439 1672 enim
491 1616 710 1681 dicitur,
753 1615 879 1685 quia
909 1615 1024 1670 vult
1044 1615 1228 1669 omnia
1260 1613 1377 1668 ﬁeri
1412 1630 1555 1685 quae
1579 1623 1738 1680 sunt,
1768 1613 1883 1685 pati

294 1715 505 1771 autem,
531 1705 657 1775 quia
685 1705 801 1759 vult
819 1706 890 1760 ab
908 1705 1160 1760 omnibus
1185 1704 1381 1769 amari,
1401 1713 1457 1759 et
1478 1704 1710 1773 seipsam
1734 1711 1882 1758 amat

1984 540 2090 579 non
2144 534 2321 580 autem
2360 525 2412 578 in
2462 538 2521 579 se
2557 524 2688 594 ipsis
2723 525 2998 591 patiuntur
3028 541 3042 578 :
3074 527 3202 597 quid
3230 527 3254 559 ⁸
3304 527 3370 582 de
3402 527 3570 598 ipsius

1940 644 1947 651 κ
1983 614 2241 670 inéﬂ'ahili
2260 624 2449 669 natura
2470 614 3100 686 incomprehensibilique
3114 617 3529 673 existimandum
3542 620 3570 674 τ

1982 704 2112 771 Quis
2128 705 2179 759 iu
2204 703 2303 760 eo’
2319 705 2534 775 aliquod
2561 704 2768 760 ﬁnitum
2786 706 3038 772 termino,
3054 707 3346 763 distentum
3370 710 3566 780 spatio,

1983 795 2227 865 partibus
2287 794 2580 849 discretum
2607 835 2623 859 ,
2705 794 3023 850 substantiis
3094 796 3569 868 accidentibusque

1983 883 2340 954 compositum
2365 882 2655 953 cogitarit?
2676 882 2795 952 ipsa
2825 884 3005 954 itaque
3026 884 3327 956 ignorantia
3356 903 3567 944 summa

1983 988 2049 1028 ac
2076 988 2204 1028 vera
2233 982 2315 1029 est
2343 972 2626 1042 sapientia.
2652 971 2782 1028 Tale
2806 981 2984 1028 autem
3010 985 3117 1039 est,
3147 976 3287 1044 quod
3313 977 3566 1043 dicimus,

1983 1064 2145 1118 veluti
2187 1063 2232 1119 si
2264 1064 2387 1132 quis
2413 1071 2654 1117 nostrum
2703 1063 2770 1118 de
2797 1065 2976 1134 seipso
2999 1065 3144 1120 dicat
3186 1065 3419 1137 lapidem
3477 1083 3565 1122 me

1983 1169 2104 1211 esse
2153 1156 2514 1221 insensatum,
2552 1155 2699 1210 omni
2724 1155 2874 1210 vitali
2895 1164 3041 1211 motu
3066 1166 3370 1225 carentem,
3396 1159 3572 1214 omni.

1994 1264 2066 1304 no
2110 1264 2216 1302 non
2257 1247 2528 1319 intelligo,
2561 1248 2663 1302 hoc
2693 1256 2797 1312 est,
2828 1263 2916 1303 me
2942 1249 3169 1318 lapidem
3207 1250 3564 1316 insensatum,

1982 1339 2132 1394 vitali
2158 1349 2302 1394 motu
2323 1348 2596 1394 carentem
2623 1339 2844 1394 omnino
2871 1354 3075 1394 menon
3103 1355 3224 1395 esse
3241 1340 3481 1412 intelligo
3498 1341 3566 1398 "‘.

1984 1433 2115 1488 item
2185 1432 2352 1488 ullum
2419 1431 2691 1487 hominem
2759 1431 2937 1485 vivum
3002 1432 3056 1486 in
3101 1447 3289 1499 carne,
3311 1448 3473 1489 sensu
3502 1448 3569 1491 ac

1984 1527 2194 1581 ratione
2214 1537 2401 1582 carere
2424 1538 2529 1578 non
2560 1523 2819 1595 intelligo,
2836 1525 2958 1594 quia
2984 1539 3198 1580 omnem
3216 1527 3487 1581 hominem
3521 1525 3569 1561 "

1983 1619 2256 1674 viventem
2309 1618 2363 1673 in
2404 1632 2570 1673 carne
2615 1631 2777 1671 sensu
2839 1632 2904 1672 ac
2956 1619 3163 1673 ratione
3216 1634 3323 1673 non
3378 1634 3569 1678 carere
3616 1667 3619 1670 ,

1986 1727 2272 1784 cognosco.
2300 1711 2430 1766 Item
2463 1709 2628 1765 ullum
2655 1709 3076 1764 irrationabilem
3114 1720 3317 1765 motum
3340 1720 3566 1767 natura-

290 1797 349 1853 in
370 1796 639 1853 omnibus.
669 1796 786 1868 ipsa
801 1797 945 1852 enim
962 1804 1045 1852 est
1057 1796 1429 1851 substantialis
1454 1804 1508 1849 et
1523 1809 1685 1850 verus
1705 1809 1881 1863 amor,

1989 1806 2114 1861 liter
2136 1806 2189 1860 in
2237 1803 2418 1859 anima
2465 1817 2584 1858 mea
2632 1802 2929 1858 subsistere
2952 1818 3057 1857 non
3085 1803 3347 1873 intelligo,
3381 1803 3431 1858 id
3459 1812 3567 1868 est,

291 1898 351 1948 et
392 1891 675 1962 plusquam
709 1876 1080 1947 substantialis
1133 1904 1319 1956 amor;
1375 1898 1431 1947 et
1477 1907 1600 1947 eum
1651 1901 1878 1959 amant,

291 1997 652 2054 quaecunque
699 1992 903 2046 amant,
946 1982 1062 2038 sive
1116 1982 1291 2038 sciant
1332 1982 1458 2052 quia
1517 1991 1722 2047 amant,
1768 1982 1884 2039 sive

291 2075 574 2141 nesciant;
608 2076 709 2130 hoc
722 2084 825 2139 est,
852 2075 968 2130 sive
988 2083 1137 2129 motu
1159 2074 1479 2145 intclligihili
1508 2074 1884 2130 rationabilive

294 2166 546 2230 amant’,
574 2168 805 2222 ducente
834 2166 1026 2236 gratia,
1053 2167 1166 2221 sive
1204 2166 1433 2237 simplici
1464 2168 1705 2237 appetitu
1729 2177 1884 2221 natu-

291 2272 412 2314 rae.
459 2256 603 2312 Nihil
645 2256 790 2311 enim
832 2256 902 2311 ab
926 2270 988 2311 ea
1015 2265 1097 2312 est
1134 2266 1398 2322 creatum,
1440 2256 1581 2326 quod
1615 2273 1720 2312 non
1766 2255 1884 2326 ejus

296 2350 501 2405 habeat
562 2348 910 2405 desiderium.
960 2346 1195 2403 Videsne
1241 2348 1425 2419 igitur,
1478 2348 1622 2418 quod
1667 2348 1880 2413 omnia,

298 2454 444 2510 quae
469 2439 611 2494 intra
634 2439 823 2494 decem
852 2438 1245 2508 categoriarum
1281 2438 1545 2493 terminos
1571 2437 1885 2507 amplexan-

296 2538 406 2597 tur,
431 2546 537 2585 non
560 2529 835 2585 immerito
854 2527 997 2585 Deus
1024 2529 1224 2584 dicitur
1250 2527 1305 2583 in
1325 2543 1423 2584 sua
1454 2537 1645 2583 natttra
1685 2527 1887 2583 subsis-

296 2631 416 2676 tere
437 2620 712 2692 ignorare,
735 2620 951 2690 quando
973 2620 1197 2676 omnino
1238 2634 1303 2675 ea
1344 2619 1628 2674 altitudine
1668 2618 1884 2673 virtutis

294 2725 431 2767 suae
459 2718 515 2766 et
549 2710 816 2766 inﬁnitate
845 2711 1107 2780 probatur
1135 2710 1436 2767 excellere?
1456 2709 1607 2778 Quod
1630 2710 1773 2765 enim
1803 2709 1882 2764 in—

294 2800 511 2858 [initum
538 2809 623 2856 est
653 2799 802 2854 omni
836 2799 1045 2854 ratione
1072 2808 1128 2854 et
1156 2801 1334 2865 modo,
1376 2799 1645 2853 inﬁnitum
1675 2807 1759 2854 est
1783 2812 1885 2869 per

295 2891 614 2956 essentiam,
630 2905 727 2961 per
743 2891 1023 2956 virtutem,
1044 2905 1142 2962 per
1171 2890 1561 2962 operationem,
1587 2906 1685 2961 per
1707 2900 1883 2948 utros-

294 2998 404 3055 que
441 2984 597 3050 tines,
633 2997 851 3038 sursum
881 2983 1005 3039 dico
1030 2992 1085 3039 et
1118 2984 1393 3048 deorsum,
1422 2983 1526 3038 hoc
1555 2992 1659 3049 est,
1685 2997 1883 3039 secun-

294 3078 427 3132 dum
500 3074 825 3148 principium
905 3084 961 3131 et
1041 3076 1252 3144 linem;
1330 3077 1882 3148 incomprehensibiie

1981 1895 2188 1952 nullum
2247 1892 2671 1949 irrationabilem
2721 1900 2926 1947 motum
2973 1892 3294 1947 naturaliter
3347 1892 3564 1947 animae

1984 2002 2142 2044 meae
2171 1988 2347 2042 inesse
2373 1984 2675 2041 certissime
2702 1984 2873 2054 sapio.
2902 1984 2971 2040 Et
3005 1985 3108 2039 hoc
3147 1999 3176 2038 a
3221 1999 3373 2038 sacra
3412 1982 3565 2039 Scri-

1982 2088 2141 2150 plura
2170 2091 2459 2149 possumus
2480 2073 2799 2144 approbare.
2840 2072 2973 2127 Nam
3001 2082 3056 2129 et
3085 2074 3136 2127 in
3158 2073 3446 2144 Evangelio
3485 2073 3568 2128 le-

1983 2171 2180 2242 gimus,
2231 2168 2516 2223 Dominum
2555 2167 2610 2221 in
2643 2165 2824 2221 futuro
2845 2164 3050 2234 judicio
3071 2166 3315 2236 reprohis
3345 2182 3570 2237 respon-

1983 2274 2210 2316 surum:
2253 2257 2376 2312 Non
2405 2255 2526 2310 novi
2555 2271 2666 2318 vos,
2700 2255 2801 2310 hoc
2839 2263 2943 2321 est,
2981 2269 3087 2310 non
3124 2255 3249 2309 novi
3279 2270 3373 2310 vos
3399 2255 3451 2309 iu
3481 2272 3572 2309 ra-

1985 2352 2221 2408 tionibus
2239 2349 2481 2405 omnium
2521 2362 2724 2410 rerum,
2762 2362 2900 2416 quas
2917 2346 3081 2403 Pater
3112 2348 3163 2402 in
3189 2363 3275 2403 me
3303 2347 3569 2414 condidit,

1983 2443 2240 2514 quoniam
2278 2439 2540 2510 intelligo,
2565 2453 2672 2494 nou
2698 2453 2819 2494 esse
2843 2454 2938 2494 vos
2974 2440 3017 2472 “
3048 2439 3101 2494 in
3124 2439 3256 2494 meis
3279 2440 3344 2505 ’³,
3375 2455 3480 2494 non
3512 2439 3568 2511 in

1984 2545 2246 2607 quantum
2295 2532 2620 2589 naturaliter
2661 2530 2912 2586 stthstitui
2944 2545 3063 2594 vos,
3092 2530 3186 2585 sed
3208 2538 3470 2600 quantum
3500 2544 3571 2585 ex

1985 2626 2193 2697 legibus
2233 2632 2456 2679 naturae
2475 2629 2688 2678 vestrae
2714 2620 2758 2651 "
2781 2620 3088 2675 cecidistis:
3116 2620 3235 2673 navi
3260 2620 3402 2675 enim
3427 2621 3573 2700 quod

1988 2717 2043 2774 in
2074 2717 2227 2773 vobis
2257 2714 2393 2779 feci;
2436 2729 2541 2768 non
2572 2711 2696 2767 novi
2720 2726 2851 2767 vero
2871 2712 3012 2782 quod
3037 2726 3141 2765 non
3166 2710 3267 2767 feci
3297 2730 3310 2767 :
3340 2711 3573 2783 ideoque

1986 2824 2094 2866 non
2148 2807 2336 2879 punio,
2378 2819 2481 2861 nec
2522 2804 2777 2860 recedere
2825 2819 2854 2857 a
2905 2818 2991 2857 me
3012 2800 3199 2871 jubeo,
3229 2801 3370 2870 quod
3398 2801 3451 2856 in
3481 2817 3571 2856 me

1986 2901 2143 2965 novi;
2170 2900 2264 2955 sed
2294 2898 2433 2968 quod
2475 2897 2528 2951 in
2575 2912 2662 2951 me
2685 2911 2789 2950 non
2815 2896 2937 2950 novi
2977 2895 3103 2950 illud
3135 2896 3317 2966 punio,
3349 2904 3453 2951 eta
3484 2911 3572 2950 me

1987 2993 2245 3051 recedere
2280 2988 2574 3061 praecipio.
2622 2987 2840 3058 Ignorat
2893 2988 3075 3057 itaque
3120 2987 3260 3043 Deus
3290 2987 3342 3042 in
3390 2987 3571 3057 impiis

1986 3079 2490 3153 peccatoribusque,
2542 3077 2685 3147 quod
2732 3091 2840 3131 non
2887 3074 3034 3141 fecit,
3065 3075 3277 3130 illorum
3322 3075 3572 3131 videlicet

294 3166 447 3222 enim
522 3166 817 3223 secundum
894 3168 1187 3223 essentiam
1215 3206 1231 3234 ,
1308 3177 1365 3224 et
1427 3167 1816 3240 inintelligibile
1858 3164 1955 3227 ‘C
1989 3172 2256 3244 malignos
2306 3168 2813 3238 irrationabilesque
2850 3176 3047 3222 motus.
3097 3166 3195 3221 Est
3239 3167 3401 3221 etiam
3463 3166 3571 3222 alia

294 3259 596 3315 secundum
640 3260 921 3325 virtutem,
971 3269 1028 3314 et
1073 3260 1370 3316 secundum
1408 3262 1778 3332 operationem
1805 3262 1888 3318 iu-

296 3350 791 3422 circumscriptum,
838 3360 896 3408 et
939 3352 1056 3407 sine
1093 3352 1363 3424 principio
1420 3354 1487 3409 de
1534 3368 1770 3421 sursum,
1827 3363 1884 3413 et

295 3443 417 3498 sine
465 3442 573 3499 line
620 3443 896 3509 deorsum,
954 3452 1011 3500 et
1054 3445 1077 3476 ⁸
1124 3445 1414 3511 inﬁnitum,
1459 3454 1516 3500 et
1572 3446 1891 3518 simpliciter

296 3534 590 3590 dicendum
645 3550 710 3591 ac
752 3535 956 3601 verius,
1007 3551 1107 3607 per
1146 3537 1329 3591 omnia
1382 3536 1671 3592 inﬁnitum.
1738 3538 1886 3594 Dtsc.

298 3620 472 3679 Plane
509 3622 688 3697 video,
732 3638 1029 3694 verumque
1073 3640 1235 3690 esse,-
1270 3639 1335 3682 ac
1380 3641 1545 3683 verae
1592 3627 1887 3685 ratiocina-

299 3713 473 3769 tionis
551 3712 990 3771 conclusionibus
1057 3717 1326 3771 munitum
1413 3717 1702 3787 perspicio.
1781 3717 1887 3774 Sed

297 3802 459 3859 valde
506 3818 596 3859 me
627 3813 831 3870 movet,
884 3820 991 3875 qua
1035 3806 1245 3863 ratione
1288 3807 1589 3879 ignorantia
1628 3809 1683 3864 in
1718 3809 1887 3864 Deum

298 3895 486 3961 cadat,
520 3911 680 3966 quem
699 3897 835 3952 nihil
866 3897 996 3953 latet
1019 3908 1117 3954 aut
1139 3899 1191 3954 in
1212 3901 1411 3970 seipso,
1443 3900 1609 3955 autin
1632 3901 1718 3957 his
1749 3916 1889 3971 quae

301 4001 335 4039 a
364 3998 425 4041 se
463 3994 609 4043 sunt.
648 3988 787 4045 MAG.
821 3989 950 4046 Esto
985 3990 1167 4061 itaque
1208 3991 1470 4059 intentus,
1520 4003 1575 4048 et
1614 4008 1699 4058 ea,
1748 3980 1889 4065 quae

299 4077 450 4131 dicta
495 4088 647 4146 sunt,
684 4080 971 4152 diligenter
1014 4082 1241 4153 inspice.
1280 4082 1338 4138 Si
1364 4085 1507 4138 enim
1530 4099 1665 4154 puro
1689 4086 1888 4142 mentis

299 4168 548 4223 contuitu
584 4170 842 4226 virtutem
867 4185 1048 4227 rerum
1080 4181 1242 4243 atque
1271 4173 1558 4228 verborum
1584 4174 1889 4230 considera-

301 4262 471 4328 veris,
500 4262 840 4333 apertissime
886 4263 1148 4334 reperies,
1188 4264 1333 4319 nulla
1357 4267 1610 4321 obstante
1635 4264 1883 4337 caligine,

298 4353 506 4409 nullam
556 4354 610 4409 in
656 4355 827 4410 Deum
877 4355 1237 4426 ignorantiam
1276 4358 1490 4413 cadere.
1526 4356 1700 4429 Ipsius
1740 4358 1887 4418 enim

302 4443 611 4516 ignorantia
634 4446 920 4503 inell‘ahilis
939 4456 1019 4503 est
1037 4446 1423 4519 Iintelligentia.
1447 4449 1518 4505 Et
1542 4459 1601 4505 ut
1629 4464 1696 4506 ex
1724 4463 1885 4520 prae-
1925 4484 1931 4489 -

1991 3265 2202 3337 species
2250 3262 2586 3335 ignorantiae
2619 3261 2672 3316 in
2697 3259 2836 3325 Deo,
2874 3259 3089 3330 quando
3133 3274 3381 3329 ea,quae
3416 3274 3577 3331 prauo

1992 3355 2153 3412 scivit
2176 3365 2229 3409 et
2256 3352 2698 3424 praedestinavit,
2722 3350 2975 3421 ignorare
3005 3349 3222 3415 dicitur,
3251 3351 3376 3406 dum
3398 3351 3574 3406 adhuc

1993 3448 2045 3502 in
2076 3461 2258 3501 rerum
2288 3444 2553 3499 l‘actarum
2593 3442 2842 3498 cursibus
2868 3441 3241 3510 experimento
3266 3457 3371 3498 non
3403 3457 3571 3511 appa-

1993 3546 2115 3594 rent
2144 3535 2209 3592 ³⁸.
2243 3536 2372 3592 Inde
2408 3535 2524 3607 ipse
2568 3535 2621 3589 in
2650 3533 2944 3604 Evangelio
2976 3550 2989 3587 :
3023 3532 3096 3586 De
3116 3532 3201 3587 die
3248 3542 3421 3587 autem
3444 3531 3572 3597 illa,

1991 3629 2189 3701 inquit,
2217 3637 2264 3684 et
2304 3628 2436 3683 Itora
2472 3625 2568 3681 illa
2591 3641 2741 3681 nemo
2779 3624 2899 3689 scit,
2936 3639 3100 3694 neque
3125 3622 3295 3693 angeli
3322 3622 3376 3676 in
3403 3621 3571 3686 caelo,

1992 3736 2154 3790 neque
2185 3716 2360 3772 Filius
2381 3715 2625 3782 hominis,
2655 3714 2756 3769 nisi
2782 3712 2946 3768 Pater
2972 3712 3135 3768 solus.
3158 3713 3215 3768 In
3237 3712 3434 3782 quibus
3453 3727 3576 3792 ver-

1988 3812 2076 3869 bis
2104 3811 2148 3845 “
2173 3826 2279 3867 non
2309 3818 2396 3865 est
2417 3809 2636 3873 mirum,
2655 3808 2700 3863 si
2728 3806 2891 3862 futuri
2909 3805 3097 3876 judicii
3124 3804 3351 3861 scicntia
3382 3805 3576 3860 hama-

1989 3919 2088 3959 nos
2107 3902 2318 3957 animos
2334 3900 2509 3957 adhuc
2523 3897 2735 3954 mortali
2755 3914 2921 3953 carne
2944 3898 3228 3967 depressos
3257 3897 3441 3952 lateat.
3471 3895 3578 3952 Ne-

1989 4013 2096 4068 que
2121 3995 2286 4052 etiam
2301 3992 2521 4048 omnino
2534 3990 2603 4046 de
2627 3989 2833 4061 angelis
2849 3989 3150 4060 negandum
3170 3990 3212 4020 ¹⁷
3229 3988 3405 4042 adhuc
3424 3987 3578 4058 igno-

1989 4086 2201 4143 rantiae
2233 4098 2356 4141 esse
2382 4096 2633 4154 capaces,
2647 4095 2768 4136 cum
2784 4095 2938 4136 sacra
2956 4080 3234 4150 Scriptura
3250 4093 3344 4133 eos
3357 4093 3579 4150 semper

1987 4177 2509 4248 discereperhiheat,
2533 4182 2671 4229 teste
2683 4182 2872 4229 sancto
2884 4171 3140 4242 Dionysio
3165 4169 3489 4240 Areopagita
3517 4170 3576 4226 in

1986 4270 2215 4341 septimo
2227 4267 2461 4339 capitulo
2473 4267 2540 4323 de
2551 4265 2769 4322 caelesti
2786 4265 3075 4329 lerarchia,
3089 4263 3277 4319 dicens
3293 4281 3305 4318 :
3325 4261 3575 4333 Theologi

1987 4344 2164 4432 aperte
2192 4358 2485 4423 declarant,
2513 4355 2806 4427 suppositas
2832 4353 3040 4426 quidem
3065 4351 3365 4407 caelestium
3393 4368 3570 4407 essen-

1988 4452 2184 4508 tiaram
2209 4448 2573 4520 dispositiones
2588 4462 2653 4501 ea:
2673 4443 3070 4517 superformatis
3097 4442 3140 4473 ’⁸
3165 4451 3347 4496 ornate
3373 4440 3577 4495 erudiri

302 4534 474 4590 dictis
512 4532 615 4591 hoc
665 4551 928 4593 conemur
960 4539 1283 4608 approbare,
1308 4539 1597 4596 verborum
1634 4541 1889 4596 virtutem
1917 4525 1969 4586 Ῐ)
1994 4542 2214 4612 dei/iens
2235 4541 2504 4606 scientias,
2533 4539 2767 4594 omnium
2791 4553 2911 4591 vero
2943 4534 3154 4589 altiores
3193 4534 3257 4587 ab
3288 4532 3576 4604 ipsa_Divi-

300 4621 538 4679 intuere.
559 4623 698 4680 Num
717 4626 815 4682 tibi
833 4627 1232 4684 videmur'aliud
1246 4630 1624 4697 suadere,dum
1641 4624 1890 4696 dicimus,

301 4713 477 4792 Deum
528 4716 786 4785 seipsum,
832 4718 963 4788 quid
1017 4718 1108 4784 sit,
1162 4719 1432 4791 ignorare,
1471 4737 1633 4792 quam
1660 4724 1713 4777 in
1742 4723 1891 4778 nullo

303 4821 514 4872 eorum,
572 4822 711 4878 quae
760 4821 910 4876 sunt,
966 4825 1026 4866 se
1064 4825 1187 4866 esse
1229 4812 1567 4883 intelligere?
1607 4814 1889 4882 Quomodo

306 4900 454 4954 enim
503 4900 558 4954 in
610 4900 791 4971 seipso
820 4909 995 4971 potest
1019 4917 1368 4973 cognoscere,
1398 4903 1540 4973 quod
1576 4919 1684 4958 non
1713 4912 1891 4974 potest

306 4991 365 5045 in
419 4991 600 5062 seipso
645 4993 807 5072 esse?
835 4992 893 5048 Si
922 4993 1069 5049 enim
1106 4995 1346 5050 rationes
1381 5009 1582 5057 rerum,
1605 5011 1742 5066 quas
1772 4996 1887 5067 ipse

306 5081 363 5137 in
411 5083 622 5154 seipso,
667 5084 772 5140 hoc
798 5094 905 5153 est,
952 5085 1114 5142 Pater
1147 5087 1200 5143 in
1251 5087 1388 5143 Filio
1424 5089 1655 5155 creavit,
1691 5090 1743 5145 in
1769 5091 1886 5161 ipso

306 5188 476 5229 unum
523 5176 858 5233 individuum
915 5187 1069 5242 sunt,
1120 5179 1430 5249 nullamque
1463 5179 1486 5212 ⁸
1520 5180 1888 5238 deﬁnitionem

308 5266 562 5337 propriae
604 5268 941 5327 substantiae
974 5285 1074 5342 per
1097 5270 1119 5305 "
1166 5272 1412 5342 proprias
1443 5270 1773 5331 diﬂcrentias
1794 5290 1890 5331 seu

1994 4638 2177 4701 nitate,
2206 4642 2460 4705 quantum
2498 4631 2602 4701 fas,
2647 4630 2915 4684 doctrinas
2954 4626 3001 4662 ι’
3026 4626 3358 4691 illuminari,
3412 4633 3461 4679 et
3486 4640 3576 4678 eas

1991 4729 2165 4799 ipsum
2221 4724 2401 4779 Jesum
2448 4721 2746 4777 immediate
2795 4720 3086 4784 docentem,
3134 4716 3490 4789 praelargiens
3528 4716 3577 4748 ³⁸

1989 4820 2066 4874 eis
2106 4815 2442 4885 manifestam
2503 4827 2655 4866 suam
2700 4799 2986 4865 humanam
3032 4809 3423 4881 benignitatem.
3462 4804 3577 4877 Ego

1992 4910 2155 4972 enim,
2181 4906 2370 4974 inquit,
2419 4904 2626 4974 disputo
2642 4903 2906 4973 justitiam
2932 4911 2980 4956 et
3011 4900 3277 4971 judicium
3303 4898 3573 4954 salutaris.

1989 4999 2125 5057 Item
2160 5018 2178 5057 :
2212 4997 2398 5063 Miror,
2429 4997 2617 5068 inquit,
2656 4996 2781 5067 quia
2813 5004 2865 5050 et
2909 4994 3206 5049 caelestium
3231 4992 3577 5047 essentiarum

1994 5092 2215 5164 primae,
2253 5099 2299 5143 et
2322 5090 2480 5144 simul
2507 5103 2682 5143 omnes
2716 5087 3096 5158 superemineat
3125 5084 3329 5138 divinas
3367 5081 3576 5136 ordines

1996 5181 2258 5253 angelicas
2288 5179 2801 5244 illuminationes,et,
2841 5187 2898 5231 ut
2926 5177 3203 5237 mediatae,
3247 5173 3575 5244 quaestiones

2000 5283 2286 5330 reverenter
2306 5281 2503 5343 petunt.
2544 5269 2733 5326 Nonne
2760 5270 2880 5325 inde
2918 5269 3257 5340 interrogant,
3294 5279 3458 5335 quare
3482 5271 3578 5317 tua

1582 5403 1837 5463 VARIAE
1895 5403 2295 5464 LECTIONES.

383 5532 405 5567 ³
433 5533 481 5586 Α
518 5532 663 5589 aliud
683 5526 779 5590 est.

309 5618 429 5669 que.
507 5605 528 5636 "

314 5672 360 5706 "
383 5672 476 5727 Sic
498 5673 649 5736 CtA
677 5692 763 5730 vos
793 5694 896 5731 non
929 5694 1056 5734 esse.

316 5754 515 5799 rarent.
591 5744 632 5776 "‘
663 5747 824 5803 verbis
849 5763 956 5804 om.
998 5750 1061 5806 Α.

875 5537 897 5571 ⁸
923 5547 972 5592 et
1015 5536 1355 5607 positionem.

1466 5538 1488 5573 ³
1516 5550 1694 5595 amant
1735 5555 1847 5596 om.
1874 5541 1941 5596 A.

559 5541 663 5589 liud
683 5545 779 5590 est.
875 5541 897 5571 ³
923 5547 972 5592 et
1015 5541 1355 5607 positionem.
1466 5541 1488 5573 ³
1516 5550 1694 5595 amant
1735 5555 1847 5596 om.
1874 5541 1941 5596 A.
2028 5541 2048 5573 ⁸
2070 5542 2252 5609 Corr.,
2283 5542 2373 5599 AC
2401 5543 2742 5611 intelligibile.
2820 5542 2845 5574 ⁸
2870 5541 2971 5596 Pro
3000 5549 3047 5593 et
3079 5541 3118 5593 Α
3147 5547 3245 5595 est.
3322 5541 3345 5569 '
3374 5541 3417 5593 C
3445 5555 3570 5593 nan-

559 5621 652 5684 pe_r
673 5621 781 5660 om.
809 5607 876 5662 A.
953 5608 975 5640 ⁸
1000 5609 1042 5662 Α
1066 5609 1242 5684 ιμιράζ
1269 5608 1322 5684 _'
1435 5610 1488 5665 in
1511 5627 1621 5684 ea,
1671 5611 1714 5643 ὀ
1753 5615 1852 5666 hoc
1879 5624 1973 5678 est,
2002 5630 2081 5667 me
2102 5613 2411 5684 lapidem-7-
2443 5614 2673 5684 intelligo
2709 5629 2810 5669 om.
2851 5611 2925 5684 C.
2991 5611 3030 5643 ¹¹
3062 5611 3322 5684 ροῃιὶηεϋη
3370 5624 3479 5663 om.
3510 5608 3570 5663 C.‘

1135 5679 1178 5711 ε’
1204 5680 1318 5734 Cin
1340 5682 1434 5734 eis.
1512 5682 1555 5713 “
1597 5680 1637 5735 Α
1674 5693 1869 5738 vestrae
1911 5696 2151 5738 naturae.

1136 5749 1516 5821 "Anagninus.
1597 5751 1639 5784 ¹⁸
1664 5754 1709 5811 Λ
1739 5754 2139 5824 superlirtnatis.

2028 5541 2048 5573 ‘
2070 5542 2252 5609 Corr.,
2283 5542 2373 5599 AC
2401 5543 2742 5609 intelligibile.
2820 5542 2845 5574 ⁸
2870 5541 2971 5596 Pro
3000 5549 3047 5593 et
3079 5539 3118 5593 Α
3147 5547 3245 5595 est.
3322 5538 3345 5569 ⁸
3374 5537 3417 5593 C
3445 5555 3575 5593 nan-

2260 5684 2302 5717 ⁸⁵
2332 5683 2422 5755 Sic
2451 5683 2524 5755 (ῖς
2567 5680 2626 5738 Α’
2648 5683 2951 5755 apparuerit
2975 5697 3008 5755 At
3049 5680 3192 5755 gula
3220 5696 3375 5755 curt'._
3405 5695 3569 5755 appaf

2219 5756 2262 5791 “
2306 5754 2384 5812 sic
2437 5754 2515 5823 C;
2550 5755 2592 5809 Α
2621 5750 2890 5810 doctrinis.
2968 5752 3013 5784 ’θ
3050 5752 3141 5809 Sic
3168 5752 3276 5808 AC.
3369 5750 3375 5757 ’
