4064 6292
260 372 366 430 597

1083 352 1174 409 DE
1208 348 1550 407 DlVlSlONE
1585 336 1937 401 NATURAE.
1970 370 2046 385 -—
2077 339 2279 396 LIBER
2318 341 2701 401 SECUNDUS.

3422 356 3527 414 593

261 484 386 557 quis
436 458 616 536 minus
663 471 942 545 capacium
985 466 1279 528 existimet,
1319 474 1499 517 rerum
1530 457 1840 528 diligentem
1871 454 1918 514 Α
1948 451 2247 519 intelligere
2271 464 2519 523 possunt,
2550 456 2647 511 sed
2670 471 2832 527 supra
2863 463 3043 517 omnia
3070 464 3415 525 sublimatum
3436 473 3531 527 eo-

262 551 668 643 indagationem
715 566 854 619 ultra
892 559 1223 631 praedictam
1251 551 1648 624 categoriarum
1675 560 1850 615 quan-

263 640 479 725 titatem
520 678 625 717 non
663 672 824 729 posse
851 651 1099 726 progredi
1135 650 1174 703 ί.
1205 643 1553 703 Generaliora
1585 640 1729 696 enim
1759 652 1851 705 ge-

262 774 397 817 nera
421 767 609 811 eorum
638 742 1050 817 comprehendit
1079 740 1245 803 ratio;
1277 734 1543 805 siquidem
1594 730 1648 784 in
1698 733 1848 782 motu

262 815 321 907 et
365 851 417 903 in
446 854 591 901 statu
634 815 778 897 sunt;
833 836 964 892 ltem
1012 840 1187 887 status
1232 837 1288 883 et
1333 833 1513 881 motus
1555 815 1850 874 universali

262 920 502 996 essentia
553 932 898 1002 colliguntur,
954 938 1093 995 quae
1149 921 1201 975 in
1233 916 1500 974 inﬁnitum
1529 911 1850 967 divisionem

260 1033 348 1089 sui
381 1030 604 1102 patitur.
744 1034 976 1089 namque
1000 1012 1327 1077 substantia,
1358 1022 1498 1079 quae
1518 1006 1750 1076 primum
1796 1000 1850 1056 in

262 1095 556 1195 cate-goriis
582 1118 789 1174 obtinet
825 1114 1021 1172 locum,
1056 1108 1202 1163 ﬁnita
1230 1113 1334 1168 est,
1385 1111 1442 1156 et
1484 1095 1853 1154 accidentibus

262 1186 546 1283 subjecta;
601 1223 662 1264 ea
708 1220 837 1259 vero
866 1197 1188 1255 universalis
1208 1192 1441 1251 essentia
1472 1189 1675 1246 nullum
1716 1186 1768 1241 in
1793 1199 1854 1240 se

248 1279 520 1362 accidens
534 1297 754 1368 recipit;
787 1295 840 1347 in
861 1292 975 1347 suis
990 1288 1187 1359 quippe
1207 1279 1662 1341 subdivisionibus
1683 1290 1853 1346 usque

262 1397 333 1451 ad
358 1393 628 1449 individua
661 1382 1099 1458 pervenientibus
1145 1374 1503 1433 accidentium
1535 1385 1703 1440 capax
1744 1376 1855 1432 est,

263 1490 383 1560 ipsa
411 1501 538 1541 vero
565 1485 615 1537 in
640 1481 812 1550 seipsa
830 1477 1055 1546 simplex
1071 1481 1177 1535 est,
1194 1469 1433 1538 nullique
1454 1467 1475 1496 ²
1490 1460 1853 1519 accidentium

263 1550 529 1649 subjecta.
557 1577 654 1633 Cui
712 1581 890 1630 motus
937 1569 1026 1624 ille
1072 1561 1512 1638 generalissimns
1564 1555 1802 1625 nullique
1831 1550 1856 1584 ⁸

263 1675 576 1746 catagoriae
605 1669 894 1733 obnoxius,
926 1679 1036 1736 quo
1059 1662 1082 1695 ⁸
1108 1660 1288 1718 omnia
1331 1660 1397 1713 de
1436 1653 1603 1711 nihilo
1641 1654 1693 1708 iu
1736 1665 1856 1706 esse

264 1768 588 1843 procedunt,
639 1772 812 1819 status
844 1773 1079 1831 quoque,
1112 1756 1165 1810 in
1197 1768 1356 1824 quem
1399 1749 1578 1805 omnia
1608 1754 1853 1801 motuum

263 1838 348 1917 sui
383 1859 669 1926 terminum
705 1854 1055 1916 constituent,
1077 1849 1169 1920 qui
1208 1846 1369 1902 etiam
1392 1842 1521 1897 nulli
1544 1838 1852 1909 categoriae

264 1942 597 2017 succumbit,
648 1946 1079 2003 subdividuntur.
1128 1939 1281 2008 Quod
1328 1946 1508 1991 autem
1550 1931 1745 1992 addidi,
1796 1929 1850 1983 in

262 2057 462 2104 natura
490 2059 671 2098 rerum
696 2055 815 2097 esse
839 2036 1126 2109 quaedam,
1151 2046 1290 2104 quae
1319 2043 1416 2084 nec
1451 2028 1504 2082 in
1528 2021 1849 2086 substantia,

265 2154 371 2194 nec
397 2139 449 2192 in
471 2132 838 2191 accidentibus
873 2136 1290 2200 cognoscuntur,
1323 2123 1425 2176 hoc
1446 2128 1553 2183 est,
1588 2129 1726 2187 quae
1754 2127 1854 2167 nec

265 2229 600 2285 substantiae
626 2241 727 2281 nec
751 2221 1048 2279 accidentia
1078 2224 1225 2282 sunt,
1250 2214 1315 2270 de
1346 2209 1646 2267 rationibus
1677 2204 1852 2260 adhuc

266 2324 322 2378 iu
350 2320 496 2376 nulla
553 2335 610 2373 re
656 2314 1039 2387 apparentibus
1086 2310 1200 2365 sive
1251 2299 1699 2364 substantialiter,
1739 2296 1854 2352 sive

267 2412 561 2471 secundum
594 2410 866 2471 accidens,
890 2402 1070 2459 sensui
1093 2400 1175 2455 vel
1200 2394 1493 2452 intellectui
1519 2393 1721 2447 dictum
1735 2402 1855 2445 esse

266 2505 527 2576 iutellige.
556 2499 837 2557 Possibilia
868 2509 1081 2567 quoque
1110 2501 1163 2547 et
1187 2484 1608 2576 impossibiliaiu
1626 2493 1855 2537 numero

266 2574 468 2653 rerum—
486 2589 790 2662 computari
830 2603 987 2643 nemo
1020 2593 1167 2638 recte
1205 2574 1697 2651 philosophantium
1727 2586 1857 2627 con-

268 2687 520 2745 tradicet.
560 2660 708 2751 Quae
734 2680 875 2735 nulla
908 2678 1012 2733 alia
1065 2674 1274 2730 ratione
1305 2685 1425 2726 esse
1452 2668 1721 2728 dicuntur,
1751 2660 1857 2718 nisi

266 2779 399 2850 quia
429 2775 700 2847 possibilia
730 2780 955 2842 possunt
983 2769 1035 2824 iu
1069 2767 1243 2837 aliqua
1290 2779 1350 2818 re
1396 2760 1511 2815 ﬁeri
1535 2800 1551 2825 ,
1605 2755 1708 2812 etsi
1748 2768 1857 2810 non

265 2848 381 2930 sint
402 2870 463 2926 ἐ
491 2866 837 2940 impossibilia
890 2878 1020 2917 vero
1049 2860 1161 2915 sola
1188 2858 1387 2913 virtute
1408 2848 1858 2924 impossibilitatis

267 2964 651 3027 continentur;
711 2973 899 3014 eorum
945 2954 1088 3009 enim
1131 2967 1252 3007 esse
1282 2956 1367 3004 est
1411 2938 1858 3016 impossibilitas‘

269 3057 326 3111 in
372 3054 551 3123 aliqua
602 3066 660 3105 re
696 3044 1043 3103 iutellectuali
1074 3059 1166 3098 seu
1198 3039 1438 3097 sensibili
1471 3047 1752 3107 apparere.
1792 3031 1860 3086 Et

271 3128 615 3220 possibilium
663 3142 879 3213 quidem
930 3136 1234 3207 exemplum
1285 3133 1380 3187 ﬁat
1411 3149 1423 3185 :
1453 3129 1673 3200 quidam
1696 3126 1859 3181 homo

272 3218 455 3312 potest
483 3236 687 3310 prolem
719 3235 959 3305 gignere,
988 3232 1082 3285 sed
1111 3242 1294 3281 amore
1324 3220 1648 3293 virginitatis
1675 3218 1861 3273 deten-

271 3308 363 3387 ius
387 3308 593 3401 spernit
615 3326 816 3398 prolem
837 3322 1055 3377 habere.
1084 3315 1495 3389 [inpossibiliqu
1520 3326 1671 3377 vero,
1697 3308 1867 3363 ratio-

275 3423 459 3479 nabile
499 3418 695 3475 animal
725 3413 1052 3487 impossibile
1079 3422 1162 3467 est
1191 3405 1558 3465 irrationabile
1586 3418 1727 3469 esse,
1773 3410 1867 3456 aut

274 3512 580 3569 comersim
610 3511 653 3563 ⁷.
707 3508 782 3562 De
808 3507 1003 3577 quibus
1028 3503 1272 3573 quisquis
1298 3499 1454 3570 plene
1482 3497 1713 3552 voluerit
1737 3508 1864 3566 pcr-

273 3608 482 3676 cipere,
530 3604 672 3675 legat
710 3606 830 3680 περὶ
857 3602 1138 3676 ἑρμηνείας,
1170 3596 1271 3650 hoc
1301 3603 1406 3659 est,
1438 3592 1503 3646 de
1547 3590 1868 3659 interpreta-

274 3701 429 3755 tione
457 3696 834 3760 Aristotelem;
877 3694 930 3747 in
957 3708 1061 3761 qua
1099 3698 1192 3744 aut
1236 3686 1303 3742 de
1329 3686 1415 3740 bis
1444 3683 1595 3747 solis,
1642 3682 1743 3735 boc
1784 3686 1870 3734 cst

274 3788 626 3863 possibilibus
651 3781 1167 3855 etimpossibilibus,
1209 3786 1303 3831 aut
1352 3775 1587 3830 maxime
1621 3788 1651 3826 a
1689 3768 1874 3824 Philo-

277 3880 454 3949 sopho
477 3879 811 3949 disputatum
853 3883 957 3929 est.
984 3872 1137 3926 Nune
1163 3869 1347 3938 itaque
1377 3864 1442 3919 ad
1474 3879 1562 3927 ea,
1615 3877 1753 3932 quae
1782 3876 1872 3915 re-

278 3981 450 4035 stant,
484 3969 874 4028 consideranda
901 3979 1258 4030 transeamus,
1285 3962 1327 4017 si
1356 3959 1450 4015 tibi
1471 3958 1575 4012 l“de
1588 3955 1871 4028 speciebus

272 4066 500 4121 divinae
531 4062 885 4136 ignorantiae,
929 4057 1125 4130 quibus
1166 4055 1365 4110 dicitur
1409 4050 1554 4106 Deus
1598 4051 1870 4120 ignorare,

282 4158 421 4212 satis
437 4157 647 4209 videtur
668 4154 998 4208 discussum.
1016 4149 1160 4204 Dtsc.
1187 4146 1333 4202 Satis
1347 4143 1564 4214 quidem
1582 4155 1870 4211 superque,

281 4265 352 4304 ac
385 4246 589 4302 diutius
629 4246 684 4299 in
730 4245 809 4299 cis
851 4241 1124 4297 immorari
1155 4254 1262 4294 non
1297 4235 1665 4292 necessarium
1693 4232 1871 4287 video.

285 4340 463 4394 Solari
521 4352 754 4407 namque
802 4334 954 4389 radio
1003 4332 1230 4387 lucidius
1272 4327 1597 4400 patefactum
1626 4367 1641 4389 ,
1692 4324 1874 4378 divina

284 4429 595 4501 ignorantia
619 4427 690 4480 nil
728 4425 871 4479 aliud
900 4421 1305 4493 intelligendum
1335 4434 1477 4485 esse,
1525 4415 1629 4472 nisi
1664 4413 1875 4468 incom-

1949 557 2249 616 gnoscunt,
2290 563 2354 603 ac
2389 565 2488 621 per
2521 550 2623 606 hoc
2671 566 2858 608 eorum
2911 559 3211 627 ignorantia
3266 577 3393 618 vera
3444 575 3530 621 est

1949 639 2240 710 sapientia,
2275 650 2326 696 et
2366 643 2655 697 nesciendo
2683 660 2806 700 eum
2841 647 2895 701 iu
2946 649 3031 703 bis
3069 667 3207 721 quae
3233 663 3380 719 sunt,
3412 670 3531 709 tue-

1948 728 2053 785 lius
2081 746 2203 786 eum
2234 734 2411 789 sciunt
2445 750 2607 804 super
2636 738 2833 799 omnia,
2868 754 3008 808 quae
3027 752 3151 797 sunt
3174 754 3231 800 et
3258 760 3397 814 quae
3421 763 3529 802 non

1950 830 2113 877 Sunt:
2142 822 2215 876 ita
2245 824 2406 878 etiam
2431 826 2497 881 de
2524 827 2701 896 seipse
2725 830 3526 905 uonirrationabiliterdicitur,

1952 916 2005 970 in
2033 927 2291 986 quantum
2320 920 2553 988 seipSum
2582 921 2634 975 in
2666 922 2769 988 bis,
2803 939 2941 994 quae
2966 926 3112 992 fecit,
3138 944 3244 983 non
3277 930 3530 1003 intelligit

1952 1008 2270 1073 Subsistere,
2303 1009 2355 1064 in
2382 1019 2589 1066 tantum
2621 1012 2868 1085 intelligit
2899 1031 2959 1072 se
2985 1033 3149 1088 super
3171 1022 3349 1074 omnia
3371 1037 3530 1091 esse,

1928 1112 2017 1155 ac
2062 1115 2160 1168 per
2200 1100 2303 1155 hoc
2357 1101 2525 1171 ipsius
2554 1104 2854 1174 ignorantia
2885 1123 3009 1163 vera
3042 1119 3124 1164 est
3155 1109 3528 1181 intelligentia.

1951 1190 2021 1246 Et
2045 1192 2096 1245 iu
2123 1202 2384 1262 quantum
2427 1210 2485 1250 se
2518 1198 2691 1251 nescit
2724 1198 2776 1252 iu
2808 1200 2910 1264 bis,
2939 1216 3078 1271 quae
3107 1214 3249 1265 sunt,
3285 1220 3535 1273 compre-

1954 1281 2139 1348 lieudi,
2173 1285 2223 1339 iu
2251 1294 2457 1340 tantum
2486 1303 2544 1342 se
2566 1288 2667 1342 scit
2690 1289 2827 1344 ultra
2871 1293 3049 1347 omnia
3081 1295 3338 1361 exaltari;
3371 1306 3535 1367 atque

1955 1373 2075 1429 ideo
2106 1376 2396 1432 nesciendo
2426 1379 2685 1449 seipsum,
2711 1397 2738 1433 a
2767 1383 2946 1452 seipso
2977 1385 3168 1441 melius
3194 1388 3392 1453 scitur;
3422 1405 3535 1444 me-

1953 1466 2057 1521 lius
2094 1469 2361 1534 esteuim,
2415 1486 2473 1525 se
2506 1472 2648 1527 seire
2693 1474 2760 1528 ab
2798 1476 3049 1532 omnibus
3083 1489 3347 1534 remotum
3390 1498 3533 1549 esse,

1953 1573 2115 1628 quam
2160 1561 2204 1616 si
2247 1563 2430 1626 sciret,
2472 1565 2525 1618 in
2582 1582 2806 1621 numero
2851 1571 3090 1626 omnium
3142 1587 3200 1626 se
3257 1575 3534 1631 constitui.

1956 1650 2096 1707 MAG.
2130 1652 2296 1709 [lecte
2324 1654 2607 1727 intelligis;
2634 1658 2849 1729 et:quod
2877 1660 2941 1715 de
2961 1660 3154 1717 talibus
3169 1663 3306 1717 ratio
3321 1665 3536 1733 suadet,

1954 1758 2090 1815 pure
2115 1761 2179 1800 ac
2209 1746 2575 1804 indubitanter
2602 1758 2652 1805 te
2694 1753 3001 1823 perspicere
3038 1755 3230 1808 sentio.
3278 1754 3388 1810 Nec
3422 1754 3536 1823 jam

1957 1837 2159 1901 cernis,
2188 1846 2246 1892 ut
2270 1839 2480 1908 opinor,
2512 1840 2673 1894 ullam
2706 1841 3062 1899 diil'ereutiam
3097 1845 3138 1876 “
3185 1846 3435 1917 imaginis
3483 1857 3539 1905 et

1955 1928 2267 1998 principalis
2297 1929 2524 1996 formae,
2558 1943 2776 2000 praeter
2813 1937 3075 1992 rationem
3107 1939 3354 2008 subjecti.

2004 2020 2249 2074 ‘Summa
2277 2021 2541 2090 siquidem
2570 2023 2809 2080 Trinitas
2837 2006 3267 2097 substantialiter
3287 2048 3383 2103 per

1955 2127 2069 2167 sam
2089 2113 2130 2143 "
2146 2112 2409 2177 subsistit,
2441 2123 2495 2168 et
2519 2130 2583 2169 ex
2612 2117 2754 2173 nulla
2793 2133 2952 2173 causa
2970 2132 3150 2176 creata
3172 2131 3289 2190 est;
3326 2125 3542 2182 trinitas

1958 2206 2088 2257 Vero
2105 2214 2323 2258 nostrae
2347 2214 2573 2262 naturae
2602 2206 2668 2261 de
2693 2208 2862 2263 nihilo
2884 2210 3021 2265 facta
3049 2220 3132 2265 est
3154 2212 3222 2266 ab
3251 2212 3543 2284 ipsa,quae

1957 2309 2052 2365 per
2079 2295 2310 2363 seipsam
2345 2305 2561 2351 aeterna
2586 2307 2687 2365 est,
2734 2299 2801 2354 ad
2834 2301 3119 2373 imaginem
3155 2312 3208 2358 et
3236 2305 3543 2360 similitudi-

1958 2402 2080 2440 nem
2135 2402 2317 2453 suam;
2363 2396 2417 2442 et
2469 2389 2512 2442 si
2560 2388 2737 2460 aliqua
2786 2392 3166 2447 dissimilitudo
3195 2407 3412 2465 praeter
3439 2397 3546 2452 hoc

1958 2478 2210 2548 imaginis
2238 2487 2292 2532 et
2325 2478 2634 2550 principalis
2680 2483 2908 2555 exempli
2940 2496 3155 2555 reperta
3196 2486 3377 2552 fuerit,
3437 2504 3543 2543 non

1956 2586 2020 2626 ex
2052 2581 2241 2626 natura
2269 2573 2369 2627 boc
2395 2575 2678 2643 processit,
2706 2578 2799 2631 sed
2821 2593 2884 2631 ex
2903 2577 3099 2634 delicto
3116 2580 3342 2645 aciidit,
3371 2595 3547 2651 neque

1959 2682 2020 2723 ex
2045 2667 2328 2722 creatrieis
2360 2666 2647 2724 Trinitatis
2693 2669 2911 2736 invidia,
2953 2672 3047 2727 sed
3075 2689 3140 2729 ex
3172 2681 3387 2727 creatae
3420 2674 3549 2728 ima-

1960 2758 2101 2829 ginis
2130 2758 2307 2827 culpa.
2340 2756 2536 2814 Totum
2570 2768 2823 2830 namque,
2856 2762 2998 2831 quod
3032 2762 3097 2817 de
3128 2763 3238 2817 Deo
3268 2763 3351 2817 vel
3389 2762 3547 2818 intel-

1960 2844 2149 2919 ligitur
2176 2850 2470 2904 secundum
2498 2851 2764 2906 essentiae
2800 2852 3076 2915 virtutem,
3109 2853 3175 2908 de
3200 2853 3317 2923 ejus
3359 2853 3550 2924 imagi-

1961 2956 2029 2997 ne
2062 2941 2113 2994 in
2143 2941 2249 3006 bis,
2271 2942 2467 3011 quibus
2499 2942 2542 2974 ⁸³
2564 2952 2841 3013 purgatur,
2866 2943 3219 3009 illuuiinatur,
3248 2942 3549 3015 perﬁcitur,

1963 3036 2019 3092 et
2047 3036 2177 3102 diei,
2207 3045 2262 3091 et
2291 3036 2517 3107 intelligi
2550 3046 2724 3107 poteSt
2749 3038 3043 3091 secundum
3087 3037 3379 3092 creationis
3427 3052 3554 3108 gra-

1966 3129 2095 3184 tiam
2146 3144 2232 3193 eo,
2268 3137 2328 3184 ut
2378 3130 2763 3199 praediximus,
2792 3138 3041 3199 excepto,
3073 3130 3215 3200 quod
3242 3128 3421 3184 divina
3458 3144 3553 3184 ua-

1969 3228 2089 3274 tura
2143 3219 2288 3274 Deus
2341 3231 2425 3275 est
2478 3220 2794 3275 excellentia
2816 3220 3100 3284 essentiae,
3152 3221 3385 3275 humana
3423 3235 3557 3276 vero

1966 3308 2110 3364 Deus
2138 3319 2221 3364 est
2249 3310 2462 3365 divinae
2491 3311 2698 3381 gratiae
2725 3310 3003 3382 largitate;
3031 3320 3085 3365 et
3106 3312 3248 3380 quod
3276 3309 3367 3366 illa
3395 3324 3552 3366 crea-

1968 3398 2072 3453 trix
2103 3399 2196 3464 sit,
2220 3407 2275 3454 et
2298 3415 2326 3453 a
2364 3399 2507 3454 nullo
2528 3409 2732 3466 creata,
2763 3400 2866 3454 ista
2896 3416 3026 3456 vero
3048 3401 3115 3455 ab
3135 3401 3223 3455 illa
3240 3409 3423 3455 creata
3443 3408 3557 3466 est,

1968 3501 2024 3548 et
2051 3509 2138 3559 ea,
2177 3509 2316 3564 quae
2349 3510 2480 3549 suae
2507 3503 2731 3550 naturae
2757 3493 2895 3548 infra
2921 3510 2979 3549 se
3020 3495 3350 3559 adhaerent,
3384 3502 3559 3557 creat,

1970 3597 2169 3665 corpus
2183 3585 2283 3640 hoc
2300 3583 2528 3638 mortale
2545 3585 2684 3650 dico,
2700 3592 2820 3653 post
2834 3593 3113 3655 peccatum
3135 3585 3349 3640 animae
3368 3582 3562 3653 adjun-

1972 3686 2139 3741 ctum,
2169 3676 2310 3746 quod
2344 3676 2507 3730 etiam
2538 3676 2713 3751 imago
2744 3674 2997 3747 imaginis
3033 3683 3282 3742 vocatur,
3308 3684 3369 3730 ut
3395 3688 3563 3745 saepe

1973 3774 2210 3829 diximus
2229 3773 2294 3828 ιδ.
2311 3772 2445 3828 Nam
2461 3772 2915 3843 quemadmodum
2933 3772 3168 3825 animam
3186 3771 3253 3825 ad
3268 3770 3566 3839 imaginem

1973 3880 2126 3921 suam
2163 3864 2305 3920 Deus
2338 3864 2574 3930 creavit;
2617 3866 2688 3919 ita
2720 3864 2901 3918 anima
2932 3878 3127 3934 corpus
3159 3862 3321 3918 veluti
3364 3862 3565 3918 instru-

1975 3962 2212 4010 mentum
2228 3954 2496 4025 quoddam
2525 3954 2924 4024 quodammodo
2953 3953 3036 4008 Siti
3080 3953 3257 4008 simile
3302 3951 3465 4007 eﬂieit
3492 3953 3563 4006 ³⁸.

1976 4050 2081 4107 Sed
2096 4050 2160 4102 ad
2178 4049 2390 4104 divinae
2409 4047 2832 4116 triuitatis,quae
2844 4061 3008 4101 causa
3027 4044 3271 4099 omnium
3289 4051 3394 4107 est,
3412 4043 3567 4098 tlteo-

1977 4141 2110 4196 riaui
2143 4139 2496 4202 redeundum,
2526 4138 2569 4194 si
2600 4137 2718 4202 tibi,
2742 4150 2883 4207 quae
2912 4136 2977 4190 de
3010 4135 3205 4190 talibus
3236 4134 3378 4189 dicta
3410 4143 3561 4197 sunt,

1976 4234 2267 4299 suﬂiciuut.
2302 4232 2445 4287 DISC.
2476 4229 2763 4286 Suilieiunt
2788 4242 2940 4285 sane.
2973 4226 3115 4283 ΜΑθ.
3140 4226 3196 4280 lu
3226 4241 3438 4282 summa
3465 4225 3574 4281 ita-

1977 4344 2081 4399 que
2111 4342 2175 4382 ac
2203 4324 2461 4395 singulari
2502 4325 2876 4379 universorum
2925 4336 3111 4386 causa,
3161 4335 3229 4374 ex
3267 4334 3374 4389 qua
3418 4326 3469 4373 et
3511 4317 3568 4373 in

1978 4436 2085 4491 qua
2115 4427 2173 4473 et
2200 4426 2326 4473 sunt
2363 4425 2417 4471 et
2456 4414 2671 4470 condita
2702 4421 2828 4468 sunt
2856 4411 3022 4467 totius
3051 4419 3337 4466 creaturae
3367 4406 3573 4478 princi-

282 4500 704 4592 prehcnsibiietn
732 4517 1104 4582 inﬁnitamque
1146 4511 1381 4567 divinam
1413 4510 1714 4565 scientiam.
1740 4505 1874 4561 Nam
1904 4525 1956 4583 ί)
1984 4514 2091 4583 pia,
2124 4513 2225 4566 hoc
2268 4518 2373 4574 est,
2421 4506 2801 4580 primm-diales
2847 4510 3064 4563 causae,
3114 4500 3576 4559 considerandum

285 4614 433 4688 quod
458 4615 627 4669 sancti
675 4610 883 4674 Patres,
920 4608 1277 4680 Augustinum
1307 4606 1429 4661 dico
1456 4614 1509 4659 ct
1536 4603 1875 4674 Dionysium,

288 4708 358 4763 de
385 4708 493 4761 Deo
538 4704 816 4761 verissime
846 4702 1218 4774 pronuntiant,
1248 4700 1575 4770 Augustinus
1614 4698 1830 4766 quidem
1858 4713 1873 4752 :

291 4797 399 4863 Qui
431 4781 615 4849 melius
649 4796 823 4865 inquit
843 4793 1114 4849 nesciendo
1142 4791 1326 4856 scitur,
1348 4790 1635 4861 Dionysius
1663 4799 1872 4842 autem:

292 4888 774 4958 Cujusiguoramia
799 4904 919 4942 vera
942 4896 1016 4940 est
1040 4885 1315 4955 sapientia,
1348 4899 1454 4937 non
1483 4882 1657 4937 solum
1694 4880 1760 4935 de
1797 4880 1881 4933 iu-

294 4981 862 5049 tellectibus,quienm
892 4979 976 5049 pie
1003 4976 1348 5045 studioseque
1372 4982 1660 5044 quaerunt,
1688 4986 1878 5026 verum

291 5071 460 5125 etiam
491 5070 557 5126 de
588 5071 764 5139 seipse
793 5069 814 5099 ⁹
846 5068 1250 5138 intelligendum
1279 5065 1489 5134 opinor.
1520 5063 1675 5118 Sicut
1712 5061 1881 5125 enim.

296 5160 391 5232 qui
436 5170 584 5216 recto
623 5163 666 5193 ¹⁰
690 5159 1043 5216 ratiocinandi
1069 5158 1259 5212 itinere
1281 5156 1630 5226 iuvestigaut,
1655 5155 1706 5209 in
1739 5154 1885 5209 nullo

297 5263 508 5313 eorum,
557 5267 695 5323 quae
741 5250 796 5305 iu
842 5259 1034 5305 natura
1080 5262 1261 5303 rerum
1289 5245 1660 5309 continentur,
1710 5245 1884 5315 ipsum

1986 4604 2244 4667 arbitror,
2274 4610 2454 4655 utrum
2484 4600 2620 4669 ipsa,
2651 4598 2780 4653 dum
2808 4597 2880 4653 sit
2908 4596 3089 4651 unitas
3108 4603 3163 4650 et
3179 4591 3575 4649 trinitas—di-

1986 4696 2109 4749 vina
2158 4692 2427 4764 siquidem
2456 4690 2671 4745 bonitas
2695 4696 2777 4743 est
2798 4703 2901 4743 una
2921 4686 3156 4764 essentia
3188 4685 3240 4739 in
3267 4682 3576 4738 tribussub.

1986 4785 2220 4850 stautiis,
2250 4792 2305 4838 et
2333 4793 2440 4838 tres
2466 4779 2805 4836 substantiae
2849 4780 2901 4833 iu
2933 4762 3037 4832 una
3067 4776 3300 4833 essentia
3334 4775 3401 4840 “,
3420 4773 3501 4829 vel
3530 4772 3574 4805 ¹⁷

1987 4876 2282 4935 secundum
2332 4888 2487 4928 usum
2533 4870 2808 4925 Romanae
2849 4869 3066 4939 linguae
3110 4867 3435 4930 dicendum,
3470 4878 3578 4918 una

1990 4965 2289 5033 substantia
2342 4964 2396 5017 in
2456 4963 2629 5017 tribus
2671 4960 2937 5031 personis,
2978 4967 3033 5014 et
3094 4968 3202 5013 tres
3228 4968 3491 5026 personae
3522 4953 3577 5007 in

1994 5076 2097 5117 una
2128 5056 2429 5112 substantia
2452 5084 2521 5095 -η
2560 5053 2614 5108 in
2647 5053 2821 5122 seipsa
2843 5066 3034 5107 causas
3053 5045 3450 5120 quodammodo
3474 5041 3580 5097 dif-

1994 5151 2231 5207 ferentes
2274 5147 2418 5203 sicut
2460 5144 2794 5201 substantias
2821 5143 2863 5175 ⁸⁸
2889 5158 2918 5196 a
2958 5155 3017 5197 se
3061 5139 3291 5194 invicem
3340 5133 3577 5198 habeat;

1997 5246 2100 5315 hoc
2130 5252 2232 5307 est,
2262 5253 2444 5298 utrum
2475 5238 2616 5299 sicut
2644 5237 2711 5299 de
2740 5237 2855 5306 ipsa
2874 5232 3235 5316 praedicatur
3261 5242 3369 5283 una
3396 5238 3583 5281 essen-

1596 5399 1848 5475 vituae
1886 5397 2268 5458 LECTIONES

336 5556 351 5591 ⁵
378 5564 395 5596 ¹
452 5565 494 5619 C
544 5556 839 5634 praegredi.
917 5564 939 5595 ί
983 5562 1074 5617 Sic
1111 5561 1261 5616 ΔΒΕ.
1339 5561 1359 5591 ³
1391 5559 1481 5615 Sic
1497 5559 1606 5626 C;ll
1638 5558 1836 5629 illique.
1914 5558 1936 5591 ⁵
1965 5558 2136 5623 Corr;
2169 5555 2253 5613 BC
2283 5572 2438 5623 quae.
2466 5572 2469 5575 ‘
2512 5555 2534 5587 ⁸
2560 5554 2602 5610 Α
2629 5562 2767 5608 siml.

336 5658 339 5663 λ
382 5635 774 5663 :........-:i.:I.-...-
806 5650 918 5663 ...κα
1010 5636 1029 5663 ·ι
1059 5634 1146 5663 ες..
1168 5631 1208 5663 ρ
1308 5631 1329 5662 a
1365 5631 1467 5663 Dm
1495 5633 1537 5663 νε
1565 5631 1653 5663 ,διε
1689 5630 1716 5663 Δ
1755 5632 1885 5663 an”
1985 5629 2007 5661 9
2033 5630 2073 5663 ι’
2104 5630 2167 5663 ,1ο
2200 5646 2250 5663 ρο
2281 5629 2298 5663 l
2330 5629 2442 5663 sum
2470 5643 2556 5663 nm
2591 5627 2606 5663 i
2706 5624 2747 5655 ιο

583 5630 774 5688 ibi/ilus
805 5650 936 5688 rere.
1010 5636 1029 5666 ⁷
1058 5634 1148 5689 Sic
1168 5631 1230 5687 C.
1308 5631 1329 5662 ⁸
1362 5631 1467 5685 Pro
1492 5633 1537 5685 si
1561 5631 1653 5684 tibi
1681 5630 1725 5683 A
1752 5632 1907 5685 sicut.
1985 5630 2007 5661 ⁹
2033 5630 2074 5685 C

583 5706 624 5738 "
646 5708 687 5759 Α
719 5722 809 5774 per
829 5707 1053 5775 seipsam
1096 5702 1531 5775 substantialiler.
1601 5701 1645 5775 ”_
1667 5700 1708 5756 Ο
1754 5703 1808 5754 in
1845 5701 2074 5775 quibus.

302 5635 347 5690 Α
382 5631 774 5704 impossibililas
805 5650 936 5688 rere.
1010 5636 1029 5666 ⁷
1058 5634 1148 5689 Sic
1168 5631 1230 5687 C.

305 5707 506 5760 dinem.
583 5706 624 5738 "
646 5708 687 5759 Α
721 5722 809 5760 uer
829 5707 1053 5760 seipsam
1096 5703 1230 5756 subst

345 5722 506 5758 mem.

308 5777 474 5830 tribu:
495 5806 566 5817 -—
588 5771 809 5833 essentia
839 5771 948 5831 om.
972 5774 1034 5831 C.
1115 5775 1152 5805 ”
1186 5775 1227 5829 (Σ
1259 5773 1340 5829 vel
1368 5774 1414 5827 si
1449 5771 1763 5830 secundum.

2869 5551 2890 5584 ⁸
2934 5549 3040 5607 Pro
3085 5557 3159 5603 est
3190 5546 3583 5615 impossibilia"

1985 5629 2007 5661 ⁹
2033 5630 2075 5685 C
2103 5617 2167 5683 de
2196 5646 2250 5682 se
2281 5617 2305 5699 (’
2330 5629 2442 5697 ipso
2470 5627 2606 5695 om.)
2706 5624 2747 5655 ¹⁰
2777 5622 2819 5678 C
2851 5630 3002 5699 recte.
3041 5620 3138 5699 ‘_‘.'
3176 5617 3581 5699 A_dissimil_i_tu-

2154 5699 2197 5730 “
2230 5688 2461 5766 ut‘saepe
2481 5688 2712 5751 diximus
2735 5710 2841 5752 om.
2869 5694 2934 5751 Δ.
3041 5691 3083 5725 ¹¹
3103 5690 3148 5747 Α
3168 5691 3357 5761 effecit.
3461 5689 3502 5719 "
3534 5688 3589 5744 in

1841 5768 1890 5803 ⁸⁸
1910 5773 2042 5836 sicut
2069 5768 2392 5827 substantias
2427 5783 2538 5825 om.
2565 5771 2630 5825 Α.
