4064 6292
574 287 680 345 599

1932 288 2216 347 JOANNIS
2249 242 2446 346 scari

3707 296 3797 353 om

580 405 655 460 tia
699 404 751 459 in
782 403 956 463 tribus
998 402 1333 468 substantiis,
1381 402 1456 458 ita
1500 401 1664 458 etiam
1709 416 1814 456 una
1842 400 2146 457 essentialis
2170 406 2219 466 Α
2247 400 2389 467 quod
2410 400 2478 455 de
2504 399 2615 455 Deo
2635 397 2897 455 catholica
2918 396 3023 454 ﬁde
3041 398 3375 485 approbante
3394 399 3792 473 daturintelligi.

576 508 737 548 causa
768 493 819 546 in
851 492 1023 547 tribus
1056 492 1472 548 subsistentibus
1500 491 1702 556 causis,
1745 498 1800 546 et
1829 500 1937 546 tres
1964 491 2141 545 subsi-

582 593 786 639 stentes
838 598 1033 638 causae
1077 584 1129 638 in
1180 598 1283 638 una
1337 581 1609 638 essentiali
1664 596 1826 636 causa
1877 580 2144 637 credenda

571 682 678 738 est,
710 684 766 728 et
794 674 1132 743 intelligenda
1164 674 1207 732 ¹.
1230 673 1299 728 Et
1330 673 1456 742 quid
1482 673 1548 728 de
1593 671 1898 741 huiusmodi
1922 670 2144 726 tbeoriis

574 778 707 818 sana
738 762 841 817 ﬁde
866 764 1212 835 cogitandum
1252 763 1323 818 sit
1352 773 1407 818 et
1440 763 1879 833 praedicandum,
1920 776 2025 816 non
2063 762 2146 815 in-

571 869 868 924 congruum
899 855 1228 910 orthodoxae
1259 854 1379 908 ﬁdei
1407 853 1948 922 contemplationibus
1963 849 2146 922 expla’o

570 960 722 1000 nare.
756 933 896 1002 Disc.
927 948 1095 1003 lmmo
1116 946 1674 1019 congruentissimum,
1696 954 1752 999 et
1774 945 2005 999 ﬁdelium
2025 943 2143 997 aui-

573 1052 783 1091 inarum
810 1038 969 1092 saluti
1012 1039 1396 1093 necessarium.
1431 1036 1568 1091 MAG.
1598 1036 1736 1102 Quid
1778 1034 2143 1106 igitur‘2Num

572 1127 827 1182 debemus
855 1129 955 1182 hoc
977 1128 1044 1183 de
1071 1144 1234 1183 causa
1259 1128 1496 1183 omnium
1525 1136 1580 1182 et
1607 1128 1856 1189 credere,
1884 1134 1939 1180 et
1972 1141 2144 1194 quan-

573 1224 684 1269 tum
712 1217 887 1280 datur,
911 1216 1204 1288 intelligere
1224 1227 1277 1272 et
1301 1218 1611 1286 praedicare
1638 1220 1680 1282 ',
1717 1226 1772 1271 et
1804 1215 2143 1271 essentialem

569 1325 788 1365 causam
843 1326 1005 1364 unam
1046 1310 1107 1364 in
1157 1310 1327 1366 tribus
1372 1308 1816 1365 substantialibus
1847 1309 2047 1374 causis,
2088 1317 2144 1362 et

572 1410 685 1454 tres
733 1400 1109 1455 substantiales
1152 1415 1342 1455 causas
1393 1401 1445 1453 in
1479 1414 1582 1452 una
1628 1398 1900 1453 essentiali
1945 1397 2143 1452 causa?

568 1490 716 1546 Disc.
754 1490 890 1557 Quid
943 1492 1043 1546 hoc
1079 1491 1099 1522 ³
1144 1491 1392 1561 prohibet
1444 1489 1666 1561 intelligi
1713 1497 1766 1543 et
1816 1488 2145 1559 praedicari,

569 1599 673 1639 non
723 1584 850 1638 mihi
902 1584 1158 1641 occurrit.
1201 1584 1259 1639 Si
1307 1583 1449 1638 enim
1501 1583 1640 1637 Deus
1685 1597 1849 1637 causa
1902 1581 2143 1636 omnium

567 1680 672 1740 est,
722 1689 899 1728 nonne
945 1674 1210 1744 sequitur,
1249 1682 1308 1728 ut
1359 1672 1381 1704 ‘
1421 1681 1475 1728 et
1526 1687 1686 1727 causa
1734 1671 1971 1744 omnium
2004 1673 2145 1727 Deus

2246 491 2313 546 de
2339 505 2502 546 causa
2535 491 2774 545 omnium
2807 489 3056 545 similiter
3075 490 3163 559 pie
3192 491 3637 561 philosophantes
3658 511 3794 565 opor-

2246 590 2361 636 tere
2385 580 2561 636 fateri.
2584 581 2730 637 Dtsc.
2753 579 2868 635 Hoc
2890 581 3209 635 inconcusse
3230 581 3534 636 stabilitum
3552 594 3650 638 est.
3673 583 3793 642 MAG.

2245 671 2383 729 Num
2412 673 2575 743 igitur
2606 672 2943 728 divinitatem
2992 673 3284 742 ingenitam
3309 683 3370 728 et
3408 675 3727 743 gignentem,
3749 688 3795 733 et

2244 764 2498 819 deitatem
2540 763 2800 833 genitam,
2826 772 2882 817 et
2911 763 3165 818 deitatem
3214 764 3600 835 procedentem
3644 769 3793 822 credi-

2245 869 2397 918 mus,
2429 863 2483 908 et
2507 854 2632 907 dum
2661 855 2731 908 sit
2755 868 2862 908 una
2886 863 2939 909 et
2968 854 3342 924 inseparabilis
3369 856 3649 923 divinitas,
3665 859 3793 913 diﬁc-

2245 944 2447 998 reutias
2491 952 2669 997 tamen
2698 943 3080 997 substantiales
3116 943 3340 1012 recipit?
3372 944 3433 998 in
3474 945 3635 1001 Patre
3671 950 3793 1003 enim

2244 1033 2496 1088 deitatem
2537 1033 2853 1103 ingenitam,
2900 1033 2953 1088 in
2979 1033 3117 1089 Filio
3160 1033 3419 1089 deitatem
3455 1036 3704 1105 genitam,
3746 1039 3796 1092 in

2245 1126 2449 1197 Spiritu
2501 1135 2690 1182 sancto
2723 1127 2975 1182 deitatem
3018 1128 3400 1196 procedentem
3453 1129 3731 1198 accipimus
3749 1140 3797 1184 et

2244 1216 2493 1287 religiose
2527 1217 2820 1282 credimus,
2865 1226 2922 1272 et
2958 1218 3128 1273 sancti
3173 1217 3418 1289 Dionysii
3462 1218 3799 1289 Areopagitae

2243 1304 2577 1375 aliorumque
2642 1305 2864 1359 Patrum
2907 1307 3195 1362 sanissima
3237 1308 3567 1363 auctoritate
3607 1318 3797 1363 utentes

2244 1397 2621 1468 approbamns.
2655 1398 2798 1453 Disc.
2836 1398 3094 1469 Quisquis
3131 1400 3185 1454 in
3235 1400 3337 1455 hoc
3367 1401 3622 1465 haesitat,
3657 1400 3795 1471 longe

2243 1501 2273 1540 a
2306 1488 2534 1541 veritate
2562 1487 2747 1542 distat.
2781 1487 2919 1543 MAG.
2949 1489 3046 1543 Est
3075 1489 3237 1559 igitur
3258 1488 3632 1545 substantialis
3652 1505 3792 1544 causa

2245 1573 2480 1646 ingenita
2520 1582 2579 1630 ‘et
2608 1576 2871 1647 gignens;
2912 1586 2967 1633 et
3011 1586 3094 1632 est
3127 1578 3503 1633 substantialis
3537 1594 3687 1633 causa
3712 1594 3788 1649 ge-

2245 1664 2358 1718 nita
2390 1673 2446 1718 et
2485 1681 2590 1719 non
2627 1665 2882 1737 gignens;
2932 1666 3061 1721 item
3105 1667 3484 1722 substantialis
3525 1677 3606 1722 est
3649 1682 3787 1723 causa

565 1768 952 1837 cognoscatur?
991 1769 1061 1823 At
1088 1768 1109 1800 ⁸
1154 1768 1198 1823 si
1246 1768 1385 1822 Deus
1437 1782 1619 1832 causa,
1668 1774 1724 1821 et
1768 1781 1930 1821 causa
1977 1765 2136 1830 Deus,
2171 1754 2216 1813 Β
2242 1755 2539 1825 procedens
2563 1766 2619 1811 et
2647 1773 2751 1812 non
2784 1758 3046 1829 ingenita.
3075 1775 3174 1814 nec
3204 1761 3412 1829 genita.
3446 1774 3545 1814 nec
3565 1760 3789 1830 gignens;

564 1872 744 1912 nonne
792 1871 1125 1926 consequens
1176 1867 1261 1911 est
1288 1856 1333 1920 ‘,
1364 1867 1420 1911 ut
1461 1866 1516 1910 et
1545 1871 1725 1922 onme,
1767 1856 1909 1924 quod
1938 1855 2005 1910 de
2036 1853 2144 1910 Deo

564 1948 787 2004 credere
816 1949 1093 2015 debemus,
1130 1949 1378 2005 similiter
1405 1950 1521 2005 sine
1550 1949 1656 2003 ulla
1682 1948 2041 2019 discrepantia
2076 1948 2143 2003 de

562 2030 724 2093 causa
748 2054 853 2095 non
877 2039 1178 2095 dubitemus
1200 2039 1530 2111 intelligere?
1558 2038 1689 2093 Nam
1712 2039 1756 2094 si
1780 2054 1943 2093 unum
1974 2038 2141 2094 Deum

560 2142 661 2200 per
688 2146 746 2186 se
783 2133 1102 2187 existentem
1130 2133 1183 2186 in
1207 2133 1377 2187 tribus
1399 2133 1715 2187 substantiis
1750 2148 1848 2202 per
1876 2148 1935 2187 se
1959 2131 2139 2188 subsi-

561 2219 831 2278 stentibus
865 2221 998 2277 ﬁdes
1034 2220 1232 2276 fatetur
1259 2221 1547 2286 catholica,
1589 2221 1716 2291 quid
1746 2222 1943 2287 obstat,
1976 2238 2042 2276 ne
2066 2221 2142 2277 si-

564 2312 765 2367 militer
799 2313 1060 2378 dicamus,
1099 2328 1259 2368 unam
1289 2328 1510 2368 causam
1538 2328 1635 2383 per
1658 2328 1718 2369 se
1740 2314 2058 2369 existentem
2084 2313 2139 2368 in

565 2406 737 2462 tribus
763 2406 938 2462 causis
970 2421 1069 2477 per
1094 2421 1154 2462 se
1175 2406 1624 2462 subsistentibus?
1653 2406 1791 2462 MAG.
1829 2405 1922 2461 Pie
1950 2416 2006 2460 et
2047 2421 2137 2460 or-

566 2486 818 2553 thodoxe.
852 2497 950 2552 Est
977 2498 997 2529 "
1032 2497 1196 2568 igitur
1223 2512 1329 2551 una
1359 2512 1518 2551 causa
1561 2498 1613 2551 iu
1644 2498 1816 2551 tribus
1846 2496 2046 2560 causis,
2084 2503 2140 2550 et

564 2598 674 2646 tres
705 2591 757 2645 in
789 2605 912 2644 una.
946 2589 1090 2645 Disc.
1121 2589 1239 2646 Jam
1279 2598 1335 2645 et
1358 2604 1672 2645 concessum
1703 2599 1787 2644 est
1828 2600 1885 2645 et
1928 2590 2136 2644 datum.

632 2679 722 2736 30.
753 2678 889 2736 MAG.
920 2679 1073 2735 Nune
1118 2680 1301 2749 itaque
1349 2680 1416 2735 ad
1466 2680 1787 2752 theologiam
1832 2680 2135 2747 redeamus,

560 2784 702 2842 quae
729 2785 853 2840 pars
886 2770 1060 2840 prima
1101 2779 1187 2825 est
1215 2780 1270 2826 et
1295 2785 1502 2825 summa
1531 2773 1783 2841 sophiae;
1819 2788 1917 2826 nec
1952 2772 2138 2827 imme-

565 2862 690 2926 rito,
718 2862 844 2931 quia
873 2870 966 2915 aut
984 2861 1094 2916 sola
1120 2869 1214 2916 aut
1241 2862 1475 2916 maxime
1502 2863 1646 2917 circa
1673 2862 1885 2917 divinae
1911 2872 2137 2917 naturae

563 2960 811 3005 versatur
844 2950 1295 3019 speculationem;
1328 2940 1382 3004 ei.
1405 2952 1658 3005 dividitur
1690 2952 1744 3007 in
1775 2953 1907 3007 duas
1931 2962 2133 3021 partes,

563 3040 617 3094 in
645 3038 1072 3105 allirmationem,
1101 3040 1245 3106 dico,
1285 3048 1338 3095 et
1377 3041 1741 3111 negationem,
1776 3057 1915 3110 quae
1941 3056 2134 3111 graece

2242 1853 2297 1900 et
2347 1854 2459 1900 tres
2496 1862 2692 1902 causae
2744 1848 3134 1903 substantiales
3182 1865 3349 1904 unum
3405 1859 3567 1916 sunt,
3601 1859 3652 1904 et
3701 1865 3789 1905 una

2241 1952 2404 1993 causa
2433 1939 2760 1993 essentialis.
2793 1941 2939 1995 Disc.
2974 1941 3050 1994 Ex
3080 1942 3375 2011 praedictis
3401 1942 3690 1997 rationibus
3706 1941 3789 1996 hoc

2240 2030 2547 2085 necessario
2577 2030 2885 2085 conﬁcitur.
2913 2029 3053 2087 MAG.
3084 2031 3142 2086 1n
3173 2046 3337 2087 causa
3367 2036 3551 2103 itaque
3577 2033 3788 2088 omnium

2239 2130 2323 2178 est
2347 2136 2507 2177 causa
2536 2122 2884 2193 praecedens,
2901 2131 2955 2177 et
2979 2132 3311 2178 suntcausae
3332 2132 3635 2194 sequentes.
3652 2122 3787 2175 Pater

2238 2213 2502 2284 siquidem
2527 2214 2802 2284 praecedit
2840 2216 2882 2246 “
2925 2214 2963 2268 F
2970 2215 3118 2269 ilium
3148 2224 3204 2271 et
3248 2214 3512 2285 Spiritum
3533 2223 3787 2275 sanctum;

2240 2304 2308 2358 ab
2338 2318 2403 2358 eo
2425 2303 2569 2358 enim
2596 2303 2763 2358 Filius
2790 2312 2872 2358 est
2900 2305 3134 2375 genitus,
3163 2313 3219 2359 et
3240 2304 3479 2375 Spiritus
3500 2313 3701 2359 sanctus
3717 2310 3786 2355 est

2238 2395 2569 2464 procedens;
2611 2410 2676 2448 ac
2719 2410 2817 2464 per
2861 2396 2961 2449 hoc
2991 2410 3153 2449 causa
3187 2411 3479 2451 causarum
3516 2396 3664 2450 Pater
3693 2408 3787 2447 non

2238 2487 2533 2557 incongrue
2564 2488 2823 2542 creditur.
2850 2488 2943 2542 Est
2963 2487 3107 2542 enim
3135 2503 3297 2542 causa
3329 2487 3599 2543 nascentis
3618 2499 3784 2540 causae

2236 2590 2291 2637 et
2319 2580 2658 2651 procedentis
2683 2596 2898 2635 causae.
2946 2579 3247 2635 Paternitas
3270 2581 3313 2611 ¹⁸
3341 2580 3609 2650 praecedit
3635 2575 3787 2630 ﬁlioli-

2239 2679 2444 2735 tatem,
2471 2669 2786 2724 ﬁliolitatem
2836 2684 2962 2724 vero
2987 2669 3029 2701 *³
3064 2671 3447 2739 paternitatem
3499 2666 3787 2739 praecedere

2236 2778 2395 2816 nemo
2421 2771 2568 2817 recte
2591 2760 2912 2831 sapientium
2941 2760 3140 2815 dixerit
3159 2760 3232 2814 “‘.
3280 2759 3420 2814 [line
3445 2767 3499 2815 et
3524 2758 3629 2827 ipse
3653 2755 3709 2808 de
3733 2767 3789 2806 se

2237 2856 2352 2926 ipso
2384 2856 2551 2910 Filius
2579 2855 2695 2910 ait:
2732 2852 2894 2909 Pater
2925 2855 3099 2925 major
3140 2870 3220 2908 me
3261 2864 3336 2907 est
3360 2870 3385 2919 ;
3420 2852 3586 2922 major
3614 2848 3780 2918 quippe

2236 2947 2397 3003 Pater
2423 2957 2509 3003 est
2531 2948 2685 3011 Filio,
2712 2963 2815 3002 non
2848 2948 3143 3002 secundum
3188 2957 3464 3006 naturam,
3501 2942 3589 2998 sed
3621 2954 3779 2995 secun-

2236 3040 2362 3095 dum
2393 3056 2633 3095 causam.
2672 3039 2831 3093 Pater
2868 3055 3097 3110 namque
3121 3054 3282 3093 causa
3312 3047 3400 3092 est
3422 3035 3560 3099 Filii,
3590 3045 3782 3116 nouau-

475 3119 479 3123 ’
563 3131 900 3201 appellantur
939 3132 962 3166 ⁸
990 3138 1300 3207 καταφατική
1335 3142 1391 3189 et
1416 3137 1715 3207 ἁποφατική.
1749 3134 1988 3201 Quarum
2031 3151 2135 3189 una

2240 3141 2348 3187 tem
2379 3131 2547 3187 Filius
2590 3146 2753 3186 causa
2790 3140 2872 3186 est
2916 3131 3115 3195 Patris,
3146 3145 3319 3201 neque
3363 3130 3457 3185 hic
3485 3110 3776 3195 reciprocam

562 3222 668 3276 in’
713 3222 887 3293 primo
936 3220 1075 3277 libro
1124 3225 1205 3279 usi
1248 3240 1470 3289 suinus,
1512 3224 1601 3280 ubi
1640 3227 1803 3281 certis
1839 3225 2138 3280 rationibus

561 3312 746 3368 decem
775 3313 1079 3385 categorias
1102 3315 1390 3385 oniniaque
1418 3331 1596 3370 rerum
1627 3330 1823 3384 genera
1852 3324 1907 3370 et
1933 3315 2136 3371 formas

560 3417 919 3473 numerosque
943 3413 997 3458 et
1023 3404 1322 3458 accidentia
1358 3404 1425 3459 de
1462 3403 1571 3460 Deo
1595 3406 1810 3475 preprie
1836 3406 2137 3475 praedicari

561 3492 903 3560 negavimus;
942 3501 997 3548 et
1045 3493 1243 3548 iterum
1290 3493 1345 3547 in
1398 3495 1669 3569 praesenti
1722 3494 1859 3550 libro
1886 3494 2133 3561 eandem,

562 3586 874 3656 ἀποφατικήν
905 3585 1046 3651 dico,
1074 3586 1213 3640 serie
1238 3588 1612 3656 quaestionum
1638 3587 1913 3656 exigente,
1939 3589 2138 3658 repeti-

559 3675 754 3739 vimus,
811 3676 936 3730 dum
980 3676 1154 3756 ipsum
1189 3677 1230 3708 ¹⁰
1269 3667 1438 3733 Βειιίιι
1484 3676 1685 3732 nullum
1729 3692 1939 3742 eorum,
1998 3692 2137 3748 quae

558 3775 710 3832 sunt,
735 3774 790 3822 et
815 3781 952 3837 quae
994 3783 1099 3822 non
1146 3776 1294 3833 sunt,
1338 3769 1391 3823 in
1432 3784 1528 3823 sua
1559 3768 1795 3824 essentia
1837 3768 2135 3839 intelligere

554 3853 816 3924 diximus,
844 3857 969 3927 quia
994 3873 1207 3913 omnem
1232 3865 1447 3928 superat
1471 3858 1758 3913 essentiam
1782 3898 1797 3923 ,
1826 3857 2133 3928 ipsumque,

556 3945 688 4019 quid
709 3948 921 4018 ipsesit,
937 3948 1187 4019 quoniam
1218 3947 1361 4004 nullo
1395 3949 1554 4004 modo
1582 3949 1856 4015 delinitur,
1875 3958 1930 4005 et
1965 3965 2136 4019 quan-

560 4045 650 4094 tus
688 4048 744 4093 et
765 4039 943 4109 qualis
986 4040 1077 4104 sit,
1112 4040 1238 4109 quia
1274 4039 1411 4095 nihil
1444 4040 1494 4096 ei
1543 4041 1764 4106 accidit,
1812 4049 1867 4097 et
1905 4041 1958 4095 in
1990 4040 2136 4095 nullo

558 4127 893 4197 intelligitur,
924 4130 1145 4185 omnino
1173 4129 1443 4201 ignorare,
1469 4146 1534 4184 ac
1558 4145 1656 4200 per
1679 4131 1782 4185 hoc
1811 4130 2048 4200 seipsum
2077 4130 2133 4185 in

556 4216 643 4272 his
671 4234 806 4288 quae
834 4227 980 4286 sunt,
1009 4229 1220 4289 etquae
1249 4234 1356 4274 non
1393 4228 1537 4284 sunt,
1566 4221 1946 4290 comprehendi
1985 4221 2132 4292 peni-

559 4317 646 4363 tus
674 4324 892 4380 negare,
925 4324 1065 4380 quae
1089 4299 1296 4381 species
1337 4311 1671 4382 ignorantiae
1695 4328 1911 4368 omnem
1952 4313 2138 4367 scien-

559 4400 688 4453 tiam
741 4409 962 4469 superat
1008 4408 1064 4455 et
1111 4401 1461 4455 intellectum.
1519 4400 1637 4456 Jam
1684 4418 1814 4457 vero
1866 4402 2130 4465 alteram,

2235 3223 2511 3278 nominum
2541 3221 2885 3289 relationem,
2934 3222 3018 3277 vel
3048 3222 3092 3254 ¹⁸
3115 3222 3537 3277 substantiarum
3565 3217 3776 3271 virtutem

2235 3314 2660 3369 consideramus.
2694 3313 2866 3368 Aliter
2889 3314 3033 3369 enim
3067 3313 3384 3383 inspicimus
3418 3313 3470 3366 in
3498 3303 3777 3365 substantiis

2232 3404 2318 3460 vel
2365 3405 2611 3475 personis
2662 3405 2981 3459 relationum
3023 3405 3066 3436 “
3108 3404 3503 3468 habitudinem,
3541 3398 3678 3454 aliter
3720 3407 3776 3447 ει

2234 3496 2478 3568 ingenito
2527 3498 2568 3529 "
2620 3498 3021 3568 generationem
3078 3496 3164 3553 vel
3217 3496 3638 3567 processionem;
3689 3485 3778 3541 illic

2233 3588 2448 3657 quidem
2478 3590 2746 3659 quomodo
2765 3604 2795 3643 a
2819 3604 2877 3644 se
2921 3588 3146 3643 invicem
3175 3582 3659 3645 denominentur";
3703 3575 3777 3631 Ιιὶο

2233 3695 2364 3736 vero
2393 3680 2659 3749 quomodo
2687 3681 2829 3734 inter
2879 3696 2938 3736 se
2966 3680 3198 3735 invicem
3245 3679 3496 3735 differunt
3538 3676 3598 3728 ι’.
3637 3670 3776 3727 Filius

2236 3772 2418 3842 itaque
2445 3789 2513 3829 ex
2539 3772 2702 3828 Patre
2727 3782 2832 3839 est,
2873 3789 2979 3827 non
3014 3782 3193 3828 autem
3223 3772 3386 3828 Pater
3434 3786 3498 3825 ex
3538 3767 3692 3825 Filio;
3730 3760 3775 3812 Ῐη

2234 3862 2346 3916 Deo
2371 3862 2569 3918 etenim
2596 3879 2702 3918 non
2740 3864 3096 3918 humanarum
3130 3864 3532 3932 generationum
3561 3852 3772 3911 conside-

2234 3962 2428 4007 rantur
2474 3953 2800 4020 relationes,
2847 3955 2940 4011 sed
2991 3952 3338 4010 ineffabilium
3388 3946 3772 4008 substantiarum

2236 4044 2615 4100 substantiales
2655 4046 3015 4101 habitudines.
3064 4044 3234 4115 Major
3277 4045 3491 4116 quidem
3530 4048 3606 4095 est
3644 4034 3774 4088 Pater

2236 4136 2373 4193 Filio
2402 4137 2694 4192 secundum
2725 4152 2962 4192 causam.
2994 4137 3151 4192 Prius
3180 4137 3381 4192 etenim
3427 4148 3570 4191 sacra
3599 4123 3770 4183 theolo—

2236 4228 2321 4300 gia
2375 4230 2745 4285 habitudinem
2795 4229 2972 4285 Patris
3023 4230 3090 4285 ad
3136 4229 3330 4284 Filium
3380 4224 3682 4284 considerat,
3721 4226 3778 4266 ac

2236 4320 2429 4375 deinde
2454 4319 2574 4375 Filii
2602 4320 2668 4374 ad
2690 4319 2926 4375 Patrem.
2958 4319 3027 4374 Et
3052 4327 3110 4373 ut
3137 4320 3239 4375 hoc
3263 4319 3462 4374 certius
3482 4323 3535 4371 et
3551 4312 3592 4343 ’°
3610 4302 3772 4364 intelli-

2237 4425 2334 4479 gas
2385 4420 2440 4464 et
2481 4408 2694 4475 credas,
2740 4409 2807 4464 ad
2859 4408 3102 4481 Gregorii
3145 4400 3775 4477 Theologi‘auctoritatcm

556 4493 896 4559 ινιτατατικήν
930 4489 1070 4554 dico,
1115 4504 1377 4545 conamur
1423 4491 1708 4560 inspicere,
1739 4507 1804 4548 eo
1833 4493 1989 4560 duce,
2034 4494 2124 4562 qui
2156 4484 2204 4544 D
2231 4514 2466 4561 recurre,
2494 4499 2584 4568 qui
2612 4499 2665 4554 in
2696 4499 2871 4570 primo
2904 4514 3152 4555 sermone
3176 4501 3242 4555 de
3271 4501 3407 4565 Filio
3437 4505 3609 4556 contra
3641 4486 3770 4544 Aria—

558 4579 853 4647 quaeritur,
884 4587 938 4634 et
966 4580 1055 4650 qui
1087 4582 1299 4650 quaerit
1324 4596 1384 4637 se
1410 4583 1619 4652 quaeri,
1643 4592 1699 4638 et
1732 4600 1791 4640 se
1816 4584 2130 4655 quaerenti-

556 4670 659 4724 bus
681 4671 937 4735 occurrit,
969 4679 1024 4727 et
1058 4672 1285 4727 inveniri
1319 4673 1626 4742 desiderat;
1668 4684 1724 4730 et
1744 4691 1807 4731 ea
1849 4692 1976 4747 pars
2020 4687 2125 4743 est,

556 4776 696 4830 quae
724 4764 1134 4835 contemplatur,
1162 4766 1288 4836 quid
1312 4767 1378 4823 de
1399 4767 1577 4823 divina
1601 4775 1791 4822 natura
1830 4769 1992 4824 veluti
2008 4783 2134 4840 pro-

557 4850 673 4919 prie
698 4850 1099 4919 proferendum,
1125 4866 1390 4925 cauteque
1424 4864 1479 4910 et
1509 4856 1899 4915 rationabiliter
1932 4859 2133 4918 intelli-

536 4940 808 5011 gendum.
842 4944 983 5000 Disc.
1020 4945 1093 5000 De
1132 4954 1285 5014 parte
1313 4948 1555 5019 negativa
1606 4950 1657 5003 in
1687 4951 1960 5021 prioribus
1997 4952 2133 5008 satis

556 5029 688 5087 mihi
716 5040 802 5089 est
822 5048 1075 5101 suasum;
1107 5051 1247 5091 nunc
1280 5052 1406 5092 vero
1433 5039 1498 5092 de
1525 5037 1840 5095 allirmativa
1869 5043 1996 5111 quid
2030 5056 2129 5096 ex-

551 5123 743 5195 plices,
771 5127 969 5182 ardens
994 5139 1269 5198 exspecto.
1296 5129 1435 5184 huc.
1460 5129 1577 5185 Jam
1608 5131 1749 5186 inter
1776 5149 1874 5188 nos
1905 5149 2011 5189 non
2053 5141 2131 5187 te-

555 5231 726 5284 mere,
772 5226 835 5273 ut
867 5235 1099 5287 censeo,
1144 5220 1212 5275 ad
1255 5235 1450 5291 purum
1492 5230 1578 5278 est
1617 5222 1925 5289 deductum,
1949 5238 2131 5290 omne,

2233 4604 2334 4645 nos
2371 4588 2671 4660 disputans,
2738 4588 2990 4658 majorem
3033 4605 3142 4643 esse
3197 4586 3412 4644 Patrem
3460 4585 3590 4640 Filio
3639 4576 3774 4647 jmm

2232 4697 2446 4735 causam
2491 4681 2765 4750 sapienter
2808 4679 3027 4743 edocet,
3066 4678 3263 4749 quippe
3295 4695 3360 4732 ea;
3398 4676 3553 4730 Patre
3586 4667 3771 4724 mle

2249 4768 2296 4823 F
2302 4771 2475 4837 ilium,
2500 4782 2548 4825 et
2573 4788 2674 4825 non
2702 4787 2767 4824 ea:
2800 4769 2939 4824 Filio
2964 4770 3241 4824 subsistere
3278 4768 3491 4823 Patrem
3526 4756 3769 4819 deliuienst

2243 4859 2352 4916 Nec
2380 4848 2557 4917 tamen
2600 4862 2702 4916 hoc
2741 4861 2968 4916 dicimus
2991 4859 3203 4915 illorum
3231 4875 3448 4915 sensum
3479 4854 3770 4938 respuentef.

2236 4951 2327 5020 qui
2360 4951 2645 5006 Dominum
2685 4960 2927 5005 nostrum
2953 4949 3020 5004 de
3044 4949 3221 5018 seipso
3242 4949 3529 5004 secundum
3556 4942 3775 4997 humani—l

2237 5053 2400 5098 tatem
2429 5043 2627 5098 dixisse
2651 5050 2934 5097 asserunt:
2966 5039 3131 5094 Pater
3155 5041 3327 5111 major
3354 5056 3435 5094 me
3457 5045 3544 5092 est.
3573 5028 3776 5113 Utcnlue'

2238 5132 2504 5200 siquidem
2545 5130 2847 5186 intellectus
2890 5144 3023 5184 sana
3049 5129 3150 5185 ﬁde
3181 5129 3514 5199 recipiendus
3533 5113 3763 5209 θει-

2241 5222 2450 5289 Etiam;
2480 5222 2728 5294 quamvis
2756 5222 2900 5278 enim
2943 5237 3050 5277 non
3093 5220 3334 5293 ejusdem
3365 5222 3470 5277 sint
3506 5206 3768 5273 subtilililiis

1834 5375 2083 5433 VARIAE
2120 5376 2518 5437 LECTIONES.

626 5488 1072 5592 :“é..‘61;€det.u1:tm
1100 5497 1264 5592 estnet
1277 5489 1685 5592 iqtelligqndanm.
1713 5561 1738 5592 λ
1761 5490 1783 5521 ⁸
1830 5491 2230 5592 (Ζωιζι-αεάὶεενε.
2273 5492 2393 5592 ΑΞΑ
2418 5493 2534 5592 fﬁc.l
2595 5492 2617 5523 ⁵
2636 5491 2681 5546 Α
2722 5499 2785 5592 ει,
2816 5498 2893 5592 at.

1936 5577 2047 5642 ιι
2055 5578 2104 5614 m
2130 5578 2162 5616 0

552 5558 725 5663 l’gitur
746 5570 842 5616 est.
915 5560 937 5591 ⁸
974 5560 1015 5612 Δ
1042 5562 1352 5628 appellatur.
1445 5558 1469 5591 ’
1491 5561 1545 5615 in
1569 5577 1679 5614 om.
1704 5561 1768 5616 Α.

552 5633 569 5663 ι
634 5631 675 5663 Π
712 5631 973 5663 ηιρσιοηιιιιίι
1008 5629 1264 5663 ΕΙὶιιΑιριη
1316 5630 1498 5663 ΕΙὶάρηι
1523 5647 1648 5663 ισηιιη

552 5629 599 5666 ⁸⁸
634 5631 677 5686 C
712 5631 975 5699 praecedit
1003 5629 1288 5696 ﬁlietatem,
1310 5630 1499 5699 ﬁlietas
1523 5647 1668 5686 vero.

554 5699 600 5736 "
645 5700 737 5756 Sic
762 5701 867 5757 AC.
946 5701 989 5732 "
1010 5700 1100 5754 Sic
1126 5701 1166 5753 (Σ
1190 5712 1221 5757 ;'
1252 5704 1295 5755 A
1320 5701 1622 5756 subsistant.

1774 5633 1815 5663 ”
1842 5630 1882 5685 Α
1906 5630 2057 5685 dixit.

946 5701 989 5732 "
1010 5700 1100 5754 Sic
1126 5701 1166 5753 (Σ
1190 5712 1221 5766 ;'
1252 5704 1295 5755 A
1320 5701 1622 5756 subsistant.
1668 5720 1673 5725 ο
1699 5703 1742 5735 ¹⁰
1765 5713 1810 5758 et
1839 5718 1946 5757 om.
1974 5703 2041 5772 Α.

2166 5579 2235 5615 ιιι.
2264 5563 2329 5617 Α.
2410 5616 2420 5625 _

2164 5632 2205 5663 ”
2234 5633 2276 5688 Α
2307 5632 2416 5689 sed.

2970 5488 3061 5543 Ἀ
3100 5499 3217 5545 aut.
3292 5489 3412 5545 ‘est
3448 5478 3623 5541 om.A-
3686 5462 3763 5545 ῗλ

2431 5562 2473 5593 ¹¹
2500 5560 2855 5635 praecedet.
2944 5560 2986 5590 ¹²
3011 5558 3101 5635 Sic
3138 5560 3285 5635 C;7A
3323 5549 3767 5635 Pateruitasg‘enura

2514 5628 2888 5687 “relationuni
2926 5645 3034 5686 orn.
3058 5632 3124 5686 Α.
3199 5634 3241 5666 ’⁷
3266 5648 3330 5687 ex
3364 5628 3573 5701 ingenito
3600 5628 3689 5671 Otll-
3711 5628 3762 5659 ιι·
