4064 6292
259 346 360 405 601

1092 344 1182 401 DE
1215 340 1557 400 DIVISIONE
1592 339 1945 398 NATIIRAE.
1980 368 2048 380 --
2081 336 2283 392 LIBER
2321 330 2705 391 SECUNDUS.

3415 328 3524 386 602

258 475 426 536 atque
455 460 777 526 altitudinis,
809 466 1002 516 neuter
1035 466 1218 516 tamen
1255 473 1288 514 ι
1331 457 1599 513 catholica
1639 454 1848 527 profes-
1876 465 1920 520 Α
1949 465 2344 524 expavescere;
2373 464 2480 505 non
2506 448 2651 503 enim
2682 445 2791 512 ille,
2813 446 2905 517 qui
2932 443 3235 517 quaeritur,
3263 459 3534 517 quaeren-
3612 470 3617 475 η

255 557 415 613 sione
455 554 676 609 recedit.
710 550 851 606 Mss.
898 549 1014 605 Non
1054 549 1108 604 id
1158 549 1334 620 ipsum
1366 548 1534 618 igitur
1551 545 1698 600 Patri
1727 543 1849 598 est'

256 644 579 703 naturaliter
610 645 928 707 subsistere,
958 651 1009 698 et
1032 642 1154 698 Filii
1192 641 1275 697 sui
1303 656 1523 697 causam
1556 654 1697 695 esse.
1733 636 1849 691 Non

251 739 405 794 enim
443 746 636 792 natura
673 735 849 790 Patris
888 748 1060 789 causa
1090 741 1178 788 est
1222 731 1377 797 Filii;
1425 746 1531 785 una
1583 728 1849 800 siquidem

255 830 560 898 eademque
583 836 669 882 est
694 825 875 881 Patris
919 836 974 881 et
1022 824 1142 881 Filii
1188 832 1406 888 natura,
1447 822 1573 892 quia
1612 836 1717 875 una
1755 834 1850 875 ea-

256 920 491 990 demque
517 919 666 1001 ”est
711 919 990 973 amborum
1036 915 1296 972 essentia.
1354 913 1433 969 Ac
1488 926 1589 982 per
1646 911 1751 966 hoc
1798 910 1850 965 id

256 1013 435 1083 ipsum
465 1019 551 1067 est
587 1010 734 1065 Patri
770 1009 985 1064 Patrem
1030 1021 1153 1063 esse
1187 1013 1245 1062 et
1288 1019 1508 1061 causam
1536 1002 1695 1068 Filii;
1722 1017 1848 1056 nam

255 1102 557 1158 secundum
603 1110 877 1163 naturam,
918 1114 1057 1170 quae
1098 1113 1203 1153 una
1252 1109 1415 1167 atque
1455 1096 1643 1152 eadem
1671 1106 1757 1150 est
1796 1095 1849 1149 in

253 1194 424 1249 Patre
450 1202 504 1247 et
531 1192 687 1247 Filio.
718 1190 833 1246 Non
862 1191 1006 1246 enim
1036 1189 1191 1259 juxta
1220 1198 1473 1243 naturam
1505 1188 1642 1243 haec
1666 1186 1853 1245 omnia

255 1287 329 1341 de
393 1284 556 1340 Patre
616 1285 999 1355 praedicantur
1071 1291 1128 1337 et
1192 1281 1330 1337 Filio
1369 1280 1426 1348 ³,
1491 1279 1586 1336 sed
1652 1290 1850 1335 secun-

254 1378 387 1431 dum
416 1377 659 1445 habitum
681 1375 952 1446 gignentis
972 1375 1036 1429 ad
1062 1375 1319 1445 genitum,
1344 1383 1399 1430 et
1412 1388 1610 1430 causae
1628 1388 1854 1444 praece-

256 1467 440 1522 dentis
491 1467 559 1521 ad
619 1481 841 1521 causam
882 1473 1343 1534 consequentem;
1396 1462 1850 1534 quemadmodum

255 1572 366 1613 non
420 1557 717 1613 secundum
779 1556 1136 1611 naturam‘de
1202 1555 1340 1611 Filio
1407 1554 1606 1611 dicitur
1646 1554 1844 1619 Filius,

255 1656 353 1701 aut
406 1662 572 1702 causa
633 1645 860 1717 genita,
923 1647 1017 1701 sed
1082 1646 1380 1703 secundum
1431 1646 1675 1702 habitum
1726 1645 1850 1703 Filii

252 1738 330 1793 ad
384 1738 635 1803 Patrem,
683 1748 740 1793 et
807 1752 1003 1794 causae
1064 1738 1277 1811 genitae
1337 1738 1405 1794 ad
1476 1754 1698 1794 causam
1765 1740 1849 1810 gi-

1952 552 2034 599 tes
2060 557 2121 598 se
2161 541 2386 604 deserit,
2425 553 2527 594 nec
2568 538 2872 593 inveniendi
2915 551 2976 592 se
3012 538 3424 607 possibilitatem
3452 535 3540 605 pie

1948 648 2014 688 ac
2041 632 2318 689 humiliter
2344 629 2790 699 investigantibus
2814 627 3064 698 denegat.
3109 626 3226 696 Ipse
3269 625 3535 697 siquidem

1951 724 2065 779 ait:
2095 705 2282 787 Petite,
2328 731 2376 776 et
2422 722 2685 791 accipietis
2723 720 2803 785 ὐς
2839 719 3094 791 quaerite,
3140 726 3188 773 ct
3232 718 3536 780 invenietis;

1948 815 2174 886 pulsate,
2206 823 2252 868 et
2279 814 2541 883 aperieiur
2565 812 2729 867 vobis.
2761 809 2944 866 Omnis
2967 811 3126 873 enim,
3154 811 3244 882 qui
3267 811 3413 880 petit,
3443 824 3537 863 ac-

1949 907 2106 977 cipit,
2141 916 2190 960 et
2224 906 2314 977 qui
2360 908 2584 977 quaerit,
2613 904 2841 968 invenit,
2886 911 2935 957 et
2973 900 3206 971 pulsanti
3250 902 3536 972 aperietur.

1950 997 2094 1052 Mss.
2122 995 2307 1051 Primo
2354 995 2516 1065 igitur
2542 994 2609 1049 de
2647 993 2753 1057 his,
2785 1006 2925 1062 quae
2969 992 3022 1045 in
3072 991 3176 1046 hac
3218 990 3538 1061 quaestione

1955 1090 2177 1144 sibimet
2224 1087 2476 1142 videntur
2514 1086 2908 1148 contradicere,
2931 1083 3216 1139 dicendum
3282 1081 3535 1136 arbitror.

1950 1178 2097 1234 Dtsc.
2121 1178 2230 1232 Nec
2252 1178 2356 1231 alia
2389 1177 2474 1232 via
2501 1177 2792 1247 quaerendi
2817 1182 2901 1231 est
2923 1191 2938 1241 ;
2963 1189 3122 1230 nemo
3141 1174 3285 1229 enim
3314 1185 3542 1228 concor.

1950 1271 2133 1327 dantia
2173 1270 2466 1340 copulabit,
2502 1269 2605 1324 nisi
2658 1269 2808 1339 prius
2851 1266 3215 1324 discordantia
3253 1265 3415 1321 dividi
3446 1281 3540 1321 ca-

1949 1360 2092 1416 verit
2122 1360 2185 1413 “.
2217 1360 2357 1414 MAG.
2399 1360 2516 1415 Non
2552 1360 2595 1391 ι’
2624 1359 2718 1413 tibi
2753 1358 2963 1413 videtur
2990 1366 3172 1413 rectae
3198 1356 3318 1412 ﬁdei
3347 1356 3544 1414 convo4

1951 1451 2108 1517 nire,
2154 1458 2217 1505 ut
2261 1451 2581 1517 credamus,
2623 1449 2822 1505 Filium
2870 1466 2939 1505 ex
2985 1464 3091 1504 una
3142 1463 3333 1512 causa,
3378 1444 3543 1505 Patre

1950 1544 2221 1608 videlicet,
2249 1544 2421 1610 nasci,
2462 1552 2709 1598 sanctum
2747 1558 2878 1598 vero
2922 1540 3183 1613 Spiritum
3214 1556 3278 1595 ex
3309 1542 3541 1607 duabus,

1950 1637 2111 1693 Patre
2132 1636 2340 1692 scilicet
2365 1651 2429 1692 ac
2457 1636 2596 1691 Filio
2616 1636 2952 1707 procedere?
2976 1635 3051 1688 Ex
3081 1634 3288 1689 duabus
3308 1649 3543 1703 namque

1950 1731 2131 1787 causis
2175 1746 2338 1785 uuam
2376 1746 2597 1786 causam
2642 1730 2935 1796 conﬂuere,
2986 1730 3181 1785 rationi
3226 1745 3333 1784 non
3383 1729 3544 1784 facile

254 1839 531 1899 ςυθηιεηι,
587 1831 733 1885 οιεο,
784 1829 931 1886 "nec
975 1829 1088 1900 jam
1145 1831 1308 1886 etiam
1362 1833 1415 1887 in
1474 1832 1641 1903 priori
1674 1818 1683 1824 ’
1712 1832 1851 1888 libro
1881 1814 1926 1874 B
1954 1822 2215 1888 occurrit,
2239 1822 2560 1892 praesertim
2604 1823 2657 1876 in
2680 1822 2909 1892 simplici
2938 1830 3149 1885 natura,
3178 1831 3233 1876 et
3259 1821 3542 1892 plusquam

250 1936 419 1976 suasa
473 1930 618 1987 sunt,
686 1930 743 1977 et
802 1937 947 1978 nunc
1001 1923 1196 1978 iterum
1253 1940 1360 1979 non
1408 1924 1853 1980 irrationabiliter

255 2010 510 2078 repetita.
540 2010 678 2067 Msc.
710 2009 883 2067 Causa
912 2011 1095 2082 itaque
1124 2012 1244 2068 Filii
1294 2012 1457 2070 Pater
1493 2023 1594 2081 est,
1626 2025 1681 2071 et
1729 2014 1853 2085 Spi-

254 2100 399 2155 ritus
433 2102 640 2167 sancti;
679 2101 850 2159 Filius
883 2119 1015 2159 vero
1044 2108 1206 2159 causa
1235 2113 1319 2160 est
1349 2105 1676 2161 conditionis
1702 2107 1852 2176 prin-

253 2192 502 2262 cipaliter
555 2192 887 2260 causarum;
966 2196 1264 2251 earundem
1327 2205 1509 2252 autem
1558 2213 1847 2253 causarum

254 2282 658 2339 distributionis
686 2283 923 2354 Spiritus
948 2296 1171 2342 sanctus
1199 2302 1358 2343 causa
1385 2297 1489 2343 est.
1519 2286 1665 2343 Dtsc.
1715 2287 1850 2343 lllud

251 2374 423 2430 etiam
453 2374 635 2441 fateri,
662 2391 692 2430 a
723 2378 950 2432 veritate
978 2393 1083 2432 non
1113 2377 1410 2433 abhorrere
1434 2380 1719 2450 perspicio.

325 2464 419 2518 5i.
475 2464 581 2520 Sed
616 2466 749 2520 mihi
803 2466 929 2521 talia
978 2469 1232 2539 cogitanti
1280 2480 1443 2539 atque
1488 2470 1730 2525 credenti
1781 2468 1851 2526 de

255 2555 401 2610 trina
424 2557 666 2612 omnium
709 2572 870 2614 causa
911 2559 1016 2613 alia
1059 2560 1232 2631 caligo
1258 2561 1515 2617 occurrit.
1558 2561 1674 2616 Non
1701 2562 1847 2618 enim

252 2647 407 2703 clare
434 2649 740 2715 considero,
776 2660 955 2705 utrum
985 2651 1131 2706 solus
1155 2651 1318 2707 Pater
1338 2667 1500 2709 causa
1543 2663 1631 2708 est
1672 2653 1846 2724 Spiri-

257 2748 349 2797 tus
361 2742 557 2807 sancti,
573 2758 640 2796 an
657 2742 726 2797 Pa
736 2755 815 2799 ter
826 2753 881 2799 et
901 2743 1093 2812 Filius,
1110 2753 1167 2800 ut
1180 2745 1223 2810 ⁸,
1247 2746 1697 2815 quemadmodum
1715 2747 1850 2803 ﬁdes

254 2833 459 2888 fatetur
503 2834 790 2901 catholica,
837 2850 868 2890 a
899 2835 1060 2893 Patre
1103 2847 1159 2893 et
1188 2837 1324 2894 Filio
1366 2855 1490 2894 eum
1531 2840 1845 2908 procedere,

257 2923 333 2978 ita
359 2924 524 2977 etiam
555 2926 863 2991 credamus,
890 2926 1025 2981 duas
1072 2942 1202 2984 suae
1228 2928 1630 2998 processionis'
1654 2946 1848 2987 causas

254 3009 559 3083 possidere.
581 3015 638 3070 Si
656 3017 799 3070 enim
827 3031 894 3071 ex
919 3018 1126 3073 duabus
1151 3020 1422 3088 personis,
1438 3036 1555 3087 seu,
1573 3030 1633 3075 ut
1653 3022 1847 3078 Graeci

257 3105 466 3169 (beant,
498 3121 564 3161 ex
594 3106 804 3163 duabus
844 3110 1165 3166 substantiis
1195 3110 1429 3182 Spiritus
1472 3122 1692 3171 sanctus
1716 3131 1844 3187 pro-

1952 1913 2200 1983 simplici,
2243 1920 2305 1968 et
2341 1922 2402 1967 ut
2440 1912 2624 1969 verius
2660 1912 2902 1978 dicatur,
2947 1913 3000 1967 in
3039 1912 3151 1983 ipsa
3197 1911 3545 1981 simplicitate

1951 2004 2098 2059 omni
2126 2003 2389 2058 divisione
2407 2010 2464 2058 et
2492 2001 2884 2057 numerositate
2909 2011 3165 2067 carente;
3194 2001 3262 2055 ab
3304 2017 3409 2055 una
3447 2016 3545 2054 au-

1953 2102 2059 2150 tem
2085 2109 2250 2149 causa
2273 2093 2472 2149 multas
2509 2108 2704 2149 causas
2724 2108 3029 2163 erumpere,
3061 2093 3243 2150 multis
3282 2094 3544 2164 exemplis

1950 2192 2129 2263 potest
2162 2184 2474 2256 approbari.
2520 2183 2785 2240 Omnibus
2828 2199 3058 2255 namque
3110 2193 3257 2240 recte
3307 2185 3546 2254 philoso-

1951 2275 2246 2348 pbantibus
2292 2276 2575 2347 perspicue
2619 2283 2806 2347 patet,
2859 2291 2925 2331 es
2975 2290 3084 2331 uno
3111 2288 3308 2346 genere
3347 2277 3545 2333 multas

1950 2371 2154 2426 t'urmas
2181 2370 2364 2437 nasci;
2402 2385 2471 2425 ex
2518 2369 2748 2425 mouade
2781 2368 2980 2425 multos
3001 2383 3288 2436 numeros;
3315 2385 3380 2425 ex
3409 2384 3547 2440 pun-

1948 2470 2040 2517 cto
2095 2461 2137 2494 "
2178 2460 2374 2516 multas
2418 2459 2610 2517 lineas.
2669 2459 2902 2515 Formae
2937 2461 3132 2515 iterum
3183 2460 3228 2491 ιδ
3277 2460 3571 2533 diversae,

1949 2567 2091 2624 quae
2124 2563 2217 2607 er
2240 2566 2351 2607 uno
2374 2567 2572 2622 genere
2601 2560 2916 2615 nascuntur,
2961 2565 3158 2606 causae
3179 2551 3225 2583 ¹⁸
3256 2552 3390 2606 ﬁunt
3419 2536 3621 2631 spe-IX“

1949 2646 2156 2701 cierum
2182 2645 2603 2710 individuarum,
2633 2659 2701 2700 ex
2729 2644 2926 2714 quibus
2963 2652 3018 2699 et
3040 2644 3092 2698 in
3125 2644 3323 2713 quibus
3358 2643 3546 2698 multi-
3620 2662 3636 2723 ι

1948 2736 2186 2801 tudines,
2217 2735 2679 2806 quantitatesque,
2697 2733 2984 2804 qualitates
3010 2733 3076 2798 ",
3106 2732 3549 2802 ditl'ercntiacque
3622 2726 3635 2806 ξ

1950 2772 2186 2801 ...υ-..νη
2218 2772 2984 2806 Ψ...........υσιιι.υ,ιρι-...ωηο
3060 2774 3076 2798 ,
3106 2772 3549 2802 υ...υ..,.......,ι,..υ

1949 2835 2273 2884 nascuntur.
2315 2826 2537 2882 Numeri
2576 2843 2642 2884 ex
2675 2827 2903 2882 monade
2931 2826 3282 2897 procedentes
3307 2772 3645 2917 diversa-j

1948 2931 2069 2975 rum
2098 2920 2504 2991 proportionum
2531 2920 2575 2953 "
2603 2934 2800 2975 causae
2827 2929 2982 2985 sunt;
3013 2920 3391 2990 proportiones
3419 2934 3548 2977 vero

1948 3013 2517 3086 proportioualitatum
2548 3052 2565 3077 ,
2637 3012 3171 3083 proportionalitates
3213 3013 3548 3068 'harmouia—

1950 3122 2069 3162 rum
2088 3106 2155 3158 ".
2171 3105 2369 3161 Lineae
2393 3121 2458 3161 ex
2483 3114 2672 3160 centro
2701 3104 2743 3137 ¹⁹
2775 3107 3129 3176 procedentes
3155 3106 3471 3179 angulorum
3493 3115 3551 3163 et

256 3197 426 3265 cedit,
456 3198 584 3267 quid
622 3200 843 3265 tnirum,
879 3209 973 3255 aut
1008 3217 1166 3256 verae
1193 3203 1438 3275 religioni
1480 3165 1834 3272 contraritrtm,
1869 3165 1925 3254 ϐ,
1946 3194 2514 3261 laterum,latitudinis
2535 3205 2590 3249 et
2610 3195 2908 3251 altitudinis
2924 3198 3545 3273 causaedignoscuntur,

258 3301 325 3341 ex
355 3287 565 3344 duabus
609 3292 790 3346 causis
827 3292 1001 3362 ipsum
1044 3296 1338 3365 procedere
1368 3297 1563 3353 fateri?
1586 3301 1655 3355 Et
1698 3300 1840 3356 lianc

258 3378 550 3448 caliginem
592 3381 721 3436 mihi
768 3399 1003 3449 reseras,
1043 3385 1248 3456 ﬂagito.
1287 3387 1428 3444 Mss.
1470 3390 1609 3446 Vere
1639 3406 1768 3447 vere
1796 3392 1838 3447 '.

258 3466 594 3524 Densissima
624 3472 801 3544 caligo
827 3482 929 3539 est,
959 3487 1014 3531 et
1041 3493 1148 3532 non
1185 3478 1360 3534 solum
1392 3489 1464 3547 te,
1494 3481 1588 3536 sed
1636 3483 1730 3540 et"
1758 3498 1845 3539 me

259 3556 441 3628 ipsum
469 3559 707 3616 involvit.
736 3564 803 3619 Et
824 3566 925 3621 nisi
955 3568 1067 3637 ipsa
1093 3568 1183 3623 lux
1211 3570 1472 3626 mentium
1501 3574 1658 3630 nobis
1688 3591 1844 3633 reve-

260 3646 479 3714 laverit,
521 3661 740 3710 nostrae
779 3658 1206 3717 ratiocinationis
1244 3663 1481 3718 studium
1511 3664 1578 3719 ad
1603 3681 1721 3722 eam
1758 3683 1846 3724 re-

259 3741 549 3798 velandam
578 3745 654 3800 nil
690 3746 952 3817 proﬁciet.
994 3751 1074 3805 Ad
1111 3753 1384 3808 cumulum
1414 3771 1629 3827 quoque
1656 3758 1850 3814 obscu-

258 3831 445 3889 ritatis
478 3845 724 3907 augetur,
751 3839 892 3907 quod
930 3843 1230 3919 symbolum
1262 3846 1561 3904 catholicae
1580 3849 1602 3881 ⁸
1626 3849 1744 3906 ﬁdei
1769 3867 1855 3906 se-

261 3927 503 3982 cundum
528 3928 790 3997 Graecos,
806 3947 836 3987 a
859 3931 1091 3988 Nicaena
1114 3938 1321 4007 synodo
1336 3940 1611 4005 traditum,
1635 3959 1667 3995 a
1694 3939 1855 3998 Patre

260 4017 606 4077 solummodo
646 4020 903 4093 Spiritum
929 4036 1170 4081 sanctum
1206 4030 1483 4099 procedere
1513 4033 1853 4103 proﬁteatur,

264 4118 409 4165 teste
435 4109 735 4182 Epiphanio
756 4114 919 4187 Cypri
940 4117 1195 4189 episcopo
1223 4120 1276 4174 in
1312 4108 1452 4176 libro
1481 4139 1579 4179 suo
1600 4126 1664 4178 de
1701 4122 1854 4191 Fide,

266 4199 421 4255 iuxta
460 4215 593 4257 vero
627 4201 885 4271 Latinos,
924 4222 957 4259 α
994 4205 1158 4262 Patre
1194 4218 1244 4263 et
1280 4208 1460 4277 Filio;
1507 4213 1756 4282 quamvis
1803 4215 1857 4270 in
1887 4212 1893 4218 “

266 4293 597 4362 quibusdam
622 4295 954 4352 Graecorum
982 4300 1412 4369 expositionibus
1436 4304 1664 4360 eundem
1689 4303 1860 4376 Spiri-

264 4388 386 4436 tum
418 4397 449 4435 a
478 4381 637 4439 Patre
661 4400 756 4455 per
784 4385 979 4442 Filium
1008 4389 1301 4458 procedere
1330 4393 1686 4463 reperiamus.
1714 4394 1862 4449 Ideo-

269 4489 379 4544 que
414 4477 722 4544 praesentis
767 4481 1102 4548 quaestionis
1152 4483 1468 4540 diﬁicultate
1516 4488 1858 4557 reperculsus

271 4570 566 4624 contrariis
615 4573 999 4641 cogitationum
1049 4570 1297 4632 ﬂuctibus
1338 4578 1550 4634 allidor.
1612 4581 1857 4636 Delibero

270 4656 442 4723 enim,
475 4658 604 4727 quid
630 4661 759 4715 mihi
783 4662 849 4716 de
878 4662 981 4717 hac
1009 4663 1081 4718 sit
1103 4665 1372 4734 agendum
1395 4708 1409 4731 ,
1443 4677 1623 4722 utrum
1647 4669 1860 4724 silentio

271 4762 397 4803 eam
445 4749 896 4818 honoriﬁcemus,
942 4752 1072 4808 dum
1100 4754 1244 4811 vires
1292 4755 1604 4813 intentionis
1648 4766 1867 4815 nostrae

274 4846 516 4909 superat,
544 4854 613 4895 an
671 4841 1088 4911 quodammodo,
1116 4853 1276 4915 prout
1324 4845 1539 4902 divinus
1590 4848 1773 4902 radius
1813 4848 1866 4902 in

276 4931 462 4985 animo
491 4931 783 5000 refulserit,
824 4934 1141 4991 conabimur
1163 4935 1437 5006 quippiam
1482 4937 1626 4991 inter
1666 4951 1765 4992 nos
1802 4937 1869 4991 de

273 5018 397 5092 ipsa
434 5021 458 5053 ⁸
508 5037 617 5079 non
670 5032 878 5080 temere
920 5024 1202 5082 deﬁnitum
1258 5025 1499 5081 intueri?
1546 5026 1693 5083 DISC.
1749 5025 1868 5081 Noli

1943 3302 2082 3358 quae
2094 3287 2288 3342 iterum
2303 3287 2750 3358 geometricorum
2765 3301 3053 3357 corporum
3066 3289 3376 3344 occasiones
3391 3291 3547 3345 ﬁunt-

1945 3370 2084 3447 Quid
2112 3378 2286 3434 dicam
2314 3378 2383 3432 de
2410 3378 2568 3449 igneo
2609 3377 2913 3433 elemento?
2936 3379 3091 3446 Quod
3121 3395 3243 3436 cum
3279 3381 3350 3436 sit
3383 3396 3548 3435 unum

1945 3474 2111 3539 atque
2150 3467 2399 3538 simplex,
2455 3468 2509 3523 in
2556 3467 2734 3538 seipse
2757 3478 2813 3524 et
2858 3483 2954 3540 per
2988 3471 3223 3541 seipsum
3246 3470 3552 3527 considera-

1950 3566 2082 3624 tum,
2115 3557 2311 3614 caloris
2333 3559 2493 3614 simul
2521 3568 2576 3614 et
2595 3558 2731 3615 lucis
2757 3574 2919 3615 causa
2944 3569 3058 3627 est;
3087 3561 3235 3617 calor
3260 3568 3440 3618 tutem
3464 3577 3551 3617 ar-

1949 3650 2201 3706 dentibus
2222 3651 2441 3706 ardendi
2464 3666 2626 3706 causa
2655 3650 2832 3718 est“;
2862 3651 2952 3707 lux
2969 3650 3554 3723 similitersplendenti‘

1950 3743 2053 3798 bus
2066 3759 2230 3799 causa
2246 3743 2560 3812 splendcndi
2573 3744 2983 3799 “constituitur
2998 3761 3013 3809 ;
3031 3744 3285 3815 splendor
3309 3745 3554 3801 diversos

1952 3838 2125 3909 gignit
2165 3837 2390 3893 colores.
2430 3836 2587 3892 Acris
2631 3837 2955 3892 elementum
2992 3839 3325 3893 diversarum
3358 3853 3553 3893 vocum

1960 3929 2208 3994 occasio;
2243 3929 2489 3984 diversae
2519 3943 2680 3983 voces
2719 3928 3054 3984 diversorum
3101 3938 3351 3984 tonorum
3381 3928 3553 3997 origi-

1956 4035 2056 4075 nes
2085 4019 2239 4075 ﬁunt.
2269 4018 2454 4090 Aquae
2482 4020 2811 4074 elementum
2834 4060 2849 4083 ,
2883 4035 3004 4074 cum
3032 4020 3104 4074 sit
3138 4020 3190 4073 in
3235 4034 3294 4074 se
3321 4018 3553 4090 simplex

1957 4122 2011 4167 et
2037 4125 2227 4173 umtm,
2250 4111 2537 4165 humorum
2565 4111 2899 4164 diversorum
2922 4125 3083 4164 causa
3106 4121 3208 4173 est,
3234 4109 3324 4181 qui
3354 4110 3554 4164 iterum

1958 4217 2022 4257 es
2046 4217 2104 4259 se
2125 4203 2365 4256 diversas
2384 4202 2672 4272 qualitates
2693 4202 2944 4266 odorum,
2973 4216 3226 4270 saporum
3244 4241 3259 4267 ,
3305 4200 3555 4255 viridita-

1963 4304 2075 4349 tnm
2095 4294 2370 4349 emittunt.
2390 4294 2466 4349 Ex
2485 4311 2588 4348 una
2608 4295 2834 4350 materia
2851 4296 2896 4325 “
2915 4295 3246 4349 diversorum
3267 4308 3556 4365 corporum

1963 4387 2206 4441 diversae
2253 4388 2585 4457 quantitates
2615 4397 2915 4442 nascuntur
2955 4406 2968 4442 :
3001 4387 3364 4459 quantitatem
3412 4402 3555 4446 nunc

1965 4480 2085 4535 dico
2140 4496 2244 4534 non
2295 4480 2464 4551 ipsam
2521 4480 2930 4551 incorpoream,
2974 4480 3067 4536 sed
3118 4480 3291 4552 ipsam
3334 4480 3550 4547 molem,

1966 4586 2128 4641 quam
2153 4571 2488 4626 diversarum
2520 4572 2753 4641 partium
2776 4571 3223 4641 compositionem
3246 4585 3366 4628 esse
3391 4586 3554 4627 nemo

1969 4662 2213 4733 ambigit,
2236 4671 2291 4715 et
2318 4671 2499 4717 cetera
2528 4663 2578 4717 id
2603 4679 2794 4734 genus.
2820 4663 3020 4719 Eadem
3047 4664 3259 4720 ratione
3287 4664 3340 4719 iu
3365 4672 3559 4719 natura

1971 4767 2151 4808 rerum
2180 4753 2294 4808 sive
2329 4752 2619 4808 visibilium
2654 4754 2767 4808 sive
2808 4754 3157 4810 invisibilitttn
3195 4755 3440 4825 exempla
3474 4771 3562 4811 re-

1968 4843 2135 4914 periri
2165 4852 2249 4898 est
2286 4842 2622 4899 facillimum.
2656 4845 2800 4900 Dtsc.
2831 4845 3023 4900 Filium
3051 4863 3118 4900 ex
3147 4863 3252 4900 una
3284 4862 3468 4909 causa,
3506 4844 3561 4901 id

1970 4939 2150 4986 estex
2184 4931 2346 4986 Patre
2380 4946 2479 4987 suo
2506 4932 2571 4995 ⁸³,
2617 4934 2763 4988 nasci
2813 4934 2990 4990 nullus
3035 4935 3270 4990 ﬁdelium
3312 4934 3556 5002 dubitat;

1974 5021 2237 5092 Spiritum
2265 5037 2397 5079 vero
2436 5030 2686 5080 sanctum
2713 5035 2893 5082 utrum
2921 5042 2985 5081 ex
3033 5042 3139 5082 una
3169 5042 3355 5094 causa,
3400 5026 3561 5082 Patre

1573 5202 1830 5260 VARIAE
1865 5200 2267 5258 LECTIONES.

356 5361 372 5393 '
396 5370 471 5415 est
506 5374 614 5416 om.
645 5360 705 5418 C.
784 5363 805 5394 '
831 5372 907 5417 est
926 5364 1161 5436 patriae!
1191 5364 1292 5434 ﬁlii
1313 5394 1384 5405 --
1406 5363 1685 5436 eademque
1717 5377 1827 5436 om.
1856 5363 1918 5419 C.

282 5448 420 5495 ram.
472 5449 608 5505 quae
650 5450 758 5488 una
806 5433 963 5505 atque
1008 5433 1199 5489 eadem
1227 5445 1301 5490 est
1352 5436 1407 5489 in
1463 5433 1612 5505 patre
1665 5443 1713 5487 et
1746 5434 1860 5502 [ilio
1913 5433 2041 5505 haec
2105 5436 2314 5488 nomine
2368 5437 2757 5503 praedicantur.

244 5530 247 5535 ν
281 5516 406 5575 eam
446 5503 581 5575 duas
629 5520 757 5558 suae
797 5503 1143 5575 preressioais
1189 5503 1471 5560 credamus
1507 5519 1701 5559 causas
1752 5514 1858 5559 cet.

282 5572 399 5642 ’tle
449 5573 561 5642 ipsa
604 5588 713 5628 om.
767 5572 833 5629 Ᾱ.

286 5641 332 5673 ⁸³
354 5644 396 5696 (2
427 5657 490 5697 ex
517 5656 712 5697 centro.
825 5644 869 5676 ’δ
901 5644 991 5701 Sic
1020 5645 1100 5711 C;
1129 5646 1177 5702 Α
1203 5662 1398 5701 rerum.

284 5713 436 5765 h'nm.
518 5713 560 5742 ’⁸
589 5714 1074 5784 proportione/itan
1107 5717 1501 5771 harmoniurnm
1522 5731 1634 5771 om.
1666 5715 1728 5771 ϐ.

287 5799 472 5839 causa.
548 5784 589 5815 "
620 5786 664 5839 Α
690 5784 997 5856 splendendi
1019 5803 1201 5841 causa.
1278 5788 1323 5820 ¹¹
1358 5788 1403 5841 Α
1440 5797 1600 5842 terra.

1512 5645 1557 5676 ¹⁵
1593 5644 1633 5700 Α
1658 5661 1840 5699 causa.

939 5575 981 5606 ¹⁰
1005 5573 1178 5630 Petite
1238 5585 1287 5630 et
1349 5576 1565 5629 dabitur
1619 5575 1837 5629 cobis.o
1891 5573 1933 5606 "
1966 5590 2113 5629 nemo
2140 5577 2369 5629 enim—
2394 5578 2584 5631 caverit
2615 5593 2724 5630 om.
2784 5577 2888 5630 BC.

1699 5716 1748 5819 ξ,
1783 5714 1879 5842 “:2
2025 5714 2107 5840 C
2124 5713 2173 5771 Ἀ
2208 5713 2415 5772 Lineae
2431 5733 2497 5774 ea:
2516 5733 2622 5773 uno
2640 5726 2834 5790 puncto
2863 5713 3237 5787 procedentes.

1998 5364 2019 5396 ³
2053 5364 2143 5421 Sic
2164 5363 2240 5430 C;
2271 5364 2311 5417 Α
2351 5381 2567 5420 causam
2591 5364 2739 5420 Filii.
2774 5365 2893 5421 Non
2919 5365 3055 5420 enim
3076 5363 3360 5419 secundum
3399 5374 3560 5418 natu-

1998 5451 2041 5488 ec
2105 5436 2314 5488 nomine
2369 5437 2757 5488 praedicantur.
2848 5436 2870 5467 ⁸
2909 5437 2949 5488 Α
2976 5436 3048 5488 ita
3080 5445 3156 5488 ut.
3258 5436 3351 5488 Ἀ
3405 5437 3474 5488 ita
3505 5445 3560 5488 et

2976 5437 3048 5501 ita
3080 5445 3156 5489 ut.
3258 5437 3280 5467 ⁸
3306 5437 3351 5489 Α
3405 5437 3474 5490 ita
3505 5445 3561 5493 ιιι

2961 5498 2982 5536 ⁸
3007 5504 3293 5560 catholicae
3340 5521 3451 5558 οιιι.
3475 5558 3487 5568 _
3504 5510 3526 5552 ι
3543 5546 3573 5567 ._

2990 5577 3032 5607 “
3084 5575 3173 5631 Sic
3227 5575 3377 5642 C;A
3410 5591 3571 5629 num:

2626 5647 2666 5679 ¹⁷
2688 5646 2790 5701 Sic
2813 5646 2854 5700 C
2883 5662 2898 5712 ;
2939 5645 2979 5699 Α
3012 5662 3154 5701 corr.
3191 5648 3560 5717 proportioaa-

2642 5726 2834 5772 nuncto
2864 5723 3237 5772 procedentes.
3339 5716 3384 5749 ³ο
3421 5718 3464 5772 t1
3486 5721 3563 5769 est

1970 5504 1992 5536 ⁸
2038 5521 2154 5559 vere
2209 5520 2319 5558 om.
2359 5507 2427 5559 A.
2537 5507 2557 5539 "
2590 5517 2637 5560 et
2680 5523 2790 5561 om.
2820 5506 2881 5560 Α.

1954 5643 1997 5717 ξ’
2111 5641 2510 5717 qualitatesqne.
