4064 6292
609 320 720 380 605
781 336 785 337 ’

1961 319 2242 376 JOANNIS
2280 320 2477 379 SCOTI

3731 331 3812 387 ωδ

609 435 878 499 videlicet,
904 448 973 489 an
1001 448 1070 489 ex
1097 433 1324 496 duabus,
1356 432 1460 487 hoc
1497 440 1615 496 est,
1650 448 1716 489 ex
1749 432 1912 489 Patre
1950 443 2007 489 et
2049 433 2186 488 Filio
2211 436 2259 496 Α
2288 433 2556 488 lmmanae
2595 441 2820 488 naturae
2868 435 3157 505 superﬁcie
3199 433 3452 492 reﬂuunt.
3501 436 3676 495 Merito
3712 458 3813 515 ergo

606 527 859 597 procedat
891 526 932 591 ί,
961 524 1379 588 nec.allirmare,
1404 539 1503 580 nec
1531 540 1728 593 negare
1755 535 1959 581 temere
1986 527 2180 581 ausim.

603 620 683 672 Ac
709 632 807 687 per
827 617 930 672 hoc
960 625 1139 671 rectae
1159 616 1280 670 fidei
1310 615 1734 687 professionibus
1759 633 1864 672 non
1894 618 2184 693 convenire

604 724 711 762 non
744 708 877 763 satis
916 707 1106 772 video,
1147 722 1267 763 cum
1318 706 1580 776 Spiritum
1625 717 1871 762 sanctum
1917 708 2093 762 Patris
2127 717 2184 763 et

602 802 726 857 Filii
776 802 1036 871 Spiritum
1091 800 1195 856 dici
1228 800 1662 870 frequentissime
1709 800 2028 855 invenerim.
2085 798 2182 856 Est

601 893 745 949 cnim
780 892 1014 962 Spiritus
1038 891 1353 952 amborum,
1401 890 1657 960 quoniam
1679 904 1745 944 ex
1782 889 1943 943 Patre
1966 905 2063 959 per
2087 886 2178 944 Fi-

601 982 730 1036 lium
751 983 1014 1052 procedit,
1038 990 1092 1036 et
1127 983 1146 1013 ⁸
1177 991 1257 1036 est
1287 982 1485 1035 donum
1510 981 1811 1049 utriusque,
1833 981 2087 1049 quoniam
2110 995 2181 1035 ex

599 1072 762 1127 Patre
791 1088 887 1144 per
922 1073 1115 1126 Filium
1146 1073 1411 1136 donatur,
1466 1080 1522 1126 et
1560 1080 1641 1126 est
1685 1086 1840 1125 amor
1876 1071 2178 1140 utriusque,

551 1167 577 1233 σῇ
598 1160 813 1218 Patrem
863 1174 918 1218 et
960 1162 1153 1217 Filium
1193 1161 1501 1232 jungens’,
1552 1171 1611 1216 ut
1662 1170 1882 1216 sanctus
1928 1162 2118 1215 edocet
2154 1159 2177 1193 δ

597 1256 929 1324 Augustinus
956 1258 1007 1309 in
1041 1255 1213 1319 libris,
1235 1270 1370 1324 quos
1396 1253 1461 1307 de
1482 1268 1689 1308 summa
1725 1269 1789 1307 ac
1811 1261 1997 1307 sancta
2019 1251 2045 1284 ⁸
2062 1253 2181 1307 edi-

596 1347 676 1401 dit
708 1347 970 1400 Trinitate
991 1347 1036 1408 θ,
1062 1345 1538 1416 ipsiusimaginem
1565 1345 1614 1398 in
1662 1345 1892 1398 humana
1943 1343 2173 1397 uatura'

596 1437 829 1491 mirabili
887 1438 1228 1507 indagatione
1280 1450 1585 1506 quaerens,
1643 1434 2179 1504 luculentissintaque

599 1527 909 1582 inventione
956 1528 1292 1590 ostendens,
1338 1526 1616 1581 interioris
1659 1534 1876 1579 nostrae
1922 1533 2171 1590 naturae,

594 1621 699 1676 lsoc
727 1631 809 1676 est
841 1621 1176 1675 rationabilis
1197 1620 1431 1684 animae,
1464 1619 1759 1673 trinitatem
1788 1618 1853 1671 ad
1882 1617 2170 1687 imaginem

593 1710 686 1765 Dei
717 1711 986 1765 conditam
1018 1710 1324 1780 approbans
1351 1722 1471 1764 esse
1502 1716 1735 1763 mentem
1765 1746 1779 1769 ,
1820 1705 2169 1775 principalem

2287 522 2520 593 Spiritus
2565 534 2788 581 sanctus
2830 540 2926 581 seu
2972 542 3002 580 a
3036 521 3196 582 Patre
3238 528 3380 591 solo,
3412 544 3504 583 seu
3539 545 3568 583 a
3602 524 3743 588 Patre
3772 546 3814 589 et

2285 613 2419 669 Filio
2448 612 2614 669 fluere
2641 614 2857 680 dicitur,
2903 616 3029 684 quia
3062 615 3180 671 fons
3219 625 3275 671 et
3311 617 3467 688 origo
3510 628 3591 672 est
3613 622 3812 676 omnium

2279 704 2573 769 virtutum,
2604 714 2660 759 et
2693 705 2747 759 in
2775 706 2946 775 ipsum
2992 705 3245 762 ineffabili
3295 717 3473 765 meatu
3505 724 3598 777 per
3615 713 3815 769 ecculm

2279 802 2504 848 naturae
2532 803 2747 849 nostrae
2775 811 2938 865 poros
2966 797 3210 852 redeunt.
3239 797 3380 853 Hae.
3410 798 3573 853 Recte
3602 800 3817 873 intelligis

2278 884 2344 938 de
2374 884 2742 954 spiritualibus
2780 885 3014 942 ﬂuentis.
3061 886 3166 942 Sed
3209 888 3363 943 dicas
3386 929 3402 955 ,
3449 903 3672 959 quaeso,
3708 893 3813 961 quid

2277 976 2372 1032 tibi
2403 977 2616 1042 obstat,
2662 993 2731 1033 ne
2765 981 3048 1049 perspicue
3094 980 3398 1050 intelligas,
3443 982 3580 1051 quod
3622 998 3649 1036 a
3688 985 3811 1041 nobis

2276 1067 2475 1123 dictum
2501 1079 2604 1133 est,
2637 1070 2737 1126 hoc
2762 1082 2845 1126 est
2873 1073 2941 1136 ",
2967 1088 3127 1127 unam
3159 1088 3377 1129 causam
3401 1089 3470 1128 ex
3499 1075 3689 1129 duabus
3710 1092 3810 1129 cnu-

2275 1157 2352 1213 sis
2388 1157 2555 1213 ﬂuere
2599 1160 2791 1215 rationi
2839 1177 2945 1215 non
2999 1160 3159 1217 facile
3205 1161 3468 1217 occurrit.
3508 1161 3643 1216 DISC.
3680 1163 3807 1217 Multa

2274 1250 2518 1318 exempla
2551 1251 2678 1305 mibi
2713 1252 2933 1306 obstare
2957 1253 3135 1308 video.
3176 1251 3311 1307 Nam
3343 1262 3399 1308 et
3426 1254 3677 1323 exempla,
3698 1268 3809 1324 quae

2274 1357 2342 1397 ex
2373 1353 2629 1411 quattuor
2659 1345 2842 1398 mundi
2885 1346 3166 1400 elementis
3195 1345 3541 1400 introduxisti
3561 1386 3576 1408 ,
3603 1347 3739 1407 satis,
3762 1355 3809 1402 ut

2275 1435 2530 1499 arbitror,
2561 1437 2876 1501 edocent“,
2906 1453 3065 1491 unam
3090 1453 3312 1493 causam
3343 1453 3413 1493 ex
3442 1438 3641 1493 duabus
3664 1439 3805 1493 causis

2275 1523 2391 1579 ﬁeri
2415 1540 2594 1596 posse.
2624 1525 2768 1596 Ignis
2791 1527 3057 1596 siquidem
3085 1528 3211 1582 dum
3241 1530 3312 1583 sit
3339 1528 3535 1583 caloris
3556 1537 3606 1583 et
3630 1528 3805 1582 luminis

2272 1615 2415 1681 fons,
2435 1632 2502 1673 ex
2525 1618 2733 1675 duabus
2753 1620 2931 1674 causis
2954 1620 3101 1674 nasci
3126 1620 3360 1675 videtur.
3384 1619 3593 1684 laneum
3615 1634 3804 1686 namque

2272 1708 2598 1763 elementum
2623 1724 2689 1763 ex
2720 1708 2993 1765 caliditate
3019 1719 3074 1764 et
3112 1710 3360 1764 siccitate
3387 1710 3672 1769 coniicitur,
3695 1723 3805 1776 quae

590 1801 801 1855 scilicet
825 1800 1040 1853 animae
1068 1807 1377 1868 partem,ct
1402 1797 1647 1852 notitiam
1675 1796 1778 1859 sui,
1801 1811 1905 1864 qna
1936 1797 2169 1863 scipsam
2202 1783 2246 1841 Β
2273 1801 2410 1854 duae
2455 1799 2743 1869 qualitates
2766 1839 2781 1865 ,
2824 1800 2991 1855 veluti
3042 1800 3179 1855 duae
3223 1815 3444 1865 causae,
3473 1815 3626 1854 unam
3664 1814 3719 1851 ex
3759 1812 3804 1851 se

591 1889 888 1959 cognoscit,
915 1897 969 1941 et
997 1904 1258 1953 amorem,
1285 1903 1392 1957 quo
1427 1887 1660 1957 scipsam
1706 1888 1896 1956 suique
1926 1886 2172 1939 notitiam
2272 1889 2517 1960 gignunt.
2553 1888 2818 1945 Similiter
2848 1898 2903 1945 et
2929 1891 2994 1946 de
3023 1893 3222 1947 ceteris
3245 1892 3529 1947 elementis
3558 1898 3637 1944 est
3659 1890 3805 1943 dicen-

589 1978 885 2047 conjungit.
929 1978 1171 2032 llumana
1214 1978 1480 2047 siquidem
1520 1991 1669 2033 mens
1696 1975 1941 2030 notitiam
1984 1990 2169 2039 suam,

587 2084 693 2137 qua
735 2070 967 2137 scipsam
1010 2068 1306 2139 cognoscit,
1343 2066 1505 2121 veluti
1534 2066 1802 2136 quandam
1844 2065 2049 2135 prolem
2087 2065 2168 2120 sui

587 2164 654 2214 de
702 2162 876 2229 scipsa
927 2160 1117 2230 gignit.
1159 2160 1223 2214 Et
1274 2168 1360 2213 est
1412 2160 1496 2213 sui
1549 2158 1739 2214 notitia
1775 2157 2018 2227 aequalis
2046 2157 2168 2221 sibi,

585 2250 711 2319 quia
736 2251 756 2281 ⁸
784 2252 1016 2319 scipsam
1051 2258 1215 2303 totam
1249 2249 1396 2303 novit
1421 2248 1487 2301 ad
1521 2247 1926 2302 similitudinem
1956 2246 2047 2300 Dei
2076 2249 2169 2300 et'

586 2338 794 2404 Patris,
827 2340 916 2409 qui
947 2340 1011 2394 de
1040 2339 1219 2409 scipso
1248 2339 1441 2393 Filium
1475 2354 1652 2402 suum,
1679 2337 1769 2408 qui
1798 2345 1883 2393 est
1910 2337 2171 2406 sapientia

589 2446 709 2495 sua,
744 2431 946 2501 gignit,
980 2446 1084 2501 qua
1116 2432 1352 2500 seipsum
1397 2430 1566 2498 sapit;
1596 2438 1651 2483 ct
1695 2429 1935 2498 aequalis
1982 2428 2030 2482 ei
2064 2436 2167 2493 est,

589 2519 715 2589 quia
743 2520 979 2590 scipsum
1013 2530 1182 2577 totum
1212 2519 1482 2589 intelligit,
1510 2528 1565 2573 et
1590 2518 1957 2573 coesscntialis
1987 2518 2034 2572 ei
2064 2526 2169 2583 cst,

586 2610 713 2681 quia
755 2611 821 2665 de
859 2612 1035 2681 seipse
1075 2611 1281 2682 gignit,
1323 2626 1483 2680 quem
1524 2610 1694 2682 gignit
1724 2611 1786 2664 ".
1827 2610 1902 2664 Ex
1937 2610 2169 2664 lmntaua

587 2713 769 2759 mente
793 2704 1037 2774 procedit
1059 2704 1329 2775 appetitus
1351 2702 1592 2773 quidam,
1612 2716 1721 2771 quo
1746 2700 1978 2771 scipsam
2002 2715 2169 2769 quae-

585 2794 678 2859 rit,
702 2802 762 2847 nt
788 2810 941 2847 suam
967 2793 1213 2867 notitiam
1238 2792 1432 2862 pariat.
1459 2790 1559 2857 Qui
1589 2789 1857 2859 appetitus
1883 2787 1965 2842 vcl
1994 2787 2167 2857 inqui-

584 2885 731 2948 sitio,
761 2888 886 2939 dum
912 2886 977 2939 ad
1010 2884 1371 2939 inventionem
1402 2881 1626 2937 notitiae
1650 2880 1943 2951 perfectam
1973 2894 2163 2949 perve-

583 2977 682 3042 nit,
713 2992 865 3032 amor
885 2977 1132 3038 edicitur,
1156 2976 1247 3046 qui
1280 2983 1514 3030 mentem
1544 2974 1900 3047 notitiauupte
1929 2972 2010 3027 sui
2036 2987 2165 3028 con-

576 3067 771 3137 junget.
823 3068 891 3123 Et
927 3080 1010 3123 est
1047 3067 1286 3136 aequalis
1331 3066 1526 3131 menti,
1572 3064 1873 3134 mentisque
1915 3064 2159 3130 notitiae,

581 3161 838 3228 quoniam
870 3167 1036 3214 totam
1076 3175 1135 3215 se
1179 3168 1365 3223 amat,
1409 3166 1679 3226 totamque
1709 3155 1954 3209 uetitiam
1983 3170 2157 3209 suam.
2187 3136 2234 3200 Ο

584 3253 651 3307 Et
677 3262 759 3308 est
790 3252 1160 3307 coesseutialis
1200 3250 1365 3306 menti
1414 3260 1577 3319 atque
1614 3248 1871 3313 notitiae,
1907 3247 2163 3317 quoniam

582 3346 697 3416 ipse
739 3362 922 3411 amor,
954 3344 1045 3415 qui
1080 3353 1315 3399 mentem
1344 3343 1699 3412 notitiamque
1724 3341 1841 3410 ejus
1865 3340 1906 3371 ¹¹
1930 3339 2162 3408 copulat,

585 3450 692 3489 non
720 3435 955 3499 aliunde,
983 3434 1084 3489 nisi
1114 3434 1178 3503 de
1210 3433 1323 3503 ipsa
1354 3441 1536 3486 mente
1559 3440 1603 3473 η
1627 3429 1869 3500 procedit
1890 3428 1955 3481 ad
1977 3427 2165 3498 imagi-

581 3540 703 3578 nem
726 3526 898 3579 sancti
926 3524 1179 3594 Spiritus,
1203 3523 1314 3592 qui,
1339 3523 1405 3576 de
1426 3521 1588 3575 Patre
1612 3519 1927 3603 procedens,
1950 3518 2163 3572 Patrem

579 3629 636 3672 et
662 3617 853 3672 Filium
882 3616 1137 3672 inelfabili
1174 3615 1420 3670 caritatis
1449 3611 1660 3667 vinculo
1688 3608 1982 3679 coniungit.
2013 3607 2164 3674 Quod

580 3720 760 3763 autem
787 3708 992 3773 dixisti,
1018 3725 1085 3762 ex
1114 3708 1322 3763 duabus
1355 3705 1534 3761 causis
1562 3720 1724 3758 unam
1757 3717 1973 3758 causam
1999 3701 2165 3756 liuere

579 3798 662 3852 vel
694 3799 987 3868 procedere
1022 3799 1219 3855 rationi
1266 3812 1371 3852 non
1414 3795 1573 3851 facile
1609 3794 1878 3860 occurrit,
1914 3808 2019 3849 non
2050 3793 2161 3862 jam

577 3894 735 3965 plane
769 3895 945 3949 video.
976 3892 1209 3949 Verbum
1254 3902 1433 3947 autem
1475 3890 1618 3961 quod
1650 3898 1735 3946 est
1767 3888 1966 3953 ﬂuere,
1995 3901 2164 3956 quare

578 3988 805 4058 posuisti
838 4003 934 4058 pro
959 4001 1047 4052 eo,
1078 3986 1220 4056 quod
1248 3992 1333 4056 est
1357 3984 1671 4055 procedere,
1702 3997 1869 4051 pure,
1898 3979 1952 4033 ni
1987 3977 2160 4043 fallor,

579 4080 869 4149 perspicio.
902 4078 1035 4134 Nam
1064 4087 1118 4132 et
1147 4076 1382 4146 Spiritus
1423 4083 1641 4129 sanctus
1682 4070 1879 4126 llurneu
1909 4070 1962 4124 in
1993 4068 2164 4123 sacris

579 4168 879 4238 appellatur
904 4166 1201 4237 Scripturis
1225 4165 1289 4231 ",
1317 4174 1373 4220 et
1399 4179 1557 4233 aqua.
1587 4161 1740 4216 Unde
1766 4168 1821 4215 ct
1848 4160 1959 4229 ipse
1984 4156 2163 4213 Domi-

579 4276 683 4317 nus
709 4263 785 4316 ait
817 4282 829 4318 :
863 4262 964 4328 Qui
992 4262 1153 4316 credit
1192 4260 1245 4312 in
1276 4275 1357 4313 me
1376 4298 1391 4324 ,
1419 4258 1550 4311 sicut
1587 4255 1710 4309 dicit
1740 4252 2033 4323 Scriptura,
2056 4250 2159 4319 [lu-

578 4361 723 4413 mina
748 4358 811 4411 de
836 4365 1005 4410 ventre
1040 4353 1154 4423 ejus
1184 4353 1344 4422 ﬂuent
1378 4365 1544 4419 aquae
1570 4348 1731 4412 vivae,
1758 4347 1821 4399 de
1848 4362 1953 4417 qua
1978 4344 2023 4398 si
2046 4343 2163 4415 quis

578 4448 762 4503 biberit
789 4447 854 4511 ν’,
888 4462 989 4499 non
1025 4444 1161 4497 sitiet
1191 4442 1245 4495 in
1275 4450 1541 4494 aeternum
1562 4478 1578 4502 ,
1611 4437 1752 4491 sicut
1789 4436 2163 4491 Samaritanae

581 4537 792 4593 nndieri
830 4537 1030 4590 dictum
1066 4542 1169 4588 cst.
1216 4531 1332 4601 Ipse
1363 4544 1578 4599 quoque
1606 4527 1726 4582 fons
1760 4526 2002 4581 Paradisi
2023 4566 2037 4591 ,
2066 4525 2159 4594 qui

580 4629 635 4683 in
659 4634 916 4698 quattuor
936 4621 1254 4695 principalia
1277 4620 1496 4685 ﬂuntina
1519 4619 1798 4683 dividitur,
1831 4618 1955 4673 dum
1986 4616 2173 4691 typice‘

580 4720 974 4782 consideratur,
1033 4716 1292 4786 Spiritum
1348 4724 1595 4769 sanctmn
1647 4709 1953 4781 signiﬁcare
2001 4724 2160 4764 nemo

581 4812 883 4882 sapientum
943 4810 1193 4879 denegat.
1256 4808 1332 4862 Ex
1388 4823 1495 4877 quo
1550 4805 1713 4861 veluti
1768 4802 2052 4875 principali
2105 4809 2160 4857 et

581 4904 744 4957 unico
787 4912 841 4957 ct
888 4903 932 4934 ¹⁵
981 4904 1300 4957 inexliausto
1348 4899 1495 4954 fonte
1538 4907 1793 4968 quattuor
1834 4895 2160 4968 principales

579 4993 812 5048 virtutes
859 4992 912 5046 in
963 4991 1221 5046 Paradiso
1268 4988 1598 5044 rationabilis
1646 4987 1860 5042 animae
1912 4995 2169 5051 manant,

580 5087 919 5155 prtnletttiam
965 5085 1119 5150 dico,
1164 5083 1609 5153 temperantiam,
1662 5079 2050 5138 fortitudinem,
2103 5087 2157 5134 ct

573 5174 858 5244 justitiam.
888 5177 961 5230 Ex
990 5177 1185 5244 quibus
1212 5174 1403 5228 iterum
1427 5172 1606 5225 ontnia
1633 5170 1870 5224 omnium
1899 5170 2153 5224 virtutum

578 5260 787 5324 ﬂuenta
822 5266 1092 5337 proﬂuunt
1124 5265 1187 5331 ⁸⁸,
1218 5275 1273 5321 et
1304 5266 1355 5318 in
1390 5266 1470 5318 eis
1512 5263 1731 5332 irrigata
1771 5271 1825 5316 ct
1868 5260 2153 5315 fecundata

1860 5375 1948 5430 VA
1958 5372 2115 5428 RIAE
2154 5372 2444 5430 LECTION
2453 5371 2555 5427 ES.

2254 5463 2275 5494 "
2327 5464 2370 5519 C
2426 5464 2597 5518 docet.

1854 5536 1895 5565 ¹⁰
1934 5536 1975 5588 Ο
2012 5534 2180 5603 gignit
2216 5543 2263 5590 et
2299 5550 2457 5605 quem
2493 5534 2683 5605 gignit.

652 5482 667 5507 ‘
708 5473 750 5530 C
780 5474 1032 5545 procedit.
1060 5543 1073 5545 _
1108 5472 1192 5545 Ἀ
1219 5480 1295 5524 ut.
1390 5467 1426 5545 ’_
1448 5464 1540 5522 Sic
1596 5467 1674 5532 (ῖς
1705 5465 1757 5545 ,Α
1794 5465 2132 5545 conjungens.

573 5546 593 5577 '
631 5538 953 5601 Anulurae.
1056 5543 1077 5574 ⁸
1112 5543 1154 5596 (1
1190 5558 1321 5609 qua,
1407 5542 1429 5573 ⁹
1463 5549 1511 5609 ct
1544 5538 1753 5609 om.A.

574 5616 618 5649 ¹³
657 5618 700 5670 Α
737 5615 1027 5684 Scripturis
1056 5608 1371 5684 appellatur.
1444 5608 1491 5684 1"
1514 5609 1566 5684 _A
1607 5608 1761 5661 bibit.

571 5687 616 5718 "
656 5688 747 5740 Sic
773 5680 929 5748 (ΣςἈ
956 5680 1131 5737 ηωηᾛ
1204 5682 1247 5714 ⁸⁸
1284 5681 1324 5733 Α
1361 5680 1643 5750 sufﬁciunt.

566 5758 616 5788 "
653 5767 699 5809 et
739 5771 847 5810 om.
882 5755 947 5809 A.
1024 5753 1070 5784 "
1112 5752 1156 5805 Δ
1190 5753 1347 5807 enim.

2191 4494 2239 4552 D

1829 5606 1875 5659 ιε
1904 5616 1952 5658 et
1986 5622 2093 5658 ()Ill.
2134 5608 2197 5658 Λ.

1775 5678 1816 5709 ”
1858 5676 1902 5731 Δ
1932 5677 1988 5749 iu
2019 5676 2218 5731 cerris.

2272 1981 2418 2035 dum.
2466 1979 2599 2034 Nam
2642 1982 2768 2036 dum
2814 1982 2925 2036 sint
2958 1997 3177 2036 suorum
3201 1981 3489 2038 effectunm
3517 1994 3722 2041 causae,
3750 1992 3804 2032 et

2274 2070 2645 2141 superioribus
2693 2086 2752 2127 se
2798 2072 2978 2126 causis
3028 2073 3335 2143 duplicibus
3385 2073 3529 2126 nasci
3581 2071 3803 2140 sapientes

2272 2168 2457 2223 mundi
2497 2168 2768 2223 dixerunt.
2819 2167 2972 2224 Sicut
3011 2168 3180 2234 enim,
3207 2176 3267 2222 ut
3295 2166 3664 2238 praediximus,
3695 2162 3803 2233 ignis

2270 2272 2338 2319 ex
2360 2257 2533 2313 calido
2555 2267 2610 2313 et
2638 2258 2819 2323 sicco;
2854 2259 2928 2314 ita
2958 2274 3054 2315 aer
3075 2273 3141 2313 ex
3163 2258 3344 2314 calido
3366 2267 3422 2313 et
3448 2255 3668 2319 humido,
3691 2268 3800 2321 aqua

2269 2374 2332 2414 ex
2384 2360 2603 2414 humido
2645 2372 2700 2416 et
2736 2360 2952 2432 frigido,
3002 2371 3148 2416 terra
3191 2375 3410 2431 quoque
3454 2374 3518 2423 ex
3560 2357 3729 2426 frigido
3759 2360 3801 2407 et

2270 2459 2418 2514 sicco
2443 2459 2804 2530 componitur.
2831 2460 2965 2527 Quid
2992 2461 3188 2531 igitur?
3209 2458 3327 2515 Non
3355 2459 3398 2491 ¹⁹
3425 2458 3698 2528 negandum
3716 2461 3795 2516 est,

2270 2576 2430 2614 unam
2455 2576 2671 2615 causam
2696 2575 2760 2615 ex
2788 2561 2995 2616 duabus
3019 2562 3202 2616 causis
3229 2559 3522 2621 conﬂuere,
3551 2557 3660 2612 dum
3678 2566 3797 2623 prae-

2269 2665 2413 2720 dicta
2457 2665 2725 2736 exempla,
2756 2675 2815 2721 ut
2849 2667 2915 2721 de
2944 2667 3140 2722 ceteris
3166 2667 3378 2732 sileam,
3409 2666 3473 2721 ad
3519 2665 3613 2719 hoc
3640 2674 3796 2730 appro-

2266 2768 2501 2823 bantium
2540 2765 2841 2824 sumciunt?
2866 2769 2914 2801 '°
2945 2769 3085 2823 Mac.
3120 2768 3266 2824 Satis
3296 2768 3493 2828 miror,
3525 2776 3575 2819 et
3601 2760 3793 2816 admira-

2269 2871 2413 2926 tione
2440 2872 2681 2942 dignum,
2710 2889 2825 2938 cur,
2854 2889 2975 2926 cum
3011 2882 3191 2928 cetera
3222 2875 3269 2906 ’ί
3300 2882 3454 2929 acute
3479 2880 3530 2924 et
3555 2861 3794 2939 probabili-

2267 2979 2351 3055 ter
2376 2972 2583 3036 vidcas,
2615 2974 2668 3028 in
2709 2974 2794 3028 bis
2826 2973 3028 3028 falleris
3064 2950 3346 3045 exemplis.
3394 2973 3533 3027 ὓπερ.
3576 2967 3691 3026 Dic.
3724 2961 3795 3015 de-

2264 3088 2479 3142 precor,
2516 3074 2567 3126 in
2598 3089 2706 3143 quo
2726 3058 2787 3128 et
2809 3074 3081 3143 quomodo
3106 3073 3372 3144 decipior.
3410 3071 3543 3126 MAG.
3572 3064 3691 3120 Nunt
3721 3058 3794 3118 lilii

2266 3179 2297 3217 a
2347 3164 2675 3233 philosophis
2725 3179 2945 3219 suasum
2987 3172 3107 3230 est,
3150 3166 3411 3219 mtmdum
3458 3162 3608 3216 istum
3645 3149 3794 3205 visibi-

2267 3252 2371 3309 lem
2425 3255 2473 3286 ⁸⁸
2531 3263 2790 3324 quattuor
2843 3254 3236 3310 universalibns
3299 3263 3459 3318 atque
3515 3242 3794 3315 simplicibus

2265 3353 2515 3400 constare
2561 3345 2866 3409 elementis,
2915 3346 3051 3417 igne.
3084 3345 3363 3408 videlicet,
3410 3355 3547 3401 aere,
3591 3346 3723 3402 aqua.
3753 3333 3796 3380 et

2266 3446 2429 3501 terra,
2455 3453 2684 3507 quorum
2708 3438 3125 3507 unumquodque
3152 3439 3426 3507 propriam
3446 3441 3498 3489 ct
3523 3424 3792 3496 singularem

2265 3528 2346 3583 sui
2398 3528 2711 3598 qualitatem
2759 3528 3033 3599 possidet?
3080 3528 3174 3583 Est
3218 3529 3366 3582 enim
3418 3523 3547 3595 ignis
3576 3512 3792 3573 caliditas.

2265 3620 2408 3673 aeris
2462 3620 2785 3682 lmmiditas,
2837 3632 3011 3690 aquae
3054 3618 3348 3688 frigiditas,
3394 3625 3562 3671 terrae
3600 3602 3791 3661 siccitas.

2266 3712 2409 3767 DISC.
2460 3711 2606 3768 llaec
2654 3712 2784 3767 mihi
2833 3710 2948 3767 fere
2995 3713 3064 3767 ab
3114 3711 3344 3766 infantia
3367 3702 3639 3780 potissima
3679 3698 3791 3748 sutil-

2269 3801 2409 3857 Mac.
2441 3802 2540 3857 Dic
2585 3802 2799 3873 itaque,
2837 3803 2960 3873 quis
2984 3811 3068 3858 est
3110 3802 3198 3857 ille
3227 3802 3273 3833 ¹⁸
3312 3800 3469 3873 ignis,
3505 3804 3560 3850 ut
3592 3801 3684 3844 uno
3703 3791 3794 3879 uta-

2266 3910 2387 3948 mur
2412 3894 2680 3964 exemplo,
2712 3894 2802 3962 qui
2833 3894 2995 3950 veluti
3023 3910 3125 3947 una
3153 3909 3317 3949 causa
3346 3907 3413 3946 ex
3437 3883 3627 3943 duabus
3648 3882 3790 3931 cansIS

2265 3992 2470 4048 manat,
2511 3993 2568 4037 ut
2597 3984 2715 4038 ais?
2751 3982 2913 4039 lllcne
2937 4024 2952 4047 ,
2994 3985 3084 4054 qui
3126 3982 3357 4054 simplex
3392 3988 3445 4036 et
3466 3965 3733 4032 invisibilis,
3752 3964 3793 4010 et

2262 4091 2360 4146 per
2391 4075 2624 4144 seipsum
2657 4075 3219 4145 incomprehensibilis
3239 4116 3254 4138 ,
3287 4072 3464 4129 omnia
3490 4057 3692 4120 visibilia

2251 4172 2446 4219 -netrat
2491 4173 2656 4234 atque
2703 4175 2918 4228 movet,
2946 4179 3012 4217 an
3046 4163 3136 4218 ille
3162 4162 3393 4217 visibilis
3436 4165 3487 4212 et
3529 4137 3789 4234 corpol'flisi

2266 4231 2670 4328 tangibilisque,
2709 4266 2762 4312 et
2802 4255 3157 4312 materialiter
3197 4249 3466 4329 nutritus?
3504 4246 3634 4301 DISC.
3671 4231 3791 4344 Illum

2264 4350 2562 4421 simplicem
2589 4358 2643 4404 et
2681 4347 3279 4419 incomprelicnsibilem
3300 4385 3317 4412 ,
3344 4339 3516 4400 omnia
3543 4318 3771 4421 corpora:

2268 4406 2577 4511 imp-lentem
2616 4450 2672 4496 et
2718 4406 3075 4506 elﬁcietttem,
3106 4454 3212 4493 non
3252 4436 3497 4494 dixerim.
3534 4424 3653 4482 Nam
3688 4406 3790 4467 ei"

2266 4531 2628 4602 primordialis
2656 4540 2741 4587 est
2765 4530 3121 4595 sensibilium,
3148 4538 3205 4584 et
3233 4536 3424 4598 quarta
3456 4512 3791 4602 omnilllﬁc":

2265 4637 2454 4691 porum
2485 4635 2681 4687 causa;
2718 4621 2819 4675 iste
2855 4635 2988 4674 vero
3030 4618 3306 4674 sensibilis
3351 4624 3407 4671 et
3448 4593 3788 4691 materialis-ex

2262 4712 2540 4768 caliditate
2583 4722 2641 4767 et
2684 4712 2930 4766 siccitate
2969 4713 3293 4781 procedere,
3321 4702 3480 4764 veluti
3525 4710 3587 4753 ei

2264 4803 2466 4868 causis,
2497 4802 2627 4857 mihi
2656 4802 2891 4857 videtur.
2925 4775 3064 4857 Illac.
3093 4800 3232 4857 Num
3262 4801 3314 4855 in
3337 4791 3592 4871 prioribus
3612 4775 3786 4871 dedisti,

2264 4893 2592 4949 caliditatem
2608 4908 2715 4948 non
2731 4892 2957 4947 alterius
2976 4891 3226 4947 clementi
3248 4868 3512 4961 propriam
3528 4868 3790 4961 quidm“???

2263 4998 2403 5050 esse,
2433 4984 2535 5039 nisi
2565 4983 2731 5053 solius
2779 4982 2918 5053 ignis
2943 5023 2959 5046 ,
3012 4983 3312 5037 siccitatem
3356 4990 3479 5035 vero
3499 4957 3786 5058 nulliuszll‘lg

2268 5039 2442 5130 terrae
2484 5052 2689 5129 solius?
2734 5039 2955 5142 Singula
2999 5074 3143 5126 enim
3172 5072 3396 5142 singulis
3434 5065 3632 5120 dantur.
3656 5042 3700 5100 Ῐδ
3724 5039 3790 5142 (ξι

2262 5169 2513 5237 propriae
2543 5125 2974 5236 qualitatesusuis
3013 5125 3787 5237 singulissubstantialibus

2263 5224 2478 5314 inclitis.
2497 5224 2643 5313 Disc.
2657 5257 2776 5312 Jam
2791 5257 2911 5311 dedi
2930 5274 2943 5321 ;
2961 5224 3131 5309 alite;
3137 5270 3369 5324 namque
3382 5248 3426 5284 “
3442 5224 3787 5317 philosophiam

2716 5463 2737 5495 ⁸
2771 5460 2812 5516 C
2861 5476 2925 5515 ac
2958 5477 3101 5515 rem.
3198 5458 3220 5490 ⁸
3258 5456 3307 5512 Α
3357 5447 3590 5510 Ττὶηίιαιε

2785 5498 2824 5563 τι
2861 5498 2925 5584 Ix”
2943 5498 3153 5584 ἑίῗ’“”ιε
3193 5529 3235 5584 c
3258 5498 3333 5582 lic
3360 5498 3577 5584 3;".‘psa
3623 5498 3782 5584 'Ii‘f'fi‘i‘

2863 5561 3051 5677 εῖῡῖεεε
3194 5561 3428 5677 ante“?
3475 5561 3587 5677 “53
3609 5561 3782 5677 es:

2348 5650 2403 5707 ’3-
2916 5650 3045 5725 ’θλ
3082 5650 3580 5729 ἷίιὲίῄν-εονροιά
3608 5650 3700 5697 οω-
