4064 6292
220 339 328 398 605

1044 332 1136 391 DE
1174 331 1515 391 DIVISIONE
1552 328 1905 389 NATURAE.
1942 359 2014 370 -—
2051 329 2250 385 LIBER
2293 326 2679 387 SECUNDUS.

3395 337 3502 395 606

221 470 332 511 non
361 453 549 510 sinunt
576 450 897 524 intelligere.
927 449 1068 506 Man.
1100 449 1197 506 Dic
1220 450 1426 519 itaque,
1458 457 1640 503 utrum
1670 445 1813 501 aliud
1842 451 1888 510 Λ
1916 443 2100 498 omnia
2159 459 2387 513 corpora
2446 443 2740 513 composita
2797 444 3122 502 Cmtillllilll'.
3183 449 3289 507 Sed
3339 469 3504 509 unum

219 555 307 603 est
332 546 494 617 ignis,
530 553 588 600 et
613 543 758 598 aliud
797 543 1077 607 caliditas,
1108 558 1175 597 an
1206 558 1372 597 nntnn
1419 551 1582 611 atque
1629 538 1815 595 idem?

218 639 374 695 Dtsc.
406 640 526 693 Duo
559 637 821 708 quaedam
850 636 869 669 ⁸
908 651 1030 691 esse
1069 636 1202 691 mihi
1252 635 1524 690 videntur.
1561 635 1704 707 Ignis
1741 635 1815 690 si-

218 729 443 799 quidem
476 727 780 782 substantia
805 736 916 791 est,
947 726 1197 782 caliditas
1218 741 1348 780 vero
1372 727 1535 796 ipsius
1562 725 1815 782 substan-

221 822 333 876 tiae
360 820 613 891 qualitas,
637 828 693 875 et
715 818 933 890 propria
962 818 1216 890 qualitas.
1248 817 1387 874 MAG.
1412 817 1548 887 Quid
1596 834 1726 889 ergo
1757 818 1814 874 ’1’

218 913 363 968 Nam
412 912 716 968 substantia
766 925 927 967 causa
974 919 1061 966 est
1106 910 1414 981 qualitatis,
1462 926 1531 966 an
1582 906 1814 982 qualitas

212 1020 387 1061 causa
415 1004 769 1069 substantiae,
804 1017 873 1057 an
907 1017 1083 1073 neque
1115 1002 1351 1073 qualitas
1380 1017 1541 1057 causa
1571 1012 1654 1057 est
1682 1001 1814 1057 sub-

217 1095 481 1160 stantiae,
522 1107 700 1164 neque
748 1092 1048 1148 substantia
1096 1092 1399 1162 qualitatis,
1445 1093 1701 1161 quoniam
1745 1107 1815 1147 ex

216 1186 413 1240 eodem
448 1199 648 1257 genere
689 1200 793 1238 non
826 1183 987 1238 sunt?
1030 1183 1175 1255 Dtsc.
1221 1182 1374 1250 Quod
1421 1184 1667 1239 ultimum
1714 1199 1813 1254 po-

218 1280 379 1335 suisti
413 1280 669 1350 approbo.
700 1278 958 1346 Quamvis
990 1279 1132 1333 enim
1161 1277 1392 1347 qualitas
1419 1277 1471 1332 in
1512 1276 1812 1333 substantia

213 1370 587 1445 contineatur,
619 1369 763 1423 nulla
794 1369 1057 1438 siquidem
1082 1368 1313 1438 qualitas
1343 1384 1439 1439 per
1458 1383 1516 1424 se
1544 1368 1810 1435 subsistit,

213 1477 330 1516 non
365 1470 544 1516 tamen
576 1476 795 1516 causam
821 1459 1098 1531 qualitatis
1123 1460 1479 1515 substantiam
1510 1474 1633 1515 esse
1657 1458 1809 1513 dixe-

218 1553 326 1607 rim
354 1552 397 1607 ³.
440 1552 649 1608 Etenim
698 1552 879 1607 omnis
911 1551 1121 1622 species
1149 1566 1305 1606 suum
1337 1543 1504 1621 gcn'us
1544 1550 1810 1620 sequitur,

213 1644 493 1714 quomodo
512 1643 579 1698 ιιι
612 1659 710 1699 suo
739 1657 935 1714 genere
963 1643 1293 1709 nascitur,et
1321 1642 1374 1697 in
1402 1656 1469 1696 eo
1498 1640 1809 1694 immutabi-

216 1738 348 1793 liter
372 1738 691 1792 custoditur.
718 1737 796 1791 Ae
828 1752 929 1808 per
954 1737 1055 1791 hoc
1084 1736 1261 1792 onnnis
1292 1736 1594 1791 substantia
1623 1749 1688 1789 ex
1718 1749 1810 1805 ge-

1917 534 2096 591 adlute
2127 546 2312 600 restat,
2343 551 2450 606 quo
2480 536 2530 589 iu
2560 538 2746 591 eadem
2775 552 2892 592 mea
2924 541 3208 609 sententia,
3233 559 3336 614 qua
3369 547 3501 611 disi,

1914 641 2075 681 unam
2107 643 2327 684 causam
2371 642 2436 682 ex
2479 626 2660 682 multis
2700 627 2901 695 ﬂuere,
2944 632 3073 686 mihi
3118 633 3302 689 videor
3346 651 3505 705 posse

1913 734 2251 790 permanere.
2278 718 2416 773 MAG.
2436 718 2573 786 Quid
2598 731 2681 775 est
2702 722 2831 776 illud
2859 740 3048 791 unum,
3073 728 3231 783 velim
3257 730 3499 798 detcgas.

1914 810 2060 865 Dtsc.
2091 810 2226 864 Num
2255 825 2445 865 onmes
2474 811 2778 882 philosophi
2815 814 2882 869 de
2911 817 3109 871 mundo
3148 817 3250 872 isto
3285 820 3325 851 ¹⁰
3360 830 3504 877 trac-

1915 911 2093 957 tantes
2118 902 2443 957 unanimiter
2466 902 2729 968 suadent,
2762 912 2816 957 et
2839 905 2905 959 ad
2934 922 3125 975 purum
3165 908 3430 965 deducere
3457 908 3502 944 “

1912 992 2185 1058 videntur,
2213 994 2391 1047 omnia
2420 1008 2648 1064 corpora
2678 997 2974 1067 composita
3005 1013 3067 1051 ex
3097 1008 3350 1068 quattuor
3372 984 3504 1058 sim;

1912 1088 2143 1160 plicibus
2190 1086 2471 1142 elementis
2526 1102 2821 1157 eorumque
2871 1090 3102 1161 propriis
3153 1090 3505 1161 qualitatibus

1910 1188 2169 1250 quattuor
2195 1178 2479 1249 componi?
2512 1178 2576 1232 Et
2602 1180 2648 1233 si
2683 1180 2753 1233 ita
2780 1190 2882 1247 est,
2914 1198 3020 1235 non
3065 1182 3236 1237 solum
3259 1182 3345 1238 'ex
3374 1185 3505 1239 dna-

1910 1272 2033 1336 bus,
2060 1286 2244 1324 vcrum
2277 1271 2438 1325 etiam
2471 1286 2534 1325 ex
2575 1270 2763 1325 multis
2804 1273 2983 1327 causis
3021 1274 3352 1345 singulorum
3382 1292 3504 1331 cor-

1912 1378 2102 1434 porum
2158 1361 2388 1417 ellicilttr
2434 1363 2772 1432 compositio.
2834 1363 2974 1419 Msa.
3029 1363 3182 1420 llimc
3235 1367 3278 1397 ¹¹
3327 1367 3505 1425 locum

1909 1450 2147 1522 fugiendi
2180 1450 2425 1505 fortassis
2452 1452 2653 1506 habere
2679 1453 2967 1521 potuisses,
2991 1453 3034 1508 si
3063 1454 3230 1510 moles
3257 1456 3350 1511 has
3377 1474 3505 1513 cor-

1909 1560 2100 1614 porum
2130 1544 2456 1615 compositas
2484 1553 2539 1599 et
2573 1546 2948 1614 corruptibiles
2975 1556 3029 1602 et
3055 1549 3308 1605 solutioni
3344 1552 3504 1608 habi-

1909 1634 1988 1690 les
2021 1635 2247 1689 aliorum
2295 1634 2584 1689 eﬂ‘ectuum
2634 1636 2770 1690 infra
2822 1652 2880 1691 se
2930 1641 3267 1710 sequentium
3311 1659 3504 1701 causas

1910 1742 2029 1783 esse
2078 1744 2202 1783 vera
2255 1730 2465 1784 ratione
2516 1746 2811 1785 assereres.
2862 1730 2980 1785 Jam
3030 1750 3200 1801 vero,
3246 1739 3503 1807 quoniam

215 1827 394 1884 ιιειιςιιί
423 1828 657 1884 εεεοηιίει
684 1827 888 1895 (tenuit,
926 1827 1102 1883 omnis
1138 1839 1320 1882 autem
1350 1827 1583 1897 quantas
1608 1843 1670 1882 ex
1718 1843 1810 1897 ge-
1844 1813 1883 1872 Β
1913 1819 2045 1874 nihil
2079 1819 2303 1875 inferius
2331 1828 2412 1875 est
2441 1836 2670 1891 corpore
2700 1824 3018 1893 composito,
3051 1826 3248 1881 nulzius
3273 1842 3505 1897 sequen-

214 1917 394 1973 nerali
424 1917 700 1988 qualitate.
732 1916 872 1972 MAG.
899 1917 1041 1988 Ignis
1085 1917 1303 1987 itaque,
1343 1916 1465 1986 quia
1507 1916 1808 1971 subst-.mtia

213 2019 327 2074 est,
355 2024 460 2064 non
487 2009 556 2062 ab
581 2007 684 2062 alia
710 2023 877 2064 causa
901 2008 1177 2063 descendit
1208 2006 1308 2061 nisi
1340 2023 1368 2061 a
1399 2006 1809 2077 generalissima

212 2100 477 2158 essentia.
513 2098 776 2155 Similiter
802 2099 1070 2164 caliditas,
1093 2099 1220 2170 quia
1259 2098 1492 2169 qualitas
1515 2107 1601 2153 est
1622 2098 1664 2162 ⁸,
1704 2114 1808 2152 non

217 2197 292 2252 ab
320 2197 425 2251 alia
460 2212 624 2252 causa
646 2196 916 2266 procedit,
946 2194 1045 2250 nisi
1076 2211 1106 2250 a
1136 2193 1542 2267 generalissima
1574 2192 1809 2264 qualita-

220 2298 298 2345 te.
331 2287 479 2344 Dtsc.
512 2288 826 2359 Quicunque
855 2288 982 2343 huic
1008 2287 1341 2344 conclusioni
1371 2287 1680 2351 contendit,
1720 2303 1809 2341 ra-

218 2378 459 2436 tionibus
472 2379 1069 2450 philosOphiaetidetnr
1100 2380 1371 2435 resistere.
1404 2378 1543 2435 MAG.
1570 2379 1681 2434 Cur
1708 2379 1811 2449 igis

219 2480 314 2526 tur
358 2472 555 2542 ignem,
601 2471 717 2527 sive
763 2470 1060 2541 simplicem
1105 2470 1220 2525 sive
1252 2470 1620 2533 malcrialem,
1646 2468 1810 2523 veluti

217 2576 388 2614 unam
415 2577 632 2617 causam
663 2578 729 2617 ex
761 2562 968 2617 duabus
991 2562 1192 2627 causis,
1227 2561 1280 2616 id
1320 2570 1404 2617 est
1447 2560 1722 2617 ealiditate
1757 2569 1814 2617 et

220 2653 488 2718 siccitate,
512 2652 785 2709 conﬂuere
807 2669 970 2708 ausus
990 2669 1050 2707 cs
1066 2652 1436 2723 pronuntiare,
1458 2667 1580 2707 cum
1606 2652 1821 2717 videas,

219 2744 367 2815 ignis
394 2745 417 2777 ‘
446 2746 799 2801 substantiam
829 2761 935 2799 non
990 2744 1165 2799 solum
1210 2745 1278 2800 ab
1320 2744 1494 2799 aliena
1529 2743 1810 2814 qualitate,

218 2847 365 2903 quae
397 2841 481 2888 est
528 2834 744 2889 siccitas
789 2841 844 2888 et
894 2843 1141 2889 terrenae
1186 2833 1522 2889 substantiae
1569 2833 1808 2903 propria,

218 2939 410 2979 verum
443 2925 605 2978 etiam
646 2940 675 2979 a
715 2941 846 2991 sua,
881 2941 1022 2996 quae
1067 2934 1151 2981 est
1196 2924 1465 2990 caliditas,
1508 2925 1653 2980 nasci
1705 2940 1820 3003 non.

218 3014 417 3085 posse?
454 3016 596 3070 Dtsc.
632 3011 785 3070 Nunc
811 3015 966 3071 video
1001 3032 1087 3070 me
1120 3016 1403 3086 deceptum
1444 3015 1498 3070 in
1529 3031 1624 3084 eo,
1667 3015 1809 3088 quod

220 3107 366 3171 disi,
416 3107 747 3163 caliditatem
794 3118 849 3163 et
895 3109 1191 3164 siccitatem
1224 3109 1384 3165 veluti
1438 3110 1572 3166 duas
1619 3127 1810 3166 causas

1915 1912 1984 1966 tis
2026 1925 2115 1976 se,
2144 1926 2319 1982 neque
2362 1913 2605 1982 aequalis
2635 1914 2736 1968 sibi
2769 1925 3015 1980 naturae,
3050 1933 3214 1972 causa
3244 1935 3363 1975 esse
3407 1937 3504 1991 po-

1914 2012 2037 2057 test.
2075 2003 2139 2057 Et
2186 2020 2330 2058 nunc
2369 2004 2435 2059 de
2473 2005 2653 2059 causis
2702 2006 2911 2075 agimus
2953 2008 3064 2061 sive
3095 2009 3503 2081 principalibus,

1912 2094 2026 2149 sire
2063 2095 2415 2164 sequentibus
2447 2104 2504 2149 et
2560 2096 2952 2153 coneatenalis.
3004 2099 3069 2153 lit
3117 2102 3293 2156 onmis
3339 2119 3502 2159 causa

1912 2201 2015 2242 nec
2060 2202 2189 2243 vere
2244 2201 2346 2241 nec
2396 2196 2542 2242 recte
2592 2204 2756 2243 causa
2815 2190 2920 2244 diei
2978 2201 3193 2260 potest,
3246 2195 3503 2263 quoniam

1910 2294 2038 2334 vere
2075 2294 2237 2335 causa
2282 2294 2388 2333 non
2430 2288 2545 2344 est,
2594 2296 2735 2350 quae
2790 2282 2840 2336 in
2889 2282 3111 2339 ell‘ectus
3156 2301 3284 2342 suos
3322 2302 3504 2343 erum-

1912 2386 2042 2442 pere
2088 2372 2280 2427 nescit.
2319 2372 2553 2428 Omnino
2580 2374 2723 2429 enim
2751 2375 3032 2432 elfectibus
3066 2380 3298 2449 propriis
3325 2389 3502 2445 caret,

1912 2480 2141 2535 quorum
2169 2482 2333 2521 causa
2352 2467 2546 2521 merito
2572 2477 2754 2537 posset
2772 2468 2817 2510 ι³
2841 2471 3040 2524 vocari.
3058 2470 3296 2543 Corpora
3320 2482 3502 2530 autem

1913 2554 2284 2624 corruptibilia
2322 2556 2522 2611 nullius
2568 2556 2792 2612 elleetus
2835 2575 2998 2614 causa
3047 2570 3192 2625 sunt,
3245 2564 3507 2631 quoniam

1914 2643 2113 2698 nullam
2154 2653 2402 2699 naturam
2442 2646 2510 2700 de
2554 2661 2613 2701 se
2649 2646 2908 2719 gignunt,
2952 2664 3074 2704 cum
3120 2650 3362 2707 omnium
3409 2670 3506 2706 na-

1915 2745 2160 2790 turarum
2197 2745 2497 2792 extremum
2546 2746 2710 2809 atque
2756 2739 3001 2794 iniimum
3051 2755 3116 2795 ac
3157 2756 3322 2812 prope
3368 2742 3502 2796 nihil

1912 2828 2191 2883 obtineant
2238 2829 2435 2885 locum.
2492 2830 2802 2902 Spiritualia
2857 2842 3040 2887 autem
3090 2850 3316 2906 corpora
3370 2837 3503 2890 sim-

1911 2918 2070 2990 plicia
2117 2919 2158 2951 "
2206 2929 2373 2986 sunt,
2424 2938 2488 2976 ac
2537 2937 2633 2992 per
2678 2922 2781 2978 hoc
2839 2924 3139 2979 insolubilia
3191 2936 3248 2981 et
3294 2927 3338 2958 ”
3388 2942 3502 2982 ma-

1914 3012 2094 3066 nentia
2116 3053 2131 3076 ,
2168 3012 2339 3067 donec
2378 3021 2520 3071 totus
2554 3014 2654 3068 iste
2685 3015 2916 3070 mundus
2943 3031 3063 3069 cum
3095 3017 3339 3085 partibus
3366 3019 3499 3083 suis,

1914 3102 2038 3156 dtnn
2063 3102 2130 3156 ad
2155 3118 2309 3158 suum
2345 3103 2387 3135 ¹⁴¹
2419 3103 2578 3158 finem
2616 3107 2946 3174 pervenerit,
2978 3106 3241 3162 solvatur.
3274 3108 3337 3163 Et
3368 3110 3503 3164 haec

219 3200 385 3255 unius
412 3216 636 3267 causae,
671 3201 721 3256 id
759 3212 841 3256 ρει
869 3202 1030 3272 ignis,
1056 3201 1368 3257 sumisiere,
1403 3202 1598 3259 Μιιιιοε
1626 3214 1805 3259 nunc"
1835 3175 1880 3237 (ἶ
1912 3208 2137 3264 corpora
2156 3195 2330 3249 adlmc
2349 3195 2390 3225 ”
2415 3195 2842 3265 incorruptibilia
2864 3207 2919 3253 et
2939 3198 3243 3255 insolubilia
3267 3217 3371 3257 non
3398 3205 3503 3259 nisi

220 3293 413 3347 eodem
460 3294 480 3325 "
526 3308 713 3349 errore
761 3295 1009 3350 seductos
1082 3297 1346 3366 cognovi,
1394 3297 1707 3366 qualitatmn
1753 3307 1809 3353 et

219 3383 651 3440 stilistanliarum
680 3385 1014 3442 differentias
1040 3397 1368 3458 naturasque
1399 3404 1504 3444 non
1532 3390 1666 3445 satis
1690 3389 1813 3443 diso'

217 3484 528 3530 cernentes.
608 3475 675 3531 Et
721 3475 831 3546 jam
879 3476 1079 3532 nullum
1130 3478 1308 3534 locum
1355 3477 1590 3551 fugiendi
1634 3481 1806 3535 video.

220 3565 358 3622 Nam
399 3567 446 3622 si
478 3567 699 3633 dixero,
747 3570 923 3641 ignem
973 3579 1026 3625 et
1076 3571 1402 3627 caliditatem
1446 3588 1611 3628 unum
1656 3582 1712 3627 et
1757 3573 1810 3628 id

221 3659 401 3731 ipsum
428 3675 570 3725 esse,
596 3661 853 3716 continuo
881 3677 967 3716 me
996 3661 1316 3734 redargnes,
1345 3662 1587 3717 dicturus
1604 3703 1619 3729 ,
1642 3678 1810 3733 quare

220 3764 357 3819 ergo
399 3750 626 3804 eandem
674 3766 786 3804 rem
838 3751 1035 3806 suimet
1079 3768 1200 3808 esse
1246 3769 1468 3808 causam
1510 3754 1810 3809 aestimas?

221 3840 343 3895 Dixi
375 3840 660 3910 siquidem,
698 3841 870 3912 ignem
900 3858 965 3897 ex
993 3828 1262 3900 ealiditate
1290 3855 1345 3899 et
1376 3846 1619 3901 siccitate
1654 3861 1807 3900 com-

219 3934 371 4003 poni.
423 3931 479 3987 Si
526 3934 714 3988 dixero
762 3934 1017 3990 mundum
1070 3937 1229 3992 istum
1272 3937 1539 3993 visibilem
1586 3953 1693 3992 non
1739 3952 1805 3992 ex

220 4030 482 4093 quattuor
515 4023 957 4079 substantialibus
993 4024 1289 4087 elementis,
1319 4026 1412 4082 sed
1452 4042 1517 4082 ex
1553 4035 1810 4097 quattuor

222 4112 561 4168 solummodo
588 4114 923 4185 simplicibus
946 4117 1296 4186 qualitatibus
1321 4127 1594 4182 constare,
1619 4119 1809 4174 calidi-

221 4215 338 4264 tate
370 4207 656 4272 videlicet,
705 4209 1056 4275 humiditate,
1104 4208 1394 4280 frigiditate
1436 4220 1489 4265 et
1537 4209 1806 4277 siccitate,

221 4300 480 4369 quoniam
523 4308 578 4354 et
620 4301 723 4355 hoc
778 4301 961 4355 multis
995 4301 1167 4356 visum
1194 4310 1316 4366 est,
1361 4299 1607 4356 fortassis
1648 4318 1678 4355 a
1722 4316 1807 4356 me

222 4405 457 4460 quaeras
498 4406 514 4445 :
559 4391 603 4446 si
654 4406 783 4464 ergo
825 4401 1081 4462 quattuor
1127 4382 1477 4463 qualitatibus
1529 4401 1672 4447 totus
1720 4393 1808 4450 hic

222 4480 456 4534 mundus
484 4495 606 4535 cum
642 4482 755 4536 suis
789 4482 1106 4552 corporibus
1132 4499 1161 4537 a
1191 4497 1402 4537 sutnmo
1436 4497 1608 4554 usque
1645 4484 1806 4538 deor-

221 4585 343 4625 sum
365 4581 598 4637 constat,
622 4572 770 4643 ipsae
797 4560 1085 4645 qualitates
1112 4575 1307 4645 quibus
1332 4575 1649 4630 substantiis
1674 4591 1806 4631 coa-

222 4662 502 4718 tinentur?
544 4665 602 4720 Si
648 4667 792 4721 enim
825 4666 1112 4736 qualitates
1167 4677 1292 4722 sunt
1317 4666 1359 4733 ⁸,
1404 4683 1503 4738 per
1535 4683 1595 4723 se
1632 4668 1809 4723 subsi-

221 4764 369 4810 stere
404 4770 511 4810 non
551 4770 713 4827 posse
740 4772 866 4813 vera
914 4758 1104 4813 edocet
1147 4759 1307 4813 ratio.
1358 4758 1424 4813 Et
1466 4775 1572 4813 non
1617 4769 1807 4829 potero

222 4844 491 4911 invenire,
519 4847 647 4918 qttid
678 4846 1182 4919 respondeam,_hoe
1205 4856 1310 4913 est,
1338 4848 1533 4918 quibus
1558 4847 1807 4904 substan-

223 4934 317 4989 tiis
354 4935 504 5006 ipsae
538 4937 916 5007 primordiales
943 4950 999 4994 et
1027 4939 1308 5010 generales
1336 4939 1656 5009 qualitates,
1679 4939 1806 5009 qui-

220 5028 326 5083 bus
350 5030 581 5086 mundus
608 5032 977 5098 constituitur,
1022 5031 1347 5098 fulciuntnr;
1387 5039 1442 5087 et
1468 5032 1613 5087 veris
1642 5031 1807 5084 ratio.

221 5119 384 5175 nibus
427 5121 752 5177 constrictus
794 5121 950 5177 fateri
988 5122 1282 5192 compellar
1306 5124 1362 5186 ’,
1403 5132 1658 5192 quattuor
1686 5121 1825 5180 sub:

220 5209 493 5265 stantialia
518 5213 700 5267 mundi
721 5215 987 5269 elementa
1012 5213 1332 5278 subsistere,
1357 5211 1409 5267 in
1433 5211 1628 5282 quibus
1653 5219 1810 5281 quat-

221 5311 347 5358 tuor
372 5304 699 5377 principales
731 5308 1018 5378 qualitatcs
1043 5306 1376 5372 consistunt,
1408 5322 1636 5378 quarum
1663 5305 1808 5362 coitu

1839 4532 1888 4594 D

1912 3284 1965 3338 in
1996 3294 2254 3355 quattuor
2279 3286 2564 3341 catholicis
2599 3288 2985 3358 principalibus
3016 3291 3060 3325 ιθ
3087 3292 3504 3363 purissimisque

1912 3375 1964 3430 in
1986 3377 2179 3447 Seipsis
2202 3387 2255 3432 et
2286 3378 2621 3448 simplicibus
2648 3387 2703 3434 et
2751 3380 3007 3436 dicuntur
3038 3384 3502 3455 et-intellignntur

1910 3468 2230 3535 elementis;
2262 3481 2444 3526 cetera
2472 3488 2603 3526 vero
2650 3488 2904 3543 corpora,
2945 3490 3086 3545 quae
3131 3475 3385 3533 videntur
3431 3494 3500 3533 ex

1910 3583 2096 3622 eorum
2125 3568 2477 3637 qualitatibus
2509 3570 2549 3602 ¹⁹
2592 3570 2912 3639 composita,
2958 3572 3215 3641 quoniam
3243 3581 3299 3627 et
3344 3588 3502 3627 com-

1909 3661 2033 3731 poni
2087 3671 2140 3715 et
2187 3661 2319 3715 solvi
2370 3672 2612 3731 possunt,
2657 3678 2763 3716 non
2795 3663 2934 3717 inter
2972 3680 3182 3725 causas,
3236 3666 3328 3722 sed
3360 3666 3503 3721 inter

1911 3760 2183 3806 extremos
2209 3753 2451 3816 elfectus,
2478 3754 2568 3823 qui
2598 3754 2664 3807 de
2689 3769 2748 3809 se
2780 3755 2911 3809 nihil
2931 3755 3164 3811 ellieiunt
3246 3774 3261 3810 ι
3287 3758 3504 3827 sapien-

1912 3843 2055 3897 tibus
2106 3852 2505 3912 compulanlur.
2561 3843 2967 3914 Simplicissima
3002 3848 3164 3913 etiam
3218 3858 3273 3902 et
3324 3851 3502 3918 puris-

1910 3932 2044 3986 sima
2069 3942 2124 3987 et
2158 3949 2374 3987 sensum
2418 3948 2735 4003 corporeum
2765 3934 3022 4006 fugientia
3052 3944 3309 4006 quattuor
3339 3936 3500 4003 hujus

1910 4022 2094 4077 mundi
2122 4022 2385 4078 elementa
2416 4026 2483 4078 ad
2515 4040 2674 4079 unam
2711 4026 3009 4095 simplicem
3057 4036 3113 4080 et
3164 4027 3498 4082 individuam

1908 4126 2125 4167 causam
2157 4112 2364 4183 solique
2396 4114 2690 4169 intellectui
2721 4114 3238 4184 perfectissimorum
3281 4117 3503 4185 sapien-

1909 4214 2023 4258 tum
2053 4207 2321 4277 cognitam
2358 4205 2688 4271 referuntur,
2740 4204 2842 4261 hoc
2885 4216 2993 4271 est,
3039 4207 3105 4261 ad
3155 4207 3501 4278 generalissi-

1910 4313 2077 4361 mam,
2103 4307 2157 4352 et
2191 4297 2243 4351 in
2281 4298 2456 4367 seipsa
2493 4314 2710 4368 semper
2731 4307 3038 4355 manentem
3066 4299 3496 4355 substantiarmn

1909 4390 2150 4447 omnium
2191 4391 2259 4444 ad
2290 4391 2531 4446 visibiles
2560 4391 2788 4447 cll'ectus
2808 4391 2853 4423 ’°
2883 4391 3289 4462 procedentium
3316 4407 3502 4446 essen-

1914 4481 2065 4536 tiam.
2100 4481 2363 4536 Similiter
2388 4490 2442 4537 et
2471 4482 2537 4537 de
2565 4491 2824 4552 quattuor
2836 4497 3026 4538 eorum
3056 4482 3499 4554 primordialibns

1915 4587 1981 4627 ac
2027 4572 2263 4643 propriis
2296 4572 2647 4643 qualitatibus
2675 4589 2779 4629 non
2811 4573 3106 4643 incongrue
3155 4573 3493 4643 intelligitur.

1915 4664 2048 4722 Cum
2079 4666 2223 4719 enim
2264 4666 2412 4735 ipsae
2456 4665 2673 4721 sibimet
2706 4666 3014 4721 contrariae
3040 4665 3342 4729 videantur,
3375 4681 3498 4722 nam

1914 4754 2164 4811 caliditas
2218 4755 2498 4825 frigiditati
2548 4756 2860 4825 opponitur,
2904 4755 3212 4811 humiditati
3258 4757 3497 4822 siccitas,

1914 4848 1980 4902 ad
2001 4864 2163 4902 unam
2194 4857 2370 4903 tamen
2403 4849 2827 4904 secretissimum
2853 4864 2916 4903 ac
2940 4849 3282 4903 solummodo
3302 4848 3496 4903 rationi

1913 4939 2210 5008 subiectam
2237 4940 2726 5002 redeunteausam,
2760 4939 2827 4994 ad
2864 4939 3330 5010 generalissimam
3376 4939 3499 4994 dico

1910 5030 2151 5087 omnium
2199 5030 2519 5100 qualitatum
2568 5029 2924 5100 qualitatem,
2972 5046 3041 5085 ex
3098 5045 3203 5098 qua
3264 5026 3496 5082 mirabili

1915 5132 2139 5178 naturae
2164 5137 2326 5191 opere
2354 5122 2396 5152 ¹¹
2433 5122 2501 5176 ad
2537 5121 2817 5176 ellicienda
2860 5122 2995 5177 haec
3030 5135 3258 5190 corpora
3311 5133 3509 5172 eorru-:

1911 5214 2115 5285 ptihilia
2169 5229 2233 5269 ac
2275 5213 2527 5268 solutioni
2580 5213 2811 5268 obnoxia
2857 5213 3175 5283 procedunt,
3206 5219 3261 5265 et
3298 5208 3353 5262 in
3390 5222 3497 5279 qua

1911 5302 2165 5359 ineﬂ'abili
2198 5303 2520 5359 universalis
2571 5313 2797 5359 naturae
2826 5302 3049 5373 pacitiea
3079 5298 3363 5355 concordia
3394 5294 3498 5350 sibi

1527 5461 1782 5517 VARIAE
1821 5459 2223 5518 LECTIONES.

296 5580 314 5612 ⁸
354 5579 415 5653 AA
435 5597 714 5653 quaenam.
791 5583 812 5614 ¹
853 5580 898 5636 Δ
934 5581 1113 5652 igitur.
1189 5581 1211 5613 ³
1250 5581 1295 5636 Α
1333 5580 1556 5653 dixerim
1586 5595 1715 5653 esse.

220 5665 331 5705 om.
373 5649 456 5704 C.’
536 5652 557 5684 "
595 5651 636 5708 Ο
672 5669 871 5707 eorum.
955 5649 999 5685 ’⁸
1034 5654 1078 5706 Λ
1111 5654 1236 5708 sint.
1336 5652 1357 5681 ’
1395 5654 1435 5706 A
1479 5649 1776 5719 compellor.

224 5721 270 5755 ”
307 5720 351 5775 C
382 5736 611 5791 corpora
652 5723 826 5777 adhuc
857 5722 1144 5791 simplicia.
1221 5722 1267 5756 ¹⁹
1303 5732 1349 5777 et
1388 5726 1498 5775 nm.
1536 5718 1599 5775 C.
1702 5718 1779 5791 _“.

1812 5577 1833 5608 ‘
1869 5576 1910 5632 (Ζ
1947 5593 2079 5637 om.,
2123 5575 2162 5629 A

1881 5648 1923 5678 ¹⁰
1962 5652 2001 5701 Α
2046 5647 2158 5700 illo.

1820 5735 1971 5771 suum
2006 5733 2116 5773 om.
2158 5717 2224 5771 A.

2716 5571 2738 5604 '
2775 5570 2818 5623 Α
2853 5579 2927 5624 cst
2962 5566 3208 5638 qualitas.
3246 5635 3253 5638 _
3309 5564 3329 5595 °
3364 5565 3497 5633 ignis

2732 5643 2773 5672 ¹¹
2812 5645 2852 5694 Α
2895 5635 3015 5691 llic.
3050 5654 3057 5663 ‘
3148 5636 3191 5667 ¹³
3232 5635 3267 5688 Α
3311 5640 3493 5702 posm.

2961 5711 3002 5740 ⁸³
3042 5707 3080 5760 Α
3121 5706 3496 5775 principalium

2199 5592 2379 5647 quum,
2448 5646 2451 5647 ν
2491 5590 2613 5643 quo.

2260 5647 2300 5676 “
2342 5647 2382 5696 (ἶ
2421 5646 2627 5697 (lucere.

2339 5717 2378 5747 ¹⁷
2416 5717 2587 5768 adhuc
2630 5728 2739 5767 om.
2786 5712 2846 5765 (ἶ.

220 5802 271 5848 a
292 5776 610 5848 catholicis.
672 5793 714 5825 ¹⁹
736 5795 779 5847 A
806 5776 878 5851 et
894 5776 977 5847 rcis.
999 5776 1198 5865 (eorum
1222 5776 1563 5863 qualnnlibus
1587 5789 1743 5862 om.).
1818 5789 1862 5820 ⁵ο
1884 5790 1973 5859 qui
1997 5789 2060 5842 de
2073 5803 2126 5841 se
2150 5786 2279 5842 niaii’
2307 5786 2613 5855 cffirinnt—
2631 5782 2847 5852 effectus
2875 5794 2985 5836 om.
3017 5778 3056 5833 Β
3090 5777 3150 5834 C.
3229 5776 3269 5807 "
3307 5776 3352 5829 A
3378 5791 3491 5846 ope.
