  <div class='ocr_page' id='page_1' title='image "/cluster/home/n/w/nwhite01/storage/ocr_20150623/122/hvd.32044015471659/341.png"; bbox 0 0 4064 6292; ppageno 0'>
   <div class='ocr_carea' id='block_1_1' title="bbox 513 259 624 323">
    <p class='ocr_par' dir='ltr' id='par_1_1' title="bbox 513 259 624 323">
     <span class='ocr_line' id='line_1_1' title="bbox 513 259 624 323; baseline -0.009 0"><span class='ocrx_word' id='word_1_1' title='bbox 513 259 624 323; x_wconf 75' lang='lat'><strong>607</strong></span> 
     </span>
    </p>
   </div>
   <div class='ocr_carea' id='block_1_2' title="bbox 1852 245 2415 335">
    <p class='ocr_par' dir='ltr' id='par_1_2' title="bbox 1852 245 2415 335">
     <span class='ocr_line' id='line_1_2' title="bbox 1852 245 2415 335; baseline -0.014 -28"><span class='ocrx_word' id='word_1_2' title='bbox 1852 331 1855 335; x_wconf 24' lang='grc' dir='ltr'><strong>Ι</strong></span> <span class='ocrx_word' id='word_1_3' title='bbox 1903 245 2183 306; x_wconf 63' lang='grc' dir='ltr'><strong>ιοΑΝΝιδ</strong></span> <span class='ocrx_word' id='word_1_4' title='bbox 2219 245 2415 302; x_wconf 85' lang='lat' dir='ltr'><strong>SCOTI</strong></span> 
     </span>
    </p>
   </div>
   <div class='ocr_carea' id='block_1_3' title="bbox 3668 245 3791 306">
    <p class='ocr_par' dir='ltr' id='par_1_3' title="bbox 3668 245 3791 306">
     <span class='ocr_line' id='line_1_3' title="bbox 3668 245 3791 306; baseline 0 0"><span class='ocrx_word' id='word_1_5' title='bbox 3668 245 3791 306; x_wconf 79' lang='lat'><strong>608</strong></span> 
     </span>
    </p>
   </div>
   <div class='ocr_carea' id='block_1_4' title="bbox 519 356 3788 442">
    <p class='ocr_par' dir='ltr' id='par_1_4' title="bbox 519 356 3788 442">
     <span class='ocr_line' id='line_1_4' title="bbox 519 356 3788 442; baseline -0.006 -7"><span class='ocrx_word' id='word_1_6' title='bbox 519 374 773 442; x_wconf 84' lang='lat' dir='ltr'><strong>invicem,</strong></span> <span class='ocrx_word' id='word_1_7' title='bbox 820 379 1025 429; x_wconf 90' lang='lat' dir='ltr'><strong>remota</strong></span> <span class='ocrx_word' id='word_1_8' title='bbox 1076 367 1223 425; x_wconf 90' lang='lat' dir='ltr'><strong>omni</strong></span> <span class='ocrx_word' id='word_1_9' title='bbox 1272 365 1677 431; x_wconf 78' lang='lat' dir='ltr'><strong>contrarietate,</strong></span> <span class='ocrx_word' id='word_1_10' title='bbox 1731 362 2093 420; x_wconf 89' lang='lat' dir='ltr'><strong>consentiunt.</strong></span> <span class='ocrx_word' id='word_1_11' title='bbox 2126 367 2171 421; x_wconf 80' lang='grc' dir='ltr'>Α</span> <span class='ocrx_word' id='word_1_12' title='bbox 2201 356 2358 411; x_wconf 90' lang='lat' dir='ltr'><strong>unius</strong></span> <span class='ocrx_word' id='word_1_13' title='bbox 2380 357 2662 419; x_wconf 84' lang='lat' dir='ltr'><strong>essentiae,</strong></span> <span class='ocrx_word' id='word_1_14' title='bbox 2703 366 2962 427; x_wconf 89' lang='lat' dir='ltr'><strong>quantum</strong></span> <span class='ocrx_word' id='word_1_15' title='bbox 2990 357 3120 413; x_wconf 88' lang='lat' dir='ltr'><strong>mihi</strong></span> <span class='ocrx_word' id='word_1_16' title='bbox 3149 358 3483 426; x_wconf 82' lang='lat' dir='ltr'><strong>conceditur,</strong></span> <span class='ocrx_word' id='word_1_17' title='bbox 3513 359 3788 433; x_wconf 78' lang='lat' dir='ltr'><strong>intelligo.</strong></span> 
     </span>
    </p>
   </div>
   <div class='ocr_carea' id='block_1_5' title="bbox 518 457 2095 526">
    <p class='ocr_par' dir='ltr' id='par_1_5' title="bbox 518 457 2095 526">
     <span class='ocr_line' id='line_1_5' title="bbox 518 457 2095 526; baseline -0.013 -3"><span class='ocrx_word' id='word_1_18' title='bbox 518 467 671 523; x_wconf 83' lang='lat' dir='ltr'><strong>Disc.</strong></span> <span class='ocrx_word' id='word_1_19' title='bbox 720 463 834 519; x_wconf 84' lang='lat' dir='ltr'><strong>Hac</strong></span> <span class='ocrx_word' id='word_1_20' title='bbox 861 463 1045 517; x_wconf 89' lang='lat' dir='ltr'><strong>ultima</strong></span> <span class='ocrx_word' id='word_1_21' title='bbox 1077 460 1421 515; x_wconf 89' lang='lat' dir='ltr'><strong>conclusione</strong></span> <span class='ocrx_word' id='word_1_22' title='bbox 1468 457 1705 526; x_wconf 91' lang='lat' dir='ltr'><strong>undique</strong></span> <span class='ocrx_word' id='word_1_23' title='bbox 1752 462 1961 524; x_wconf 91' lang='lat' dir='ltr'><strong>septum</strong></span> <span class='ocrx_word' id='word_1_24' title='bbox 2008 465 2095 504; x_wconf 92' lang='lat' dir='ltr'><strong>me</strong></span> 
     </span>
    </p>
   </div>
   <div class='ocr_carea' id='block_1_6' title="bbox 520 547 2096 621">
    <p class='ocr_par' dir='ltr' id='par_1_6' title="bbox 520 547 2096 621">
     <span class='ocr_line' id='line_1_6' title="bbox 520 547 2096 621; baseline -0.011 -9"><span class='ocrx_word' id='word_1_25' title='bbox 520 557 703 620; x_wconf 89' lang='lat' dir='ltr'><strong>video,</strong></span> <span class='ocrx_word' id='word_1_26' title='bbox 737 553 1048 621; x_wconf 83' lang='lat' dir='ltr'><strong>nullamque</strong></span> <span class='ocrx_word' id='word_1_27' title='bbox 1085 551 1228 605; x_wconf 85' lang='lat' dir='ltr'><strong>viam</strong></span> <span class='ocrx_word' id='word_1_28' title='bbox 1269 547 1531 602; x_wconf 90' lang='lat' dir='ltr'><strong>evadendi</strong></span> <span class='ocrx_word' id='word_1_29' title='bbox 1561 560 1860 607; x_wconf 89' lang='lat' dir='ltr'><strong>remanere,</strong></span> <span class='ocrx_word' id='word_1_30' title='bbox 1888 557 1951 597; x_wconf 89' lang='lat' dir='ltr'><strong>ac</strong></span> <span class='ocrx_word' id='word_1_31' title='bbox 2000 555 2096 611; x_wconf 92' lang='lat' dir='ltr'><strong>per</strong></span> 
     </span>
    </p>
   </div>
   <div class='ocr_carea' id='block_1_7' title="bbox 519 635 2093 717">
    <p class='ocr_par' dir='ltr' id='par_1_7' title="bbox 519 635 2093 717">
     <span class='ocr_line' id='line_1_7' title="bbox 519 635 2093 717; baseline -0.011 -15"><span class='ocrx_word' id='word_1_32' title='bbox 519 647 625 703; x_wconf 86' lang='lat' dir='ltr'><strong>hoc</strong></span> <span class='ocrx_word' id='word_1_33' title='bbox 640 644 808 717; x_wconf 87' lang='lat' dir='ltr'><strong>priori</strong></span> <span class='ocrx_word' id='word_1_34' title='bbox 830 659 898 699; x_wconf 82' lang='lat' dir='ltr'><strong>ex</strong></span> <span class='ocrx_word' id='word_1_35' title='bbox 921 652 972 697; x_wconf 92' lang='lat' dir='ltr'><strong>te</strong></span> <span class='ocrx_word' id='word_1_36' title='bbox 987 641 1231 711; x_wconf 89' lang='lat' dir='ltr'><strong>prolatae</strong></span> <span class='ocrx_word' id='word_1_37' title='bbox 1249 638 1552 693; x_wconf 88' lang='lat' dir='ltr'><strong>sententiae</strong></span> <span class='ocrx_word' id='word_1_38' title='bbox 1578 635 1888 701; x_wconf 88' lang='lat' dir='ltr'><strong>consentire</strong></span> <span class='ocrx_word' id='word_1_39' title='bbox 1910 648 2093 702; x_wconf 89' lang='lat' dir='ltr'><strong>cogor,</strong></span> 
     </span>
    </p>
   </div>
   <div class='ocr_carea' id='block_1_8' title="bbox 520 723 2098 807">
    <p class='ocr_par' dir='ltr' id='par_1_8' title="bbox 520 723 2098 807">
     <span class='ocr_line' id='line_1_8' title="bbox 520 723 2098 807; baseline -0.011 -15"><span class='ocrx_word' id='word_1_40' title='bbox 520 744 662 792; x_wconf 90' lang='lat' dir='ltr'><strong>utet</strong></span> <span class='ocrx_word' id='word_1_41' title='bbox 704 750 805 807; x_wconf 89' lang='lat' dir='ltr'><strong>ego</strong></span> <span class='ocrx_word' id='word_1_42' title='bbox 845 734 1043 798; x_wconf 90' lang='lat' dir='ltr'><strong>dicam,</strong></span> <span class='ocrx_word' id='word_1_43' title='bbox 1085 746 1247 786; x_wconf 89' lang='lat' dir='ltr'><strong>unam</strong></span> <span class='ocrx_word' id='word_1_44' title='bbox 1292 745 1511 785; x_wconf 89' lang='lat' dir='ltr'><strong>causam</strong></span> <span class='ocrx_word' id='word_1_45' title='bbox 1555 743 1623 782; x_wconf 76' lang='lat' dir='ltr'><strong>ex</strong></span> <span class='ocrx_word' id='word_1_46' title='bbox 1672 727 1877 783; x_wconf 89' lang='lat' dir='ltr'><strong>duabus</strong></span> <span class='ocrx_word' id='word_1_47' title='bbox 1920 723 2098 779; x_wconf 90' lang='lat' dir='ltr'><strong>causis</strong></span> 
     </span>
    </p>
   </div>
   <div class='ocr_carea' id='block_1_9' title="bbox 522 813 2096 886">
    <p class='ocr_par' dir='ltr' id='par_1_9' title="bbox 522 813 2096 886">
     <span class='ocr_line' id='line_1_9' title="bbox 522 813 2096 886; baseline -0.01 -4"><span class='ocrx_word' id='word_1_48' title='bbox 522 827 691 883; x_wconf 82' lang='lat' dir='ltr'><strong>ﬂuere</strong></span> <span class='ocrx_word' id='word_1_49' title='bbox 714 842 821 880; x_wconf 90' lang='lat' dir='ltr'><strong>non</strong></span> <span class='ocrx_word' id='word_1_50' title='bbox 849 823 1008 879; x_wconf 84' lang='lat' dir='ltr'><strong>facile</strong></span> <span class='ocrx_word' id='word_1_51' title='bbox 1036 821 1231 877; x_wconf 87' lang='lat' dir='ltr'><strong>rationi</strong></span> <span class='ocrx_word' id='word_1_52' title='bbox 1255 819 1513 876; x_wconf 89' lang='lat' dir='ltr'><strong>occurrit.</strong></span> <span class='ocrx_word' id='word_1_53' title='bbox 1537 818 1676 873; x_wconf 62' lang='lat' dir='ltr'><strong>Msa.</strong></span> <span class='ocrx_word' id='word_1_54' title='bbox 1728 816 1865 883; x_wconf 84' lang='lat' dir='ltr'><strong>Quid</strong></span> <span class='ocrx_word' id='word_1_55' title='bbox 1894 815 2056 886; x_wconf 73' lang='lat' dir='ltr'><strong>igitur</strong></span> <span class='ocrx_word' id='word_1_56' title='bbox 2077 813 2096 845; x_wconf 71' lang='grc' dir='ltr'>ί</span> 
     </span>
    </p>
   </div>
   <div class='ocr_carea' id='block_1_10' title="bbox 524 904 2101 983">
    <p class='ocr_par' dir='ltr' id='par_1_10' title="bbox 524 904 2101 983">
     <span class='ocr_line' id='line_1_10' title="bbox 524 904 2101 983; baseline -0.009 -9"><span class='ocrx_word' id='word_1_57' title='bbox 524 917 813 974; x_wconf 88' lang='lat' dir='ltr'><strong>dicemus?</strong></span> <span class='ocrx_word' id='word_1_58' title='bbox 842 915 979 969; x_wconf 68' lang='lat' dir='ltr'><strong>Num</strong></span> <span class='ocrx_word' id='word_1_59' title='bbox 1003 913 1264 983; x_wconf 85' lang='lat' dir='ltr'><strong>Spiritum</strong></span> <span class='ocrx_word' id='word_1_60' title='bbox 1283 919 1548 974; x_wconf 91' lang='lat' dir='ltr'><strong>sanctum,</strong></span> <span class='ocrx_word' id='word_1_61' title='bbox 1579 924 1741 979; x_wconf 86' lang='lat' dir='ltr'><strong>quem</strong></span> <span class='ocrx_word' id='word_1_62' title='bbox 1767 904 2101 961; x_wconf 85' lang='lat' dir='ltr'><strong>distributio-</strong></span> 
     </span>
    </p>
   </div>
   <div class='ocr_carea' id='block_1_11' title="bbox 527 1000 2102 1067">
    <p class='ocr_par' dir='ltr' id='par_1_11' title="bbox 527 1000 2102 1067">
     <span class='ocr_line' id='line_1_11' title="bbox 527 1000 2102 1067; baseline -0.008 -3"><span class='ocrx_word' id='word_1_63' title='bbox 527 1009 612 1063; x_wconf 91' lang='lat' dir='ltr'><strong>nis</strong></span> <span class='ocrx_word' id='word_1_64' title='bbox 638 1009 899 1063; x_wconf 91' lang='lat' dir='ltr'><strong>donorum</strong></span> <span class='ocrx_word' id='word_1_65' title='bbox 922 1004 1134 1060; x_wconf 87' lang='lat' dir='ltr'><strong>divinae</strong></span> <span class='ocrx_word' id='word_1_66' title='bbox 1158 1002 1433 1067; x_wconf 86' lang='lat' dir='ltr'><strong>bonitatis,</strong></span> <span class='ocrx_word' id='word_1_67' title='bbox 1462 1000 1578 1055; x_wconf 87' lang='lat' dir='ltr'><strong>sive</strong></span> <span class='ocrx_word' id='word_1_68' title='bbox 1603 1014 1815 1061; x_wconf 87' lang='lat' dir='ltr'><strong>eorum,</strong></span> <span class='ocrx_word' id='word_1_69' title='bbox 1837 1012 1976 1067; x_wconf 91' lang='lat' dir='ltr'><strong>quae</strong></span> <span class='ocrx_word' id='word_1_70' title='bbox 2015 1012 2102 1051; x_wconf 88' lang='lat' dir='ltr'><strong>se-</strong></span> 
     </span>
    </p>
   </div>
   <div class='ocr_carea' id='block_1_12' title="bbox 484 1091 2100 1162">
    <p class='ocr_par' dir='ltr' id='par_1_12' title="bbox 484 1091 2100 1162">
     <span class='ocr_line' id='line_1_12' title="bbox 484 1091 2100 1162; baseline -0.004 -10"><span class='ocrx_word' id='word_1_71' title='bbox 484 1157 489 1162; x_wconf 31' lang='lat'><strong><em>.</em></strong></span> <span class='ocrx_word' id='word_1_72' title='bbox 526 1098 758 1153; x_wconf 90' lang='lat' dir='ltr'><strong>eundum</strong></span> <span class='ocrx_word' id='word_1_73' title='bbox 788 1095 1145 1151; x_wconf 87' lang='lat' dir='ltr'><strong>substantiam</strong></span> <span class='ocrx_word' id='word_1_74' title='bbox 1202 1102 1327 1148; x_wconf 90' lang='lat' dir='ltr'><strong>sunt</strong></span> <span class='ocrx_word' id='word_1_75' title='bbox 1372 1093 1417 1159; x_wconf 79' lang='lat'><strong>&#39;,</strong></span> <span class='ocrx_word' id='word_1_76' title='bbox 1465 1091 1579 1147; x_wconf 83' lang='lat' dir='ltr'><strong>sive</strong></span> <span class='ocrx_word' id='word_1_77' title='bbox 1629 1106 1769 1161; x_wconf 90' lang='lat' dir='ltr'><strong>quae</strong></span> <span class='ocrx_word' id='word_1_78' title='bbox 1805 1091 2100 1145; x_wconf 88' lang='lat' dir='ltr'><strong>secundum</strong></span> 
     </span>
    </p>
   </div>
   <div class='ocr_carea' id='block_1_13' title="bbox 488 1165 2104 1261">
    <p class='ocr_par' dir='ltr' id='par_1_13' title="bbox 488 1165 2104 1261">
     <span class='ocr_line' id='line_1_13' title="bbox 488 1165 2104 1261; baseline -0.004 -17"><span class='ocrx_word' id='word_1_79' title='bbox 488 1165 497 1184; x_wconf 57' lang='grc'><strong><em>⁸</em></strong></span> <span class='ocrx_word' id='word_1_80' title='bbox 527 1189 779 1261; x_wconf 82' lang='lat' dir='ltr'><strong>gratiam,</strong></span> <span class='ocrx_word' id='word_1_81' title='bbox 810 1188 1077 1243; x_wconf 84' lang='lat' dir='ltr'><strong>inﬁnitam</strong></span> <span class='ocrx_word' id='word_1_82' title='bbox 1118 1196 1173 1241; x_wconf 89' lang='lat' dir='ltr'><strong>et</strong></span> <span class='ocrx_word' id='word_1_83' title='bbox 1202 1186 1576 1241; x_wconf 78' lang='lat' dir='ltr'><strong>inexhaustam</strong></span> <span class='ocrx_word' id='word_1_84' title='bbox 1631 1183 2104 1254; x_wconf 86' lang='lat' dir='ltr'><strong>largissimamque</strong></span> 
     </span>
    </p>
   </div>
   <div class='ocr_carea' id='block_1_14' title="bbox 526 1270 2106 1350">
    <p class='ocr_par' dir='ltr' id='par_1_14' title="bbox 526 1270 2106 1350">
     <span class='ocr_line' id='line_1_14' title="bbox 526 1270 2106 1350; baseline -0.008 -16"><span class='ocrx_word' id='word_1_85' title='bbox 526 1287 584 1334; x_wconf 90' lang='lat' dir='ltr'><strong>et</strong></span> <span class='ocrx_word' id='word_1_86' title='bbox 609 1280 890 1350; x_wconf 89' lang='lat' dir='ltr'><strong>plusquam</strong></span> <span class='ocrx_word' id='word_1_87' title='bbox 914 1277 1271 1347; x_wconf 87' lang='lat' dir='ltr'><strong>largissimam</strong></span> <span class='ocrx_word' id='word_1_88' title='bbox 1300 1272 1517 1329; x_wconf 81' lang='lat' dir='ltr'><strong>causam</strong></span> <span class='ocrx_word' id='word_1_89' title='bbox 1547 1287 1668 1327; x_wconf 90' lang='lat' dir='ltr'><strong>esse</strong></span> <span class='ocrx_word' id='word_1_90' title='bbox 1692 1270 1957 1327; x_wconf 90' lang='lat' dir='ltr'><strong>catholice</strong></span> <span class='ocrx_word' id='word_1_91' title='bbox 1977 1286 2106 1326; x_wconf 87' lang='lat' dir='ltr'><strong>con-</strong></span> 
     </span>
    </p>
   </div>
   <div class='ocr_carea' id='block_1_15' title="bbox 528 1360 2106 1432">
    <p class='ocr_par' dir='ltr' id='par_1_15' title="bbox 528 1360 2106 1432">
     <span class='ocr_line' id='line_1_15' title="bbox 528 1360 2106 1432; baseline -0.006 -11"><span class='ocrx_word' id='word_1_92' title='bbox 528 1367 745 1421; x_wconf 81' lang='lat' dir='ltr'><strong>ﬁtemur</strong></span> <span class='ocrx_word' id='word_1_93' title='bbox 778 1367 821 1427; x_wconf 76' lang='grc'><strong>³,</strong></span> <span class='ocrx_word' id='word_1_94' title='bbox 861 1383 927 1421; x_wconf 83' lang='lat' dir='ltr'><strong>ex</strong></span> <span class='ocrx_word' id='word_1_95' title='bbox 978 1381 1080 1419; x_wconf 88' lang='lat' dir='ltr'><strong>una</strong></span> <span class='ocrx_word' id='word_1_96' title='bbox 1107 1380 1292 1428; x_wconf 89' lang='lat' dir='ltr'><strong>causa,</strong></span> <span class='ocrx_word' id='word_1_97' title='bbox 1322 1364 1425 1418; x_wconf 89' lang='lat' dir='ltr'><strong>hoc</strong></span> <span class='ocrx_word' id='word_1_98' title='bbox 1471 1370 1577 1432; x_wconf 88' lang='lat' dir='ltr'><strong>est,</strong></span> <span class='ocrx_word' id='word_1_99' title='bbox 1621 1377 1690 1415; x_wconf 80' lang='lat' dir='ltr'><strong>ex</strong></span> <span class='ocrx_word' id='word_1_100' title='bbox 1732 1360 1909 1421; x_wconf 86' lang='lat' dir='ltr'><strong>Patre,</strong></span> <span class='ocrx_word' id='word_1_101' title='bbox 1940 1375 2010 1413; x_wconf 90' lang='lat' dir='ltr'><strong>an</strong></span> <span class='ocrx_word' id='word_1_102' title='bbox 2039 1373 2106 1412; x_wconf 83' lang='lat' dir='ltr'><strong>ex</strong></span> 
     </span>
    </p>
   </div>
   <div class='ocr_carea' id='block_1_16' title="bbox 528 1448 2096 1523">
    <p class='ocr_par' dir='ltr' id='par_1_16' title="bbox 528 1448 2096 1523">
     <span class='ocr_line' id='line_1_16' title="bbox 528 1448 2096 1523; baseline -0.007 -11"><span class='ocrx_word' id='word_1_103' title='bbox 528 1457 734 1512; x_wconf 89' lang='lat' dir='ltr'><strong>duabus</strong></span> <span class='ocrx_word' id='word_1_104' title='bbox 760 1457 957 1521; x_wconf 86' lang='lat' dir='ltr'><strong>causis,</strong></span> <span class='ocrx_word' id='word_1_105' title='bbox 982 1456 1141 1510; x_wconf 82' lang='lat' dir='ltr'><strong>Patre</strong></span> <span class='ocrx_word' id='word_1_106' title='bbox 1163 1464 1217 1509; x_wconf 93' lang='lat' dir='ltr'><strong>et</strong></span> <span class='ocrx_word' id='word_1_107' title='bbox 1247 1455 1400 1520; x_wconf 67' lang='lat' dir='ltr'><strong>Filio,</strong></span> <span class='ocrx_word' id='word_1_108' title='bbox 1431 1451 1723 1523; x_wconf 85' lang='lat' dir='ltr'><strong>procedere</strong></span> <span class='ocrx_word' id='word_1_109' title='bbox 1750 1449 1988 1520; x_wconf 73' lang='lat' dir='ltr'><strong>profiteri</strong></span> <span class='ocrx_word' id='word_1_110' title='bbox 2017 1448 2096 1501; x_wconf 82' lang='lat' dir='ltr'><strong>de-</strong></span> 
     </span>
    </p>
   </div>
   <div class='ocr_carea' id='block_1_17' title="bbox 527 1543 2107 1613">
    <p class='ocr_par' dir='ltr' id='par_1_17' title="bbox 527 1543 2107 1613">
     <span class='ocr_line' id='line_1_17' title="bbox 527 1543 2107 1613; baseline -0.009 -11"><span class='ocrx_word' id='word_1_111' title='bbox 527 1547 752 1602; x_wconf 85' lang='lat' dir='ltr'><strong>bemus?</strong></span> <span class='ocrx_word' id='word_1_112' title='bbox 788 1546 934 1600; x_wconf 82' lang='lat' dir='ltr'><strong>Disc.</strong></span> <span class='ocrx_word' id='word_1_113' title='bbox 964 1545 1053 1598; x_wconf 91' lang='lat' dir='ltr'><strong>llla</strong></span> <span class='ocrx_word' id='word_1_114' title='bbox 1081 1543 1349 1613; x_wconf 78' lang='lat' dir='ltr'><strong>exempla,</strong></span> <span class='ocrx_word' id='word_1_115' title='bbox 1392 1556 1531 1611; x_wconf 88' lang='lat' dir='ltr'><strong>quae</strong></span> <span class='ocrx_word' id='word_1_116' title='bbox 1574 1556 1637 1595; x_wconf 75' lang='lat' dir='ltr'><strong>ex</strong></span> <span class='ocrx_word' id='word_1_117' title='bbox 1690 1549 1880 1593; x_wconf 91' lang='lat' dir='ltr'><strong>natura</strong></span> <span class='ocrx_word' id='word_1_118' title='bbox 1930 1550 2107 1590; x_wconf 88' lang='lat' dir='ltr'><strong>rerum</strong></span> 
     </span>
    </p>
   </div>
   <div class='ocr_carea' id='block_1_18' title="bbox 528 1630 2106 1708">
    <p class='ocr_par' dir='ltr' id='par_1_18' title="bbox 528 1630 2106 1708">
     <span class='ocr_line' id='line_1_18' title="bbox 528 1630 2106 1708; baseline -0.007 -16"><span class='ocrx_word' id='word_1_119' title='bbox 528 1637 868 1708; x_wconf 88' lang='lat' dir='ltr'><strong>protulimus,</strong></span> <span class='ocrx_word' id='word_1_120' title='bbox 899 1637 1001 1691; x_wconf 88' lang='lat' dir='ltr'><strong>hoc</strong></span> <span class='ocrx_word' id='word_1_121' title='bbox 1033 1636 1215 1690; x_wconf 86' lang='lat' dir='ltr'><strong>dicere</strong></span> <span class='ocrx_word' id='word_1_122' title='bbox 1240 1635 1461 1688; x_wconf 89' lang='lat' dir='ltr'><strong>omnino</strong></span> <span class='ocrx_word' id='word_1_123' title='bbox 1492 1631 1797 1702; x_wconf 84' lang='lat' dir='ltr'><strong>prohibent,</strong></span> <span class='ocrx_word' id='word_1_124' title='bbox 1850 1630 1952 1683; x_wconf 93' lang='lat' dir='ltr'><strong>hoc</strong></span> <span class='ocrx_word' id='word_1_125' title='bbox 2005 1634 2106 1692; x_wconf 86' lang='lat' dir='ltr'><strong>est,</strong></span> 
     </span>
    </p>
   </div>
   <div class='ocr_carea' id='block_1_19' title="bbox 2198 445 3799 522">
    <p class='ocr_par' dir='ltr' id='par_1_19' title="bbox 2198 445 3799 522">
     <span class='ocr_line' id='line_1_19' title="bbox 2198 445 3799 522; baseline 0.005 -22"><span class='ocrx_word' id='word_1_126' title='bbox 2198 445 2473 519; x_wconf 76' lang='lat' dir='ltr'><strong>Siquidem</strong></span> <span class='ocrx_word' id='word_1_127' title='bbox 2496 448 2822 519; x_wconf 78' lang='lat' dir='ltr'><strong>impossibile</strong></span> <span class='ocrx_word' id='word_1_128' title='bbox 2852 458 2956 512; x_wconf 88' lang='lat' dir='ltr'><strong>est,</strong></span> <span class='ocrx_word' id='word_1_129' title='bbox 2985 458 3044 503; x_wconf 89' lang='lat' dir='ltr'><strong>nt</strong></span> <span class='ocrx_word' id='word_1_130' title='bbox 3075 459 3130 504; x_wconf 91' lang='lat' dir='ltr'><strong>et</strong></span> <span class='ocrx_word' id='word_1_131' title='bbox 3166 450 3393 521; x_wconf 81' lang='lat' dir='ltr'><strong>gignens</strong></span> <span class='ocrx_word' id='word_1_132' title='bbox 3415 459 3470 505; x_wconf 87' lang='lat' dir='ltr'><strong>et</strong></span> <span class='ocrx_word' id='word_1_133' title='bbox 3489 451 3705 522; x_wconf 85' lang='lat' dir='ltr'><strong>genitus</strong></span> <span class='ocrx_word' id='word_1_134' title='bbox 3724 460 3799 508; x_wconf 70' lang='lat' dir='ltr'><strong>et</strong></span> 
     </span>
    </p>
   </div>
   <div class='ocr_carea' id='block_1_20' title="bbox 2197 539 3800 607">
    <p class='ocr_par' dir='ltr' id='par_1_20' title="bbox 2197 539 3800 607">
     <span class='ocr_line' id='line_1_20' title="bbox 2197 539 3800 607; baseline 0.005 -16"><span class='ocrx_word' id='word_1_135' title='bbox 2197 539 2499 607; x_wconf 90' lang='lat' dir='ltr'><strong>procedens</strong></span> <span class='ocrx_word' id='word_1_136' title='bbox 2526 555 2630 594; x_wconf 92' lang='lat' dir='ltr'><strong>una</strong></span> <span class='ocrx_word' id='word_1_137' title='bbox 2660 541 2958 595; x_wconf 87' lang='lat' dir='ltr'><strong>substantia</strong></span> <span class='ocrx_word' id='word_1_138' title='bbox 2986 542 3075 595; x_wconf 90' lang='lat' dir='ltr'><strong>sit.</strong></span> <span class='ocrx_word' id='word_1_139' title='bbox 3107 540 3243 597; x_wconf 85' lang='lat' dir='ltr'><strong>Tres</strong></span> <span class='ocrx_word' id='word_1_140' title='bbox 3267 552 3449 599; x_wconf 88' lang='lat' dir='ltr'><strong>autem</strong></span> <span class='ocrx_word' id='word_1_141' title='bbox 3472 558 3595 600; x_wconf 85' lang='lat' dir='ltr'><strong>esse</strong></span> <span class='ocrx_word' id='word_1_142' title='bbox 3622 555 3800 599; x_wconf 82' lang='lat' dir='ltr'><strong>natu-</strong></span> 
     </span>
    </p>
   </div>
   <div class='ocr_carea' id='block_1_21' title="bbox 2198 625 3799 698">
    <p class='ocr_par' dir='ltr' id='par_1_21' title="bbox 2198 625 3799 698">
     <span class='ocr_line' id='line_1_21' title="bbox 2198 625 3799 698; baseline 0.004 -16"><span class='ocrx_word' id='word_1_143' title='bbox 2198 625 2326 683; x_wconf 86' lang='lat' dir='ltr'><strong>ralis</strong></span> <span class='ocrx_word' id='word_1_144' title='bbox 2338 629 2590 683; x_wconf 90' lang='lat' dir='ltr'><strong>admonet</strong></span> <span class='ocrx_word' id='word_1_145' title='bbox 2608 630 2745 683; x_wconf 89' lang='lat' dir='ltr'><strong>ratio</strong></span> <span class='ocrx_word' id='word_1_146' title='bbox 2759 632 3049 685; x_wconf 88' lang='lat' dir='ltr'><strong>secundum</strong></span> <span class='ocrx_word' id='word_1_147' title='bbox 3073 633 3423 698; x_wconf 90' lang='lat' dir='ltr'><strong>substantias,</strong></span> <span class='ocrx_word' id='word_1_148' title='bbox 3440 633 3567 687; x_wconf 89' lang='lat' dir='ltr'><strong>dum</strong></span> <span class='ocrx_word' id='word_1_149' title='bbox 3583 642 3719 688; x_wconf 89' lang='lat' dir='ltr'><strong>sunt</strong></span> <span class='ocrx_word' id='word_1_150' title='bbox 3740 632 3799 666; x_wconf 73' lang='lat'>“</span> 
     </span>
    </p>
   </div>
   <div class='ocr_carea' id='block_1_22' title="bbox 2198 720 3802 782">
    <p class='ocr_par' dir='ltr' id='par_1_22' title="bbox 2198 720 3802 782">
     <span class='ocr_line' id='line_1_22' title="bbox 2198 720 3802 782; baseline 0.004 -8"><span class='ocrx_word' id='word_1_151' title='bbox 2198 735 2361 774; x_wconf 90' lang='lat' dir='ltr'><strong>unum</strong></span> <span class='ocrx_word' id='word_1_152' title='bbox 2382 720 2673 776; x_wconf 88' lang='lat' dir='ltr'><strong>secundum</strong></span> <span class='ocrx_word' id='word_1_153' title='bbox 2695 723 3002 777; x_wconf 84' lang='lat' dir='ltr'><strong>essentiam.</strong></span> <span class='ocrx_word' id='word_1_154' title='bbox 3027 723 3159 779; x_wconf 88' lang='lat' dir='ltr'><strong>Nam</strong></span> <span class='ocrx_word' id='word_1_155' title='bbox 3184 725 3521 781; x_wconf 85' lang='lat' dir='ltr'><strong>etAbraham</strong></span> <span class='ocrx_word' id='word_1_156' title='bbox 3544 735 3603 781; x_wconf 90' lang='lat' dir='ltr'><strong>et</strong></span> <span class='ocrx_word' id='word_1_157' title='bbox 3636 727 3802 782; x_wconf 81' lang='lat' dir='ltr'><strong>Isaac</strong></span> 
     </span>
    </p>
   </div>
   <div class='ocr_carea' id='block_1_23' title="bbox 2198 808 3803 879">
    <p class='ocr_par' dir='ltr' id='par_1_23' title="bbox 2198 808 3803 879">
     <span class='ocr_line' id='line_1_23' title="bbox 2198 808 3803 879; baseline 0.004 -16"><span class='ocrx_word' id='word_1_158' title='bbox 2198 819 2255 864; x_wconf 87' lang='lat' dir='ltr'><strong>et</strong></span> <span class='ocrx_word' id='word_1_159' title='bbox 2280 808 2446 864; x_wconf 70' lang='lat' dir='ltr'><strong>Iacob</strong></span> <span class='ocrx_word' id='word_1_160' title='bbox 2470 827 2631 864; x_wconf 91' lang='lat' dir='ltr'><strong>unum</strong></span> <span class='ocrx_word' id='word_1_161' title='bbox 2678 821 2806 866; x_wconf 89' lang='lat' dir='ltr'><strong>sunt</strong></span> <span class='ocrx_word' id='word_1_162' title='bbox 2833 811 2987 879; x_wconf 77' lang='lat' dir='ltr'><strong>juxta</strong></span> <span class='ocrx_word' id='word_1_163' title='bbox 3017 812 3061 844; x_wconf 81' lang='grc'><strong>¹⁸</strong></span> <span class='ocrx_word' id='word_1_164' title='bbox 3092 811 3390 870; x_wconf 88' lang='lat' dir='ltr'><strong>naturalem</strong></span> <span class='ocrx_word' id='word_1_165' title='bbox 3422 816 3803 871; x_wconf 81' lang='lat' dir='ltr'><strong>essentialita-</strong></span> 
     </span>
    </p>
   </div>
   <div class='ocr_carea' id='block_1_24' title="bbox 2200 905 3806 967">
    <p class='ocr_par' dir='ltr' id='par_1_24' title="bbox 2200 905 3806 967">
     <span class='ocr_line' id='line_1_24' title="bbox 2200 905 3806 967; baseline 0.004 -12"><span class='ocrx_word' id='word_1_166' title='bbox 2200 909 2330 967; x_wconf 87' lang='lat' dir='ltr'><strong>tem,</strong></span> <span class='ocrx_word' id='word_1_167' title='bbox 2389 911 2500 956; x_wconf 89' lang='lat' dir='ltr'><strong>tres</strong></span> <span class='ocrx_word' id='word_1_168' title='bbox 2539 916 2667 956; x_wconf 86' lang='lat' dir='ltr'><strong>vero</strong></span> <span class='ocrx_word' id='word_1_169' title='bbox 2718 905 3010 959; x_wconf 90' lang='lat' dir='ltr'><strong>secundum</strong></span> <span class='ocrx_word' id='word_1_170' title='bbox 3079 906 3481 962; x_wconf 89' lang='lat' dir='ltr'><strong>substantialem</strong></span> <span class='ocrx_word' id='word_1_171' title='bbox 3533 906 3806 962; x_wconf 82' lang='lat' dir='ltr'><strong>diﬂ&#39;eren—</strong></span> 
     </span>
    </p>
   </div>
   <div class='ocr_carea' id='block_1_25' title="bbox 2202 991 3805 1067">
    <p class='ocr_par' dir='ltr' id='par_1_25' title="bbox 2202 991 3805 1067">
     <span class='ocr_line' id='line_1_25' title="bbox 2202 991 3805 1067; baseline 0.004 -21"><span class='ocrx_word' id='word_1_172' title='bbox 2202 991 2353 1046; x_wconf 89' lang='lat' dir='ltr'><strong>tiam.</strong></span> <span class='ocrx_word' id='word_1_173' title='bbox 2385 991 2452 1046; x_wconf 88' lang='lat' dir='ltr'><strong>Et</strong></span> <span class='ocrx_word' id='word_1_174' title='bbox 2488 992 2588 1048; x_wconf 90' lang='lat' dir='ltr'><strong>hoc</strong></span> <span class='ocrx_word' id='word_1_175' title='bbox 2615 994 2918 1064; x_wconf 74' lang='lat' dir='ltr'><strong>exemplum</strong></span> <span class='ocrx_word' id='word_1_176' title='bbox 2949 995 3001 1048; x_wconf 93' lang='lat' dir='ltr'><strong>in</strong></span> <span class='ocrx_word' id='word_1_177' title='bbox 3028 998 3279 1052; x_wconf 89' lang='lat' dir='ltr'><strong>omnibus</strong></span> <span class='ocrx_word' id='word_1_178' title='bbox 3323 999 3610 1067; x_wconf 78' lang='lat' dir='ltr'><strong>generibus</strong></span> <span class='ocrx_word' id='word_1_179' title='bbox 3647 1008 3707 1052; x_wconf 89' lang='lat' dir='ltr'><strong>et</strong></span> <span class='ocrx_word' id='word_1_180' title='bbox 3750 999 3805 1029; x_wconf 80' lang='grc'><strong>⁸⁸</strong></span> 
     </span>
    </p>
   </div>
   <div class='ocr_carea' id='block_1_26' title="bbox 2203 1079 3807 1158">
    <p class='ocr_par' dir='ltr' id='par_1_26' title="bbox 2203 1079 3807 1158">
     <span class='ocr_line' id='line_1_26' title="bbox 2203 1079 3807 1158; baseline 0.005 -23"><span class='ocrx_word' id='word_1_181' title='bbox 2203 1079 2393 1137; x_wconf 80' lang='lat' dir='ltr'><strong>formis</strong></span> <span class='ocrx_word' id='word_1_182' title='bbox 2444 1091 2499 1137; x_wconf 91' lang='lat' dir='ltr'><strong>et</strong></span> <span class='ocrx_word' id='word_1_183' title='bbox 2550 1082 2838 1138; x_wconf 80' lang='lat' dir='ltr'><strong>individuis</strong></span> <span class='ocrx_word' id='word_1_184' title='bbox 2890 1083 3149 1141; x_wconf 83' lang='lat' dir='ltr'><strong>facillime</strong></span> <span class='ocrx_word' id='word_1_185' title='bbox 3195 1087 3440 1143; x_wconf 82' lang='lat' dir='ltr'><strong>veritatis</strong></span> <span class='ocrx_word' id='word_1_186' title='bbox 3496 1088 3807 1158; x_wconf 84' lang='lat' dir='ltr'><strong>inquisitor</strong></span> 
     </span>
    </p>
   </div>
   <div class='ocr_carea' id='block_1_27' title="bbox 2206 1173 3809 1248">
    <p class='ocr_par' dir='ltr' id='par_1_27' title="bbox 2206 1173 3809 1248">
     <span class='ocr_line' id='line_1_27' title="bbox 2206 1173 3809 1248; baseline 0.004 -21"><span class='ocrx_word' id='word_1_187' title='bbox 2206 1173 2462 1228; x_wconf 84' lang='lat' dir='ltr'><strong>inveniet.</strong></span> <span class='ocrx_word' id='word_1_188' title='bbox 2513 1173 2653 1229; x_wconf 83' lang='lat' dir='ltr'><strong>Disc.</strong></span> <span class='ocrx_word' id='word_1_189' title='bbox 2690 1174 2827 1243; x_wconf 88' lang='lat' dir='ltr'><strong>Quid</strong></span> <span class='ocrx_word' id='word_1_190' title='bbox 2858 1177 3037 1246; x_wconf 84' lang='lat' dir='ltr'><strong>itaque</strong></span> <span class='ocrx_word' id='word_1_191' title='bbox 3066 1177 3130 1231; x_wconf 91' lang='lat' dir='ltr'><strong>de</strong></span> <span class='ocrx_word' id='word_1_192' title='bbox 3173 1177 3277 1232; x_wconf 90' lang='lat' dir='ltr'><strong>hac</strong></span> <span class='ocrx_word' id='word_1_193' title='bbox 3321 1178 3592 1247; x_wconf 84' lang='lat' dir='ltr'><strong>praesenti</strong></span> <span class='ocrx_word' id='word_1_194' title='bbox 3624 1194 3809 1248; x_wconf 60' lang='lat' dir='ltr'><strong>quae-</strong></span> 
     </span>
    </p>
   </div>
   <div class='ocr_carea' id='block_1_28' title="bbox 2205 1263 3807 1337">
    <p class='ocr_par' dir='ltr' id='par_1_28' title="bbox 2205 1263 3807 1337">
     <span class='ocr_line' id='line_1_28' title="bbox 2205 1263 3807 1337; baseline 0.002 -18"><span class='ocrx_word' id='word_1_195' title='bbox 2205 1263 2380 1319; x_wconf 90' lang='lat' dir='ltr'><strong>stione</strong></span> <span class='ocrx_word' id='word_1_196' title='bbox 2401 1264 2731 1334; x_wconf 88' lang='lat' dir='ltr'><strong>multumque</strong></span> <span class='ocrx_word' id='word_1_197' title='bbox 2759 1264 2955 1320; x_wconf 82' lang='lat' dir='ltr'><strong>dillicili</strong></span> <span class='ocrx_word' id='word_1_198' title='bbox 2985 1276 3246 1337; x_wconf 88' lang='lat' dir='ltr'><strong>conceptu</strong></span> <span class='ocrx_word' id='word_1_199' title='bbox 3270 1268 3322 1321; x_wconf 92' lang='lat' dir='ltr'><strong>in</strong></span> <span class='ocrx_word' id='word_1_200' title='bbox 3357 1268 3540 1323; x_wconf 90' lang='lat' dir='ltr'><strong>animo</strong></span> <span class='ocrx_word' id='word_1_201' title='bbox 3563 1269 3807 1334; x_wconf 81' lang='lat' dir='ltr'><strong>habeas,</strong></span> 
     </span>
    </p>
   </div>
   <div class='ocr_carea' id='block_1_29' title="bbox 2208 1353 3815 1424">
    <p class='ocr_par' dir='ltr' id='par_1_29' title="bbox 2208 1353 3815 1424">
     <span class='ocr_line' id='line_1_29' title="bbox 2208 1353 3815 1424; baseline 0.002 -16"><span class='ocrx_word' id='word_1_202' title='bbox 2208 1353 2419 1424; x_wconf 82' lang='lat' dir='ltr'><strong>detege,</strong></span> <span class='ocrx_word' id='word_1_203' title='bbox 2440 1354 2484 1408; x_wconf 89' lang='lat' dir='ltr'><strong>si</strong></span> <span class='ocrx_word' id='word_1_204' title='bbox 2511 1353 2705 1423; x_wconf 89' lang='lat' dir='ltr'><strong>placet,</strong></span> <span class='ocrx_word' id='word_1_205' title='bbox 2736 1370 2803 1409; x_wconf 90' lang='lat' dir='ltr'><strong>ne</strong></span> <span class='ocrx_word' id='word_1_206' title='bbox 2830 1365 2939 1408; x_wconf 90' lang='lat' dir='ltr'><strong>tam</strong></span> <span class='ocrx_word' id='word_1_207' title='bbox 2967 1355 3053 1409; x_wconf 92' lang='lat' dir='ltr'><strong>diu</strong></span> <span class='ocrx_word' id='word_1_208' title='bbox 3082 1356 3133 1410; x_wconf 92' lang='lat' dir='ltr'><strong>in</strong></span> <span class='ocrx_word' id='word_1_209' title='bbox 3157 1356 3356 1410; x_wconf 88' lang='lat' dir='ltr'><strong>eisdem</strong></span> <span class='ocrx_word' id='word_1_210' title='bbox 3389 1356 3520 1411; x_wconf 87' lang='lat' dir='ltr'><strong>locis</strong></span> <span class='ocrx_word' id='word_1_211' title='bbox 3544 1358 3815 1413; x_wconf 87' lang='lat' dir='ltr'><strong>demore-</strong></span> 
     </span>
    </p>
   </div>
   <div class='ocr_carea' id='block_1_30' title="bbox 2208 1446 3817 1519">
    <p class='ocr_par' dir='ltr' id='par_1_30' title="bbox 2208 1446 3817 1519">
     <span class='ocr_line' id='line_1_30' title="bbox 2208 1446 3817 1519; baseline 0.004 -20"><span class='ocrx_word' id='word_1_212' title='bbox 2208 1461 2352 1511; x_wconf 91' lang='lat' dir='ltr'><strong>mnr,</strong></span> <span class='ocrx_word' id='word_1_213' title='bbox 2375 1448 2499 1499; x_wconf 90' lang='lat' dir='ltr'><strong>dum</strong></span> <span class='ocrx_word' id='word_1_214' title='bbox 2523 1446 2588 1500; x_wconf 89' lang='lat' dir='ltr'><strong>ad</strong></span> <span class='ocrx_word' id='word_1_215' title='bbox 2605 1456 2808 1515; x_wconf 89' lang='lat' dir='ltr'><strong>cetera,</strong></span> <span class='ocrx_word' id='word_1_216' title='bbox 2831 1463 2970 1518; x_wconf 90' lang='lat' dir='ltr'><strong>quae</strong></span> <span class='ocrx_word' id='word_1_217' title='bbox 2999 1454 3229 1517; x_wconf 88' lang='lat' dir='ltr'><strong>restant,</strong></span> <span class='ocrx_word' id='word_1_218' title='bbox 3249 1450 3566 1519; x_wconf 80' lang='lat' dir='ltr'><strong>exponenda</strong></span> <span class='ocrx_word' id='word_1_219' title='bbox 3595 1450 3817 1505; x_wconf 80' lang='lat' dir='ltr'><strong>debea-</strong></span> 
     </span>
    </p>
   </div>
   <div class='ocr_carea' id='block_1_31' title="bbox 2210 1536 2680 1592">
    <p class='ocr_par' dir='ltr' id='par_1_31' title="bbox 2210 1536 2680 1592">
     <span class='ocr_line' id='line_1_31' title="bbox 2210 1536 2680 1592; baseline 0.002 -1"><span class='ocrx_word' id='word_1_220' title='bbox 2210 1551 2333 1591; x_wconf 90' lang='lat' dir='ltr'><strong>mus</strong></span> <span class='ocrx_word' id='word_1_221' title='bbox 2356 1536 2680 1592; x_wconf 86' lang='lat' dir='ltr'><strong>accelerare.</strong></span> 
     </span>
    </p>
   </div>
   <div class='ocr_carea' id='block_1_32' title="bbox 2280 1626 3818 1700">
    <p class='ocr_par' dir='ltr' id='par_1_32' title="bbox 2280 1626 3818 1700">
     <span class='ocr_line' id='line_1_32' title="bbox 2280 1626 3818 1700; baseline 0.002 -19"><span class='ocrx_word' id='word_1_222' title='bbox 2280 1627 2366 1681; x_wconf 65' lang='grc' dir='ltr'><strong>εἳ.</strong></span> <span class='ocrx_word' id='word_1_223' title='bbox 2404 1626 2544 1682; x_wconf 57' lang='lat' dir='ltr'><strong>Msa.</strong></span> <span class='ocrx_word' id='word_1_224' title='bbox 2581 1628 2762 1694; x_wconf 90' lang='lat' dir='ltr'><strong>Dicas,</strong></span> <span class='ocrx_word' id='word_1_225' title='bbox 2794 1636 2938 1699; x_wconf 90' lang='lat' dir='ltr'><strong>peto.</strong></span> <span class='ocrx_word' id='word_1_226' title='bbox 2988 1626 3126 1683; x_wconf 87' lang='lat' dir='ltr'><strong>Num</strong></span> <span class='ocrx_word' id='word_1_227' title='bbox 3171 1628 3267 1684; x_wconf 90' lang='lat' dir='ltr'><strong>tibi</strong></span> <span class='ocrx_word' id='word_1_228' title='bbox 3306 1629 3521 1685; x_wconf 86' lang='lat' dir='ltr'><strong>videtur</strong></span> <span class='ocrx_word' id='word_1_229' title='bbox 3557 1645 3626 1685; x_wconf 79' lang='lat' dir='ltr'><strong>ex</strong></span> <span class='ocrx_word' id='word_1_230' title='bbox 3673 1629 3818 1700; x_wconf 79' lang='lat' dir='ltr'><strong>igne</strong></span> 
     </span>
    </p>
   </div>
   <div class='ocr_carea' id='block_1_33' title="bbox 529 1716 3819 1797">
    <p class='ocr_par' dir='ltr' id='par_1_33' title="bbox 529 1716 3819 1797">
     <span class='ocr_line' id='line_1_33' title="bbox 529 1716 3819 1797; baseline -0.004 -13"><span class='ocrx_word' id='word_1_231' title='bbox 529 1744 636 1785; x_wconf 89' lang='lat' dir='ltr'><strong>non</strong></span> <span class='ocrx_word' id='word_1_232' title='bbox 663 1744 731 1783; x_wconf 78' lang='lat' dir='ltr'><strong>ex</strong></span> <span class='ocrx_word' id='word_1_233' title='bbox 758 1727 985 1790; x_wconf 89' lang='lat' dir='ltr'><strong>duabus,</strong></span> <span class='ocrx_word' id='word_1_234' title='bbox 1011 1727 1106 1782; x_wconf 87' lang='lat' dir='ltr'><strong>sed</strong></span> <span class='ocrx_word' id='word_1_235' title='bbox 1136 1742 1201 1780; x_wconf 80' lang='lat' dir='ltr'><strong>ex</strong></span> <span class='ocrx_word' id='word_1_236' title='bbox 1233 1741 1336 1779; x_wconf 92' lang='lat' dir='ltr'><strong>una</strong></span> <span class='ocrx_word' id='word_1_237' title='bbox 1364 1724 1676 1794; x_wconf 88' lang='lat' dir='ltr'><strong>procedere,</strong></span> <span class='ocrx_word' id='word_1_238' title='bbox 1707 1722 1808 1776; x_wconf 91' lang='lat' dir='ltr'><strong>nisi</strong></span> <span class='ocrx_word' id='word_1_239' title='bbox 1832 1721 1969 1775; x_wconf 86' lang='lat' dir='ltr'><strong>forte</strong></span> <span class='ocrx_word' id='word_1_240' title='bbox 1990 1719 2112 1790; x_wconf 90' lang='lat' dir='ltr'><strong>quis</strong></span> <span class='ocrx_word' id='word_1_241' title='bbox 2142 1737 2187 1797; x_wconf 73' lang='grc' dir='ltr'><strong>Β</strong></span> <span class='ocrx_word' id='word_1_242' title='bbox 2216 1718 2424 1771; x_wconf 89' lang='lat' dir='ltr'><strong>radium</strong></span> <span class='ocrx_word' id='word_1_243' title='bbox 2458 1717 2629 1783; x_wconf 89' lang='lat' dir='ltr'><strong>nasci,</strong></span> <span class='ocrx_word' id='word_1_244' title='bbox 2678 1725 2735 1772; x_wconf 91' lang='lat' dir='ltr'><strong>et</strong></span> <span class='ocrx_word' id='word_1_245' title='bbox 2783 1734 2850 1772; x_wconf 81' lang='lat' dir='ltr'><strong>ex</strong></span> <span class='ocrx_word' id='word_1_246' title='bbox 2884 1717 3036 1771; x_wconf 85' lang='lat' dir='ltr'><strong>radio</strong></span> <span class='ocrx_word' id='word_1_247' title='bbox 3075 1716 3415 1787; x_wconf 87' lang='lat' dir='ltr'><strong>splendorem</strong></span> <span class='ocrx_word' id='word_1_248' title='bbox 3461 1717 3767 1788; x_wconf 86' lang='lat' dir='ltr'><strong>procedere</strong></span> <span class='ocrx_word' id='word_1_249' title='bbox 3790 1717 3819 1772; x_wconf 82' lang='lat'><strong>?</strong></span> 
     </span>
    </p>
   </div>
   <div class='ocr_carea' id='block_1_34' title="bbox 531 1812 2116 1888">
    <p class='ocr_par' dir='ltr' id='par_1_34' title="bbox 531 1812 2116 1888">
     <span class='ocr_line' id='line_1_34' title="bbox 531 1812 2116 1888; baseline -0.005 -13"><span class='ocrx_word' id='word_1_250' title='bbox 531 1821 696 1883; x_wconf 84' lang='lat' dir='ltr'><strong>dicat.</strong></span> <span class='ocrx_word' id='word_1_251' title='bbox 722 1821 986 1875; x_wconf 88' lang='lat' dir='ltr'><strong>rationem</strong></span> <span class='ocrx_word' id='word_1_252' title='bbox 1019 1884 1023 1888; x_wconf 91' lang='lat'>_</span> <span class='ocrx_word' id='word_1_253' title='bbox 1051 1834 1296 1883; x_wconf 80' lang='lat' dir='ltr'><strong>summac</strong></span> <span class='ocrx_word' id='word_1_254' title='bbox 1336 1826 1498 1886; x_wconf 88' lang='lat' dir='ltr'><strong>atque</strong></span> <span class='ocrx_word' id='word_1_255' title='bbox 1543 1814 1826 1870; x_wconf 81' lang='lat' dir='ltr'><strong>ineﬂ‘abilis</strong></span> <span class='ocrx_word' id='word_1_256' title='bbox 1852 1812 1873 1845; x_wconf 69' lang='lat'><strong>‘</strong></span> <span class='ocrx_word' id='word_1_257' title='bbox 1904 1813 2116 1868; x_wconf 87' lang='lat' dir='ltr'><strong>divinae</strong></span> 
     </span>
    </p>
   </div>
   <div class='ocr_carea' id='block_1_35' title="bbox 530 1901 2111 1977">
    <p class='ocr_par' dir='ltr' id='par_1_35' title="bbox 530 1901 2111 1977">
     <span class='ocr_line' id='line_1_35' title="bbox 530 1901 2111 1977; baseline -0.006 -13"><span class='ocrx_word' id='word_1_258' title='bbox 530 1910 812 1965; x_wconf 80' lang='lat' dir='ltr'><strong>Trinitatis</strong></span> <span class='ocrx_word' id='word_1_259' title='bbox 849 1919 1075 1963; x_wconf 84' lang='lat' dir='ltr'><strong>naturae</strong></span> <span class='ocrx_word' id='word_1_260' title='bbox 1108 1906 1357 1962; x_wconf 90' lang='lat' dir='ltr'><strong>conditae</strong></span> <span class='ocrx_word' id='word_1_261' title='bbox 1393 1904 1637 1977; x_wconf 78' lang='lat' dir='ltr'><strong>exempla</strong></span> <span class='ocrx_word' id='word_1_262' title='bbox 1666 1918 1941 1974; x_wconf 88' lang='lat' dir='ltr'><strong>superare.</strong></span> <span class='ocrx_word' id='word_1_263' title='bbox 1974 1901 2111 1957; x_wconf 70' lang='lat' dir='ltr'><strong>MAG.</strong></span> 
     </span>
    </p>
   </div>
   <div class='ocr_carea' id='block_1_36' title="bbox 532 1989 2114 2070">
    <p class='ocr_par' dir='ltr' id='par_1_36' title="bbox 532 1989 2114 2070">
     <span class='ocr_line' id='line_1_36' title="bbox 532 1989 2114 2070; baseline -0.006 -17"><span class='ocrx_word' id='word_1_264' title='bbox 532 1998 589 2053; x_wconf 92' lang='lat' dir='ltr'><strong>Si</strong></span> <span class='ocrx_word' id='word_1_265' title='bbox 620 1999 888 2070; x_wconf 62' lang='lat' dir='ltr'><strong>quis&#39;hoc</strong></span> <span class='ocrx_word' id='word_1_266' title='bbox 936 1997 1154 2061; x_wconf 78' lang='lat' dir='ltr'><strong>dixerit,</strong></span> <span class='ocrx_word' id='word_1_267' title='bbox 1201 1995 1486 2052; x_wconf 85' lang='lat' dir='ltr'><strong>confestim</strong></span> <span class='ocrx_word' id='word_1_268' title='bbox 1534 1993 1946 2064; x_wconf 83' lang='lat' dir='ltr'><strong>interrogandus</strong></span> <span class='ocrx_word' id='word_1_269' title='bbox 1987 1989 2114 2057; x_wconf 88' lang='lat' dir='ltr'><strong>erit,</strong></span> 
     </span>
    </p>
   </div>
   <div class='ocr_carea' id='block_1_37' title="bbox 536 2082 2114 2157">
    <p class='ocr_par' dir='ltr' id='par_1_37' title="bbox 536 2082 2114 2157">
     <span class='ocr_line' id='line_1_37' title="bbox 536 2082 2114 2157; baseline -0.004 -15"><span class='ocrx_word' id='word_1_270' title='bbox 536 2090 677 2143; x_wconf 83' lang='lat' dir='ltr'><strong>unde</strong></span> <span class='ocrx_word' id='word_1_271' title='bbox 700 2103 829 2157; x_wconf 85' lang='lat' dir='ltr'><strong>ergo</strong></span> <span class='ocrx_word' id='word_1_272' title='bbox 858 2087 1073 2141; x_wconf 85' lang='lat' dir='ltr'><strong>divinae</strong></span> <span class='ocrx_word' id='word_1_273' title='bbox 1102 2086 1357 2140; x_wconf 89' lang='lat' dir='ltr'><strong>bonitatis</strong></span> <span class='ocrx_word' id='word_1_274' title='bbox 1383 2084 1407 2117; x_wconf 82' lang='grc'><strong><em>⁵</em></strong></span> <span class='ocrx_word' id='word_1_275' title='bbox 1432 2083 1751 2138; x_wconf 89' lang='lat' dir='ltr'><strong>Trinitatem</strong></span> <span class='ocrx_word' id='word_1_276' title='bbox 1806 2084 1859 2137; x_wconf 92' lang='lat' dir='ltr'><strong>in</strong></span> <span class='ocrx_word' id='word_1_277' title='bbox 1889 2082 2114 2147; x_wconf 85' lang='lat' dir='ltr'><strong>unitate,</strong></span> 
     </span>
    </p>
   </div>
   <div class='ocr_carea' id='block_1_38' title="bbox 532 2172 2121 2245">
    <p class='ocr_par' dir='ltr' id='par_1_38' title="bbox 532 2172 2121 2245">
     <span class='ocr_line' id='line_1_38' title="bbox 532 2172 2121 2245; baseline -0.004 -13"><span class='ocrx_word' id='word_1_278' title='bbox 532 2186 589 2232; x_wconf 88' lang='lat' dir='ltr'><strong>ct</strong></span> <span class='ocrx_word' id='word_1_279' title='bbox 616 2178 878 2231; x_wconf 90' lang='lat' dir='ltr'><strong>unitatem</strong></span> <span class='ocrx_word' id='word_1_280' title='bbox 914 2177 967 2231; x_wconf 92' lang='lat' dir='ltr'><strong>in</strong></span> <span class='ocrx_word' id='word_1_281' title='bbox 993 2176 1255 2230; x_wconf 89' lang='lat' dir='ltr'><strong>Trinitatc</strong></span> <span class='ocrx_word' id='word_1_282' title='bbox 1279 2189 1542 2245; x_wconf 87' lang='lat' dir='ltr'><strong>quaerere</strong></span> <span class='ocrx_word' id='word_1_283' title='bbox 1565 2183 1620 2229; x_wconf 91' lang='lat' dir='ltr'><strong>et</strong></span> <span class='ocrx_word' id='word_1_284' title='bbox 1642 2173 1970 2243; x_wconf 86' lang='lat' dir='ltr'><strong>investigare</strong></span> <span class='ocrx_word' id='word_1_285' title='bbox 1994 2172 2121 2242; x_wconf 48' lang='lat' dir='ltr'><strong>pos?</strong></span> 
     </span>
    </p>
   </div>
   <div class='ocr_carea' id='block_1_39' title="bbox 533 2264 2119 2337">
    <p class='ocr_par' dir='ltr' id='par_1_39' title="bbox 533 2264 2119 2337">
     <span class='ocr_line' id='line_1_39' title="bbox 533 2264 2119 2337; baseline -0.004 -12"><span class='ocrx_word' id='word_1_286' title='bbox 533 2285 740 2331; x_wconf 86' lang='lat' dir='ltr'><strong>sumus,</strong></span> <span class='ocrx_word' id='word_1_287' title='bbox 764 2276 823 2323; x_wconf 92' lang='lat' dir='ltr'><strong>ut</strong></span> <span class='ocrx_word' id='word_1_288' title='bbox 851 2267 1052 2337; x_wconf 86' lang='lat' dir='ltr'><strong>aliquid</strong></span> <span class='ocrx_word' id='word_1_289' title='bbox 1094 2269 1159 2322; x_wconf 89' lang='lat' dir='ltr'><strong>de</strong></span> <span class='ocrx_word' id='word_1_290' title='bbox 1184 2284 1271 2332; x_wconf 90' lang='lat' dir='ltr'><strong>ea,</strong></span> <span class='ocrx_word' id='word_1_291' title='bbox 1300 2283 1405 2337; x_wconf 91' lang='lat' dir='ltr'><strong>quo</strong></span> <span class='ocrx_word' id='word_1_292' title='bbox 1444 2282 1564 2322; x_wconf 89' lang='lat' dir='ltr'><strong>eam</strong></span> <span class='ocrx_word' id='word_1_293' title='bbox 1596 2265 1894 2328; x_wconf 91' lang='lat' dir='ltr'><strong>laudemus,</strong></span> <span class='ocrx_word' id='word_1_294' title='bbox 1923 2264 2119 2320; x_wconf 87' lang='lat' dir='ltr'><strong>verisi-</strong></span> 
     </span>
    </p>
   </div>
   <div class='ocr_carea' id='block_1_40' title="bbox 535 2355 2119 2428">
    <p class='ocr_par' dir='ltr' id='par_1_40' title="bbox 535 2355 2119 2428">
     <span class='ocr_line' id='line_1_40' title="bbox 535 2355 2119 2428; baseline -0.003 -13"><span class='ocrx_word' id='word_1_295' title='bbox 535 2359 663 2415; x_wconf 80' lang='lat' dir='ltr'><strong>mile</strong></span> <span class='ocrx_word' id='word_1_296' title='bbox 689 2360 996 2425; x_wconf 88' lang='lat' dir='ltr'><strong>credamus,</strong></span> <span class='ocrx_word' id='word_1_297' title='bbox 1046 2367 1102 2413; x_wconf 87' lang='lat' dir='ltr'><strong>et</strong></span> <span class='ocrx_word' id='word_1_298' title='bbox 1141 2369 1402 2428; x_wconf 91' lang='lat' dir='ltr'><strong>quantum</strong></span> <span class='ocrx_word' id='word_1_299' title='bbox 1434 2358 1613 2420; x_wconf 89' lang='lat' dir='ltr'><strong>datur,</strong></span> <span class='ocrx_word' id='word_1_300' title='bbox 1647 2355 2030 2427; x_wconf 85' lang='lat' dir='ltr'><strong>intelligamus,</strong></span> <span class='ocrx_word' id='word_1_301' title='bbox 2073 2357 2119 2411; x_wconf 88' lang='lat' dir='ltr'><strong>si</strong></span> 
     </span>
    </p>
   </div>
   <div class='ocr_carea' id='block_1_41' title="bbox 538 2447 2122 2522">
    <p class='ocr_par' dir='ltr' id='par_1_41' title="bbox 538 2447 2122 2522">
     <span class='ocr_line' id='line_1_41' title="bbox 538 2447 2122 2522; baseline 0 -19"><span class='ocrx_word' id='word_1_302' title='bbox 538 2465 645 2505; x_wconf 90' lang='lat' dir='ltr'><strong>non</strong></span> <span class='ocrx_word' id='word_1_303' title='bbox 677 2450 699 2481; x_wconf 75' lang='lat'><em>“</em></span> <span class='ocrx_word' id='word_1_304' title='bbox 743 2451 893 2522; x_wconf 87' lang='lat' dir='ltr'><strong>prius</strong></span> <span class='ocrx_word' id='word_1_305' title='bbox 936 2450 1086 2520; x_wconf 88' lang='lat' dir='ltr'><strong>quasi</strong></span> <span class='ocrx_word' id='word_1_306' title='bbox 1134 2449 1454 2520; x_wconf 88' lang='lat' dir='ltr'><strong>quibusdam</strong></span> <span class='ocrx_word' id='word_1_307' title='bbox 1510 2447 1813 2519; x_wconf 86' lang='lat' dir='ltr'><strong>gradibus&quot;</strong></span> <span class='ocrx_word' id='word_1_308' title='bbox 1863 2447 2122 2517; x_wconf 82' lang='lat' dir='ltr'><strong>exemplis</strong></span> 
     </span>
    </p>
   </div>
   <div class='ocr_carea' id='block_1_42' title="bbox 538 2540 2123 2603">
    <p class='ocr_par' dir='ltr' id='par_1_42' title="bbox 538 2540 2123 2603">
     <span class='ocr_line' id='line_1_42' title="bbox 538 2540 2123 2603; baseline -0.002 -5"><span class='ocrx_word' id='word_1_309' title='bbox 538 2553 768 2598; x_wconf 85' lang='lat' dir='ltr'><strong>naturae</strong></span> <span class='ocrx_word' id='word_1_310' title='bbox 789 2545 856 2596; x_wconf 88' lang='lat' dir='ltr'><strong>ah</strong></span> <span class='ocrx_word' id='word_1_311' title='bbox 877 2558 939 2596; x_wconf 92' lang='lat' dir='ltr'><strong>ea</strong></span> <span class='ocrx_word' id='word_1_312' title='bbox 965 2541 1215 2596; x_wconf 89' lang='lat' dir='ltr'><strong>conditae</strong></span> <span class='ocrx_word' id='word_1_313' title='bbox 1250 2542 1315 2595; x_wconf 90' lang='lat' dir='ltr'><strong>ad</strong></span> <span class='ocrx_word' id='word_1_314' title='bbox 1343 2556 1462 2594; x_wconf 89' lang='lat' dir='ltr'><strong>eam</strong></span> <span class='ocrx_word' id='word_1_315' title='bbox 1490 2540 1866 2603; x_wconf 89' lang='lat' dir='ltr'><strong>ascendamus,</strong></span> <span class='ocrx_word' id='word_1_316' title='bbox 1899 2555 1961 2593; x_wconf 90' lang='lat' dir='ltr'><strong>ea</strong></span> <span class='ocrx_word' id='word_1_317' title='bbox 1988 2540 2123 2595; x_wconf 87' lang='lat' dir='ltr'><strong>duce</strong></span> 
     </span>
    </p>
   </div>
   <div class='ocr_carea' id='block_1_43' title="bbox 540 2616 2124 2702">
    <p class='ocr_par' dir='ltr' id='par_1_43' title="bbox 540 2616 2124 2702">
     <span class='ocr_line' id='line_1_43' title="bbox 540 2616 2124 2702; baseline -0.002 -16"><span class='ocrx_word' id='word_1_318' title='bbox 540 2640 702 2702; x_wconf 86' lang='lat' dir='ltr'><strong>atque</strong></span> <span class='ocrx_word' id='word_1_319' title='bbox 748 2616 1157 2701; x_wconf 84' lang='lat' dir='ltr'><strong>praecipiente:</strong></span> <span class='ocrx_word' id='word_1_320' title='bbox 1194 2630 1443 2696; x_wconf 84' lang='lat' dir='ltr'><strong>Quaerite</strong></span> <span class='ocrx_word' id='word_1_321' title='bbox 1490 2638 1539 2683; x_wconf 86' lang='lat' dir='ltr'><strong>et</strong></span> <span class='ocrx_word' id='word_1_322' title='bbox 1587 2629 1907 2684; x_wconf 77' lang='lat' dir='ltr'><strong>invenietis?</strong></span> <span class='ocrx_word' id='word_1_323' title='bbox 1959 2627 2124 2684; x_wconf 80' lang='lat' dir='ltr'><strong>Prae—</strong></span> 
     </span>
    </p>
   </div>
   <div class='ocr_carea' id='block_1_44' title="bbox 539 2718 2123 2793">
    <p class='ocr_par' dir='ltr' id='par_1_44' title="bbox 539 2718 2123 2793">
     <span class='ocr_line' id='line_1_44' title="bbox 539 2718 2123 2793; baseline -0.001 -16"><span class='ocrx_word' id='word_1_324' title='bbox 539 2724 727 2778; x_wconf 83' lang='lat' dir='ltr'><strong>sertim</strong></span> <span class='ocrx_word' id='word_1_325' title='bbox 762 2723 952 2777; x_wconf 88' lang='lat' dir='ltr'><strong>Divino</strong></span> <span class='ocrx_word' id='word_1_326' title='bbox 981 2722 1146 2777; x_wconf 88' lang='lat' dir='ltr'><strong>Patth</strong></span> <span class='ocrx_word' id='word_1_327' title='bbox 1177 2718 1408 2778; x_wconf 66' lang='lat' dir='ltr'><strong>teatante</strong></span> <span class='ocrx_word' id='word_1_328' title='bbox 1439 2739 1453 2776; x_wconf 90' lang='lat'><strong>:</strong></span> <span class='ocrx_word' id='word_1_329' title='bbox 1498 2720 1795 2775; x_wconf 76' lang='lat' dir='ltr'><strong>Invisibilia</strong></span> <span class='ocrx_word' id='word_1_330' title='bbox 1825 2721 1962 2776; x_wconf 80' lang='lat' dir='ltr'><strong>enim</strong></span> <span class='ocrx_word' id='word_1_331' title='bbox 1984 2722 2123 2793; x_wconf 82' lang='lat' dir='ltr'><strong>ejus,</strong></span> 
     </span>
    </p>
   </div>
   <div class='ocr_carea' id='block_1_45' title="bbox 541 2813 2125 2886">
    <p class='ocr_par' dir='ltr' id='par_1_45' title="bbox 541 2813 2125 2886">
     <span class='ocr_line' id='line_1_45' title="bbox 541 2813 2125 2886; baseline 0 -17"><span class='ocrx_word' id='word_1_332' title='bbox 541 2815 739 2886; x_wconf 88' lang='lat' dir='ltr'><strong>inquit,</strong></span> <span class='ocrx_word' id='word_1_333' title='bbox 763 2815 818 2868; x_wconf 83' lang='lat' dir='ltr'><strong>id</strong></span> <span class='ocrx_word' id='word_1_334' title='bbox 841 2824 915 2869; x_wconf 82' lang='lat' dir='ltr'><strong>est</strong></span> <span class='ocrx_word' id='word_1_335' title='bbox 965 2813 1168 2878; x_wconf 85' lang='lat' dir='ltr'><strong>Patris,</strong></span> <span class='ocrx_word' id='word_1_336' title='bbox 1213 2832 1245 2867; x_wconf 91' lang='lat' dir='ltr'><strong>a</strong></span> <span class='ocrx_word' id='word_1_337' title='bbox 1278 2825 1518 2868; x_wconf 76' lang='lat' dir='ltr'><strong>creatura</strong></span> <span class='ocrx_word' id='word_1_338' title='bbox 1547 2814 1729 2868; x_wconf 84' lang='lat' dir='ltr'><strong>mundi</strong></span> <span class='ocrx_word' id='word_1_339' title='bbox 1768 2831 1861 2885; x_wconf 84' lang='lat' dir='ltr'><strong>per</strong></span> <span class='ocrx_word' id='word_1_340' title='bbox 1899 2831 1960 2869; x_wconf 87' lang='lat' dir='ltr'><strong>ca</strong></span> <span class='ocrx_word' id='word_1_341' title='bbox 1992 2830 2125 2885; x_wconf 86' lang='lat' dir='ltr'><strong>quae</strong></span> 
     </span>
    </p>
   </div>
   <div class='ocr_carea' id='block_1_46' title="bbox 542 2904 2127 2976">
    <p class='ocr_par' dir='ltr' id='par_1_46' title="bbox 542 2904 2127 2976">
     <span class='ocr_line' id='line_1_46' title="bbox 542 2904 2127 2976; baseline -0.001 -17"><span class='ocrx_word' id='word_1_342' title='bbox 542 2906 686 2976; x_wconf 77' lang='lat' dir='ltr'><strong>facta</strong></span> <span class='ocrx_word' id='word_1_343' title='bbox 706 2915 827 2959; x_wconf 86' lang='lat' dir='ltr'><strong>sunt</strong></span> <span class='ocrx_word' id='word_1_344' title='bbox 853 2904 1113 2958; x_wconf 80' lang='lat' dir='ltr'><strong>intellecta</strong></span> <span class='ocrx_word' id='word_1_345' title='bbox 1138 2905 1547 2974; x_wconf 84' lang='lat' dir='ltr'><strong>conspiciuntur,</strong></span> <span class='ocrx_word' id='word_1_346' title='bbox 1585 2904 1897 2974; x_wconf 82' lang='lat' dir='ltr'><strong>sempiterna</strong></span> <span class='ocrx_word' id='word_1_347' title='bbox 1925 2920 2127 2975; x_wconf 82' lang='lat' dir='ltr'><strong>quoque</strong></span> 
     </span>
    </p>
   </div>
   <div class='ocr_carea' id='block_1_47' title="bbox 541 2992 2127 3063">
    <p class='ocr_par' dir='ltr' id='par_1_47' title="bbox 541 2992 2127 3063">
     <span class='ocr_line' id='line_1_47' title="bbox 541 2992 2127 3063; baseline -0.001 -16"><span class='ocrx_word' id='word_1_348' title='bbox 541 2994 657 3063; x_wconf 74' lang='lat' dir='ltr'><strong>ejus</strong></span> <span class='ocrx_word' id='word_1_349' title='bbox 683 2994 869 3058; x_wconf 82' lang='lat' dir='ltr'><strong>virtus,</strong></span> <span class='ocrx_word' id='word_1_350' title='bbox 894 2993 998 3047; x_wconf 89' lang='lat' dir='ltr'><strong>hoc</strong></span> <span class='ocrx_word' id='word_1_351' title='bbox 1023 3001 1106 3047; x_wconf 89' lang='lat' dir='ltr'><strong>est</strong></span> <span class='ocrx_word' id='word_1_352' title='bbox 1134 2992 1322 3057; x_wconf 86' lang='lat' dir='ltr'><strong>Filius,</strong></span> <span class='ocrx_word' id='word_1_353' title='bbox 1353 3003 1400 3047; x_wconf 79' lang='lat' dir='ltr'><strong>et</strong></span> <span class='ocrx_word' id='word_1_354' title='bbox 1432 2994 1733 3058; x_wconf 71' lang='lat' dir='ltr'><strong>aeternitas,</strong></span> <span class='ocrx_word' id='word_1_355' title='bbox 1758 2993 1863 3047; x_wconf 89' lang='lat' dir='ltr'><strong>hoc</strong></span> <span class='ocrx_word' id='word_1_356' title='bbox 1892 3000 1977 3046; x_wconf 88' lang='lat' dir='ltr'><strong>est</strong></span> <span class='ocrx_word' id='word_1_357' title='bbox 2006 2992 2127 3063; x_wconf 90' lang='lat' dir='ltr'><strong>Spi-</strong></span> 
     </span>
    </p>
   </div>
   <div class='ocr_carea' id='block_1_48' title="bbox 2217 1806 3820 1876">
    <p class='ocr_par' dir='ltr' id='par_1_48' title="bbox 2217 1806 3820 1876">
     <span class='ocr_line' id='line_1_48' title="bbox 2217 1806 3820 1876; baseline 0 -15"><span class='ocrx_word' id='word_1_358' title='bbox 2217 1807 2362 1863; x_wconf 84' lang='lat' dir='ltr'><strong>Dtsc.</strong></span> <span class='ocrx_word' id='word_1_359' title='bbox 2390 1806 2645 1876; x_wconf 85' lang='lat' dir='ltr'><strong>Quisquis</strong></span> <span class='ocrx_word' id='word_1_360' title='bbox 2687 1807 2789 1862; x_wconf 90' lang='lat' dir='ltr'><strong>hoc</strong></span> <span class='ocrx_word' id='word_1_361' title='bbox 2834 1806 3052 1869; x_wconf 72' lang='lat' dir='ltr'><strong>dixerit,</strong></span> <span class='ocrx_word' id='word_1_362' title='bbox 3087 1824 3155 1861; x_wconf 72' lang='lat' dir='ltr'><strong>ex</strong></span> <span class='ocrx_word' id='word_1_363' title='bbox 3205 1816 3433 1863; x_wconf 89' lang='lat' dir='ltr'><strong>naturae</strong></span> <span class='ocrx_word' id='word_1_364' title='bbox 3466 1824 3645 1863; x_wconf 87' lang='lat' dir='ltr'><strong>rerum</strong></span> <span class='ocrx_word' id='word_1_365' title='bbox 3670 1807 3820 1862; x_wconf 81' lang='lat' dir='ltr'><strong>dili-</strong></span> 
     </span>
    </p>
   </div>
   <div class='ocr_carea' id='block_1_49' title="bbox 2215 1896 3823 1969">
    <p class='ocr_par' dir='ltr' id='par_1_49' title="bbox 2215 1896 3823 1969">
     <span class='ocr_line' id='line_1_49' title="bbox 2215 1896 3823 1969; baseline 0.001 -18"><span class='ocrx_word' id='word_1_366' title='bbox 2215 1897 2359 1968; x_wconf 80' lang='lat' dir='ltr'><strong>genti</strong></span> <span class='ocrx_word' id='word_1_367' title='bbox 2380 1896 2808 1952; x_wconf 87' lang='lat' dir='ltr'><strong>consideratione</strong></span> <span class='ocrx_word' id='word_1_368' title='bbox 2837 1914 2943 1952; x_wconf 91' lang='lat' dir='ltr'><strong>non</strong></span> <span class='ocrx_word' id='word_1_369' title='bbox 2975 1898 3264 1968; x_wconf 86' lang='lat' dir='ltr'><strong>discrepat,</strong></span> <span class='ocrx_word' id='word_1_370' title='bbox 3294 1907 3352 1953; x_wconf 94' lang='lat' dir='ltr'><strong>ut</strong></span> <span class='ocrx_word' id='word_1_371' title='bbox 3379 1898 3630 1954; x_wconf 84' lang='lat' dir='ltr'><strong>arbitror.</strong></span> <span class='ocrx_word' id='word_1_372' title='bbox 3655 1899 3823 1969; x_wconf 82' lang='lat' dir='ltr'><strong>Ignis</strong></span> 
     </span>
    </p>
   </div>
   <div class='ocr_carea' id='block_1_50' title="bbox 2216 1986 3824 2056">
    <p class='ocr_par' dir='ltr' id='par_1_50' title="bbox 2216 1986 3824 2056">
     <span class='ocr_line' id='line_1_50' title="bbox 2216 1986 3824 2056; baseline 0.001 -15"><span class='ocrx_word' id='word_1_373' title='bbox 2216 1987 2384 2052; x_wconf 91' lang='lat' dir='ltr'><strong>enim,</strong></span> <span class='ocrx_word' id='word_1_374' title='bbox 2410 2002 2531 2042; x_wconf 91' lang='lat' dir='ltr'><strong>cum</strong></span> <span class='ocrx_word' id='word_1_375' title='bbox 2580 1988 2651 2041; x_wconf 88' lang='lat' dir='ltr'><strong>sit</strong></span> <span class='ocrx_word' id='word_1_376' title='bbox 2691 2002 2787 2056; x_wconf 90' lang='lat' dir='ltr'><strong>per</strong></span> <span class='ocrx_word' id='word_1_377' title='bbox 2830 2002 2888 2041; x_wconf 90' lang='lat' dir='ltr'><strong>se</strong></span> <span class='ocrx_word' id='word_1_378' title='bbox 2914 1986 3217 2051; x_wconf 87' lang='lat' dir='ltr'><strong>invisibilis,</strong></span> <span class='ocrx_word' id='word_1_379' title='bbox 3261 1987 3525 2042; x_wconf 87' lang='lat' dir='ltr'><strong>visibilem</strong></span> <span class='ocrx_word' id='word_1_380' title='bbox 3558 1988 3599 2019; x_wconf 85' lang='lat'><strong>&quot;</strong></span> <span class='ocrx_word' id='word_1_381' title='bbox 3643 1989 3717 2042; x_wconf 85' lang='lat' dir='ltr'><strong>de</strong></span> <span class='ocrx_word' id='word_1_382' title='bbox 3751 2003 3824 2043; x_wconf 85' lang='lat' dir='ltr'><strong>se</strong></span> 
     </span>
    </p>
   </div>
   <div class='ocr_carea' id='block_1_51' title="bbox 2218 2076 3825 2150">
    <p class='ocr_par' dir='ltr' id='par_1_51' title="bbox 2218 2076 3825 2150">
     <span class='ocr_line' id='line_1_51' title="bbox 2218 2076 3825 2150; baseline -0.001 -18"><span class='ocrx_word' id='word_1_383' title='bbox 2218 2079 2426 2133; x_wconf 86' lang='lat' dir='ltr'><strong>radium</strong></span> <span class='ocrx_word' id='word_1_384' title='bbox 2457 2078 2645 2149; x_wconf 80' lang='lat' dir='ltr'><strong>gignit,</strong></span> <span class='ocrx_word' id='word_1_385' title='bbox 2680 2077 2770 2146; x_wconf 93' lang='lat' dir='ltr'><strong>qni</strong></span> <span class='ocrx_word' id='word_1_386' title='bbox 2800 2078 2963 2132; x_wconf 89' lang='lat' dir='ltr'><strong>etiam</strong></span> <span class='ocrx_word' id='word_1_387' title='bbox 2992 2092 3089 2150; x_wconf 90' lang='lat' dir='ltr'><strong>per</strong></span> <span class='ocrx_word' id='word_1_388' title='bbox 3127 2093 3186 2133; x_wconf 86' lang='lat' dir='ltr'><strong>se</strong></span> <span class='ocrx_word' id='word_1_389' title='bbox 3218 2076 3501 2132; x_wconf 88' lang='lat' dir='ltr'><strong>invisibilis</strong></span> <span class='ocrx_word' id='word_1_390' title='bbox 3526 2086 3669 2132; x_wconf 87' lang='lat' dir='ltr'><strong>esset</strong></span> <span class='ocrx_word' id='word_1_391' title='bbox 3703 2094 3825 2131; x_wconf 58' lang='lat' dir='ltr'><strong>na-</strong></span> 
     </span>
    </p>
   </div>
   <div class='ocr_carea' id='block_1_52' title="bbox 2218 2166 3828 2238">
    <p class='ocr_par' dir='ltr' id='par_1_52' title="bbox 2218 2166 3828 2238">
     <span class='ocr_line' id='line_1_52' title="bbox 2218 2166 3828 2238; baseline 0.001 -16"><span class='ocrx_word' id='word_1_392' title='bbox 2218 2176 2373 2223; x_wconf 89' lang='lat' dir='ltr'><strong>turae</strong></span> <span class='ocrx_word' id='word_1_393' title='bbox 2412 2183 2542 2238; x_wconf 82' lang='lat' dir='ltr'><strong>suae</strong></span> <span class='ocrx_word' id='word_1_394' title='bbox 2587 2167 2932 2237; x_wconf 82' lang='lat' dir='ltr'><strong>simplicitate</strong></span> <span class='ocrx_word' id='word_1_395' title='bbox 2988 2167 3309 2234; x_wconf 81' lang='lat' dir='ltr'><strong>subsistens,</strong></span> <span class='ocrx_word' id='word_1_396' title='bbox 3367 2166 3415 2222; x_wconf 88' lang='lat' dir='ltr'><strong>si</strong></span> <span class='ocrx_word' id='word_1_397' title='bbox 3472 2166 3828 2238; x_wconf 80' lang='lat' dir='ltr'><strong>corpulentis</strong></span> 
     </span>
    </p>
   </div>
   <div class='ocr_carea' id='block_1_53' title="bbox 2219 2259 3826 2332">
    <p class='ocr_par' dir='ltr' id='par_1_53' title="bbox 2219 2259 3826 2332">
     <span class='ocr_line' id='line_1_53' title="bbox 2219 2259 3826 2332; baseline 0 -15"><span class='ocrx_word' id='word_1_398' title='bbox 2219 2262 2524 2332; x_wconf 86' lang='lat' dir='ltr'><strong>crassisque</strong></span> <span class='ocrx_word' id='word_1_399' title='bbox 2552 2259 2762 2317; x_wconf 88' lang='lat' dir='ltr'><strong>naturis</strong></span> <span class='ocrx_word' id='word_1_400' title='bbox 2791 2278 2896 2316; x_wconf 92' lang='lat' dir='ltr'><strong>non</strong></span> <span class='ocrx_word' id='word_1_401' title='bbox 2925 2262 3340 2317; x_wconf 87' lang='lat' dir='ltr'><strong>immisceretur.</strong></span> <span class='ocrx_word' id='word_1_402' title='bbox 3370 2261 3537 2317; x_wconf 88' lang='lat' dir='ltr'><strong>Aiunt</strong></span> <span class='ocrx_word' id='word_1_403' title='bbox 3579 2262 3623 2293; x_wconf 79' lang='lat'><strong>&quot;&#39;</strong></span> <span class='ocrx_word' id='word_1_404' title='bbox 3652 2263 3826 2317; x_wconf 87' lang='lat' dir='ltr'><strong>enim</strong></span> 
     </span>
    </p>
   </div>
   <div class='ocr_carea' id='block_1_54' title="bbox 2226 2354 3827 2427">
    <p class='ocr_par' dir='ltr' id='par_1_54' title="bbox 2226 2354 3827 2427">
     <span class='ocr_line' id='line_1_54' title="bbox 2226 2354 3827 2427; baseline -0.001 -17"><span class='ocrx_word' id='word_1_405' title='bbox 2226 2355 2550 2427; x_wconf 83' lang='lat' dir='ltr'><strong>philosophi,</strong></span> <span class='ocrx_word' id='word_1_406' title='bbox 2579 2355 2788 2410; x_wconf 89' lang='lat' dir='ltr'><strong>radium</strong></span> <span class='ocrx_word' id='word_1_407' title='bbox 2820 2354 2962 2410; x_wconf 87' lang='lat' dir='ltr'><strong>Solis</strong></span> <span class='ocrx_word' id='word_1_408' title='bbox 2986 2354 3298 2409; x_wconf 90' lang='lat' dir='ltr'><strong>animalium</strong></span> <span class='ocrx_word' id='word_1_409' title='bbox 3329 2355 3570 2409; x_wconf 88' lang='lat' dir='ltr'><strong>sensibus</strong></span> <span class='ocrx_word' id='word_1_410' title='bbox 3591 2354 3827 2408; x_wconf 82' lang='lat' dir='ltr'><strong>incom-</strong></span> 
     </span>
    </p>
   </div>
   <div class='ocr_carea' id='block_1_55' title="bbox 2219 2446 3827 2518">
    <p class='ocr_par' dir='ltr' id='par_1_55' title="bbox 2219 2446 3827 2518">
     <span class='ocr_line' id='line_1_55' title="bbox 2219 2446 3827 2518; baseline 0.001 -18"><span class='ocrx_word' id='word_1_411' title='bbox 2219 2446 2638 2518; x_wconf 86' lang='lat' dir='ltr'><strong>prehensibilem</strong></span> <span class='ocrx_word' id='word_1_412' title='bbox 2673 2461 2814 2510; x_wconf 90' lang='lat' dir='ltr'><strong>esse,</strong></span> <span class='ocrx_word' id='word_1_413' title='bbox 2845 2454 3070 2501; x_wconf 89' lang='lat' dir='ltr'><strong>naturae</strong></span> <span class='ocrx_word' id='word_1_414' title='bbox 3097 2446 3651 2516; x_wconf 86' lang='lat' dir='ltr'><strong>ipsius&#39;subtilitalem</strong></span> <span class='ocrx_word' id='word_1_415' title='bbox 3696 2462 3827 2501; x_wconf 85' lang='lat' dir='ltr'><strong>non</strong></span> 
     </span>
    </p>
   </div>
   <div class='ocr_carea' id='block_1_56' title="bbox 2221 2534 3828 2606">
    <p class='ocr_par' dir='ltr' id='par_1_56' title="bbox 2221 2534 3828 2606">
     <span class='ocr_line' id='line_1_56' title="bbox 2221 2534 3828 2606; baseline -0.001 -14"><span class='ocrx_word' id='word_1_416' title='bbox 2221 2538 2514 2592; x_wconf 90' lang='lat' dir='ltr'><strong>valentium</strong></span> <span class='ocrx_word' id='word_1_417' title='bbox 2543 2535 2587 2568; x_wconf 83' lang='lat'>&quot;</span> <span class='ocrx_word' id='word_1_418' title='bbox 2614 2537 2850 2597; x_wconf 83' lang='lat' dir='ltr'><strong>sentire;</strong></span> <span class='ocrx_word' id='word_1_419' title='bbox 2892 2536 3015 2591; x_wconf 92' lang='lat' dir='ltr'><strong>dum</strong></span> <span class='ocrx_word' id='word_1_420' title='bbox 3058 2546 3236 2591; x_wconf 90' lang='lat' dir='ltr'><strong>autem</strong></span> <span class='ocrx_word' id='word_1_421' title='bbox 3276 2536 3540 2606; x_wconf 79' lang='lat' dir='ltr'><strong>gradatim</strong></span> <span class='ocrx_word' id='word_1_422' title='bbox 3572 2551 3603 2590; x_wconf 90' lang='lat' dir='ltr'><strong>a</strong></span> <span class='ocrx_word' id='word_1_423' title='bbox 3636 2534 3828 2590; x_wconf 84' lang='lat' dir='ltr'><strong>solari</strong></span> 
     </span>
    </p>
   </div>
   <div class='ocr_carea' id='block_1_57' title="bbox 2221 2628 3825 2701">
    <p class='ocr_par' dir='ltr' id='par_1_57' title="bbox 2221 2628 3825 2701">
     <span class='ocr_line' id='line_1_57' title="bbox 2221 2628 3825 2701; baseline -0.001 -15"><span class='ocrx_word' id='word_1_424' title='bbox 2221 2645 2451 2701; x_wconf 90' lang='lat' dir='ltr'><strong>corpore</strong></span> <span class='ocrx_word' id='word_1_425' title='bbox 2483 2630 2551 2685; x_wconf 88' lang='lat' dir='ltr'><strong>ad</strong></span> <span class='ocrx_word' id='word_1_426' title='bbox 2576 2629 2833 2685; x_wconf 90' lang='lat' dir='ltr'><strong>inferiora</strong></span> <span class='ocrx_word' id='word_1_427' title='bbox 2882 2629 3148 2685; x_wconf 87' lang='lat' dir='ltr'><strong>elementa</strong></span> <span class='ocrx_word' id='word_1_428' title='bbox 3189 2628 3487 2693; x_wconf 88' lang='lat' dir='ltr'><strong>descendit,</strong></span> <span class='ocrx_word' id='word_1_429' title='bbox 3541 2628 3825 2699; x_wconf 85' lang='lat' dir='ltr'><strong>paulatim</strong></span> 
     </span>
    </p>
   </div>
   <div class='ocr_carea' id='block_1_58' title="bbox 2224 2720 3832 2794">
    <p class='ocr_par' dir='ltr' id='par_1_58' title="bbox 2224 2720 3832 2794">
     <span class='ocr_line' id='line_1_58' title="bbox 2224 2720 3832 2794; baseline -0.001 -17"><span class='ocrx_word' id='word_1_430' title='bbox 2224 2723 2411 2792; x_wconf 90' lang='lat' dir='ltr'><strong>incipit</strong></span> <span class='ocrx_word' id='word_1_431' title='bbox 2440 2737 2725 2794; x_wconf 88' lang='lat' dir='ltr'><strong>apparere.</strong></span> <span class='ocrx_word' id='word_1_432' title='bbox 2772 2720 3012 2776; x_wconf 85' lang='lat' dir='ltr'><strong>Primum</strong></span> <span class='ocrx_word' id='word_1_433' title='bbox 3042 2721 3257 2792; x_wconf 87' lang='lat' dir='ltr'><strong>quidem</strong></span> <span class='ocrx_word' id='word_1_434' title='bbox 3286 2722 3340 2777; x_wconf 92' lang='lat' dir='ltr'><strong>in</strong></span> <span class='ocrx_word' id='word_1_435' title='bbox 3384 2724 3599 2777; x_wconf 89' lang='lat' dir='ltr'><strong>aethere</strong></span> <span class='ocrx_word' id='word_1_436' title='bbox 3627 2722 3832 2792; x_wconf 80' lang='lat' dir='ltr'><strong>puris-</strong></span> 
     </span>
    </p>
   </div>
   <div class='ocr_carea' id='block_1_59' title="bbox 2225 2812 3829 2884">
    <p class='ocr_par' dir='ltr' id='par_1_59' title="bbox 2225 2812 3829 2884">
     <span class='ocr_line' id='line_1_59' title="bbox 2225 2812 3829 2884; baseline 0 -15"><span class='ocrx_word' id='word_1_437' title='bbox 2225 2814 2366 2871; x_wconf 87' lang='lat' dir='ltr'><strong>simo</strong></span> <span class='ocrx_word' id='word_1_438' title='bbox 2394 2815 2479 2869; x_wconf 83' lang='lat' dir='ltr'><strong>vix</strong></span> <span class='ocrx_word' id='word_1_439' title='bbox 2532 2814 2711 2870; x_wconf 91' lang='lat' dir='ltr'><strong>lucere</strong></span> <span class='ocrx_word' id='word_1_440' title='bbox 2757 2813 2997 2880; x_wconf 88' lang='lat' dir='ltr'><strong>inchoat,</strong></span> <span class='ocrx_word' id='word_1_441' title='bbox 3047 2812 3304 2884; x_wconf 85' lang='lat' dir='ltr'><strong>quoniam</strong></span> <span class='ocrx_word' id='word_1_442' title='bbox 3354 2813 3520 2884; x_wconf 89' lang='lat' dir='ltr'><strong>ipsius</strong></span> <span class='ocrx_word' id='word_1_443' title='bbox 3562 2814 3829 2869; x_wconf 86' lang='lat' dir='ltr'><strong>aetheris</strong></span> 
     </span>
    </p>
   </div>
   <div class='ocr_carea' id='block_1_60' title="bbox 2227 2903 3833 2975">
    <p class='ocr_par' dir='ltr' id='par_1_60' title="bbox 2227 2903 3833 2975">
     <span class='ocr_line' id='line_1_60' title="bbox 2227 2903 3833 2975; baseline 0.001 -16"><span class='ocrx_word' id='word_1_444' title='bbox 2227 2914 2419 2959; x_wconf 88' lang='lat' dir='ltr'><strong>natura</strong></span> <span class='ocrx_word' id='word_1_445' title='bbox 2438 2903 2536 2975; x_wconf 91' lang='lat' dir='ltr'><strong>ipsi</strong></span> <span class='ocrx_word' id='word_1_446' title='bbox 2553 2904 2823 2959; x_wconf 91' lang='lat' dir='ltr'><strong>simillima</strong></span> <span class='ocrx_word' id='word_1_447' title='bbox 2841 2913 2958 2970; x_wconf 89' lang='lat' dir='ltr'><strong>est;</strong></span> <span class='ocrx_word' id='word_1_448' title='bbox 2987 2904 3338 2975; x_wconf 85' lang='lat' dir='ltr'><strong>progrediens</strong></span> <span class='ocrx_word' id='word_1_449' title='bbox 3366 2920 3493 2960; x_wconf 89' lang='lat' dir='ltr'><strong>vero</strong></span> <span class='ocrx_word' id='word_1_450' title='bbox 3511 2903 3727 2975; x_wconf 83' lang='lat' dir='ltr'><strong>longius</strong></span> <span class='ocrx_word' id='word_1_451' title='bbox 3754 2906 3833 2961; x_wconf 81' lang='lat' dir='ltr'><strong>ad</strong></span> 
     </span>
    </p>
   </div>
   <div class='ocr_carea' id='block_1_61' title="bbox 2227 2994 3834 3067">
    <p class='ocr_par' dir='ltr' id='par_1_61' title="bbox 2227 2994 3834 3067">
     <span class='ocr_line' id='line_1_61' title="bbox 2227 2994 3834 3067; baseline -0.001 -15"><span class='ocrx_word' id='word_1_452' title='bbox 2227 2997 2521 3067; x_wconf 88' lang='lat' dir='ltr'><strong>superioris</strong></span> <span class='ocrx_word' id='word_1_453' title='bbox 2547 2994 2706 3063; x_wconf 81' lang='lat' dir='ltr'><strong>hujus</strong></span> <span class='ocrx_word' id='word_1_454' title='bbox 2732 2995 2874 3049; x_wconf 89' lang='lat' dir='ltr'><strong>aeris</strong></span> <span class='ocrx_word' id='word_1_455' title='bbox 2896 3003 3096 3065; x_wconf 89' lang='lat' dir='ltr'><strong>partes,</strong></span> <span class='ocrx_word' id='word_1_456' title='bbox 3128 2995 3386 3065; x_wconf 87' lang='lat' dir='ltr'><strong>paulatim</strong></span> <span class='ocrx_word' id='word_1_457' title='bbox 3425 2994 3668 3065; x_wconf 83' lang='lat' dir='ltr'><strong>clarescit</strong></span> <span class='ocrx_word' id='word_1_458' title='bbox 3702 3011 3723 3058; x_wconf 91' lang='lat'><strong>;</strong></span> <span class='ocrx_word' id='word_1_459' title='bbox 3759 3010 3834 3050; x_wconf 85' lang='lat' dir='ltr'><strong>ac</strong></span> 
     </span>
    </p>
   </div>
   <div class='ocr_carea' id='block_1_62' title="bbox 542 3080 2122 3159">
    <p class='ocr_par' dir='ltr' id='par_1_62' title="bbox 542 3080 2122 3152">
     <span class='ocr_line' id='line_1_62' title="bbox 542 3080 2122 3152; baseline -0.002 -14"><span class='ocrx_word' id='word_1_460' title='bbox 542 3085 683 3138; x_wconf 85' lang='lat' dir='ltr'><strong>ritus</strong></span> <span class='ocrx_word' id='word_1_461' title='bbox 710 3089 953 3137; x_wconf 87' lang='lat' dir='ltr'><strong>sanctus.</strong></span> <span class='ocrx_word' id='word_1_462' title='bbox 983 3081 1059 3136; x_wconf 90' lang='lat' dir='ltr'><strong>lta</strong></span> <span class='ocrx_word' id='word_1_463' title='bbox 1091 3081 1235 3136; x_wconf 91' lang='lat' dir='ltr'><strong>enim</strong></span> <span class='ocrx_word' id='word_1_464' title='bbox 1264 3082 1406 3137; x_wconf 87' lang='lat' dir='ltr'><strong>hunc</strong></span> <span class='ocrx_word' id='word_1_465' title='bbox 1433 3080 1609 3135; x_wconf 93' lang='lat' dir='ltr'><strong>locum</strong></span> <span class='ocrx_word' id='word_1_466' title='bbox 1646 3096 1837 3137; x_wconf 89' lang='lat' dir='ltr'><strong>sacrae</strong></span> <span class='ocrx_word' id='word_1_467' title='bbox 1885 3081 2122 3152; x_wconf 89' lang='lat' dir='ltr'><strong>Scriptu-</strong></span> 
     </span>
    </p>
   </div>
   <div class='ocr_carea' id='block_1_63' title="bbox 2225 3080 3834 3159">
    <p class='ocr_par' dir='ltr' id='par_1_63' title="bbox 2230 3086 3834 3159">
     <span class='ocr_line' id='line_1_63' title="bbox 2230 3086 3834 3159; baseline -0.001 -16"><span class='ocrx_word' id='word_1_468' title='bbox 2230 3088 2445 3154; x_wconf 86' lang='lat' dir='ltr'><strong>de&#39;inde,</strong></span> <span class='ocrx_word' id='word_1_469' title='bbox 2475 3088 2527 3143; x_wconf 92' lang='lat' dir='ltr'><strong>in</strong></span> <span class='ocrx_word' id='word_1_470' title='bbox 2555 3099 2815 3159; x_wconf 86' lang='lat' dir='ltr'><strong>quantum</strong></span> <span class='ocrx_word' id='word_1_471' title='bbox 2839 3087 3134 3142; x_wconf 83' lang='lat' dir='ltr'><strong>crassiores</strong></span> <span class='ocrx_word' id='word_1_472' title='bbox 3157 3097 3377 3141; x_wconf 88' lang='lat' dir='ltr'><strong>naturas</strong></span> <span class='ocrx_word' id='word_1_473' title='bbox 3397 3095 3639 3157; x_wconf 88' lang='lat' dir='ltr'><strong>penetrat</strong></span> <span class='ocrx_word' id='word_1_474' title='bbox 3656 3086 3834 3141; x_wconf 83' lang='lat' dir='ltr'><strong>deor-</strong></span> 
     </span>
    </p>
   </div>
   <div class='ocr_carea' id='block_1_64' title="bbox 547 3170 2127 3242">
    <p class='ocr_par' dir='ltr' id='par_1_64' title="bbox 547 3170 2127 3242">
     <span class='ocr_line' id='line_1_64' title="bbox 547 3170 2127 3242; baseline -0.001 -15"><span class='ocrx_word' id='word_1_475' title='bbox 547 3186 640 3227; x_wconf 85' lang='lat' dir='ltr'><strong>rae</strong></span> <span class='ocrx_word' id='word_1_476' title='bbox 668 3173 860 3227; x_wconf 90' lang='lat' dir='ltr'><strong>beatus</strong></span> <span class='ocrx_word' id='word_1_477' title='bbox 911 3172 1178 3227; x_wconf 76' lang='lat' dir='ltr'><strong>Maximus</strong></span> <span class='ocrx_word' id='word_1_478' title='bbox 1228 3172 1469 3242; x_wconf 82' lang='lat' dir='ltr'><strong>exponit.</strong></span> <span class='ocrx_word' id='word_1_479' title='bbox 1524 3171 1672 3226; x_wconf 85' lang='lat' dir='ltr'><strong>Disc.</strong></span> <span class='ocrx_word' id='word_1_480' title='bbox 1707 3170 1867 3239; x_wconf 89' lang='lat' dir='ltr'><strong>Quid,</strong></span> <span class='ocrx_word' id='word_1_481' title='bbox 1915 3172 1959 3226; x_wconf 87' lang='lat' dir='ltr'><strong>si</strong></span> <span class='ocrx_word' id='word_1_482' title='bbox 2005 3172 2127 3241; x_wconf 89' lang='lat' dir='ltr'><strong>quis</strong></span> 
     </span>
    </p>
   </div>
   <div class='ocr_carea' id='block_1_65' title="bbox 545 3261 2127 3329">
    <p class='ocr_par' dir='ltr' id='par_1_65' title="bbox 545 3261 2127 3329">
     <span class='ocr_line' id='line_1_65' title="bbox 545 3261 2127 3329; baseline 0 -12"><span class='ocrx_word' id='word_1_483' title='bbox 545 3264 764 3326; x_wconf 80' lang='lat' dir='ltr'><strong>dixerit,</strong></span> <span class='ocrx_word' id='word_1_484' title='bbox 795 3264 1014 3318; x_wconf 85' lang='lat' dir='ltr'><strong>Patrem</strong></span> <span class='ocrx_word' id='word_1_485' title='bbox 1048 3271 1102 3317; x_wconf 93' lang='lat' dir='ltr'><strong>et</strong></span> <span class='ocrx_word' id='word_1_486' title='bbox 1129 3262 1322 3317; x_wconf 84' lang='lat' dir='ltr'><strong>Filium</strong></span> <span class='ocrx_word' id='word_1_487' title='bbox 1353 3278 1457 3317; x_wconf 91' lang='lat' dir='ltr'><strong>non</strong></span> <span class='ocrx_word' id='word_1_488' title='bbox 1483 3265 1619 3318; x_wconf 89' lang='lat' dir='ltr'><strong>duas</strong></span> <span class='ocrx_word' id='word_1_489' title='bbox 1645 3278 1838 3318; x_wconf 91' lang='lat' dir='ltr'><strong>causas</strong></span> <span class='ocrx_word' id='word_1_490' title='bbox 1857 3278 2002 3329; x_wconf 88' lang='lat' dir='ltr'><strong>esse,</strong></span> <span class='ocrx_word' id='word_1_491' title='bbox 2033 3261 2127 3317; x_wconf 88' lang='lat' dir='ltr'><strong>sed</strong></span> 
     </span>
    </p>
   </div>
   <div class='ocr_carea' id='block_1_66' title="bbox 548 3349 2126 3421">
    <p class='ocr_par' dir='ltr' id='par_1_66' title="bbox 548 3349 2126 3421">
     <span class='ocr_line' id='line_1_66' title="bbox 548 3349 2126 3421; baseline 0.002 -15"><span class='ocrx_word' id='word_1_492' title='bbox 548 3367 708 3406; x_wconf 73' lang='lat' dir='ltr'><strong>rnatu</strong></span> <span class='ocrx_word' id='word_1_493' title='bbox 737 3360 795 3406; x_wconf 91' lang='lat' dir='ltr'><strong>et</strong></span> <span class='ocrx_word' id='word_1_494' title='bbox 837 3349 1248 3421; x_wconf 75' lang='lat' dir='ltr'><strong>inseparabilem</strong></span> <span class='ocrx_word' id='word_1_495' title='bbox 1284 3365 1523 3418; x_wconf 89' lang='lat' dir='ltr'><strong>causam,</strong></span> <span class='ocrx_word' id='word_1_496' title='bbox 1550 3351 1666 3420; x_wconf 90' lang='lat' dir='ltr'><strong>ipso</strong></span> <span class='ocrx_word' id='word_1_497' title='bbox 1699 3351 1834 3407; x_wconf 86' lang='lat' dir='ltr'><strong>Filio</strong></span> <span class='ocrx_word' id='word_1_498' title='bbox 1874 3352 2126 3408; x_wconf 89' lang='lat' dir='ltr'><strong>dicente:</strong></span> 
     </span>
    </p>
   </div>
   <div class='ocr_carea' id='block_1_67' title="bbox 547 3441 2132 3515">
    <p class='ocr_par' dir='ltr' id='par_1_67' title="bbox 547 3441 2132 3515">
     <span class='ocr_line' id='line_1_67' title="bbox 547 3441 2132 3515; baseline 0.001 -18"><span class='ocrx_word' id='word_1_499' title='bbox 547 3441 663 3513; x_wconf 66' lang='lat' dir='ltr'><strong>Ego</strong></span> <span class='ocrx_word' id='word_1_500' title='bbox 683 3453 730 3496; x_wconf 82' lang='lat' dir='ltr'><strong>et</strong></span> <span class='ocrx_word' id='word_1_501' title='bbox 755 3442 913 3496; x_wconf 84' lang='lat' dir='ltr'><strong>Pater</strong></span> <span class='ocrx_word' id='word_1_502' title='bbox 926 3459 1086 3496; x_wconf 82' lang='lat' dir='ltr'><strong>unum</strong></span> <span class='ocrx_word' id='word_1_503' title='bbox 1113 3442 1331 3496; x_wconf 79' lang='lat' dir='ltr'><strong>sumus?</strong></span> <span class='ocrx_word' id='word_1_504' title='bbox 1362 3442 1498 3497; x_wconf 72' lang='lat' dir='ltr'><strong>MAG.</strong></span> <span class='ocrx_word' id='word_1_505' title='bbox 1525 3442 1661 3497; x_wconf 91' lang='lat' dir='ltr'><strong>lluic</strong></span> <span class='ocrx_word' id='word_1_506' title='bbox 1682 3458 1894 3513; x_wconf 86' lang='lat' dir='ltr'><strong>quoque</strong></span> <span class='ocrx_word' id='word_1_507' title='bbox 1910 3458 2132 3515; x_wconf 82' lang='lat' dir='ltr'><strong>respon-</strong></span> 
     </span>
    </p>
   </div>
   <div class='ocr_carea' id='block_1_68' title="bbox 549 3534 2132 3605">
    <p class='ocr_par' dir='ltr' id='par_1_68' title="bbox 549 3534 2132 3605">
     <span class='ocr_line' id='line_1_68' title="bbox 549 3534 2132 3605; baseline 0.001 -15"><span class='ocrx_word' id='word_1_508' title='bbox 549 3536 781 3590; x_wconf 84' lang='lat' dir='ltr'><strong>dendum</strong></span> <span class='ocrx_word' id='word_1_509' title='bbox 804 3544 908 3590; x_wconf 90' lang='lat' dir='ltr'><strong>est.</strong></span> <span class='ocrx_word' id='word_1_510' title='bbox 936 3534 1069 3589; x_wconf 90' lang='lat' dir='ltr'><strong>Tres</strong></span> <span class='ocrx_word' id='word_1_511' title='bbox 1081 3550 1278 3590; x_wconf 90' lang='lat' dir='ltr'><strong>causae</strong></span> <span class='ocrx_word' id='word_1_512' title='bbox 1307 3535 1520 3590; x_wconf 85' lang='lat' dir='ltr'><strong>divinae</strong></span> <span class='ocrx_word' id='word_1_513' title='bbox 1544 3535 1824 3600; x_wconf 89' lang='lat' dir='ltr'><strong>bonitatis,</strong></span> <span class='ocrx_word' id='word_1_514' title='bbox 1846 3536 1911 3589; x_wconf 89' lang='lat' dir='ltr'><strong>de</strong></span> <span class='ocrx_word' id='word_1_515' title='bbox 1937 3538 2132 3605; x_wconf 89' lang='lat' dir='ltr'><strong>quibus</strong></span> 
     </span>
    </p>
   </div>
   <div class='ocr_carea' id='block_1_69' title="bbox 551 3626 2134 3696">
    <p class='ocr_par' dir='ltr' id='par_1_69' title="bbox 551 3626 2134 3696">
     <span class='ocr_line' id='line_1_69' title="bbox 551 3626 2134 3696; baseline -0.001 -15"><span class='ocrx_word' id='word_1_516' title='bbox 551 3642 697 3682; x_wconf 89' lang='lat' dir='ltr'><strong>nune</strong></span> <span class='ocrx_word' id='word_1_517' title='bbox 739 3626 967 3695; x_wconf 87' lang='lat' dir='ltr'><strong>agimus,</strong></span> <span class='ocrx_word' id='word_1_518' title='bbox 1003 3639 1107 3679; x_wconf 88' lang='lat' dir='ltr'><strong>non</strong></span> <span class='ocrx_word' id='word_1_519' title='bbox 1138 3626 1190 3679; x_wconf 91' lang='lat' dir='ltr'><strong>in</strong></span> <span class='ocrx_word' id='word_1_520' title='bbox 1228 3626 1340 3696; x_wconf 90' lang='lat' dir='ltr'><strong>ipsa</strong></span> <span class='ocrx_word' id='word_1_521' title='bbox 1369 3626 1623 3689; x_wconf 77' lang='lat' dir='ltr'><strong>essentia,</strong></span> <span class='ocrx_word' id='word_1_522' title='bbox 1656 3638 1794 3693; x_wconf 89' lang='lat' dir='ltr'><strong>quae</strong></span> <span class='ocrx_word' id='word_1_523' title='bbox 1837 3640 1940 3678; x_wconf 88' lang='lat' dir='ltr'><strong>una</strong></span> <span class='ocrx_word' id='word_1_524' title='bbox 1973 3637 2134 3696; x_wconf 89' lang='lat' dir='ltr'><strong>atque</strong></span> 
     </span>
    </p>
   </div>
   <div class='ocr_carea' id='block_1_70' title="bbox 550 3715 2133 3786">
    <p class='ocr_par' dir='ltr' id='par_1_70' title="bbox 550 3715 2133 3786">
     <span class='ocr_line' id='line_1_70' title="bbox 550 3715 2133 3786; baseline 0.001 -16"><span class='ocrx_word' id='word_1_525' title='bbox 550 3716 738 3770; x_wconf 87' lang='lat' dir='ltr'><strong>eadem</strong></span> <span class='ocrx_word' id='word_1_526' title='bbox 772 3723 876 3779; x_wconf 87' lang='lat' dir='ltr'><strong>est,</strong></span> <span class='ocrx_word' id='word_1_527' title='bbox 923 3716 1016 3769; x_wconf 89' lang='lat' dir='ltr'><strong>sed</strong></span> <span class='ocrx_word' id='word_1_528' title='bbox 1055 3715 1107 3768; x_wconf 92' lang='lat' dir='ltr'><strong>in</strong></span> <span class='ocrx_word' id='word_1_529' title='bbox 1147 3716 1261 3784; x_wconf 88' lang='lat' dir='ltr'><strong>ipsa</strong></span> <span class='ocrx_word' id='word_1_530' title='bbox 1302 3716 1473 3786; x_wconf 83' lang='lat' dir='ltr'><strong>ipsius</strong></span> <span class='ocrx_word' id='word_1_531' title='bbox 1504 3717 1775 3771; x_wconf 88' lang='lat' dir='ltr'><strong>essentiae</strong></span> <span class='ocrx_word' id='word_1_532' title='bbox 1804 3716 2133 3771; x_wconf 89' lang='lat' dir='ltr'><strong>substantia-</strong></span> 
     </span>
    </p>
   </div>
   <div class='ocr_carea' id='block_1_71' title="bbox 551 3806 2134 3877">
    <p class='ocr_par' dir='ltr' id='par_1_71' title="bbox 551 3806 2134 3877">
     <span class='ocr_line' id='line_1_71' title="bbox 551 3806 2134 3877; baseline 0.004 -20"><span class='ocrx_word' id='word_1_533' title='bbox 551 3821 673 3861; x_wconf 77' lang='lat' dir='ltr'><strong>rum</strong></span> <span class='ocrx_word' id='word_1_534' title='bbox 715 3806 847 3860; x_wconf 60' lang='lat' dir='ltr'><strong>vel“</strong></span> <span class='ocrx_word' id='word_1_535' title='bbox 901 3821 1251 3875; x_wconf 88' lang='lat' dir='ltr'><strong>personarum</strong></span> <span class='ocrx_word' id='word_1_536' title='bbox 1300 3808 1565 3862; x_wconf 82' lang='lat' dir='ltr'><strong>Trinitatc</strong></span> <span class='ocrx_word' id='word_1_537' title='bbox 1618 3817 1968 3877; x_wconf 90' lang='lat' dir='ltr'><strong>quaeruntur.</strong></span> <span class='ocrx_word' id='word_1_538' title='bbox 2018 3806 2134 3863; x_wconf 84' lang='lat' dir='ltr'><strong>Non</strong></span> 
     </span>
    </p>
   </div>
   <div class='ocr_carea' id='block_1_72' title="bbox 551 3899 2132 3971">
    <p class='ocr_par' dir='ltr' id='par_1_72' title="bbox 551 3899 2132 3971">
     <span class='ocr_line' id='line_1_72' title="bbox 551 3899 2132 3971; baseline 0.002 -17"><span class='ocrx_word' id='word_1_539' title='bbox 551 3900 696 3955; x_wconf 86' lang='lat' dir='ltr'><strong>enim</strong></span> <span class='ocrx_word' id='word_1_540' title='bbox 720 3899 1329 3956; x_wconf 85' lang='lat' dir='ltr'><strong>confunditdualitatem</strong></span> <span class='ocrx_word' id='word_1_541' title='bbox 1353 3901 1374 3933; x_wconf 81' lang='grc'><strong><em>⁸</em></strong></span> <span class='ocrx_word' id='word_1_542' title='bbox 1405 3917 1778 3971; x_wconf 90' lang='lat' dir='ltr'><strong>personarum,</strong></span> <span class='ocrx_word' id='word_1_543' title='bbox 1811 3903 2132 3958; x_wconf 80' lang='lat' dir='ltr'><strong>duut‘dicit:</strong></span> 
     </span>
    </p>
   </div>
   <div class='ocr_carea' id='block_1_73' title="bbox 551 3990 2139 4064">
    <p class='ocr_par' dir='ltr' id='par_1_73' title="bbox 551 3990 2139 4064">
     <span class='ocr_line' id='line_1_73' title="bbox 551 3990 2139 4064; baseline 0.001 -17"><span class='ocrx_word' id='word_1_544' title='bbox 551 3990 666 4061; x_wconf 79' lang='lat' dir='ltr'><strong>Ego</strong></span> <span class='ocrx_word' id='word_1_545' title='bbox 688 4001 736 4044; x_wconf 85' lang='lat' dir='ltr'><strong>et</strong></span> <span class='ocrx_word' id='word_1_546' title='bbox 762 3990 925 4044; x_wconf 82' lang='lat' dir='ltr'><strong>Pater</strong></span> <span class='ocrx_word' id='word_1_547' title='bbox 943 4002 1103 4045; x_wconf 85' lang='lat' dir='ltr'><strong>unum</strong></span> <span class='ocrx_word' id='word_1_548' title='bbox 1129 4008 1329 4046; x_wconf 81' lang='lat' dir='ltr'><strong>simius.</strong></span> <span class='ocrx_word' id='word_1_549' title='bbox 1357 3991 1489 4046; x_wconf 88' lang='lat' dir='ltr'><strong>Nam</strong></span> <span class='ocrx_word' id='word_1_550' title='bbox 1510 4009 1615 4047; x_wconf 91' lang='lat' dir='ltr'><strong>non</strong></span> <span class='ocrx_word' id='word_1_551' title='bbox 1645 3994 1748 4047; x_wconf 90' lang='lat' dir='ltr'><strong>ait:</strong></span> <span class='ocrx_word' id='word_1_552' title='bbox 1769 3993 1880 4064; x_wconf 86' lang='lat' dir='ltr'><strong>Ego</strong></span> <span class='ocrx_word' id='word_1_553' title='bbox 1902 4005 1947 4047; x_wconf 82' lang='lat' dir='ltr'><strong>et</strong></span> <span class='ocrx_word' id='word_1_554' title='bbox 1980 3991 2139 4049; x_wconf 83' lang='lat' dir='ltr'><strong>Pater</strong></span> 
     </span>
    </p>
   </div>
   <div class='ocr_carea' id='block_1_74' title="bbox 553 4082 2138 4149">
    <p class='ocr_par' dir='ltr' id='par_1_74' title="bbox 553 4082 2138 4149">
     <span class='ocr_line' id='line_1_74' title="bbox 553 4082 2138 4149; baseline 0.004 -14"><span class='ocrx_word' id='word_1_555' title='bbox 553 4096 714 4135; x_wconf 69' lang='lat' dir='ltr'><strong>unum</strong></span> <span class='ocrx_word' id='word_1_556' title='bbox 746 4097 879 4143; x_wconf 84' lang='lat' dir='ltr'><strong>sum,</strong></span> <span class='ocrx_word' id='word_1_557' title='bbox 911 4082 1005 4137; x_wconf 88' lang='lat' dir='ltr'><strong>sed</strong></span> <span class='ocrx_word' id='word_1_558' title='bbox 1028 4098 1232 4149; x_wconf 84' lang='lat' dir='ltr'><strong>sumus,</strong></span> <span class='ocrx_word' id='word_1_559' title='bbox 1259 4084 1547 4139; x_wconf 87' lang='lat' dir='ltr'><strong>ostendens</strong></span> <span class='ocrx_word' id='word_1_560' title='bbox 1583 4093 1638 4138; x_wconf 92' lang='lat' dir='ltr'><strong>et</strong></span> <span class='ocrx_word' id='word_1_561' title='bbox 1666 4087 1934 4142; x_wconf 89' lang='lat' dir='ltr'><strong>essentiae</strong></span> <span class='ocrx_word' id='word_1_562' title='bbox 1959 4088 2138 4142; x_wconf 87' lang='lat' dir='ltr'><strong>unita-</strong></span> 
     </span>
    </p>
   </div>
   <div class='ocr_carea' id='block_1_75' title="bbox 554 4158 2142 4248">
    <p class='ocr_par' dir='ltr' id='par_1_75' title="bbox 554 4158 2142 4248">
     <span class='ocr_line' id='line_1_75' title="bbox 554 4158 2142 4248; baseline 0.005 -23"><span class='ocrx_word' id='word_1_563' title='bbox 554 4182 662 4226; x_wconf 81' lang='lat' dir='ltr'><strong>tem</strong></span> <span class='ocrx_word' id='word_1_564' title='bbox 694 4180 752 4225; x_wconf 88' lang='lat' dir='ltr'><strong>et</strong></span> <span class='ocrx_word' id='word_1_565' title='bbox 787 4173 1213 4228; x_wconf 89' lang='lat' dir='ltr'><strong>substantiarum</strong></span> <span class='ocrx_word' id='word_1_566' title='bbox 1244 4158 1601 4230; x_wconf 79' lang='lat' dir='ltr'><strong>dilferentiam</strong></span> <span class='ocrx_word' id='word_1_567' title='bbox 1647 4177 1712 4231; x_wconf 84' lang='grc'><strong>¹⁶.</strong></span> <span class='ocrx_word' id='word_1_568' title='bbox 1761 4178 1825 4231; x_wconf 77' lang='lat' dir='ltr'><strong>Et</strong></span> <span class='ocrx_word' id='word_1_569' title='bbox 1877 4179 2142 4248; x_wconf 91' lang='lat' dir='ltr'><strong>siquidem</strong></span> 
     </span>
    </p>
   </div>
   <div class='ocr_carea' id='block_1_76' title="bbox 555 4260 2140 4335">
    <p class='ocr_par' dir='ltr' id='par_1_76' title="bbox 555 4260 2140 4335">
     <span class='ocr_line' id='line_1_76' title="bbox 555 4260 2140 4335; baseline 0.003 -17"><span class='ocrx_word' id='word_1_570' title='bbox 555 4262 762 4318; x_wconf 88' lang='lat' dir='ltr'><strong>diceret</strong></span> <span class='ocrx_word' id='word_1_571' title='bbox 776 4261 909 4331; x_wconf 83' lang='lat' dir='ltr'><strong>:Ego</strong></span> <span class='ocrx_word' id='word_1_572' title='bbox 923 4275 969 4317; x_wconf 76' lang='lat' dir='ltr'><strong>et</strong></span> <span class='ocrx_word' id='word_1_573' title='bbox 985 4260 1149 4317; x_wconf 85' lang='lat' dir='ltr'><strong>Pater</strong></span> <span class='ocrx_word' id='word_1_574' title='bbox 1160 4274 1206 4318; x_wconf 83' lang='lat' dir='ltr'><strong>et</strong></span> <span class='ocrx_word' id='word_1_575' title='bbox 1223 4263 1291 4334; x_wconf 57' lang='lat' dir='ltr'><strong>Si.</strong></span> <span class='ocrx_word' id='word_1_576' title='bbox 1302 4266 1454 4320; x_wconf 74' lang='lat' dir='ltr'><strong>in’tus</strong></span> <span class='ocrx_word' id='word_1_577' title='bbox 1470 4278 1683 4321; x_wconf 81' lang='lat' dir='ltr'><strong>sanctus</strong></span> <span class='ocrx_word' id='word_1_578' title='bbox 1700 4268 1741 4299; x_wconf 83' lang='grc'><strong>¹¹</strong></span> <span class='ocrx_word' id='word_1_579' title='bbox 1760 4285 1922 4323; x_wconf 86' lang='lat' dir='ltr'><strong>unum</strong></span> <span class='ocrx_word' id='word_1_580' title='bbox 1936 4284 2140 4335; x_wconf 79' lang='lat' dir='ltr'><strong>sumus,</strong></span> 
     </span>
    </p>
   </div>
   <div class='ocr_carea' id='block_1_77' title="bbox 559 4355 2141 4425">
    <p class='ocr_par' dir='ltr' id='par_1_77' title="bbox 559 4355 2141 4425">
     <span class='ocr_line' id='line_1_77' title="bbox 559 4355 2141 4425; baseline 0.004 -16"><span class='ocrx_word' id='word_1_581' title='bbox 559 4372 665 4410; x_wconf 92' lang='lat' dir='ltr'><strong>non</strong></span> <span class='ocrx_word' id='word_1_582' title='bbox 693 4355 852 4409; x_wconf 85' lang='lat' dir='ltr'><strong>aliter</strong></span> <span class='ocrx_word' id='word_1_583' title='bbox 879 4356 1326 4425; x_wconf 81' lang='lat' dir='ltr'><strong>intelligeremus,</strong></span> <span class='ocrx_word' id='word_1_584' title='bbox 1356 4359 1456 4413; x_wconf 88' lang='lat' dir='ltr'><strong>nisi</strong></span> <span class='ocrx_word' id='word_1_585' title='bbox 1507 4360 1668 4415; x_wconf 90' lang='lat' dir='ltr'><strong>trium</strong></span> <span class='ocrx_word' id='word_1_586' title='bbox 1721 4362 2141 4416; x_wconf 86' lang='lat' dir='ltr'><strong>substantiarum</strong></span> 
     </span>
    </p>
   </div>
   <div class='ocr_carea' id='block_1_78' title="bbox 2229 3176 3833 3246">
    <p class='ocr_par' dir='ltr' id='par_1_78' title="bbox 2229 3176 3833 3246">
     <span class='ocr_line' id='line_1_78' title="bbox 2229 3176 3833 3246; baseline -0.001 -13"><span class='ocrx_word' id='word_1_587' title='bbox 2229 3192 2348 3233; x_wconf 88' lang='lat' dir='ltr'><strong>sum</strong></span> <span class='ocrx_word' id='word_1_588' title='bbox 2383 3193 2591 3243; x_wconf 89' lang='lat' dir='ltr'><strong>versus,</strong></span> <span class='ocrx_word' id='word_1_589' title='bbox 2623 3178 2676 3232; x_wconf 93' lang='lat' dir='ltr'><strong>in</strong></span> <span class='ocrx_word' id='word_1_590' title='bbox 2700 3185 2911 3232; x_wconf 89' lang='lat' dir='ltr'><strong>tantum</strong></span> <span class='ocrx_word' id='word_1_591' title='bbox 2958 3177 3188 3232; x_wconf 86' lang='lat' dir='ltr'><strong>lucidius</strong></span> <span class='ocrx_word' id='word_1_592' title='bbox 3215 3176 3403 3238; x_wconf 88' lang='lat' dir='ltr'><strong>elucet.</strong></span> <span class='ocrx_word' id='word_1_593' title='bbox 3460 3176 3833 3246; x_wconf 84' lang='lat' dir='ltr'><strong>sensibusqne</strong></span> 
     </span>
    </p>
   </div>
   <div class='ocr_carea' id='block_1_79' title="bbox 2231 3267 3832 3341">
    <p class='ocr_par' dir='ltr' id='par_1_79' title="bbox 2231 3267 3832 3341">
     <span class='ocr_line' id='line_1_79' title="bbox 2231 3267 3832 3341; baseline -0.001 -16"><span class='ocrx_word' id='word_1_594' title='bbox 2231 3270 2507 3341; x_wconf 87' lang='lat' dir='ltr'><strong>corporeis</strong></span> <span class='ocrx_word' id='word_1_595' title='bbox 2538 3269 3077 3339; x_wconf 88' lang='lat' dir='ltr'><strong>comprehensibilem</strong></span> <span class='ocrx_word' id='word_1_596' title='bbox 3108 3285 3166 3325; x_wconf 90' lang='lat' dir='ltr'><strong>se</strong></span> <span class='ocrx_word' id='word_1_597' title='bbox 3205 3277 3462 3340; x_wconf 88' lang='lat' dir='ltr'><strong>praestat.</strong></span> <span class='ocrx_word' id='word_1_598' title='bbox 3505 3267 3705 3324; x_wconf 84' lang='lat' dir='ltr'><strong>Verum</strong></span> <span class='ocrx_word' id='word_1_599' title='bbox 3755 3283 3832 3323; x_wconf 80' lang='lat' dir='ltr'><strong>ex</strong></span> 
     </span>
    </p>
   </div>
   <div class='ocr_carea' id='block_1_80' title="bbox 2232 3356 3829 3429">
    <p class='ocr_par' dir='ltr' id='par_1_80' title="bbox 2232 3356 3829 3429">
     <span class='ocr_line' id='line_1_80' title="bbox 2232 3356 3829 3429; baseline -0.001 -16"><span class='ocrx_word' id='word_1_600' title='bbox 2232 3360 2348 3428; x_wconf 90' lang='lat' dir='ltr'><strong>ipso</strong></span> <span class='ocrx_word' id='word_1_601' title='bbox 2375 3359 2528 3414; x_wconf 89' lang='lat' dir='ltr'><strong>radio</strong></span> <span class='ocrx_word' id='word_1_602' title='bbox 2556 3358 2808 3429; x_wconf 88' lang='lat' dir='ltr'><strong>splendor</strong></span> <span class='ocrx_word' id='word_1_603' title='bbox 2835 3357 3290 3414; x_wconf 89' lang='lat' dir='ltr'><strong>luculentissimus</strong></span> <span class='ocrx_word' id='word_1_604' title='bbox 3332 3367 3499 3412; x_wconf 89' lang='lat' dir='ltr'><strong>totum</strong></span> <span class='ocrx_word' id='word_1_605' title='bbox 3550 3356 3829 3411; x_wconf 85' lang='lat' dir='ltr'><strong>mundum</strong></span> 
     </span>
    </p>
   </div>
   <div class='ocr_carea' id='block_1_81' title="bbox 2234 3444 3835 3518">
    <p class='ocr_par' dir='ltr' id='par_1_81' title="bbox 2234 3444 3835 3518">
     <span class='ocr_line' id='line_1_81' title="bbox 2234 3444 3835 3518; baseline -0.001 -16"><span class='ocrx_word' id='word_1_606' title='bbox 2234 3448 2480 3518; x_wconf 81' lang='lat' dir='ltr'><strong>impleas,</strong></span> <span class='ocrx_word' id='word_1_607' title='bbox 2504 3457 2558 3503; x_wconf 90' lang='lat' dir='ltr'><strong>et</strong></span> <span class='ocrx_word' id='word_1_608' title='bbox 2581 3463 2647 3503; x_wconf 83' lang='lat' dir='ltr'><strong>ex</strong></span> <span class='ocrx_word' id='word_1_609' title='bbox 2666 3446 2905 3503; x_wconf 87' lang='lat' dir='ltr'><strong>omnium</strong></span> <span class='ocrx_word' id='word_1_610' title='bbox 2930 3463 3215 3518; x_wconf 90' lang='lat' dir='ltr'><strong>corporum</strong></span> <span class='ocrx_word' id='word_1_611' title='bbox 3238 3446 3520 3517; x_wconf 84' lang='lat' dir='ltr'><strong>superﬁcie</strong></span> <span class='ocrx_word' id='word_1_612' title='bbox 3547 3444 3835 3513; x_wconf 85' lang='lat' dir='ltr'><strong>resiliens,</strong></span> 
     </span>
    </p>
   </div>
   <div class='ocr_carea' id='block_1_82' title="bbox 2235 3535 3834 3609">
    <p class='ocr_par' dir='ltr' id='par_1_82' title="bbox 2235 3535 3834 3609">
     <span class='ocr_line' id='line_1_82' title="bbox 2235 3535 3834 3609; baseline -0.001 -18"><span class='ocrx_word' id='word_1_613' title='bbox 2235 3537 2585 3608; x_wconf 90' lang='lat' dir='ltr'><strong>diversasque</strong></span> <span class='ocrx_word' id='word_1_614' title='bbox 2607 3537 2849 3593; x_wconf 89' lang='lat' dir='ltr'><strong>colorum</strong></span> <span class='ocrx_word' id='word_1_615' title='bbox 2881 3539 3089 3609; x_wconf 89' lang='lat' dir='ltr'><strong>species</strong></span> <span class='ocrx_word' id='word_1_616' title='bbox 3110 3539 3368 3608; x_wconf 84' lang='lat' dir='ltr'><strong>detegens</strong></span> <span class='ocrx_word' id='word_1_617' title='bbox 3386 3537 3670 3592; x_wconf 88' lang='lat' dir='ltr'><strong>emittitur.</strong></span> <span class='ocrx_word' id='word_1_618' title='bbox 3700 3535 3834 3607; x_wconf 86' lang='lat' dir='ltr'><strong>Ipse</strong></span> 
     </span>
    </p>
   </div>
   <div class='ocr_carea' id='block_1_83' title="bbox 2234 3630 3837 3702">
    <p class='ocr_par' dir='ltr' id='par_1_83' title="bbox 2234 3630 3837 3702">
     <span class='ocr_line' id='line_1_83' title="bbox 2234 3630 3837 3702; baseline -0.002 -18"><span class='ocrx_word' id='word_1_619' title='bbox 2234 3646 2449 3702; x_wconf 87' lang='lat' dir='ltr'><strong>quoque</strong></span> <span class='ocrx_word' id='word_1_620' title='bbox 2475 3631 2703 3685; x_wconf 86' lang='lat' dir='ltr'><strong>naturali</strong></span> <span class='ocrx_word' id='word_1_621' title='bbox 2726 3646 2823 3686; x_wconf 87' lang='lat' dir='ltr'><strong>sua</strong></span> <span class='ocrx_word' id='word_1_622' title='bbox 2855 3632 3114 3687; x_wconf 88' lang='lat' dir='ltr'><strong>tenuitate</strong></span> <span class='ocrx_word' id='word_1_623' title='bbox 3142 3630 3450 3701; x_wconf 88' lang='lat' dir='ltr'><strong>corporales</strong></span> <span class='ocrx_word' id='word_1_624' title='bbox 3470 3644 3661 3685; x_wconf 86' lang='lat' dir='ltr'><strong>sensus</strong></span> <span class='ocrx_word' id='word_1_625' title='bbox 3681 3630 3837 3682; x_wconf 76' lang='lat' dir='ltr'><strong>etIn-</strong></span> 
     </span>
    </p>
   </div>
   <div class='ocr_carea' id='block_1_84' title="bbox 2236 3722 3835 3796">
    <p class='ocr_par' dir='ltr' id='par_1_84' title="bbox 2236 3722 3835 3796">
     <span class='ocr_line' id='line_1_84' title="bbox 2236 3722 3835 3796; baseline -0.003 -17"><span class='ocrx_word' id='word_1_626' title='bbox 2236 3734 2405 3795; x_wconf 87' lang='lat' dir='ltr'><strong>geret,</strong></span> <span class='ocrx_word' id='word_1_627' title='bbox 2435 3725 2480 3779; x_wconf 87' lang='lat' dir='ltr'><strong>si</strong></span> <span class='ocrx_word' id='word_1_628' title='bbox 2516 3741 2620 3780; x_wconf 91' lang='lat' dir='ltr'><strong>non</strong></span> <span class='ocrx_word' id='word_1_629' title='bbox 2644 3740 2703 3781; x_wconf 89' lang='lat' dir='ltr'><strong>se</strong></span> <span class='ocrx_word' id='word_1_630' title='bbox 2730 3724 3102 3796; x_wconf 89' lang='lat' dir='ltr'><strong>corporalibus</strong></span> <span class='ocrx_word' id='word_1_631' title='bbox 3132 3724 3182 3756; x_wconf 84' lang='lat'><strong>’°</strong></span> <span class='ocrx_word' id='word_1_632' title='bbox 3224 3722 3503 3779; x_wconf 87' lang='lat' dir='ltr'><strong>elementis</strong></span> <span class='ocrx_word' id='word_1_633' title='bbox 3552 3731 3835 3791; x_wconf 81' lang='lat' dir='ltr'><strong>tempera-</strong></span> 
     </span>
    </p>
   </div>
   <div class='ocr_carea' id='block_1_85' title="bbox 2239 3812 3837 3885">
    <p class='ocr_par' dir='ltr' id='par_1_85' title="bbox 2239 3812 3837 3885">
     <span class='ocr_line' id='line_1_85' title="bbox 2239 3812 3837 3885; baseline -0.002 -14"><span class='ocrx_word' id='word_1_634' title='bbox 2239 3824 2340 3871; x_wconf 86' lang='lat' dir='ltr'><strong>ret.</strong></span> <span class='ocrx_word' id='word_1_635' title='bbox 2368 3815 2510 3872; x_wconf 75' lang='lat' dir='ltr'><strong>MAG.</strong></span> <span class='ocrx_word' id='word_1_636' title='bbox 2538 3815 2617 3871; x_wconf 87' lang='lat' dir='ltr'><strong>Ita</strong></span> <span class='ocrx_word' id='word_1_637' title='bbox 2639 3824 2745 3881; x_wconf 82' lang='lat' dir='ltr'><strong>est,</strong></span> <span class='ocrx_word' id='word_1_638' title='bbox 2776 3825 2830 3872; x_wconf 86' lang='lat' dir='ltr'><strong>et</strong></span> <span class='ocrx_word' id='word_1_639' title='bbox 2856 3826 3170 3870; x_wconf 87' lang='lat' dir='ltr'><strong>naturarum</strong></span> <span class='ocrx_word' id='word_1_640' title='bbox 3217 3815 3492 3885; x_wconf 91' lang='lat' dir='ltr'><strong>inquisitio</strong></span> <span class='ocrx_word' id='word_1_641' title='bbox 3522 3830 3627 3869; x_wconf 90' lang='lat' dir='ltr'><strong>non</strong></span> <span class='ocrx_word' id='word_1_642' title='bbox 3666 3812 3837 3868; x_wconf 87' lang='lat' dir='ltr'><strong>aliter</strong></span> 
     </span>
    </p>
   </div>
   <div class='ocr_carea' id='block_1_86' title="bbox 2241 3903 3837 3978">
    <p class='ocr_par' dir='ltr' id='par_1_86' title="bbox 2241 3903 3837 3978">
     <span class='ocr_line' id='line_1_86' title="bbox 2241 3903 3837 3978; baseline -0.002 -18"><span class='ocrx_word' id='word_1_643' title='bbox 2241 3908 2356 3962; x_wconf 85' lang='lat' dir='ltr'><strong>fieri</strong></span> <span class='ocrx_word' id='word_1_644' title='bbox 2398 3922 2556 3978; x_wconf 89' lang='lat' dir='ltr'><strong>posse</strong></span> <span class='ocrx_word' id='word_1_645' title='bbox 2600 3908 2875 3977; x_wconf 89' lang='lat' dir='ltr'><strong>perdocet.</strong></span> <span class='ocrx_word' id='word_1_646' title='bbox 2905 3905 3173 3976; x_wconf 85' lang='lat' dir='ltr'><strong>Numquid</strong></span> <span class='ocrx_word' id='word_1_647' title='bbox 3202 3922 3331 3977; x_wconf 82' lang='lat' dir='ltr'><strong>ergo</strong></span> <span class='ocrx_word' id='word_1_648' title='bbox 3375 3920 3631 3976; x_wconf 86' lang='lat' dir='ltr'><strong>cogemur</strong></span> <span class='ocrx_word' id='word_1_649' title='bbox 3660 3903 3738 3969; x_wconf 81' lang='lat'><strong>“,</strong></span> <span class='ocrx_word' id='word_1_650' title='bbox 3776 3912 3837 3957; x_wconf 92' lang='lat' dir='ltr'><strong>nt</strong></span> 
     </span>
    </p>
   </div>
   <div class='ocr_carea' id='block_1_87' title="bbox 2240 3993 3837 4069">
    <p class='ocr_par' dir='ltr' id='par_1_87' title="bbox 2240 3993 3837 4069">
     <span class='ocr_line' id='line_1_87' title="bbox 2240 3993 3837 4069; baseline -0.004 -16"><span class='ocrx_word' id='word_1_651' title='bbox 2240 3997 2415 4069; x_wconf 90' lang='lat' dir='ltr'><strong>ipsum</strong></span> <span class='ocrx_word' id='word_1_652' title='bbox 2461 3998 2823 4068; x_wconf 86' lang='lat' dir='ltr'><strong>splendorem,</strong></span> <span class='ocrx_word' id='word_1_653' title='bbox 2868 3999 2959 4069; x_wconf 92' lang='lat' dir='ltr'><strong>qui</strong></span> <span class='ocrx_word' id='word_1_654' title='bbox 3009 4012 3107 4068; x_wconf 90' lang='lat' dir='ltr'><strong>per</strong></span> <span class='ocrx_word' id='word_1_655' title='bbox 3153 4005 3463 4052; x_wconf 89' lang='lat' dir='ltr'><strong>nascentem</strong></span> <span class='ocrx_word' id='word_1_656' title='bbox 3496 3996 3709 4049; x_wconf 89' lang='lat' dir='ltr'><strong>radium</strong></span> <span class='ocrx_word' id='word_1_657' title='bbox 3765 3993 3837 4048; x_wconf 90' lang='lat' dir='ltr'><strong>ab</strong></span> 
     </span>
    </p>
   </div>
   <div class='ocr_carea' id='block_1_88' title="bbox 2241 4085 3839 4161">
    <p class='ocr_par' dir='ltr' id='par_1_88' title="bbox 2241 4085 3839 4161">
     <span class='ocr_line' id='line_1_88' title="bbox 2241 4085 3839 4161; baseline -0.004 -17"><span class='ocrx_word' id='word_1_658' title='bbox 2241 4091 2366 4161; x_wconf 87' lang='lat' dir='ltr'><strong>igne</strong></span> <span class='ocrx_word' id='word_1_659' title='bbox 2388 4090 2649 4158; x_wconf 86' lang='lat' dir='ltr'><strong>procedit,</strong></span> <span class='ocrx_word' id='word_1_660' title='bbox 2670 4089 2802 4145; x_wconf 90' lang='lat' dir='ltr'><strong>duas</strong></span> <span class='ocrx_word' id='word_1_661' title='bbox 2828 4104 3019 4144; x_wconf 87' lang='lat' dir='ltr'><strong>causas</strong></span> <span class='ocrx_word' id='word_1_662' title='bbox 3044 4087 3244 4143; x_wconf 88' lang='lat' dir='ltr'><strong>habere</strong></span> <span class='ocrx_word' id='word_1_663' title='bbox 3265 4086 3550 4141; x_wconf 85' lang='lat' dir='ltr'><strong>dicamus?</strong></span> <span class='ocrx_word' id='word_1_664' title='bbox 3571 4085 3839 4152; x_wconf 78' lang='lat' dir='ltr'><strong>Quamvis</strong></span> 
     </span>
    </p>
   </div>
   <div class='ocr_carea' id='block_1_89' title="bbox 2241 4173 3837 4253">
    <p class='ocr_par' dir='ltr' id='par_1_89' title="bbox 2241 4173 3837 4253">
     <span class='ocr_line' id='line_1_89' title="bbox 2241 4173 3837 4253; baseline -0.006 -14"><span class='ocrx_word' id='word_1_665' title='bbox 2241 4185 2383 4239; x_wconf 90' lang='lat' dir='ltr'><strong>enim</strong></span> <span class='ocrx_word' id='word_1_666' title='bbox 2413 4184 2480 4239; x_wconf 89' lang='lat' dir='ltr'><strong>ab</strong></span> <span class='ocrx_word' id='word_1_667' title='bbox 2521 4184 2641 4253; x_wconf 88' lang='lat' dir='ltr'><strong>igne</strong></span> <span class='ocrx_word' id='word_1_668' title='bbox 2683 4197 2779 4253; x_wconf 90' lang='lat' dir='ltr'><strong>per</strong></span> <span class='ocrx_word' id='word_1_669' title='bbox 2818 4182 3027 4236; x_wconf 89' lang='lat' dir='ltr'><strong>radium</strong></span> <span class='ocrx_word' id='word_1_670' title='bbox 3058 4180 3313 4252; x_wconf 86' lang='lat' dir='ltr'><strong>procedat</strong></span> <span class='ocrx_word' id='word_1_671' title='bbox 3348 4173 3426 4245; x_wconf 74' lang='lat'><strong>&quot;,&#39;</strong></span> <span class='ocrx_word' id='word_1_672' title='bbox 3460 4179 3600 4249; x_wconf 88' lang='lat' dir='ltr'><strong>ignis</strong></span> <span class='ocrx_word' id='word_1_673' title='bbox 3647 4189 3837 4232; x_wconf 78' lang='lat' dir='ltr'><strong>tamen</strong></span> 
     </span>
    </p>
   </div>
   <div class='ocr_carea' id='block_1_90' title="bbox 2242 4270 3837 4345">
    <p class='ocr_par' dir='ltr' id='par_1_90' title="bbox 2242 4270 3837 4345">
     <span class='ocr_line' id='line_1_90' title="bbox 2242 4270 3837 4345; baseline -0.005 -14"><span class='ocrx_word' id='word_1_674' title='bbox 2242 4276 2579 4331; x_wconf 88' lang='lat' dir='ltr'><strong>solummodo</strong></span> <span class='ocrx_word' id='word_1_675' title='bbox 2593 4291 2752 4330; x_wconf 84' lang='lat' dir='ltr'><strong>causa</strong></span> <span class='ocrx_word' id='word_1_676' title='bbox 2772 4275 3054 4345; x_wconf 86' lang='lat' dir='ltr'><strong>ipsiusest,</strong></span> <span class='ocrx_word' id='word_1_677' title='bbox 3072 4290 3178 4328; x_wconf 91' lang='lat' dir='ltr'><strong>non</strong></span> <span class='ocrx_word' id='word_1_678' title='bbox 3208 4274 3408 4327; x_wconf 89' lang='lat' dir='ltr'><strong>radius.</strong></span> <span class='ocrx_word' id='word_1_679' title='bbox 3438 4272 3594 4326; x_wconf 87' lang='lat' dir='ltr'><strong>Sicut</strong></span> <span class='ocrx_word' id='word_1_680' title='bbox 3614 4270 3660 4302; x_wconf 76' lang='lat'>&quot;</span> <span class='ocrx_word' id='word_1_681' title='bbox 3682 4272 3837 4324; x_wconf 81' lang='lat' dir='ltr'><strong>enim</strong></span> 
     </span>
    </p>
   </div>
   <div class='ocr_carea' id='block_1_91' title="bbox 2247 4364 3837 4439">
    <p class='ocr_par' dir='ltr' id='par_1_91' title="bbox 2247 4364 3837 4439">
     <span class='ocr_line' id='line_1_91' title="bbox 2247 4364 3837 4439; baseline -0.006 -16"><span class='ocrx_word' id='word_1_682' title='bbox 2247 4370 2360 4439; x_wconf 85' lang='lat' dir='ltr'><strong>ipse</strong></span> <span class='ocrx_word' id='word_1_683' title='bbox 2384 4368 2567 4422; x_wconf 87' lang='lat' dir='ltr'><strong>radius</strong></span> <span class='ocrx_word' id='word_1_684' title='bbox 2610 4383 2704 4436; x_wconf 89' lang='lat' dir='ltr'><strong>per</strong></span> <span class='ocrx_word' id='word_1_685' title='bbox 2732 4381 2791 4422; x_wconf 93' lang='lat' dir='ltr'><strong>se</strong></span> <span class='ocrx_word' id='word_1_686' title='bbox 2818 4383 2924 4422; x_wconf 92' lang='lat' dir='ltr'><strong>non</strong></span> <span class='ocrx_word' id='word_1_687' title='bbox 2968 4365 3312 4431; x_wconf 86' lang='lat' dir='ltr'><strong>subsisteret,</strong></span> <span class='ocrx_word' id='word_1_688' title='bbox 3353 4365 3395 4419; x_wconf 91' lang='lat' dir='ltr'><strong>si</strong></span> <span class='ocrx_word' id='word_1_689' title='bbox 3425 4364 3490 4418; x_wconf 89' lang='lat' dir='ltr'><strong>de</strong></span> <span class='ocrx_word' id='word_1_690' title='bbox 3517 4378 3681 4417; x_wconf 86' lang='lat' dir='ltr'><strong>causa</strong></span> <span class='ocrx_word' id='word_1_691' title='bbox 3711 4377 3837 4426; x_wconf 81' lang='lat' dir='ltr'><strong>sua,</strong></span> 
     </span>
    </p>
   </div>
   <div class='ocr_carea' id='block_1_92' title="bbox 560 4446 3842 4531">
    <p class='ocr_par' dir='ltr' id='par_1_92' title="bbox 560 4446 3842 4531">
     <span class='ocr_line' id='line_1_92' title="bbox 560 4446 3842 4531; baseline -0.002 -30"><span class='ocrx_word' id='word_1_692' title='bbox 560 4447 858 4501; x_wconf 88' lang='lat' dir='ltr'><strong>trinitatem</strong></span> <span class='ocrx_word' id='word_1_693' title='bbox 900 4446 955 4500; x_wconf 90' lang='lat' dir='ltr'><strong>in</strong></span> <span class='ocrx_word' id='word_1_694' title='bbox 1005 4447 1248 4517; x_wconf 88' lang='lat' dir='ltr'><strong>ejusdem</strong></span> <span class='ocrx_word' id='word_1_695' title='bbox 1280 4449 1551 4504; x_wconf 89' lang='lat' dir='ltr'><strong>essentiae</strong></span> <span class='ocrx_word' id='word_1_696' title='bbox 1595 4450 1803 4505; x_wconf 88' lang='lat' dir='ltr'><strong>unitate</strong></span> <span class='ocrx_word' id='word_1_697' title='bbox 1842 4451 2144 4506; x_wconf 86' lang='lat' dir='ltr'><strong>subsisten-</strong></span> <span class='ocrx_word' id='word_1_698' title='bbox 2175 4457 2225 4516; x_wconf 70' lang='grc' dir='ltr'><strong>Β</strong></span> <span class='ocrx_word' id='word_1_699' title='bbox 2249 4477 2386 4531; x_wconf 66' lang='lat' dir='ltr'><strong>quae</strong></span> <span class='ocrx_word' id='word_1_700' title='bbox 2405 4470 2483 4515; x_wconf 74' lang='lat' dir='ltr'><strong>es]</strong></span> <span class='ocrx_word' id='word_1_701' title='bbox 2515 4461 2671 4531; x_wconf 59' lang='lat' dir='ltr'><strong>ignis,</strong></span> <span class='ocrx_word' id='word_1_702' title='bbox 2702 4476 2808 4515; x_wconf 80' lang='grc' dir='ltr'><strong>ηοη</strong></span> <span class='ocrx_word' id='word_1_703' title='bbox 2845 4468 3178 4524; x_wconf 62' lang='lat' dir='ltr'><strong>nasceretur,</strong></span> <span class='ocrx_word' id='word_1_704' title='bbox 3210 4458 3282 4513; x_wconf 61' lang='lat' dir='ltr'><strong>ita</strong></span> <span class='ocrx_word' id='word_1_705' title='bbox 3310 4457 3563 4528; x_wconf 72' lang='lat' dir='ltr'><strong>splendor</strong></span> <span class='ocrx_word' id='word_1_706' title='bbox 3606 4470 3709 4525; x_wconf 71' lang='lat' dir='ltr'><strong>per</strong></span> <span class='ocrx_word' id='word_1_707' title='bbox 3751 4471 3842 4509; x_wconf 72' lang='grc' dir='ltr'><strong>η..</strong></span> 
     </span>
    </p>
   </div>
   <div class='ocr_carea' id='block_1_93' title="bbox 561 4536 3843 4623">
    <p class='ocr_par' dir='ltr' id='par_1_93' title="bbox 561 4536 3843 4623">
     <span class='ocr_line' id='line_1_93' title="bbox 561 4536 3843 4623; baseline 0.003 -36"><span class='ocrx_word' id='word_1_708' title='bbox 561 4543 692 4589; x_wconf 90' lang='lat' dir='ltr'><strong>tem.</strong></span> <span class='ocrx_word' id='word_1_709' title='bbox 721 4536 789 4590; x_wconf 84' lang='lat' dir='ltr'><strong>Et</strong></span> <span class='ocrx_word' id='word_1_710' title='bbox 815 4537 1062 4605; x_wconf 83' lang='lat' dir='ltr'><strong>quamvis</strong></span> <span class='ocrx_word' id='word_1_711' title='bbox 1089 4537 1168 4591; x_wconf 88' lang='lat' dir='ltr'><strong>sic</strong></span> <span class='ocrx_word' id='word_1_712' title='bbox 1194 4537 1394 4592; x_wconf 89' lang='lat' dir='ltr'><strong>dictum</strong></span> <span class='ocrx_word' id='word_1_713' title='bbox 1415 4554 1536 4594; x_wconf 88' lang='lat' dir='ltr'><strong>esse</strong></span> <span class='ocrx_word' id='word_1_714' title='bbox 1558 4556 1663 4594; x_wconf 92' lang='lat' dir='ltr'><strong>non</strong></span> <span class='ocrx_word' id='word_1_715' title='bbox 1691 4541 2147 4610; x_wconf 84' lang='lat' dir='ltr'><strong>reperiamus,ve—</strong></span> <span class='ocrx_word' id='word_1_716' title='bbox 2246 4553 2393 4609; x_wconf 75' lang='lat' dir='ltr'><strong>dium</strong></span> <span class='ocrx_word' id='word_1_717' title='bbox 2427 4568 2529 4607; x_wconf 74' lang='lat' dir='ltr'><strong>non</strong></span> <span class='ocrx_word' id='word_1_718' title='bbox 2555 4560 2717 4615; x_wconf 60' lang='lat' dir='ltr'><strong>esset,</strong></span> <span class='ocrx_word' id='word_1_719' title='bbox 2753 4553 2854 4608; x_wconf 75' lang='lat' dir='ltr'><strong>nisi</strong></span> <span class='ocrx_word' id='word_1_720' title='bbox 2878 4552 3028 4623; x_wconf 75' lang='lat' dir='ltr'><strong>prius</strong></span> <span class='ocrx_word' id='word_1_721' title='bbox 3060 4566 3126 4607; x_wconf 71' lang='lat' dir='ltr'><strong>ex</strong></span> <span class='ocrx_word' id='word_1_722' title='bbox 3166 4551 3332 4623; x_wconf 77' lang='lat' dir='ltr'><strong>ipsius</strong></span> <span class='ocrx_word' id='word_1_723' title='bbox 3361 4548 3494 4605; x_wconf 76' lang='lat' dir='ltr'><strong>radii</strong></span> <span class='ocrx_word' id='word_1_724' title='bbox 3517 4565 3681 4606; x_wconf 69' lang='lat' dir='ltr'><strong>causa</strong></span> <span class='ocrx_word' id='word_1_725' title='bbox 3710 4564 3843 4620; x_wconf 71' lang='lat' dir='ltr'><strong>pro.</strong></span> 
     </span>
    </p>
   </div>
   <div class='ocr_carea' id='block_1_94' title="bbox 563 4627 2150 4703">
    <p class='ocr_par' dir='ltr' id='par_1_94' title="bbox 563 4627 2150 4703">
     <span class='ocr_line' id='line_1_94' title="bbox 563 4627 2150 4703; baseline 0.008 -25"><span class='ocrx_word' id='word_1_726' title='bbox 563 4627 778 4681; x_wconf 87' lang='lat' dir='ltr'><strong>rissimc</strong></span> <span class='ocrx_word' id='word_1_727' title='bbox 803 4636 981 4681; x_wconf 89' lang='lat' dir='ltr'><strong>tamen</strong></span> <span class='ocrx_word' id='word_1_728' title='bbox 1016 4628 1086 4682; x_wconf 90' lang='lat' dir='ltr'><strong>ita</strong></span> <span class='ocrx_word' id='word_1_729' title='bbox 1114 4643 1235 4684; x_wconf 88' lang='lat' dir='ltr'><strong>esse</strong></span> <span class='ocrx_word' id='word_1_730' title='bbox 1269 4629 1626 4703; x_wconf 85' lang='lat' dir='ltr'><strong>intelligamus</strong></span> <span class='ocrx_word' id='word_1_731' title='bbox 1649 4634 1715 4687; x_wconf 84' lang='lat'><strong>“.</strong></span> <span class='ocrx_word' id='word_1_732' title='bbox 1742 4632 1902 4689; x_wconf 88' lang='lat' dir='ltr'><strong>Pater</strong></span> <span class='ocrx_word' id='word_1_733' title='bbox 1930 4637 2071 4691; x_wconf 89' lang='lat' dir='ltr'><strong>enim</strong></span> <span class='ocrx_word' id='word_1_734' title='bbox 2095 4645 2150 4691; x_wconf 91' lang='lat' dir='ltr'><strong>et</strong></span> 
     </span>
    </p>
   </div>
   <div class='ocr_carea' id='block_1_95' title="bbox 587 4712 2159 4785">
    <p class='ocr_par' dir='ltr' id='par_1_95' title="bbox 587 4712 2159 4785">
     <span class='ocr_line' id='line_1_95' title="bbox 587 4712 2159 4785; baseline 0.009 -17"><span class='ocrx_word' id='word_1_735' title='bbox 587 4712 755 4768; x_wconf 87' lang='lat' dir='ltr'><strong>Filius</strong></span> <span class='ocrx_word' id='word_1_736' title='bbox 776 4726 829 4769; x_wconf 84' lang='lat' dir='ltr'><strong>et</strong></span> <span class='ocrx_word' id='word_1_737' title='bbox 851 4714 1085 4785; x_wconf 88' lang='lat' dir='ltr'><strong>Spiritus</strong></span> <span class='ocrx_word' id='word_1_738' title='bbox 1105 4727 1324 4774; x_wconf 88' lang='lat' dir='ltr'><strong>sanctus</strong></span> <span class='ocrx_word' id='word_1_739' title='bbox 1352 4735 1515 4774; x_wconf 91' lang='lat' dir='ltr'><strong>unum</strong></span> <span class='ocrx_word' id='word_1_740' title='bbox 1531 4731 1658 4776; x_wconf 91' lang='lat' dir='ltr'><strong>sunt</strong></span> <span class='ocrx_word' id='word_1_741' title='bbox 1679 4733 1734 4778; x_wconf 92' lang='lat' dir='ltr'><strong>et</strong></span> <span class='ocrx_word' id='word_1_742' title='bbox 1753 4734 1862 4778; x_wconf 89' lang='lat' dir='ltr'><strong>tres</strong></span> <span class='ocrx_word' id='word_1_743' title='bbox 1892 4742 2077 4781; x_wconf 91' lang='lat' dir='ltr'><strong>unum.</strong></span> <span class='ocrx_word' id='word_1_744' title='bbox 2100 4727 2159 4782; x_wconf 80' lang='grc' dir='ltr'><strong>Α·</strong></span> 
     </span>
    </p>
   </div>
   <div class='ocr_carea' id='block_1_96' title="bbox 564 4802 2150 4880">
    <p class='ocr_par' dir='ltr' id='par_1_96' title="bbox 564 4802 2150 4880">
     <span class='ocr_line' id='line_1_96' title="bbox 564 4802 2150 4880; baseline 0.009 -22"><span class='ocrx_word' id='word_1_745' title='bbox 564 4802 727 4860; x_wconf 85' lang='lat' dir='ltr'><strong>Patre</strong></span> <span class='ocrx_word' id='word_1_746' title='bbox 742 4805 1005 4875; x_wconf 88' lang='lat' dir='ltr'><strong>siquidem</strong></span> <span class='ocrx_word' id='word_1_747' title='bbox 1022 4808 1190 4864; x_wconf 86' lang='lat' dir='ltr'><strong>Filius</strong></span> <span class='ocrx_word' id='word_1_748' title='bbox 1210 4820 1293 4864; x_wconf 90' lang='lat' dir='ltr'><strong>est</strong></span> <span class='ocrx_word' id='word_1_749' title='bbox 1310 4811 1539 4880; x_wconf 88' lang='lat' dir='ltr'><strong>genitus,</strong></span> <span class='ocrx_word' id='word_1_750' title='bbox 1563 4820 1618 4866; x_wconf 90' lang='lat' dir='ltr'><strong>et</strong></span> <span class='ocrx_word' id='word_1_751' title='bbox 1634 4814 1701 4868; x_wconf 91' lang='lat' dir='ltr'><strong>ab</strong></span> <span class='ocrx_word' id='word_1_752' title='bbox 1717 4815 1903 4871; x_wconf 90' lang='lat' dir='ltr'><strong>eodem</strong></span> <span class='ocrx_word' id='word_1_753' title='bbox 1924 4816 2079 4873; x_wconf 82' lang='lat' dir='ltr'><strong>Patre</strong></span> <span class='ocrx_word' id='word_1_754' title='bbox 2106 4816 2150 4849; x_wconf 86' lang='grc'><em>³³</em></span> 
     </span>
    </p>
   </div>
   <div class='ocr_carea' id='block_1_97' title="bbox 564 4893 2153 4972">
    <p class='ocr_par' dir='ltr' id='par_1_97' title="bbox 564 4893 2153 4972">
     <span class='ocr_line' id='line_1_97' title="bbox 564 4893 2153 4972; baseline 0.009 -24"><span class='ocrx_word' id='word_1_755' title='bbox 564 4893 799 4966; x_wconf 82' lang='lat' dir='ltr'><strong>Spiritus</strong></span> <span class='ocrx_word' id='word_1_756' title='bbox 819 4905 905 4951; x_wconf 78' lang='lat' dir='ltr'><strong>est</strong></span> <span class='ocrx_word' id='word_1_757' title='bbox 935 4900 1251 4968; x_wconf 86' lang='lat' dir='ltr'><strong>procedens.</strong></span> <span class='ocrx_word' id='word_1_758' title='bbox 1282 4902 1361 4956; x_wconf 79' lang='lat' dir='ltr'><strong>Ac</strong></span> <span class='ocrx_word' id='word_1_759' title='bbox 1387 4917 1484 4972; x_wconf 87' lang='lat' dir='ltr'><strong>per</strong></span> <span class='ocrx_word' id='word_1_760' title='bbox 1525 4903 1627 4959; x_wconf 91' lang='lat' dir='ltr'><strong>hoc</strong></span> <span class='ocrx_word' id='word_1_761' title='bbox 1653 4905 1777 4960; x_wconf 90' lang='lat' dir='ltr'><strong>dum</strong></span> <span class='ocrx_word' id='word_1_762' title='bbox 1806 4922 1961 4961; x_wconf 88' lang='lat' dir='ltr'><strong>sacra</strong></span> <span class='ocrx_word' id='word_1_763' title='bbox 2002 4906 2153 4963; x_wconf 78' lang='lat' dir='ltr'><strong>Scri-</strong></span> 
     </span>
    </p>
   </div>
   <div class='ocr_carea' id='block_1_98' title="bbox 562 4991 2147 5073">
    <p class='ocr_par' dir='ltr' id='par_1_98' title="bbox 562 4991 2147 5073">
     <span class='ocr_line' id='line_1_98' title="bbox 562 4991 2147 5073; baseline 0.009 -31"><span class='ocrx_word' id='word_1_764' title='bbox 562 4998 721 5060; x_wconf 87' lang='lat' dir='ltr'><strong>ptura</strong></span> <span class='ocrx_word' id='word_1_765' title='bbox 743 4991 1093 5060; x_wconf 88' lang='lat' dir='ltr'><strong>praedicante</strong></span> <span class='ocrx_word' id='word_1_766' title='bbox 1113 5002 1169 5048; x_wconf 90' lang='lat' dir='ltr'><strong>et</strong></span> <span class='ocrx_word' id='word_1_767' title='bbox 1189 4996 1447 5051; x_wconf 88' lang='lat' dir='ltr'><strong>suadente</strong></span> <span class='ocrx_word' id='word_1_768' title='bbox 1468 4997 1627 5052; x_wconf 88' lang='lat' dir='ltr'><strong>audio</strong></span> <span class='ocrx_word' id='word_1_769' title='bbox 1648 5001 1950 5070; x_wconf 84' lang='lat' dir='ltr'><strong>gignentem</strong></span> <span class='ocrx_word' id='word_1_770' title='bbox 1975 5012 2029 5056; x_wconf 90' lang='lat' dir='ltr'><strong>et</strong></span> <span class='ocrx_word' id='word_1_771' title='bbox 2052 5017 2147 5073; x_wconf 83' lang='lat' dir='ltr'><strong>ge-</strong></span> 
     </span>
    </p>
   </div>
   <div class='ocr_carea' id='block_1_99' title="bbox 566 5082 2149 5166">
    <p class='ocr_par' dir='ltr' id='par_1_99' title="bbox 566 5082 2149 5166">
     <span class='ocr_line' id='line_1_99' title="bbox 566 5082 2149 5166; baseline 0.009 -29"><span class='ocrx_word' id='word_1_772' title='bbox 566 5082 739 5139; x_wconf 86' lang='lat' dir='ltr'><strong>nitum</strong></span> <span class='ocrx_word' id='word_1_773' title='bbox 767 5093 823 5141; x_wconf 92' lang='lat' dir='ltr'><strong>et</strong></span> <span class='ocrx_word' id='word_1_774' title='bbox 842 5087 1244 5158; x_wconf 87' lang='lat' dir='ltr'><strong>procedentem,</strong></span> <span class='ocrx_word' id='word_1_775' title='bbox 1268 5098 1378 5146; x_wconf 87' lang='lat' dir='ltr'><strong>tres</strong></span> <span class='ocrx_word' id='word_1_776' title='bbox 1401 5092 1739 5149; x_wconf 87' lang='lat' dir='ltr'><strong>substantias</strong></span> <span class='ocrx_word' id='word_1_777' title='bbox 1765 5110 1857 5151; x_wconf 86' lang='lat' dir='ltr'><strong>seu</strong></span> <span class='ocrx_word' id='word_1_778' title='bbox 1889 5112 2149 5166; x_wconf 83' lang='lat' dir='ltr'><strong>personas</strong></span> 
     </span>
    </p>
   </div>
   <div class='ocr_carea' id='block_1_100' title="bbox 2249 4641 3843 4713">
    <p class='ocr_par' dir='ltr' id='par_1_100' title="bbox 2249 4641 3843 4713">
     <span class='ocr_line' id='line_1_100' title="bbox 2249 4641 3843 4713; baseline -0.003 -15"><span class='ocrx_word' id='word_1_779' title='bbox 2249 4644 2483 4699; x_wconf 87' lang='lat' dir='ltr'><strong>cederet.</strong></span> <span class='ocrx_word' id='word_1_780' title='bbox 2513 4642 2675 4698; x_wconf 81' lang='lat' dir='ltr'><strong>Vides</strong></span> <span class='ocrx_word' id='word_1_781' title='bbox 2700 4643 2901 4713; x_wconf 89' lang='lat' dir='ltr'><strong>itaque,</strong></span> <span class='ocrx_word' id='word_1_782' title='bbox 2929 4642 3130 4697; x_wconf 88' lang='lat' dir='ltr'><strong>nullam</strong></span> <span class='ocrx_word' id='word_1_783' title='bbox 3176 4641 3441 4696; x_wconf 90' lang='lat' dir='ltr'><strong>rationem</strong></span> <span class='ocrx_word' id='word_1_784' title='bbox 3484 4642 3734 4712; x_wconf 80' lang='lat' dir='ltr'><strong>exigere,</strong></span> <span class='ocrx_word' id='word_1_785' title='bbox 3781 4649 3843 4694; x_wconf 93' lang='lat' dir='ltr'><strong>ut</strong></span> 
     </span>
    </p>
   </div>
   <div class='ocr_carea' id='block_1_101' title="bbox 2250 4734 3843 4807">
    <p class='ocr_par' dir='ltr' id='par_1_101' title="bbox 2250 4734 3843 4807">
     <span class='ocr_line' id='line_1_101' title="bbox 2250 4734 3843 4807; baseline -0.002 -17"><span class='ocrx_word' id='word_1_786' title='bbox 2250 4735 2507 4807; x_wconf 88' lang='lat' dir='ltr'><strong>splendor</strong></span> <span class='ocrx_word' id='word_1_787' title='bbox 2525 4752 2589 4791; x_wconf 84' lang='lat' dir='ltr'><strong>ex</strong></span> <span class='ocrx_word' id='word_1_788' title='bbox 2623 4737 2829 4792; x_wconf 90' lang='lat' dir='ltr'><strong>duabus</strong></span> <span class='ocrx_word' id='word_1_789' title='bbox 2851 4737 3030 4792; x_wconf 89' lang='lat' dir='ltr'><strong>causis</strong></span> <span class='ocrx_word' id='word_1_790' title='bbox 3056 4735 3334 4806; x_wconf 88' lang='lat' dir='ltr'><strong>procedat,</strong></span> <span class='ocrx_word' id='word_1_791' title='bbox 3350 4734 3601 4805; x_wconf 90' lang='lat' dir='ltr'><strong>quamvis</strong></span> <span class='ocrx_word' id='word_1_792' title='bbox 3620 4749 3687 4788; x_wconf 78' lang='lat' dir='ltr'><strong>ex</strong></span> <span class='ocrx_word' id='word_1_793' title='bbox 3713 4734 3843 4803; x_wconf 87' lang='lat' dir='ltr'><strong>igne</strong></span> 
     </span>
    </p>
   </div>
   <div class='ocr_carea' id='block_1_102' title="bbox 2247 4812 3842 4898">
    <p class='ocr_par' dir='ltr' id='par_1_102' title="bbox 2247 4812 3842 4898">
     <span class='ocr_line' id='line_1_102' title="bbox 2247 4812 3842 4898; baseline -0.003 -16"><span class='ocrx_word' id='word_1_794' title='bbox 2247 4843 2346 4898; x_wconf 88' lang='lat' dir='ltr'><strong>per</strong></span> <span class='ocrx_word' id='word_1_795' title='bbox 2372 4827 2582 4883; x_wconf 88' lang='lat' dir='ltr'><strong>radium</strong></span> <span class='ocrx_word' id='word_1_796' title='bbox 2608 4843 2834 4882; x_wconf 90' lang='lat' dir='ltr'><strong>manare</strong></span> <span class='ocrx_word' id='word_1_797' title='bbox 2882 4812 3231 4898; x_wconf 83' lang='lat' dir='ltr'><strong>intelligatur,</strong></span> <span class='ocrx_word' id='word_1_798' title='bbox 3259 4841 3445 4881; x_wconf 89' lang='lat' dir='ltr'><strong>verum</strong></span> <span class='ocrx_word' id='word_1_799' title='bbox 3488 4841 3556 4881; x_wconf 79' lang='lat' dir='ltr'><strong>ex</strong></span> <span class='ocrx_word' id='word_1_800' title='bbox 3585 4840 3695 4880; x_wconf 91' lang='lat' dir='ltr'><strong>una</strong></span> <span class='ocrx_word' id='word_1_801' title='bbox 3742 4839 3842 4879; x_wconf 77' lang='lat' dir='ltr'><strong>ea-</strong></span> 
     </span>
    </p>
   </div>
   <div class='ocr_carea' id='block_1_103' title="bbox 2251 4917 3844 4988">
    <p class='ocr_par' dir='ltr' id='par_1_103' title="bbox 2251 4917 3844 4988">
     <span class='ocr_line' id='line_1_103' title="bbox 2251 4917 3844 4988; baseline -0.001 -15"><span class='ocrx_word' id='word_1_802' title='bbox 2251 4918 2481 4988; x_wconf 89' lang='lat' dir='ltr'><strong>demque</strong></span> <span class='ocrx_word' id='word_1_803' title='bbox 2509 4934 2671 4974; x_wconf 89' lang='lat' dir='ltr'><strong>causa</strong></span> <span class='ocrx_word' id='word_1_804' title='bbox 2702 4928 2757 4972; x_wconf 90' lang='lat' dir='ltr'><strong>et</strong></span> <span class='ocrx_word' id='word_1_805' title='bbox 2779 4919 2985 4973; x_wconf 90' lang='lat' dir='ltr'><strong>radium</strong></span> <span class='ocrx_word' id='word_1_806' title='bbox 3022 4919 3191 4984; x_wconf 90' lang='lat' dir='ltr'><strong>nasci,</strong></span> <span class='ocrx_word' id='word_1_807' title='bbox 3233 4926 3290 4973; x_wconf 88' lang='lat' dir='ltr'><strong>et</strong></span> <span class='ocrx_word' id='word_1_808' title='bbox 3332 4917 3673 4988; x_wconf 89' lang='lat' dir='ltr'><strong>splendorem</strong></span> <span class='ocrx_word' id='word_1_809' title='bbox 3714 4931 3844 4988; x_wconf 84' lang='lat' dir='ltr'><strong>pro-</strong></span> 
     </span>
    </p>
   </div>
   <div class='ocr_carea' id='block_1_104' title="bbox 2252 5007 3844 5081">
    <p class='ocr_par' dir='ltr' id='par_1_104' title="bbox 2252 5007 3844 5081">
     <span class='ocr_line' id='line_1_104' title="bbox 2252 5007 3844 5081; baseline -0.001 -18"><span class='ocrx_word' id='word_1_810' title='bbox 2252 5010 2468 5073; x_wconf 89' lang='lat' dir='ltr'><strong>cedere,</strong></span> <span class='ocrx_word' id='word_1_811' title='bbox 2500 5026 2564 5064; x_wconf 92' lang='lat' dir='ltr'><strong>ac</strong></span> <span class='ocrx_word' id='word_1_812' title='bbox 2594 5026 2690 5081; x_wconf 89' lang='lat' dir='ltr'><strong>per</strong></span> <span class='ocrx_word' id='word_1_813' title='bbox 2732 5009 2835 5063; x_wconf 79' lang='lat' dir='ltr'><strong>hcc</strong></span> <span class='ocrx_word' id='word_1_814' title='bbox 2863 5019 2918 5064; x_wconf 91' lang='lat' dir='ltr'><strong>et</strong></span> <span class='ocrx_word' id='word_1_815' title='bbox 2945 5009 3284 5079; x_wconf 88' lang='lat' dir='ltr'><strong>splendorem</strong></span> <span class='ocrx_word' id='word_1_816' title='bbox 3324 5023 3393 5063; x_wconf 76' lang='lat' dir='ltr'><strong>ex</strong></span> <span class='ocrx_word' id='word_1_817' title='bbox 3428 5007 3550 5078; x_wconf 84' lang='lat' dir='ltr'><strong>igne</strong></span> <span class='ocrx_word' id='word_1_818' title='bbox 3577 5008 3844 5077; x_wconf 86' lang='lat' dir='ltr'><strong>radioque</strong></span> 
     </span>
    </p>
   </div>
   <div class='ocr_carea' id='block_1_105' title="bbox 2253 5098 3845 5173">
    <p class='ocr_par' dir='ltr' id='par_1_105' title="bbox 2253 5098 3845 5173">
     <span class='ocr_line' id='line_1_105' title="bbox 2253 5098 3845 5173; baseline -0.001 -16"><span class='ocrx_word' id='word_1_819' title='bbox 2253 5102 2545 5172; x_wconf 89' lang='lat' dir='ltr'><strong>procedere</strong></span> <span class='ocrx_word' id='word_1_820' title='bbox 2575 5101 2641 5169; x_wconf 73' lang='lat'><strong>“,</strong></span> <span class='ocrx_word' id='word_1_821' title='bbox 2674 5112 2863 5157; x_wconf 88' lang='lat' dir='ltr'><strong>natura</strong></span> <span class='ocrx_word' id='word_1_822' title='bbox 2898 5103 3011 5173; x_wconf 87' lang='lat' dir='ltr'><strong>ipsa</strong></span> <span class='ocrx_word' id='word_1_823' title='bbox 3046 5102 3093 5133; x_wconf 85' lang='lat'>&quot;</span> <span class='ocrx_word' id='word_1_824' title='bbox 3118 5102 3374 5172; x_wconf 86' lang='lat' dir='ltr'><strong>magistra</strong></span> <span class='ocrx_word' id='word_1_825' title='bbox 3417 5116 3527 5157; x_wconf 89' lang='lat' dir='ltr'><strong>non</strong></span> <span class='ocrx_word' id='word_1_826' title='bbox 3568 5109 3733 5156; x_wconf 82' lang='lat' dir='ltr'><strong>tacet.</strong></span> <span class='ocrx_word' id='word_1_827' title='bbox 3773 5098 3845 5155; x_wconf 83' lang='lat' dir='ltr'><strong>Et</strong></span> 
     </span>
    </p>
   </div>
   <div class='ocr_carea' id='block_1_106' title="bbox 1848 5252 2542 5315">
    <p class='ocr_par' dir='ltr' id='par_1_106' title="bbox 1848 5252 2542 5315">
     <span class='ocr_line' id='line_1_106' title="bbox 1848 5252 2542 5315; baseline 0.01 -7"><span class='ocrx_word' id='word_1_828' title='bbox 1848 5252 2101 5311; x_wconf 76' lang='lat' dir='ltr'><strong>VARIAE</strong></span> <span class='ocrx_word' id='word_1_829' title='bbox 2138 5254 2542 5315; x_wconf 83' lang='lat' dir='ltr'><strong>LECTlONES.</strong></span> 
     </span>
    </p>
   </div>
   <div class='ocr_carea' id='block_1_107' title="bbox 643 5372 2065 5455">
    <p class='ocr_par' dir='ltr' id='par_1_107' title="bbox 643 5372 2065 5455">
     <span class='ocr_line' id='line_1_107' title="bbox 643 5372 2065 5455; baseline 0.009 -28"><span class='ocrx_word' id='word_1_830' title='bbox 643 5372 733 5455; x_wconf 44' lang='grc' dir='ltr'><strong>’.Δ</strong></span> <span class='ocrx_word' id='word_1_831' title='bbox 772 5390 915 5455; x_wconf 69' lang='lat' dir='ltr'><strong>ergo.</strong></span> <span class='ocrx_word' id='word_1_832' title='bbox 970 5447 999 5455; x_wconf 83' lang='lat'><strong>__</strong></span> <span class='ocrx_word' id='word_1_833' title='bbox 1024 5379 1051 5455; x_wconf 81' lang='lat'><strong>’_</strong></span> <span class='ocrx_word' id='word_1_834' title='bbox 1089 5390 1208 5433; x_wconf 68' lang='lat' dir='ltr'><strong>sunt</strong></span> <span class='ocrx_word' id='word_1_835' title='bbox 1251 5390 1462 5455; x_wconf 48' lang='lat' dir='ltr'><strong>eum}.</strong></span> <span class='ocrx_word' id='word_1_836' title='bbox 1490 5452 1505 5455; x_wconf 27' lang='grc' dir='ltr'><strong>Α</strong></span> <span class='ocrx_word' id='word_1_837' title='bbox 1572 5382 1593 5414; x_wconf 90' lang='grc'>³</span> <span class='ocrx_word' id='word_1_838' title='bbox 1621 5383 1681 5455; x_wconf 71' lang='grc' dir='ltr'><strong>Δ</strong></span> <span class='ocrx_word' id='word_1_839' title='bbox 1735 5385 2065 5455; x_wconf 77' lang='lat' dir='ltr'><strong>conﬁtemur.</strong></span> 
     </span>
    </p>
   </div>
   <div class='ocr_carea' id='block_1_108' title="bbox 572 5443 1808 5515">
    <p class='ocr_par' dir='ltr' id='par_1_108' title="bbox 572 5443 1808 5515">
     <span class='ocr_line' id='line_1_108' title="bbox 572 5443 1808 5515; baseline 0.008 -18"><span class='ocrx_word' id='word_1_840' title='bbox 572 5443 902 5500; x_wconf 52' lang='lat' dir='ltr'><strong>bonitatis&#39;A</strong></span> <span class='ocrx_word' id='word_1_841' title='bbox 947 5447 1196 5503; x_wconf 79' lang='lat' dir='ltr'><strong>divinam.</strong></span> <span class='ocrx_word' id='word_1_842' title='bbox 1304 5451 1325 5482; x_wconf 77' lang='lat'><strong><em>‘</em></strong></span> <span class='ocrx_word' id='word_1_843' title='bbox 1356 5452 1446 5507; x_wconf 89' lang='lat' dir='ltr'><strong>Sic</strong></span> <span class='ocrx_word' id='word_1_844' title='bbox 1474 5452 1552 5515; x_wconf 89' lang='lat' dir='ltr'><strong>C;</strong></span> <span class='ocrx_word' id='word_1_845' title='bbox 1605 5454 1646 5507; x_wconf 82' lang='lat' dir='ltr'><strong>A</strong></span> <span class='ocrx_word' id='word_1_846' title='bbox 1687 5456 1808 5509; x_wconf 83' lang='lat' dir='ltr'><strong>nisi.</strong></span> 
     </span>
    </p>
   </div>
   <div class='ocr_carea' id='block_1_109' title="bbox 573 5514 1704 5592">
    <p class='ocr_par' dir='ltr' id='par_1_109' title="bbox 573 5514 1704 5592">
     <span class='ocr_line' id='line_1_109' title="bbox 573 5514 1704 5592; baseline 0.019 -35"><span class='ocrx_word' id='word_1_847' title='bbox 644 5525 858 5592; x_wconf 50' lang='lat' dir='ltr'><strong>senatus</strong></span> <span class='ocrx_word' id='word_1_848' title='bbox 900 5520 1111 5592; x_wconf 42' lang='grc' dir='ltr'><strong>οιηηλἶ</strong></span> <span class='ocrx_word' id='word_1_849' title='bbox 1189 5522 1231 5552; x_wconf 82' lang='grc'><strong>¹³</strong></span> <span class='ocrx_word' id='word_1_850' title='bbox 1261 5521 1305 5575; x_wconf 81' lang='grc' dir='ltr'>Α</span> <span class='ocrx_word' id='word_1_851' title='bbox 1348 5514 1704 5592; x_wconf 76' lang='lat' dir='ltr'><strong>intelligimus.</strong></span> 
     </span>
    </p>
   </div>
   <div class='ocr_carea' id='block_1_110' title="bbox 574 5583 1805 5653">
    <p class='ocr_par' dir='ltr' id='par_1_110' title="bbox 574 5583 1805 5653">
     <span class='ocr_line' id='line_1_110' title="bbox 574 5583 1805 5653; baseline 0.01 -15"><span class='ocrx_word' id='word_1_852' title='bbox 574 5584 618 5618; x_wconf 83' lang='lat'><strong>&quot;</strong></span> <span class='ocrx_word' id='word_1_853' title='bbox 671 5583 763 5639; x_wconf 87' lang='lat' dir='ltr'><strong>Sic</strong></span> <span class='ocrx_word' id='word_1_854' title='bbox 802 5585 873 5653; x_wconf 90' lang='lat' dir='ltr'><strong>C;</strong></span> <span class='ocrx_word' id='word_1_855' title='bbox 920 5589 965 5640; x_wconf 78' lang='grc' dir='ltr'>Α</span> <span class='ocrx_word' id='word_1_856' title='bbox 1006 5589 1333 5646; x_wconf 67' lang='lat' dir='ltr'><strong>inuisibilem.</strong></span> <span class='ocrx_word' id='word_1_857' title='bbox 1443 5592 1485 5624; x_wconf 75' lang='grc'><strong>³⁸</strong></span> <span class='ocrx_word' id='word_1_858' title='bbox 1515 5583 1559 5647; x_wconf 69' lang='grc' dir='ltr'>λ</span> <span class='ocrx_word' id='word_1_859' title='bbox 1592 5593 1805 5651; x_wconf 81' lang='lat' dir='ltr'><strong>Dicunt.</strong></span> 
     </span>
    </p>
   </div>
   <div class='ocr_carea' id='block_1_111' title="bbox 2174 5386 3170 5463">
    <p class='ocr_par' dir='ltr' id='par_1_111' title="bbox 2174 5386 3170 5463">
     <span class='ocr_line' id='line_1_111' title="bbox 2174 5386 3170 5463; baseline 0.006 -19"><span class='ocrx_word' id='word_1_860' title='bbox 2174 5389 2269 5463; x_wconf 75' lang='lat' dir='ltr'><strong>&quot;_C</strong></span> <span class='ocrx_word' id='word_1_861' title='bbox 2319 5386 2484 5463; x_wconf 80' lang='lat' dir='ltr'><strong>atque</strong></span> <span class='ocrx_word' id='word_1_862' title='bbox 2531 5393 2802 5463; x_wconf 79' lang='lat' dir='ltr'><strong>confestim</strong></span> <span class='ocrx_word' id='word_1_863' title='bbox 2861 5393 3170 5450; x_wconf 73' lang='lat' dir='ltr'><strong>ineffabilis.</strong></span> 
     </span>
    </p>
   </div>
   <div class='ocr_carea' id='block_1_112' title="bbox 1901 5457 2356 5528">
    <p class='ocr_par' dir='ltr' id='par_1_112' title="bbox 1901 5457 2356 5528">
     <span class='ocr_line' id='line_1_112' title="bbox 1901 5457 2356 5528; baseline 0.015 -19"><span class='ocrx_word' id='word_1_864' title='bbox 1901 5457 1921 5488; x_wconf 86' lang='lat'><em>&quot;</em></span> <span class='ocrx_word' id='word_1_865' title='bbox 1954 5458 1996 5511; x_wconf 79' lang='grc' dir='ltr'>Α</span> <span class='ocrx_word' id='word_1_866' title='bbox 2049 5461 2356 5528; x_wconf 74' lang='lat' dir='ltr'><strong>grandibus.</strong></span> 
     </span>
    </p>
   </div>
   <div class='ocr_carea' id='block_1_113' title="bbox 1785 5525 2540 5604">
    <p class='ocr_par' dir='ltr' id='par_1_113' title="bbox 1785 5525 2540 5604">
     <span class='ocr_line' id='line_1_113' title="bbox 1785 5525 2540 5604; baseline 0.008 -24"><span class='ocrx_word' id='word_1_867' title='bbox 1785 5525 1829 5557; x_wconf 81' lang='grc'>⁸³</span> <span class='ocrx_word' id='word_1_868' title='bbox 1856 5526 1984 5604; x_wconf 7' lang='lat' dir='ltr'><strong>Aget</strong></span> <span class='ocrx_word' id='word_1_869' title='bbox 2004 5525 2087 5604; x_wconf 65' lang='lat' dir='ltr'><strong>ab</strong></span> <span class='ocrx_word' id='word_1_870' title='bbox 2113 5546 2172 5604; x_wconf 76' lang='lat' dir='ltr'><strong>eo</strong></span> <span class='ocrx_word' id='word_1_871' title='bbox 2199 5529 2384 5600; x_wconf 84' lang='lat' dir='ltr'><strong>(Patre</strong></span> <span class='ocrx_word' id='word_1_872' title='bbox 2405 5533 2540 5604; x_wconf 87' lang='lat' dir='ltr'><strong>om.)</strong></span> 
     </span>
    </p>
   </div>
   <div class='ocr_carea' id='block_1_114' title="bbox 1907 5598 2089 5639">
    <p class='ocr_par' dir='ltr' id='par_1_114' title="bbox 1907 5598 2089 5639">
     <span class='ocr_line' id='line_1_114' title="bbox 1907 5598 2089 5639; baseline 0.005 -12"><span class='ocrx_word' id='word_1_873' title='bbox 1907 5598 1949 5628; x_wconf 63' lang='grc' dir='ltr'><strong>ιθ</strong></span> <span class='ocrx_word' id='word_1_874' title='bbox 1995 5599 2089 5639; x_wconf 63' lang='grc' dir='ltr'><strong>(ξ’,</strong></span> 
     </span>
    </p>
   </div>
   <div class='ocr_carea' id='block_1_115' title="bbox 575 5599 3195 5748">
    <p class='ocr_par' dir='ltr' id='par_1_115' title="bbox 575 5599 3195 5748">
     <span class='ocr_line' id='line_1_115' title="bbox 575 5599 3195 5687; baseline 0.008 -49"><span class='ocrx_word' id='word_1_875' title='bbox 671 5599 763 5639; x_wconf 73' lang='grc' dir='ltr'><strong>διε</strong></span> <span class='ocrx_word' id='word_1_876' title='bbox 802 5599 873 5653; x_wconf 76' lang='lat' dir='ltr'><strong>u;</strong></span> <span class='ocrx_word' id='word_1_877' title='bbox 920 5599 965 5640; x_wconf 74' lang='grc' dir='ltr'><strong>Α</strong></span> <span class='ocrx_word' id='word_1_878' title='bbox 1006 5599 1333 5646; x_wconf 67' lang='lat' dir='ltr'><strong>inuisibilem.</strong></span> <span class='ocrx_word' id='word_1_879' title='bbox 1443 5599 1485 5624; x_wconf 82' lang='lat'><strong>&quot;</strong></span> <span class='ocrx_word' id='word_1_880' title='bbox 1517 5599 1559 5647; x_wconf 85' lang='lat' dir='ltr'><strong>A</strong></span> <span class='ocrx_word' id='word_1_881' title='bbox 1592 5599 1805 5651; x_wconf 84' lang='lat' dir='ltr'><strong>Dicunt.</strong></span> <span class='ocrx_word' id='word_1_882' title='bbox 1907 5599 1949 5628; x_wconf 81' lang='lat'>&quot;</span> <span class='ocrx_word' id='word_1_883' title='bbox 1995 5599 2035 5652; x_wconf 90' lang='lat' dir='ltr'>C</span> <span class='ocrx_word' id='word_1_884' title='bbox 2062 5601 2310 5655; x_wconf 76' lang='lat' dir='ltr'><strong>valentes.</strong></span> <span class='ocrx_word' id='word_1_885' title='bbox 2410 5604 2456 5635; x_wconf 78' lang='grc'>³⁸</span> <span class='ocrx_word' id='word_1_886' title='bbox 2503 5599 2597 5659; x_wconf 87' lang='lat' dir='ltr'><strong>Sic</strong></span> <span class='ocrx_word' id='word_1_887' title='bbox 2633 5603 2708 5669; x_wconf 88' lang='lat' dir='ltr'><strong>C;</strong></span> <span class='ocrx_word' id='word_1_888' title='bbox 2742 5599 2806 5659; x_wconf 66' lang='grc' dir='ltr'>Ἀ</span> <span class='ocrx_word' id='word_1_889' title='bbox 2860 5607 3195 5675; x_wconf 79' lang='lat' dir='ltr'><strong>carporaliori</strong></span> 
     </span>
     <span class='ocr_line' id='line_1_116' title="bbox 650 5655 3195 5748; baseline 0.009 -39"><span class='ocrx_word' id='word_1_890' title='bbox 650 5655 786 5711; x_wconf 80' lang='lat' dir='ltr'><strong>duas</strong></span> <span class='ocrx_word' id='word_1_891' title='bbox 808 5673 997 5713; x_wconf 82' lang='lat' dir='ltr'><strong>causas</strong></span> <span class='ocrx_word' id='word_1_892' title='bbox 1025 5660 1212 5717; x_wconf 81' lang='lat' dir='ltr'><strong>habere</strong></span> <span class='ocrx_word' id='word_1_893' title='bbox 1230 5691 1301 5702; x_wconf 93' lang='lat'><strong>—</strong></span> <span class='ocrx_word' id='word_1_894' title='bbox 1335 5665 1566 5733; x_wconf 81' lang='lat' dir='ltr'><strong>procedit</strong></span> <span class='ocrx_word' id='word_1_895' title='bbox 1592 5681 1700 5721; x_wconf 90' lang='lat' dir='ltr'><strong>om.</strong></span> <span class='ocrx_word' id='word_1_896' title='bbox 1729 5666 1787 5724; x_wconf 86' lang='lat' dir='ltr'><strong>C.</strong></span> <span class='ocrx_word' id='word_1_897' title='bbox 1864 5667 1910 5701; x_wconf 81' lang='grc'><strong>⁸³</strong></span> <span class='ocrx_word' id='word_1_898' title='bbox 1937 5669 1982 5724; x_wconf 87' lang='grc' dir='ltr'><strong>Δ</strong></span> <span class='ocrx_word' id='word_1_899' title='bbox 2007 5668 2118 5727; x_wconf 87' lang='lat' dir='ltr'><strong>Sic.</strong></span> <span class='ocrx_word' id='word_1_900' title='bbox 2190 5670 2237 5703; x_wconf 72' lang='lat'><strong>&quot;‘</strong></span> <span class='ocrx_word' id='word_1_901' title='bbox 2265 5688 2327 5727; x_wconf 82' lang='lat' dir='ltr'><strong>ac</strong></span> <span class='ocrx_word' id='word_1_902' title='bbox 2351 5691 2443 5744; x_wconf 84' lang='lat' dir='ltr'><strong>per</strong></span> <span class='ocrx_word' id='word_1_903' title='bbox 2461 5675 2559 5731; x_wconf 82' lang='lat' dir='ltr'><strong>hoc</strong></span> <span class='ocrx_word' id='word_1_904' title='bbox 2582 5705 2652 5718; x_wconf 89' lang='lat'><em>-</em></span> <span class='ocrx_word' id='word_1_905' title='bbox 2686 5677 2964 5748; x_wconf 81' lang='lat' dir='ltr'><strong>procedere</strong></span> <span class='ocrx_word' id='word_1_906' title='bbox 2992 5693 3100 5733; x_wconf 92' lang='lat' dir='ltr'><strong>om.</strong></span> <span class='ocrx_word' id='word_1_907' title='bbox 3151 5678 3195 5733; x_wconf 80' lang='grc' dir='ltr'><strong>Δ</strong></span> 
     </span>
    </p>
   </div>
   <div class='ocr_carea' id='block_1_116' title="bbox 3274 5394 3846 5467">
    <p class='ocr_par' dir='ltr' id='par_1_116' title="bbox 3274 5394 3846 5467">
     <span class='ocr_line' id='line_1_117' title="bbox 3274 5394 3846 5467; baseline 0.002 -17"><span class='ocrx_word' id='word_1_908' title='bbox 3274 5395 3294 5427; x_wconf 86' lang='grc'>⁸</span> <span class='ocrx_word' id='word_1_909' title='bbox 3323 5394 3431 5467; x_wconf 77' lang='lat' dir='ltr'><strong>Pro</strong></span> <span class='ocrx_word' id='word_1_910' title='bbox 3448 5465 3461 5467; x_wconf 26' lang='grc' dir='ltr'><strong>Α</strong></span> <span class='ocrx_word' id='word_1_911' title='bbox 3477 5412 3601 5467; x_wconf 85' lang='lat' dir='ltr'><strong>ergo</strong></span> <span class='ocrx_word' id='word_1_912' title='bbox 3637 5396 3846 5451; x_wconf 67' lang='lat' dir='ltr'><strong>diuinae</strong></span> 
     </span>
    </p>
   </div>
   <div class='ocr_carea' id='block_1_117' title="bbox 2794 5465 3842 5546">
    <p class='ocr_par' dir='ltr' id='par_1_117' title="bbox 2794 5465 3842 5546">
     <span class='ocr_line' id='line_1_118' title="bbox 2794 5465 3842 5546; baseline 0 -25"><span class='ocrx_word' id='word_1_913' title='bbox 2794 5468 2834 5546; x_wconf 42' lang='lat'><strong>.’</strong></span> <span class='ocrx_word' id='word_1_914' title='bbox 2866 5465 2907 5521; x_wconf 88' lang='lat' dir='ltr'>C</span> <span class='ocrx_word' id='word_1_915' title='bbox 2935 5467 3259 5546; x_wconf 52' lang='lat' dir='ltr'><strong>qualitatem.</strong></span> <span class='ocrx_word' id='word_1_916' title='bbox 3281 5536 3293 5546; x_wconf 43' lang='lat'><strong><em>.</em></strong></span> <span class='ocrx_word' id='word_1_917' title='bbox 3364 5465 3403 5498; x_wconf 82' lang='grc'><strong>¹⁰</strong></span> <span class='ocrx_word' id='word_1_918' title='bbox 3432 5465 3842 5546; x_wconf 48' lang='grc' dir='ltr'><strong>ϐρὶπετεηιίαρ.</strong></span> 
     </span>
    </p>
   </div>
   <div class='ocr_carea' id='block_1_118' title="bbox 2617 5535 3401 5604">
    <p class='ocr_par' dir='ltr' id='par_1_118' title="bbox 2617 5535 3401 5604">
     <span class='ocr_line' id='line_1_119' title="bbox 2617 5535 3401 5604; baseline 0.003 -15"><span class='ocrx_word' id='word_1_919' title='bbox 2617 5535 2661 5604; x_wconf 52' lang='grc' dir='ltr'><strong>’ἕ</strong></span> <span class='ocrx_word' id='word_1_920' title='bbox 2686 5535 2883 5604; x_wconf 53' lang='lat' dir='ltr'><strong>Asini.</strong></span> <span class='ocrx_word' id='word_1_921' title='bbox 2947 5535 2998 5569; x_wconf 76' lang='lat'><strong><em>“</em></strong></span> <span class='ocrx_word' id='word_1_922' title='bbox 3029 5536 3072 5591; x_wconf 79' lang='grc' dir='ltr'>Α</span> <span class='ocrx_word' id='word_1_923' title='bbox 3096 5536 3401 5592; x_wconf 81' lang='lat' dir='ltr'><strong>secundum.</strong></span> 
     </span>
    </p>
   </div>
   <div class='ocr_carea' id='block_1_119' title="bbox 2410 5603 3320 5675">
    <p class='ocr_par' dir='ltr' id='par_1_119' title="bbox 2410 5603 3320 5675">
     <span class='ocr_line' id='line_1_120' title="bbox 2410 5603 3320 5675; baseline 0 -16"><span class='ocrx_word' id='word_1_924' title='bbox 2410 5604 2456 5635; x_wconf 79' lang='lat'><strong>’°</strong></span> <span class='ocrx_word' id='word_1_925' title='bbox 2503 5604 2597 5659; x_wconf 89' lang='lat' dir='ltr'><strong>Sic</strong></span> <span class='ocrx_word' id='word_1_926' title='bbox 2633 5603 2708 5669; x_wconf 88' lang='lat' dir='ltr'><strong>C;</strong></span> <span class='ocrx_word' id='word_1_927' title='bbox 2744 5603 2806 5659; x_wconf 77' lang='grc' dir='ltr'><strong>Α</strong></span> <span class='ocrx_word' id='word_1_928' title='bbox 2860 5607 3320 5675; x_wconf 81' lang='lat' dir='ltr'><strong>carporalioribus.</strong></span> 
     </span>
    </p>
   </div>
   <div class='ocr_carea' id='block_1_120' title="bbox 2469 5464 2704 5518">
    <p class='ocr_par' dir='ltr' id='par_1_120' title="bbox 2469 5464 2704 5518">
     <span class='ocr_line' id='line_1_121' title="bbox 2469 5464 2704 5518; baseline 0.004 -1"><span class='ocrx_word' id='word_1_929' title='bbox 2469 5464 2491 5493; x_wconf 81' lang='lat'><strong>&quot;</strong></span> <span class='ocrx_word' id='word_1_930' title='bbox 2518 5468 2565 5517; x_wconf 81' lang='grc' dir='ltr'>Α</span> <span class='ocrx_word' id='word_1_931' title='bbox 2591 5474 2704 5518; x_wconf 85' lang='lat' dir='ltr'><strong>aut.</strong></span> 
     </span>
    </p>
   </div>
   <div class='ocr_carea' id='block_1_121' title="bbox 3477 5538 3842 5594">
    <p class='ocr_par' dir='ltr' id='par_1_121' title="bbox 3477 5538 3842 5594">
     <span class='ocr_line' id='line_1_122' title="bbox 3477 5538 3842 5594; baseline -0.003 -3"><span class='ocrx_word' id='word_1_932' title='bbox 3477 5538 3522 5569; x_wconf 80' lang='lat'>&quot;</span> <span class='ocrx_word' id='word_1_933' title='bbox 3548 5546 3597 5591; x_wconf 81' lang='lat' dir='ltr'><strong>et</strong></span> <span class='ocrx_word' id='word_1_934' title='bbox 3635 5552 3747 5594; x_wconf 91' lang='lat' dir='ltr'><strong>om.</strong></span> <span class='ocrx_word' id='word_1_935' title='bbox 3777 5539 3842 5590; x_wconf 86' lang='grc' dir='ltr'><strong>Α.</strong></span> 
     </span>
    </p>
   </div>
   <div class='ocr_carea' id='block_1_122' title="bbox 3421 5608 3842 5681">
    <p class='ocr_par' dir='ltr' id='par_1_122' title="bbox 3421 5608 3842 5681">
     <span class='ocr_line' id='line_1_123' title="bbox 3421 5608 3842 5681; baseline -0.005 -19"><span class='ocrx_word' id='word_1_936' title='bbox 3421 5609 3480 5681; x_wconf 24' lang='grc' dir='ltr'><strong>²¹Α</strong></span> <span class='ocrx_word' id='word_1_937' title='bbox 3503 5608 3545 5662; x_wconf 74' lang='grc' dir='ltr'>Α</span> <span class='ocrx_word' id='word_1_938' title='bbox 3588 5610 3842 5681; x_wconf 82' lang='lat' dir='ltr'><strong>cogimur.</strong></span> 
     </span>
    </p>
   </div>
   <div class='ocr_carea' id='block_1_123' title="bbox 3204 5678 3584 5735">
    <p class='ocr_par' dir='ltr' id='par_1_123' title="bbox 3204 5678 3584 5735">
     <span class='ocr_line' id='line_1_124' title="bbox 3204 5678 3584 5735; baseline 0.003 -3"><span class='ocrx_word' id='word_1_939' title='bbox 3204 5720 3216 5732; x_wconf 94' lang='lat'><strong>.</strong></span> <span class='ocrx_word' id='word_1_940' title='bbox 3292 5679 3339 5711; x_wconf 78' lang='grc'><strong>’⁸</strong></span> <span class='ocrx_word' id='word_1_941' title='bbox 3372 5678 3414 5735; x_wconf 80' lang='lat' dir='ltr'><strong>C</strong></span> <span class='ocrx_word' id='word_1_942' title='bbox 3463 5679 3584 5734; x_wconf 76' lang='lat' dir='ltr'><strong>ista.</strong></span> 
     </span>
    </p>
   </div>
  </div>
