4064 6292
263 372 373 433 609

1090 373 1181 432 DE
1204 373 1561 433 'DIVISIONE
1596 372 1946 431 NA'I'URAE.
1986 404 2055 415 —
2090 374 2291 430 LIBER
2329 370 2709 432 SECUNDUS.

3403 376 3511 434 610

263 490 442 543 adhuc
470 487 715 541 virtutem
744 487 982 558 ejusdem
1024 489 1251 557 exempli
1296 492 1530 542 intentus
1571 488 1830 557 perspice.
1861 494 1909 549 Α
1936 485 2077 538 sicut
2111 499 2213 555 ego
2235 485 2287 539 in
2316 485 2498 551 Patre,
2519 496 2576 541 et
2599 487 2761 542 Pater
2789 486 2842 541 in
2872 502 2959 544 me
2994 487 3052 555 ';
3098 488 3172 544 ita
3219 495 3275 544 et
3317 503 3417 561 ego
3450 474 3541 547 ot’

263 577 469 633 Radius
496 579 609 647 ipse
628 594 693 632 ex
721 578 842 648 igne
863 594 1091 633 nascens
1112 596 1214 634 nou
1243 581 1316 633 ita
1346 580 1602 642 nascitur,
1648 587 1706 632 ut
1747 579 1829 646 gi-

256 680 513 740 gnentem
536 686 594 724 se
619 671 795 740 ignem
817 670 1137 725 deserataut
1157 671 1337 741 aliquo
1363 671 1521 725 modo
1540 670 1825 740 relinquat;

254 762 352 814 sed
381 762 452 814 ita
478 761 733 830 gignitur,
764 770 821 816 ut
852 762 1026 817 virtus
1056 764 1235 832 ignea,
1274 779 1413 833 quac
1467 777 1589 816 eum
1635 763 1827 833 gignit,

253 864 472 919 semper
494 861 550 904 et
579 851 775 920 ubique
805 851 1233 920 inseparabiliter
1260 861 1317 906 et
1342 852 1746 907 immutabiliter
1773 853 1828 907 in

250 958 322 998 eo
347 956 679 1014 permaneat,
706 954 815 1000 tota
846 947 897 1000 in
927 955 1059 1008 toto,
1079 954 1135 1000 et
1159 954 1302 1000 totus
1324 945 1375 999 in
1407 954 1537 1010 tota,
1567 954 1623 1000 et
1662 961 1826 1001 unum

249 1038 382 1099 duo,
407 1049 461 1092 et
487 1039 592 1093 duo
614 1055 799 1095 unum.
842 1042 909 1096 Et
947 1043 1193 1112 quamvis
1214 1042 1459 1096 videatur
1486 1040 1739 1110 splendor
1761 1038 1829 1094 de

247 1126 408 1189 radio
432 1128 597 1191 exire,
629 1144 733 1184 non
771 1140 950 1186 tamen
993 1147 1060 1186 ex
1106 1131 1222 1201 ipso
1252 1131 1425 1195 radio,
1471 1131 1524 1184 in
1566 1140 1827 1199 quantum

249 1217 437 1271 radius
462 1226 565 1281 est,
589 1220 681 1274 sed
703 1233 771 1274 ex
814 1228 832 1261 ι
856 1221 971 1290 ipsa
999 1223 1198 1278 virtute
1218 1221 1478 1292 procedit,
1507 1237 1574 1276 ex
1602 1236 1706 1288 qua
1736 1235 1825 1274 ra-

245 1305 374 1361 dius
403 1309 663 1375 nascitur,
684 1319 739 1365 et
763 1327 901 1381 quae
928 1320 1036 1367 tota
1059 1322 1112 1367 et
1133 1321 1303 1368 totum
1334 1312 1545 1367 radium
1573 1319 1628 1365 et
1655 1318 1825 1364 totum

244 1398 588 1466 splendorem
617 1410 866 1469 penetrat
892 1411 1055 1470 atque
1083 1403 1288 1473 implet.
1318 1402 1397 1458 Ac
1417 1416 1516 1472 per
1538 1402 1641 1455 hoc
1673 1407 1826 1454 natu-

243 1490 362 1543 rale
402 1491 702 1560 exemplum
747 1493 812 1547 ad
848 1509 1066 1548 causam
1097 1493 1359 1558 omnium,
1413 1506 1553 1561 quae
1598 1491 1737 1544 trina
1769 1496 1825 1543 et

241 1592 351 1630 una
385 1589 488 1642 est,
519 1580 774 1647 quoniam
830 1582 1043 1637 trinitas
1085 1581 1140 1635 in
1178 1581 1385 1636 unitate
1410 1588 1466 1635 et
1509 1579 1748 1634 creditur
1770 1588 1826 1632 et

242 1667 562 1740 intelligitur
588 1685 729 1731 esse,
756 1685 1043 1740 possumus
1066 1671 1383 1734 ascendere,
1422 1680 1482 1725 ut
1531 1683 1824 1740 cognosca-

244 1770 371 1808 nms
406 1756 619 1812 Patrem
645 1767 699 1812 et
725 1759 916 1813 Filium
930 1770 987 1815 et
1006 1759 1264 1829 Spiritum
1287 1767 1531 1815 sanctum
1559 1768 1669 1814 tres
1693 1773 1825 1813 cau-

1932 579 2092 633 Patcr
2126 580 2178 633 in
2215 579 2419 649 Spiritu
2451 589 2638 635 sancto
2679 596 2884 644 sumus,
2908 590 2965 636 et
3011 582 3246 652 Spiritus
3284 592 3506 639 sanctus

1932 668 1987 722 in
2016 667 2169 723 nobis
2196 678 2300 733 est,
2341 669 2466 737 quia
2494 669 2650 724 nobis
2673 671 3067 738 coessentialis,
3098 682 3152 726 et
3180 671 3500 741 coaequalis.

1929 764 1983 811 et
2011 766 2119 811 tres
2160 773 2323 811 unum
2352 773 2557 822 sumus,
2605 767 2711 812 tres
2759 759 3005 815 videlicet
3051 762 3500 828 substantialiter,

1928 849 2286 904 essentialiter
2313 865 2498 904 unum.
2527 850 2591 905 Et
2606 850 2744 914 vide,
2770 852 3037 920 quomodo
3059 853 3171 923 ipse
3192 853 3358 908 Filius
3381 853 3505 925 Spi-

1928 939 2088 991 ritum
2121 948 2364 995 sanctum
2395 940 2463 994 ad
2492 939 2663 995 solum
2685 938 2920 1005 Patrem,
2946 942 3157 996 unicam
3188 946 3382 1013 quippe
3415 943 3501 1000 sui

1928 1043 2144 1084 causam
2184 1029 2368 1094 refert,
2394 1030 2519 1085 dum
2545 1030 2677 1085 dicit
2706 1047 2721 1086 :
2757 1027 3063 1085 Paracletus
3098 1042 3293 1098 autem,
3326 1031 3503 1103 Spiri-

1927 1127 2010 1173 tus
2035 1129 2269 1184 sanctus,
2301 1136 2453 1189 quem
2487 1120 2653 1173 mittet
2679 1118 2840 1174 Pater
2864 1120 2918 1175 in
2953 1122 3159 1175 nomine
3199 1137 3334 1177 meo.
3385 1121 3505 1179 Non

1926 1209 2068 1264 enim
2094 1210 2251 1275 dixit,
2279 1226 2437 1281 quem
2469 1212 2624 1266 mitto
2671 1213 2724 1266 in
2777 1213 2990 1268 nomine
3022 1228 3161 1279 meo,
3205 1216 3300 1269 sed
3340 1231 3505 1286 quem

1926 1300 2096 1354 mittit
2120 1301 2284 1356 Pater
2305 1301 2357 1355 in
2383 1302 2600 1357 nomine
2623 1317 3103 1374 meo,quamquam
3133 1313 3188 1361 et
3216 1306 3342 1361 alibi
3365 1308 3503 1378 seip-

1925 1403 2046 1444 sum
2070 1390 2285 1446 mittere
2311 1388 2569 1459 Spiritum
2593 1392 2755 1451 dicat.
2773 1394 2898 1448 dum
2922 1395 3030 1449 ait:
3057 1394 3222 1467 Siego
3242 1395 3419 1451 abiero
3455 1398 3503 1464 ',

1923 1484 2128 1537 mittam
2154 1500 2270 1538 eum
2315 1485 2383 1538 ad
2414 1502 2521 1540 vos.
2550 1484 2734 1541 Missio
2754 1487 2872 1558 ejus
2914 1489 3191 1557 processio
3231 1489 3350 1560 ejus
3385 1500 3499 1554 est;

1922 1576 2199 1645 processio
2225 1585 2408 1632 autem
2438 1577 2555 1646 ejus
2578 1593 2607 1631 a
2640 1577 2800 1633 Patre
2818 1578 2839 1609 ’
2866 1578 3200 1635 solummodo
3248 1590 3333 1637 est
3378 1582 3506 1637 sub-

1922 1666 2268 1729 stantialiter,
2295 1680 2400 1721 non
2426 1666 2689 1732 localiter,
2703 1682 2810 1723 non
2830 1668 3194 1738 temporaliter
3208 1668 3271 1733 ¹⁰;
3292 1684 3505 1724 verum-

1924 1762 2101 1809 tamen
2125 1755 2166 1785 “
2201 1755 2253 1808 in
2285 1755 2502 1810 nomine
2528 1753 2669 1821 Filii,
2693 1755 2946 1824 quoniam
2992 1754 3225 1824 Spiritus
3244 1756 3421 1811 Patris
3448 1767 3506 1811 et

238 1861 334 1899 sas
357 1856 411 1899 et
436 1861 594 1901 unam
616 1862 863 1913 causam;
897 1859 1008 1904 tres
1035 1826 1179 1905 enim
1226 1865 1388 1921 unum
1415 1859 1570 1905 sunt:
1603 1850 1818 1905 Patrem
1850 1826 1895 1885 Β
1925 1843 2043 1898 Filii
2072 1853 2174 1899 est.
2204 1843 2333 1900 Item
2360 1844 2488 1899 alibi
2517 1846 2584 1899 ad
2620 1845 2909 1915 discipulos
2938 1846 3013 1899 ait
3041 1860 3056 1899 :
3097 1844 3220 1901 Non
3245 1863 3331 1902 ros
3354 1850 3497 1904 estis.

236 1944 424 1988 autem
472 1952 688 1991 causam
717 1938 1021 2008 gignentem
1070 1940 1339 1994 nascentis
1380 1938 1449 1994 de
1477 1954 1536 1993 se
1576 1936 1697 1991 Filii
1738 1936 1823 1991 sui

239 2024 523 2094 unigeniti.
551 2026 639 2095 qni
668 2042 830 2082 causa
861 2039 947 2083 est
969 2029 1207 2083 omnium
1231 2027 1657 2098 primordialiutn
1697 2041 1825 2082 cau-

235 2129 425 2167 sarum
456 2115 509 2169 in
550 2117 727 2188 seipso
765 2132 794 2172 a
825 2117 987 2174 Patre
1022 2119 1397 2182 conditarum;
1439 2118 1667 2174 eundem
1695 2133 1823 2174 vero

234 2202 454 2259 Patrem
486 2206 704 2261 causam
734 2209 1072 2280 procedentis
1099 2225 1129 2263 a
1153 2224 1213 2265 se
1240 2223 1336 2280 per
1359 2208 1553 2264 Filium
1596 2210 1616 2240 ³
1647 2207 1822 2264 sancti

236 2293 500 2362 Spiritus,
516 2298 605 2368 qui
622 2297 855 2366 Spiritus
882 2314 1043 2353 causa
1065 2309 1150 2355 est
1176 2299 1456 2355 divisionis
1481 2309 1537 2355 et
1565 2298 1823 2369 multipli-

240 2384 479 2439 catiouis
513 2386 1011 2456 distributionisque
1060 2402 1345 2442 causarum
1389 2387 1651 2452 omnium,
1683 2402 1822 2457 quae

244 2474 302 2527 in
329 2472 471 2528 Filio‘
495 2490 524 2529 a
554 2475 714 2532 Patre
741 2476 916 2533 factae
944 2488 1089 2543 sunt,
1115 2478 1169 2532 in
1191 2477 1416 2533 effectus
1435 2493 1561 2533 suos
1582 2486 1636 2533 et
1662 2492 1822 2548 gene-

243 2562 389 2618 rales
408 2573 464 2618 et
487 2566 749 2633 speciales
773 2575 828 2622 et
868 2569 1115 2637 proprios
1156 2570 1448 2624 secundum
1485 2577 1734 2624 naturain
1761 2576 1817 2624 et

235 2654 489 2724 gratiam.
515 2655 582 2709 Et
607 2657 853 2726 quamvis
871 2667 1113 2713 sanctum
1138 2657 1395 2728 Spiritum
1427 2658 1447 2689 ³
1476 2672 1507 2712 a
1541 2657 1702 2713 Patre
1726 2668 1821 2728 per

232 2743 434 2798 Filium
457 2746 738 2802 credamus
748 2757 804 2803 et
817 2748 1174 2818 intelligamus
1192 2750 1497 2820 procedere,
1515 2766 1620 2804 non
1640 2759 1818 2804 tamen

231 2839 371 2891 duas
391 2851 584 2894 causas
603 2840 832 2896 eundem
861 2840 1119 2910 Spiritum
1150 2842 1348 2897 habere
1393 2842 1651 2897 debemus
1677 2842 1820 2898 acci-

230 2942 388 2996 pere,
413 2929 506 2983 sed
535 2945 694 2984 unam
738 2932 1073 3000 eandemque
1118 2947 1337 2988 causam
1362 2931 1406 2997 ⁵,
1439 2931 1653 2986 Patrem
1675 2933 1820 2988 scili-

230 3029 344 3083 cet,
367 3027 425 3073 et
457 3022 727 3076 nascentis
754 3021 821 3077 de
847 3038 906 3078 se
930 3022 1073 3086 Filii,
1108 3032 1164 3077 et
1184 3022 1519 3092 procedentis
1546 3037 1611 3077 ex
1637 3038 1696 3076 se
1722 3038 1819 3094 per

226 3111 430 3166 Filium
456 3112 478 3144 ⁸
510 3112 740 3182 Spiritus
771 3116 962 3170 sancti.
982 3115 1074 3170 'Ut
1090 3116 1232 3170 enim
1254 3126 1536 3185 propterea
1570 3114 1817 3184 splendo-

1922 1934 2013 2004 qui
2031 1933 2324 2002 loquimini,
2355 1934 2445 1988 sed
2474 1931 2700 2003 Spiritus
2728 1925 2930 1999 Patris,
2956 1937 3046 2004 qui
3082 1935 3311 2006 loquitur
3335 1936 3390 1989 in
3417 1954 3503 1991 ro-

1924 2024 2020 2079 bis.
2047 2024 2180 2080 Item
2208 2023 2492 2080 Psaltnista
2520 2024 2783 2094 Spiritum
2821 2034 3066 2080 sanctum
3101 2041 3131 2079 a
3161 2024 3321 2081 Patre
3336 2026 3494 2097 petit,

1923 2115 2110 2170 dicens
2135 2132 2148 2168 :
2183 2114 2247 2168 Et
2278 2113 2532 2185 Spiritum
2551 2125 2791 2170 sanctum
2818 2126 2966 2170 tuum
2995 2132 3058 2169 ne
3083 2114 3296 2185 auferas
3321 2133 3355 2171 a
3391 2132 3492 2170 me.

1922 2204 2020 2261 His
2041 2216 2097 2260 et
2119 2204 2423 2275 liujusmodi
2455 2205 2775 2261 testimoniis
2801 2221 2957 2261 sacra
2989 2205 3267 2276 Scriptura
3295 2208 3493 2264 referta

1920 2304 2023 2349 est.
2056 2296 2202 2350 Dtsc.
2259 2292 2403 2349 Haec
2437 2295 2617 2349 omnia
2650 2294 2808 2364 plane
2856 2304 2912 2350 et
2958 2296 3185 2366 pleniter
3209 2298 3499 2368 perspicio,

1920 2384 2257 2459 fideliterque
2280 2388 2506 2457 accipio,
2529 2388 2783 2457 quoniam
2822 2388 2866 2419 ¹²
2890 2389 3111 2443 omnino
3130 2388 3343 2444 veritati
3368 2404 3503 2445 con-

1920 2481 2160 2537 veniant.
2212 2479 2485 2550 Valdeque
2532 2479 2718 2545 miror,
2758 2479 3027 2548 quomodo
3083 2479 3173 2535 illa
3229 2482 3499 2551 quaestio.

1920 2587 2060 2643 quae
2103 2573 2337 2643 primum
2394 2571 2559 2627 veluti
2622 2571 2922 2627 insolubilis
2980 2572 3134 2628 nobis
3177 2573 3503 2638 videbatur,

1924 2664 2139 2719 tandem
2159 2662 2515 2732 apertissimis
2550 2662 2849 2718 rationibus
2876 2663 3247 2733 exemplorum
3272 2674 3326 2719 et
3351 2666 3507 2720 testi-

1920 2755 2224 2810 tuoniorum
2246 2756 2713 2825 argumentatione
2751 2754 3074 2818 introducta,
3108 2755 3280 2810 soluta
3307 2765 3413 2821 est,
3444 2766 3502 2810 ct

1920 2845 1988 2899 ad
2018 2859 2210 2913 purum
2230 2883 2245 2908 ,
2270 2845 2413 2913 quod
2453 2858 2557 2897 non
2590 2841 2748 2897 facile
2774 2842 3122 2911 sperabamus
3147 2844 3214 2910 “,
3240 2845 3500 2900 revelata.

1920 2934 2007 2999 Et,
2040 2943 2099 2988 ut
2124 2933 2254 2987 mihi
2289 2933 2515 2996 videtur,
2542 2932 2817 2988 interioris
2842 2940 3061 2986 nostrae
3097 2942 3322 3005 naturae
3347 2936 3500 2988 trini-

1919 3027 2049 3082 tatis
2092 3025 2443 3080 similitudine
2488 3025 2590 3079 hoc
2633 3024 2805 3094 ipsum
2855 3038 3139 3093 possumus
3179 3025 3497 3093 approbare.

1920 3115 2070 3171 Mens
2091 3115 2292 3170 etenim
2320 3123 2377 3168 et
2405 3113 2651 3168 notitiam
2680 3112 2763 3167 sui
2792 3113 2984 3183 gignit,
3010 3120 3068 3166 et
3094 3126 3126 3166 a
3147 3112 3324 3182 seipsa
3348 3126 3503 3164 amor

233 3219 351 3257 rem
380 3219 446 3258 ex
472 3205 594 3273 igne
622 3220 717 3274 per
738 3207 943 3262 radium
971 3208 1264 3277 procedere
1285 3207 1534 3269 dicimus,
1561 3208 1812 3276 quoniam
1842 3185 1887 3248 (ἶ
1917 3209 2001 3264 sui
2030 3217 2087 3263 et
2117 3207 2344 3262 notitiae
2386 3219 2517 3261 suae
2545 3204 2823 3274 procedit,
2852 3219 2961 3273 quo
2995 3212 3050 3257 et
3078 3204 3192 3274 ipsa
3220 3211 3277 3257 et
3310 3202 3501 3257 notitia

231 3295 376 3365 ignis
413 3296 529 3367 ipse
575 3307 719 3353 totus
743 3298 798 3352 in
829 3308 940 3353 toto
978 3300 1128 3354 radio
1155 3298 1419 3361 subsistit.
1450 3314 1514 3353 ex
1563 3314 1671 3369 quo
1720 3315 1817 3369 per

230 3387 446 3440 radium
476 3387 727 3457 splendor
753 3390 1042 3452 emittitur;
1082 3390 1156 3443 ita
1184 3398 1236 3443 et
1270 3387 1530 3458 Spiritum
1561 3398 1812 3444 sanctum

229 3494 262 3531 a
288 3477 453 3534 Patre
478 3494 575 3550 per
603 3479 798 3535 Filium
832 3482 1123 3551 procedere
1147 3481 1410 3537 catholica
1448 3482 1580 3536 lides
1603 3481 1814 3551 praedio

235 3578 347 3631 cat,
371 3571 624 3637 quoniam
654 3572 763 3641 ipse
790 3570 970 3636 Pater,
994 3573 1083 3641 qui
1110 3571 1419 3641 principalis
1446 3586 1607 3627 causa
1639 3580 1723 3626 est
1760 3579 1816 3625 et

234 3659 347 3713 sola
379 3661 738 3728 processionis
765 3662 935 3717 sancti
957 3664 1209 3732 Spiritus,
1244 3672 1388 3729 totus
1433 3663 1486 3717 in
1521 3672 1634 3717 toto
1681 3662 1815 3717 Filio

231 3758 340 3811 est,
376 3750 517 3803 sicut
534 3759 589 3803 et
613 3761 758 3806 totus
781 3752 947 3807 Filius
983 3753 1035 3807 in
1071 3763 1181 3808 toto
1226 3752 1407 3817 Patre,
1438 3769 1507 3809 ex
1543 3769 1651 3824 quo
1676 3753 1814 3823 'per

233 3841 430 3895 Filium
465 3841 699 3913 Spiritus
724 3855 943 3900 sanctus
971 3846 1230 3916 procedit.
1271 3846 1339 3900 Et
1361 3846 1811 3915 quemadmodum

234 3940 345 3985 tota
382 3933 555 3987 virtus
596 3934 746 4004 ignea
780 3936 833 3990 iu
864 3945 976 3990 toto
1003 3938 1151 3991 radio
1189 3939 1254 3991 de
1294 3953 1352 3992 so
1388 3938 1569 4007 genito
1598 3952 1814 4007 perma-

231 4031 344 4077 net.
371 4029 426 4075 et
449 4023 562 4090 ipse
588 4024 770 4079 radius
795 4034 937 4079 totus
974 4035 1029 4079 et
1072 4035 1178 4079 tota
1203 4026 1373 4079 virtus
1411 4025 1585 4095 ignea,
1612 4027 1676 4080 de
1707 4042 1812 4094 qua

231 4112 492 4181 gignitur,
521 4114 573 4167 in
603 4123 718 4170 toto
747 4115 1052 4184 splendore,
1083 4128 1137 4171 et
1165 4126 1306 4171 totus
1330 4116 1583 4185 splendor
1602 4132 1666 4170 ex
1701 4118 1811 4171 vir-

232 4212 348 4256 tute
372 4204 526 4271 ignca
556 4220 649 4273 per
682 4208 887 4260 radium
916 4209 1213 4276 procedens
1265 4208 1317 4261 in
1359 4218 1469 4262 toto
1505 4209 1620 4277 ipso
1664 4209 1812 4263 radio

229 4298 454 4360 totaque
498 4295 609 4362 ipsa
641 4296 861 4360 virtute,
910 4314 977 4351 ex
1026 4312 1130 4365 qua
1176 4298 1439 4366 procedit,
1462 4298 1687 4351 existit:
1738 4298 1812 4352 ita

231 4390 377 4434 totus
390 4382 550 4435 Pater
567 4385 790 4454 gignens
820 4386 868 4438 in
900 4395 1009 4439 toto
1026 4386 1161 4441 Filio
1182 4388 1381 4455 genito,
1409 4397 1463 4439 et
1487 4396 1628 4441 totus
1644 4386 1813 4442 Filius

229 4474 448 4539 genitus
473 4475 524 4526 in
556 4483 665 4527 toto
684 4475 840 4530 Patre
869 4477 1140 4546 gignente,
1164 4487 1218 4531 et
1238 4485 1378 4531 totus
1402 4477 1561 4532 Pater
1589 4478 1812 4548 gignens

1916 3302 1998 3356 sui
2038 3300 2458 3369 conjungnntur,
2501 3307 2558 3353 et
2598 3299 2848 3367 quamvis
2892 3298 3006 3369 ipse
3047 3312 3201 3352 amor
3225 3312 3294 3352 ex
3322 3306 3502 3350 mente

1913 3407 2013 3461 per
2054 3392 2296 3446 notitiam
2344 3389 2429 3445 sui
2475 3389 2767 3458 procedat,
2799 3403 2903 3443 non
2935 3398 3115 3444 tamen
3145 3389 3257 3459 ipsa
3306 3388 3498 3443 notitia

1915 3498 2078 3539 causa
2112 3482 2314 3536 amoris
2348 3489 2465 3546 est,
2496 3481 2591 3537 sed
2623 3480 2735 3549 ipsa
2767 3495 2950 3545 mens,
2999 3495 3068 3534 ex
3106 3495 3211 3550 qua
3241 3494 3395 3534 amor
3424 3479 3505 3533 in-

1915 3574 2077 3628 clioat
2103 3585 2247 3633 esse,
2275 3580 2327 3626 et
2355 3579 2643 3641 antequam
2691 3570 2759 3625 ad
2789 3570 3086 3638 perfectam
3134 3571 3380 3625 notitiam
3414 3572 3500 3624 sui

1914 3678 2067 3718 mens
2095 3663 2207 3731 ipsa
2235 3662 2534 3731 perveniat.
2561 3661 2694 3717 Nam
2722 3670 2778 3716 et
2804 3676 2956 3716 mens
2975 3670 3122 3716 amat
3143 3662 3377 3732 seipsam
3406 3675 3501 3717 co-

1914 3767 2175 3822 gnoscere
2193 3792 2207 3814 .
2235 3752 2549 3821 priusquam
2579 3752 2936 3822 cognitionem
2968 3767 3119 3807 suam
3155 3752 3222 3807 de
3248 3752 3423 3821 seipsa
3452 3752 3501 3784 “

1914 3842 2109 3911 pariat,
2136 3840 2303 3895 veluti
2328 3841 2536 3911 prolem
2565 3857 2744 3896 suam.
2766 3840 2882 3895 Non
2914 3842 3056 3911 quod
3091 3857 3245 3899 mens
3264 3842 3499 3898 humana

1914 3950 2150 4004 unquam
2178 3950 2238 3990 se
2265 3933 2348 3988 vel
2376 3950 2482 3989 non
2512 3944 2694 3990 nosset
2717 3935 2798 3989 vel
2829 3951 2935 3991 non
2959 3945 3187 3999 amaret,
3210 3938 3334 3991 dum
3359 3938 3498 3993 haec

1915 4027 2019 4081 tria
2041 4042 2204 4080 unmn
2234 4034 2362 4080 sunt
2399 4027 2693 4081 secundum
2722 4035 2969 4081 naturam
2990 4027 3074 4081 vel
3094 4028 3405 4083 essentiam.
3433 4039 3491 4084 et
3522 4068 3529 4075 .

1915 4132 2080 4170 unum
2113 4116 2215 4170 tria
2247 4117 2547 4171 secundum
2581 4117 2804 4172 rationis
2829 4116 3348 4182 considerationem;
3387 4119 3496 4173 tria

1914 4205 2179 4273 siquidem
2213 4204 2352 4258 ratio
2381 4204 2688 4259 considerat
2723 4205 2775 4258 in
2813 4220 2916 4258 una
2953 4213 3009 4258 et
3037 4204 3267 4273 simplici
3300 4215 3495 4260 natura

1914 4294 2128 4348 animae
2152 4308 2167 4347 :
2190 4308 2327 4353 esse.
2354 4308 2529 4357 nosse,
2552 4308 2754 4349 amare.
2775 4294 2983 4348 Etenim
3012 4308 3166 4348 mens
3187 4304 3243 4350 et
3261 4296 3494 4366 seipsam

1914 4387 2093 4450 novit,
2123 4395 2178 4439 et
2203 4396 2349 4441 amat
2375 4386 2642 4455 seipsam,
2682 4394 2737 4441 et
2785 4387 2867 4445 stti
2914 4387 3196 4451 notitiam;
3231 4388 3325 4442 sed
3366 4389 3492 4457 quia

1915 4475 2109 4530 merito
2138 4475 2613 4546 praevaricationis
2645 4485 2873 4530 naturae
2914 4477 3181 4531 humanae
3222 4477 3277 4531 in
3317 4480 3496 4546 primo

233 4572 291 4617 ct
320 4573 465 4616 totus
500 4564 663 4620 Filius
684 4566 898 4636 genitus
924 4567 975 4620 in
1001 4576 1114 4624 toto
1147 4569 1348 4638 Spiritu
1372 4577 1560 4623 sancto
1589 4584 1617 4621 a
1651 4567 1810 4623 Patre
1841 4548 1890 4606 D
1918 4570 2135 4625 homine
2160 4569 2375 4630 accidit,
2408 4577 2466 4621 ut
2494 4584 2647 4623 mens
2668 4570 2874 4624 nesciat
2899 4570 3131 4638 seipsam
3159 4584 3338 4634 nosse,
3361 4569 3489 4624 dum

236 4668 335 4720 per
364 4651 554 4707 Filium
586 4658 925 4723 procedente,
956 4666 1012 4711 et
1051 4668 1191 4713 totus
1244 4658 1477 4727 Spiritus
1512 4668 1731 4713 sanctus
1777 4673 1807 4710 a

233 4739 399 4795 Patre
423 4758 518 4812 per
544 4744 736 4798 Filium
769 4748 1063 4815 procedens
1088 4750 1142 4802 in
1167 4748 1390 4813 Patre,a
1411 4765 1517 4818 quo
1543 4749 1808 4819 procedit,

234 4842 291 4886 et
320 4832 475 4894 Filio,
502 4850 599 4903 per
629 4850 786 4903 quem
818 4839 1077 4904 procedit,
1125 4848 1180 4894 et
1209 4849 1317 4893 tres
1344 4856 1507 4893 unum
1542 4850 1668 4894 sunt
1715 4856 1812 4909 per

236 4923 567 4979 intellectam
596 4926 887 4981 trinitatem
916 4928 970 4981 in
995 4928 1220 4985 unitate.
1258 4929 1324 4983 Et
1370 4930 1471 4983 hoc
1497 4939 1664 4984 totum
1697 4930 1811 4998 ipse

236 5013 410 5069 Filius
438 5016 599 5071 homo
627 5017 803 5073 factus
836 5028 891 5074 et
936 5021 1250 5075 incarnatus
1295 5021 1631 5090 apertissime
1680 5022 1812 5074 insi-

239 5113 374 5156 nuat
420 5103 640 5160 dicens:
686 5107 798 5179 Ego
838 5109 893 5162 in
924 5105 1105 5172 Patre,
1156 5118 1204 5162 et
1248 5107 1412 5163 Pater
1457 5112 1511 5164 in
1559 5128 1659 5165 me.
1708 5112 1810 5167 Ubi

237 5193 745 5266 subintelligendum
773 5196 1007 5267 reliquit,
1058 5212 1122 5252 ac
1153 5198 1200 5253 si
1248 5206 1431 5267 aperte
1477 5198 1813 5255 diceret:Et

1917 4658 2237 4714 naturaliter
2262 4658 2494 4727 seipsam
2520 4658 2691 4721 novit,
2724 4666 2779 4712 et
2800 4658 3006 4712 nesciat
3027 4659 3258 4726 seipsam
3283 4674 3489 4721 amare,

1914 4750 2041 4804 dum
2063 4749 2380 4803 naturaliter
2397 4749 2440 4779 ⁸⁵
2456 4750 2688 4816 seipsam
2712 4758 2765 4802 et
2790 4749 3034 4803 notitiam
3067 4750 3149 4803 sui
3177 4749 3401 4813 amat“,
3424 4765 3490 4804 ac

1913 4856 2012 4911 per
2026 4841 2126 4894 hoc
2143 4838 2584 4910 rationisyiribus
2600 4838 2671 4890 nil
2685 4838 3073 4908 aliudappetit,
3091 4840 3191 4895 nisi
3212 4848 3268 4893 ut
3291 4855 3493 4910 cogno-

1915 4938 2051 4990 scat,
2074 4928 2305 4996 qualiter
2333 4938 2385 4981 et
2413 4936 2672 4995 quantum
2705 4927 2934 4994 seipsam
2964 4930 3144 4992 novit,
3175 4939 3231 4984 et
3255 4931 3490 4998 seipsam
3540 4924 3547 4933 ’

1916 5030 1973 5075 et
2006 5020 2251 5074 notitiam
2282 5019 2367 5072 sui
2394 5028 2545 5071 atnat
2567 5018 2630 5069 ".
2657 5017 2722 5070 Et
2743 5017 2869 5070 dum
2893 5019 2995 5072 hoc
3018 5028 3187 5074 totum
3213 5020 3279 5074 ad
3305 5020 3490 5089 cogni-

1918 5112 2118 5165 tionem
2155 5119 2210 5164 et
2253 5123 2491 5161 amorem
2522 5106 2796 5161 Creatoris
2838 5108 2921 5160 sui
2970 5109 3236 5163 convertit
3264 5110 3331 5171 “‘,
3360 5125 3486 5177 per-

1918 5204 2206 5259 fectissima
2235 5203 2410 5270 imago
2450 5200 2565 5269 ejus
2606 5198 2852 5254 etlicitur.
2879 5201 2945 5254 Et
2974 5201 3060 5256 hic
3087 5203 3129 5236 ¹⁹
3152 5202 3415 5256 maximus
3433 5209 3492 5254 et

1522 5370 1608 5426 VA
1618 5370 1775 5426 [ΗΔΕ
1812 5371 2209 5430 LECTIONES.

317 5535 335 5567 ί
360 5547 428 5585 ea:
460 5547 570 5586 om.
599 5530 659 5587 Ο.
732 5532 754 5562 ¹
786 5528 889 5584 Per
913 5530 1116 5585 Filium
1160 5545 1268 5585 om.
1296 5532 1339 5584 A
1410 5531 1432 5563 ³
1458 5530 1502 5584 Α
1524 5530 1782 5593 Spiritum
1812 5538 2068 5584 sanctum.

737 5603 757 5634 ⁷
794 5600 892 5654 Ubi
936 5601 1428 5670 subintelligendnut
1456 5631 1525 5641 —
1553 5600 1716 5653 Pater
1739 5601 1793 5652 in
1848 5617 1929 5651 me
1986 5615 2095 5652 om.
2128 5600 2190 5670 t1.

1545 5671 1586 5702 "
1618 5670 1798 5732 Corn,
1827 5670 1867 5721 A
1891 5686 2069 5738 quum.

1854 5740 1896 5772 ιδ
1922 5741 1962 5793 Α
1999 5738 2327 5793 convertitur.

240 5620 307 5659 ex
336 5608 445 5671 quo
490 5611 656 5671 patre.

241 5669 600 5741 temporaliter
650 5686 761 5725 om.
797 5672 860 5724 Α.
935 5669 1047 5741 ⁸³ίο
1069 5669 1242 5723 verum
1271 5682 1463 5724 autent.

244 5740 792 5797 norit—naturaliter
820 5756 930 5796 om.
960 5740 1023 5794 Ο.
1102 5742 1145 5770 ¹⁶
1173 5742 1219 5796 Α
1243 5753 1398 5794 amet.

566 5834 835 5892 PnaoL.
869 5832 1123 5893 CXXII.

1474 5740 1519 5776 ⁸⁷
1547 5740 1589 5794 Α
1620 5753 1775 5794 umet.

2145 5529 2166 5559 ⁸
2198 5528 2241 5582 Α
2268 5545 2377 5600 esse
2398 5543 2641 5585 causam.
2694 5531 2714 5562 '
2742 5548 2832 5600 per
2864 5531 3082 5591 Filium,
3124 5547 3235 5586 om.
3262 5532 3327 5586 A.
3399 5533 3420 5563 ⁸
3442 5534 3481 5585 Α

2271 5599 2294 5629 ⁸
2325 5600 2365 5653 C
2411 5603 2603 5654 exiere.
2680 5600 2701 5631 '
2737 5599 2770 5653 α
2814 5601 2974 5655 Patre
3012 5618 3121 5654 om.
3164 5602 3225 5656 (Ξ.
3307 5603 3349 5633 ¹⁰
3383 5620 3486 5656 non

2144 5669 2187 5699 ¹³
2220 5668 2258 5721 C
2285 5674 2664 5735 spectubmnus.
2746 5670 2789 5701 “
2819 5674 2859 5722 Α
2891 5673 2955 5725 de
2984 5674 3119 5739 ipsa.
3197 5673 3242 5705 ³⁵
3265 5673 3487 5728 seipsam

2144 5738 2327 5792 'rtitur.
2404 5740 2446 5774 ⁸³
2472 5740 2512 5792 C
2538 5742 2657 5792 hinc
2686 5750 2779 5792 est.

2555 5750 2657 5792 mtc
2686 5750 2779 5794 est.

3055 5831 3132 5891 9.0
