4064 6292
581 374 684 429 (iii

1966 357 2245 416 JOANNIS
2283 356 2478 413 SCO'i'I

3737 356 3850 411 612

586 503 724 559 pene
766 487 913 544 solus
951 486 1149 557 gradus
1176 482 1300 537 cst‘
1336 481 1400 533 ad
1430 479 1787 549 cognitionem
1813 475 2078 537 veritatis,
2111 474 2164 527 id
2196 481 2239 536 Λ
2269 472 2393 525 dem
2421 470 2684 527 sollicitus
2729 484 2919 526 sacrae
2963 469 3266 541 theohgiae
3298 467 3560 541 Spiritum
3594 476 3850 526 sanctum

585 587 669 632 est
695 579 987 631 humanam
1019 583 1288 634 naturam,
1314 570 1545 638 seipsam
1577 567 1724 637 prius
1749 576 2079 635 cognoscere
2106 570 2163 615 et

584 682 791 731 amare,
824 681 888 719 ac
923 664 1115 719 deinde
1146 670 1313 715 totam
1341 658 1702 727 cognitionem
1745 669 1929 717 suam,
1966 651 2164 705 totum-
2208 686 2211 689 λ

584 773 689 826 que
724 772 963 812 amorem
989 756 1055 809 ad
1083 754 1296 807 laudem
1322 750 1599 805 Creatoris
1635 756 1690 802 et
1720 745 2080 815 cognitionem
2109 750 2164 797 et

578 847 932 902 dilectionem
978 842 1181 899 referre
1206 843 1247 895 '.
1281 841 1335 895 Si
1371 841 1547 905 enim,
1579 839 1720 908 quod
1752 838 1807 891 in
1841 836 2015 904 seipsa
2056 834 2165 905 agi-

580 946 694 999 tur,
724 937 919 999 nescit,
945 933 1216 1004 quomodo
1237 947 1325 995 ea,
1349 946 1492 999 quae
1534 944 1693 997 supra
1720 942 1781 982 se
1810 934 1973 989 sunt,
2002 936 2163 978 nosse

585 1027 894 1081 desiderat?
931 1024 1038 1081 Sed
1067 1025 1193 1078 dum
1226 1023 1291 1076 de
1326 1023 1424 1075 hac
1471 1018 1788 1088 quaestione
1831 1024 2160 1078 tractamus,

576 1117 695 1170 alia
734 1117 865 1171 mihi
910 1131 1017 1170 non
1050 1113 1351 1184 spernenda
1373 1151 1388 1175 ,
1422 1120 1482 1164 ut
1515 1109 1726 1179 opinor,
1766 1106 1820 1161 in
1852 1114 2032 1161 mente
2066 1120 2162 1159 su-

574 1207 850 1278 pervenit.
875 1206 1013 1259 Mac.
1037 1205 1182 1270 Quae
1206 1211 1289 1257 est
1310 1202 1431 1255 illa?

654 1295 744 1349 55.
764 1295 908 1348 Dtsc.
931 1293 1141 1356 Utrum,
1160 1288 1609 1359 quemadmodum
1631 1286 1893 1357 Spiritum
1911 1293 2158 1341 sanctum

588 1405 619 1443 a
643 1388 806 1442 Patre
833 1400 929 1456 per
953 1384 1145 1438 Filium
1177 1381 1472 1452 procedere
1512 1380 1814 1442 credimus,
1853 1376 2159 1447 symbolum

576 1478 861 1533 Romanae
907 1476 1119 1545 linguae
1165 1481 1491 1542 sequentes,
1524 1471 1599 1524 ita
1642 1469 1838 1523 Filium
1886 1482 1952 1523 ex
2000 1467 2162 1521 Patre

572 1566 747 1623 .nasei'
764 1583 861 1637 per
885 1554 1147 1635 Spirituin
1171 1561 1413 1632 profiteri
1440 1560 1745 1625 valeamus,
1782 1559 2029 1629 quamvis
2058 1558 2162 1612 hoc

575 1659 638 1712 [in
670 1659 787 1728 ipso
832 1654 1073 1726 symbolo
1108 1668 1207 1707 nec
1250 1651 1542 1706 secundum
1569 1649 1837 1714 Graecos,
1867 1664 1970 1704 nec
2015 1647 2037 1679 ³
2074 1662 2161 1702 se-

580 1749 815 1803 cundum
833 1746 1062 1801 Latinos
1111 1744 1370 1812 scriptum
1403 1742 1755 1812 reperiamus,
1778 1754 1877 1795 nec
1904 1740 1958 1793 in
1976 1737 2158 1792 divina

2264 579 2295 619 a
2321 565 2479 620 Patre
2522 581 2620 635 per
2655 564 2850 620 Filium
2896 565 3121 619 audiens
3149 564 3476 633 procedere,
3503 577 3630 619 mox
3659 563 3852 619 divino

2262 657 2444 711 studio
2468 657 2773 711 admonitus
2794 695 2811 720 ,
2840 655 3051 724 quaerit
3072 664 3129 710 et
3160 654 3330 709 dicit:
3359 654 3417 709 Si
3449 669 3580 724 ergo
3608 652 3856 723 Spiritus

2266 754 2490 802 sanctus
2514 762 2543 800 a
2566 746 2723 801 Patre
2739 761 2835 815 per
2846 746 3042 801 Filium
3064 745 3328 816 procedit,
3352 760 3449 800 cur
3471 745 3859 800 nonisirniliter

2260 834 2482 891 Filius‘a
2507 836 2667 894 Patre
2710 854 2808 908 per
2851 837 3111 908 Spiritum
3141 846 3389 894 sanctum
3418 839 3463 870 ιδ
3488 837 3767 893 nascitur?
3792 836 3855 891 Si

2262 938 2445 982 autem
2474 927 2645 982 Filius
2668 943 2699 982 a
2726 927 2889 984 Patre
2916 943 3015 998 per
3043 926 3308 998 Spiritum
3329 936 3575 983 sanctum
3608 941 3722 983 non
3749 942 3859 981 na-

2260 1022 2451 1087 scitur,
2474 1037 2572 1077 cur
2591 1021 2824 1092 Spiritus
2844 1029 3065 1077 sanctus
3091 1036 3122 1075 a
3142 1021 3303 1075 Patre
3320 1034 3416 1090 per
3436 1019 3632 1075 Filium
3654 1033 3861 1089 proce-

2259 1110 2390 1166 dere
2408 1113 2714 1169 diceretur?
2733 1112 2869 1167 Nam
2888 1111 3033 1183 quod
3052 1113 3120 1168 de
3143 1110 3347 1181 Spiritu
3368 1119 3557 1167 sancto
3576 1108 3861 1167 catholico

2260 1203 2522 1270 creditur,
2542 1219 2639 1260 cur
2657 1220 2763 1261 non
2789 1205 2953 1260 etiam
2975 1206 3039 1260 de
3061 1203 3201 1260 Filio
3225 1203 3476 1259 similiter
3495 1204 3859 1259 crederetur?

2259 1291 2374 1347 Nisi
2403 1292 2541 1349 forte
2572 1295 2694 1365 quis
2719 1295 2938 1360 dixerit,
2969 1295 3373 1365 praedictarum
3406 1293 3737 1349 naturalium
3770 1293 3857 1349 si-

2261 1381 2625 1438 militudinum
2638 1384 2891 1439 virtutem
2909 1384 3282 1450 considerans,
3295 1384 3364 1439 ab
3378 1384 3499 1453 igne
3520 1398 3616 1454 per
3630 1383 3859 1438 radium

2264 1470 2602 1541 splendorem
2628 1473 2923 1543 procedere
2959 1474 3205 1530 videmus
3222 1514 3239 1540 ,
3267 1489 3376 1530 non
3401 1482 3580 1529 autem
3618 1474 3692 1529 ab
3716 1474 3859 1543 igne

2259 1572 2357 1629 per
2400 1559 2739 1630 splendorem
2782 1561 2991 1616 radium
3035 1562 3208 1616 nasci.
3247 1559 3511 1618 Similiter
3553 1560 3623 1616 ab
3654 1561 3858 1615 animo

2259 1666 2357 1721 per
2388 1653 2653 1707 rationem
2699 1667 2920 1708 sensum
2964 1652 3278 1709 interiorem
3309 1653 3482 1719 mitti,
3510 1668 3615 1709 non
3649 1662 3852 1707 autem

2256 1758 2358 1813 per
2380 1744 2552 1814 ipsum
2581 1759 2799 1800 sensum
2834 1744 3097 1800 rationem
3124 1746 3193 1800 ab
3216 1745 3399 1801 animo
3423 1745 3586 1815 gigni,
3612 1751 3859 1799 natura-

570 1839 865 1909 IScriptura
901 1846 1086 1906 aperte
1107 1833 1527 1904 promulgatum,
1554 1841 1615 1886 ut
1640 1830 1903 1886 aestimo?
1934 1827 2152 1883 Maan
2183 1818 2228 1878 Β
2256 1834 2320 1888 lis
2360 1834 2601 1888 theoriae
2641 1834 2831 1888 edocet
2852 1834 2901 1866 ιι
2934 1836 3087 1890 ordo.
3118 1834 3224 1890 sed
3262 1835 3330 1891 de
3373 1836 3669 1891 divinarum
3709 1838 3861 1891 sub.

589 1931 707 2000 ipsa
759 1926 1014 1983 ineffabili
1062 1941 1126 1980 ac
1164 1924 1186 1955 ’⁸
1219 1922 1615 1991 supernaturali
1649 1922 1862 1977 divinae
1900 1921 2160 1977 bonitatis

580 2018 939 2080 i'cctmditate,
964 2030 1068 2084 qua
1088 2030 1156 2068 ex
1185 2013 1370 2077 corde,
1396 2012 1499 2066 hoc
1523 2019 1607 2066 est
1625 2051 1641 2077 ,
1669 2025 1735 2064 ex
1764 2011 1988 2066 secretis
2023 2011 2156 2065 sini—

586 2108 692 2160 hos
715 2106 805 2160 Dei
832 2104 925 2160 et”
959 2102 1135 2157 Patris
1160 2101 1329 2157 Filius
1356 2101 1597 2156 nascitur
1609 2110 1663 2155 et
1682 2100 1917 2170 Spiritus
1943 2111 2160 2156 sanctus

588 2197 870 2266 procedit,
914 2195 1144 2250 eundem
1196 2193 1458 2264 Spiritum
1502 2191 1875 2247 sanetum‘ex
1912 2191 2160 2247 Patre-et

581 2287 742 2353 Filio,
774 2288 857 2342 vel
878 2303 945 2341 ex
971 2286 1131 2341 Patre
1158 2299 1256 2354 per
1279 2284 1473 2338 Filium
1496 2283 1789 2354 procedere
1816 2283 1951 2337 ﬁdes
1972 2284 2160 2340 catho-

576 2380 684 2432 lica
715 2377 1097 2447 nospraecipit
1124 2375 1405 2439 confiteri;
1433 2374 1632 2428 Filium
1662 2387 1792 2429 vero
1816 2391 1847 2429 a
1881 2362 2042 2430 Patre
2062 2391 2160 2445 per

580 2468 848 2537 Spiritum
866 2467 1035 2529 nasci,
1051 2479 1151 2519 nec
1173 2465 1225 2519 in
1253 2464 1342 2519 illo
1362 2464 1606 2535 symbolo
1627 2465 1905 2534 utriusque
1920 2464 2156 2536 linguae,

594 2572 694 2611 nec
723 2556 776 2610 in
807 2556 909 2610 alia
936 2556 1206 2626 scriptura
1238 2556 1433 2624 reperi.
1459 2555 1636 2609 Etcur
1657 2556 1780 2620 hoc,
1798 2571 1899 2610 nec
1934 2572 2032 2626 per
2052 2571 2159 2612 me-

604 2663 759 2718 psum
794 2650 970 2704 adlmc
988 2648 1251 2718 quaesivi,
1271 2664 1370 2703 nec
1389 2649 1457 2702 ab
1481 2647 1587 2703 alio
1606 2650 1626 2680 ⁷
1649 2648 1952 2717 quaesitum
1970 2657 2026 2703 et
2040 2650 2062 2682 ⁸
2078 2650 2158 2703 in-

576 2751 794 2795 ventum
823 2739 945 2811 legi.
972 2740 1109 2794 Dum
1138 2749 1317 2795 autem
1341 2740 1407 2794 de
1432 2739 1870 2794 inbumanatione
1886 2738 2009 2793 Filii
2027 2740 2117 2794 Dei
2137 2778 2154 2804 ,

577 2836 682 2890 hoc
709 2841 818 2896 est,
845 2834 912 2889 de
936 2833 1299 2887 incarnatione
1319 2830 1505 2897 Verbi,
1535 2840 1591 2887 et
1621 2831 1899 2901 Scriptura
1925 2845 2081 2887 sacra
2103 2841 2158 2885 et

577 2925 875 2996 syuibolum
902 2939 932 2977 a
957 2939 1108 2979 sacra
1131 2923 1325 2979 Nieeae
1343 2921 1491 2977 urbis
1511 2921 1795 2993 Bithyniae
1814 2923 2018 2993 synodo
2041 2930 2153 2976 tra-

575 3018 767 3077 ditum,
784 3024 837 3070 et
863 3024 1051 3069 contra
1078 3029 1267 3069 omnes
1280 3015 1535 3069 haereses
1549 3013 1813 3067 munitum
1835 3012 2152 3078 consulitur,

575 3105 1017 3161 manifestissime
1051 3106 1205 3160 nobis
1233 3105 1493 3175 aperitur,
1522 3119 1587 3159 ac
1609 3104 1726 3159 sine
1753 3103 1857 3158 ulla
1891 3103 2156 3174 ambigui-

575 3208 688 3253 tate
715 3199 959 3260 doeetur,
989 3197 1114 3266 quia
1146 3170 1375 3252 Verbum
1395 3195 1461 3248 de
1482 3193 1686 3264 Spiritu
1716 3201 1906 3250 sancto
1924 3204 2008 3249 est
2029 3170 2156 3249 eon-
2183 3170 2228 3233 Ο

574 3297 813 3357 ceptum.
845 3285 1080 3357 Angelus
1124 3298 1337 3355 quoque
1377 3283 1445 3337 ad
1483 3282 1745 3337 Mariam:
1780 3282 2009 3353 Spiritus
2036 3300 2152 3336 san-

574 3388 711 3436 ctus,
765 3376 940 3444 inquit
972 3378 1016 3439 9,
1046 3376 1363 3444 superveniet
1405 3375 1460 3427 in
1513 3384 1593 3437 te,
1628 3382 1677 3427 et
1714 3374 1875 3428 virtus
1902 3372 2157 3427 Altissimi

576 3465 901 3520 obuntbrabit
924 3464 1035 3517 tibi.
1068 3464 1210 3517 idem
1233 3464 1297 3517 ad
1327 3462 1522 3533 Ioseph
1551 3481 1563 3516 :
1595 3463 1810 3531 Ioseph,
1856 3463 1933 3531 fili
1963 3462 2154 3527 Dauid,

578 3554 685 3606 noli
709 3553 967 3605 dimittere
998 3552 1268 3621 conjugem
1285 3561 1465 3615 luant;
1489 3551 1626 3621 quod
1656 3551 1791 3605 enim
1821 3551 1874 3603 in
1893 3568 1955 3604 ea
1976 3562 2157 3609 natum

577 3654 650 3697 est
678 3683 693 3707 ,
741 3644 804 3697 de
850 3642 1053 3714 Spiritu
1101 3652 1279 3695 sancto
1309 3652 1402 3695 est.
1441 3642 1517 3694 Ex
1565 3641 1648 3694 his
1690 3650 1850 3709 atque
1895 3640 2157 3695 similibus

582 3734 908 3788 testimoniis
936 3748 1110 3787 nonne
1134 3734 1356 3786 credere
1368 3741 1422 3786 et
1442 3730 1737 3800 intelligere
1760 3730 1934 3795 datur,
1963 3729 2157 3783 Filium

581 3828 877 3882 secundum
926 3841 1143 3880 carnem
1175 3827 1240 3879 de
1269 3822 1471 3892 Spiritu
1517 3831 1705 3878 saneto
1752 3822 1916 3876 fuisse
1961 3836 2155 3875 conce-

579 3930 730 3989 ptum
753 3926 807 3973 et
839 3918 1055 3972 natum?
1079 3917 1261 3985 itaque
1283 3916 1327 3947 ¹⁰
1352 3916 1642 3970 secundum
1668 3913 2051 3969 fecunditatem
2077 3912 2157 3966 di-

584 4012 764 4064 vinam
795 4010 1053 4080 Spiritum
1086 4018 1331 4063 sanctum
1366 4022 1396 4061 a
1426 4008 1586 4062 Patre
1615 4022 1713 4075 per
1742 4006 1934 4061 Filium
1966 4020 2157 4077 proce-

578 4102 731 4167 dere,
760 4100 1050 4156 secundum
1074 4114 1203 4154 vero
1223 4099 1401 4154 carnis
1430 4098 1853 4167 assumptionem
1874 4095 2066 4150 Filium
2090 4096 2158 4150 de

580 4195 789 4266 Spiritu
817 4201 1001 4250 sancto
1025 4202 1340 4263 conceptum
1371 4190 1609 4259 fuisseet
1631 4198 1834 4253 natum,
1867 4202 1972 4243 non
1998 4186 2154 4243 dubi-

581 4302 779 4345 tamtts.
813 4288 964 4354 Quod
988 4287 1123 4340 enim
1158 4286 1212 4339 in
1241 4302 1302 4339 ea
1327 4293 1507 4338 natum
1529 4291 1634 4346 est,
1662 4282 1727 4335 de
1750 4278 1948 4351 Spiritu
1976 4291 2155 4334 sancto

580 4392 762 4435 natum
795 4390 868 4433 est
900 4380 964 4431 ".
994 4377 1099 4433 Sed
1130 4386 1183 4431 et
1206 4375 1354 4444 iuxta
1385 4375 1543 4429 aliam
1574 4374 1834 4430 lheoriam
1864 4372 2056 4426 Filium
2088 4372 2156 4426 de

579 4471 784 4539 Spiritu
834 4476 1022 4522 sancto
1066 4475 1123 4521 et
1164 4481 1262 4536 per
1296 4465 1554 4532 Spiritum
1591 4473 1837 4518 sanctum
1867 4463 2156 4533 concipiet

579 4559 728 4614 nasci
773 4557 1015 4612 invenies
1050 4557 1112 4608 ¹².
1145 4556 1279 4608 Dum
1321 4555 1464 4609 enim
1507 4554 1875 4623 unusquisque
1919 4552 2149 4609 fidelium

580 4650 927 4719 haptismatis
969 4648 1112 4702 subit
1141 4638 1571 4710 sacramentum,
1601 4646 1730 4715 quid
1762 4645 1902 4699 aliud
1932 4645 2001 4699 ibi
2030 4660 2149 4713 per-

581 4744 779 4809 agitur,
808 4740 908 4794 nisi
942 4738 1220 4793 Dci‘Verhi
1255 4738 1307 4791 in
1337 4752 1523 4791 eorum
1559 4739 1811 4793 cordibus
1852 4739 1918 4792 de
1946 4737 2147 4808 Spiritu

583 4841 770 4888 sancto
798 4840 851 4885 et
881 4828 1261 4899 per‘Spiritum
1292 4838 1533 4883 sanctum
1565 4830 1845 4899 conceptio
1871 4840 2029 4898 atque
2055 4843 2150 4882 na.

583 4924 781 4976 tivitas.
801 4919 1048 4986 Quotidie
1070 4918 1234 4987 igitur
1248 4917 1494 4972 Christus
1516 4918 1560 4949 ¹³
1584 4919 1636 4971 in
1666 4929 1817 4973 utero
1846 4919 1965 4974 ﬁdei
1989 4919 2149 4973 veluti

584 5014 917 5069 castissimae
947 5010 1136 5065 matris
1166 5010 1459 5064 visceribus
1491 5018 1543 5064 et
1569 5011 1869 5078 concipitur
1893 5019 1948 5065 et
1971 5011 2149 5065 nasci-

582 5119 673 5163 tur
714 5115 770 5161 et
801 5104 1056 5159 nutritur.
1088 5102 1156 5156 Et
1200 5102 1446 5156 fortassis
1488 5102 1607 5156 ideo
1651 5117 1680 5155 a
1716 5102 1911 5157 Nicena
1949 5102 2151 5172 synodo

581 5197 815 5268 Spiritus
840 5202 1060 5251 sanctus
1084 5209 1149 5247 ex
1178 5193 1334 5247 Patre
1360 5192 1695 5247 solummodo
1723 5192 2016 5262 procedere
2041 5201 2152 5247 tra—

580 5291 747 5353 ditur,
769 5302 836 5342 ne
859 5285 982 5341 talis
1007 5284 1251 5355 quaestio
1275 5283 1645 5338 ventilaretur.
1671 5282 1962 5351 inquisitor
1981 5282 2150 5351 siqui-

2257 1926 2580 1980 stantiarum
2608 1925 2955 1993 generatione
2986 1935 3042 1981 et
3073 1926 3421 1996 processione
3448 1926 3717 1981 suadenda
3742 1941 3860 1981 seu

2258 2014 2346 2070 alii
2354 2015 2573 2069 rmanda
2592 2013 2841 2071 fortassis
2853 2015 3097 2085 exempla
3120 2026 3345 2073 naturae
3358 2031 3463 2071 non
3478 2024 3599 2071 sunt
3618 2016 3856 2071 idonea.

2256 2106 2337 2161 Ac
2378 2120 2475 2175 per
2515 2106 2654 2171 hoc,
2685 2106 2830 2175 quod
2873 2106 2930 2160 in
2976 2115 3164 2162 sancto
3207 2107 3453 2179 symbolo
3477 2107 3521 2140 "
3540 2109 3859 2163 secundum

2257 2199 2496 2256 Graecos
2521 2200 2759 2265 canitur,
2783 2200 2885 2254 hac
2906 2201 3224 2270 quaestione
3250 2200 3480 2255 liberum
3500 2200 3721 2255 omnino
3756 2211 3860 2256 est

2257 2300 2419 2361 atque
2464 2290 2786 2346 absolutum.
2832 2292 2974 2346 Dicit
3014 2292 3160 2346 enim
3189 2290 3386 2346 Filium
3424 2292 3481 2347 ix
3514 2296 3602 2347 τοῦ
3626 2292 3858 2365 πατρὸς

2256 2383 2576 2452 γιννηθέντα,
2604 2382 2707 2436 hoc
2734 2388 2837 2445 est,
2860 2396 2935 2434 ex
2959 2379 3123 2435 Patre
3142 2381 3401 2451 genitum,
3431 2379 3677 2449 Spiritum
3698 2394 3861 2435 vero

2258 2476 2311 2528 ἐκ
2335 2482 2427 2530 τοῦ
2451 2474 2646 2547 πατρὸς
2667 2474 3021 2549 πορευόμενον,
3051 2473 3106 2527 id
3130 2482 3233 2539 est,
3261 2487 3331 2529 ex
3355 2472 3516 2527 Patre
3542 2473 3860 2542 proceden-

2258 2572 2386 2618 tem.
2419 2563 2523 2618 Sed
2551 2564 2596 2618 si
2622 2565 2743 2633 quis
2768 2575 2985 2619 sanctos
3034 2563 3247 2629 Patres,
3279 2564 3370 2633 qui
3402 2563 3454 2617 in
3487 2562 3643 2617 latino
3672 2577 3857 2632 sym-

2254 2657 2380 2713 bolo
2408 2657 2728 2712 addiderunt
2771 2658 2837 2711 de
2879 2656 3082 2727 Spiritu
3109 2674 3122 2710 :
3153 2674 3173 2707 ί
3206 2656 3296 2725 qui
3320 2670 3385 2711 ex
3417 2655 3574 2710 Patre
3593 2652 3861 2724 Filioque

2257 2749 2503 2819 procedit
2522 2768 2540 2801 ι
2557 2748 2909 2813 ,consuleret,
2924 2747 3339 2811 rationabiliter,
3356 2745 3601 2809 utcredo,
3615 2757 3859 2814 mon-

2257 2841 2462 2901 derent,
2489 2847 2544 2894 et
2570 2854 2789 2894 causam
2833 2839 3001 2908 ipsius
3026 2837 3318 2892 additionis
3346 2851 3450 2891 non
3479 2843 3745 2890 tacerent.
3782 2836 3857 2889 Et

2256 2928 2512 2983 fortassis
2544 2928 2776 2983 consulti
2819 2935 2945 2982 sunt
2990 2936 3046 2982 et
3099 2926 3522 2996 responderunt;
3564 2922 3655 2979 sed
3707 2925 3858 2995 quid

2256 3019 2336 3075 eis
2359 3020 2400 3052 ¹⁷
2425 3019 2597 3073 visum
2624 3027 2709 3072 est
2734 3018 2802 3073 de
2828 3018 2931 3072 hac
2953 3032 3033 3083 re,
3060 3017 3297 3072 nondum
3320 3016 3374 3070 in
3399 3028 3593 3069 manus
3619 3023 3859 3069 nostras
3900 3080 3906 3088 _

2256 3110 2525 3180 pervenit.
2560 3109 2737 3179 Atque
2782 3108 2904 3163 ideo
2933 3109 3000 3162 de
3046 3106 3351 3176 huiusmodi
3397 3104 3716 3175 quaestione
3772 3105 3857 3159 nil

2262 3211 2463 3256 temere
2498 3216 2759 3256 conamur
2784 3200 3008 3255 definire
3030 3240 3045 3263 ,
3076 3200 3180 3254 nisi
3211 3198 3348 3254 forte
3379 3200 3501 3267 quis
3523 3197 3698 3260 dicat,
3734 3214 3854 3253 non

2258 3288 2529 3343 immerito
2576 3290 2677 3343 hoc
2719 3287 2960 3342 additum
3003 3296 3121 3353 est,
3147 3287 3402 3356 quoniam
3429 3285 3608 3340 multis
3644 3300 3857 3341 sacrae

2257 3380 2570 3451 Scripturae
2594 3379 2727 3435 locis
2752 3379 3097 3450 approbatur.
3128 3379 3263 3433 Nam
3289 3387 3346 3434 et
3368 3379 3481 3448 ipse
3512 3378 3784 3434 Dominus
3806 3382 3853 3412 ι’

2255 3472 2418 3525 dicit:
2445 3470 2609 3537 Quem
2634 3470 2795 3525 Pater
2814 3471 2971 3524 mittit
2997 3471 3052 3523 in
3073 3472 3282 3525 nomine
3305 3486 3437 3525 meo.
3456 3469 3674 3525 Videtur
3688 3472 3852 3526 enim

2257 3562 2427 3617 Filius
2450 3562 2663 3616 mittere
2686 3560 2972 3630 Spiritum,
2995 3575 3156 3631 quem
3172 3560 3336 3617 Pater
3356 3561 3521 3615 mittit
3541 3560 3594 3614 in
3618 3562 3852 3616 nomine

2256 3652 2402 3722 ejus;
2446 3652 2559 3720 ipse
2600 3665 2817 3720 quoque
2860 3649 3027 3704 Filius
3072 3649 3332 3718 Spiritum
3376 3649 3624 3703 veritatis
3662 3646 3851 3719 Spiri-

2256 3748 2371 3793 tum
2396 3738 2437 3770 ¹⁹
2460 3748 2704 3793 sanctum
2733 3747 2918 3803 vocat;
2950 3737 3121 3793 Filius
3150 3746 3330 3791 autem
3357 3738 3562 3792 veritas
3588 3744 3691 3798 est.
3724 3739 3848 3807 ipso

2256 3841 2525 3887 testante:
2558 3831 2671 3902 Ego
2717 3848 2834 3885 sum
2881 3832 2997 3896 via,
3039 3840 3088 3885 et
3122 3833 3335 3895 veritas,
3384 3841 3433 3885 et
3464 3832 3589 3885 vita.
3623 3829 3681 3885 Si
3707 3846 3847 3902 ergo

2258 3925 2494 3994 Spiritus
2518 3924 2764 3978 veritatis
2789 3931 2871 3978 est
2888 3963 2905 3988 ,
2934 3922 3177 3991 proiecto
3202 3921 3438 3991 Spiritus
3470 3930 3691 3977 sanctus
3732 3924 3848 3991 spi-

2257 4015 2395 4067 ritus
2418 4013 2537 4067 Filii
2563 4022 2666 4066 est.
2696 4012 2974 4066 Mulierem
3001 4028 3216 4082 quoque
3238 4014 3603 4090 «ipop'p'm,
3628 4013 3739 4067 hoc
3758 4022 3852 4068 est

2255 4105 2455 4160 ﬂuxum
2500 4106 2776 4178 sanguinis
2802 4105 3092 4176 patientem
3120 4145 3135 4171 ,
3166 4120 3368 4160 sanans
3391 4122 3405 4158 :
3426 4100 3602 4169 Sensi,
3631 4102 3847 4172 inquit.

2254 4200 2421 4253 exisse
2444 4199 2508 4253 de
2534 4215 2614 4253 me
2635 4199 2680 4230 ¹⁶
2704 4200 2963 4253 virtutem.
2989 4199 3054 4252 Et
3076 4199 3220 4269 quod
3248 4197 3407 4266 paulo
3428 4206 3553 4251 ante
3571 4196 3845 4251 diximus:

2257 4290 2319 4345 Si
2347 4306 2438 4359 ego
2464 4291 2662 4354 abiero,
2693 4292 2896 4343 mittam
2926 4307 3042 4344 eum
3077 4291 3146 4344 ad
3185 4307 3295 4345 vos.
3334 4290 3465 4345 Item
3503 4287 3801 4357 Apostolus
3827 4304 3845 4340 :

2257 4379 2401 4433 Misit
2434 4380 2572 4433 Deus
2605 4378 2859 4447 Spiritum
2894 4378 3022 4433 Filii
3050 4381 3132 4434 sui
3159 4382 3213 4433 in
3244 4380 3403 4433 corda
3431 4389 3633 4442 nostra,
3654 4379 3711 4429 in
3731 4394 3845 4447 quo

2257 4472 2577 4536 clamamus,
2622 4471 2765 4524 Abba
2807 4482 2974 4540 pater.
3003 4472 3133 4526 Item
3174 4471 3498 4525 Psalmista:
3532 4467 3701 4522 Verbo
3732 4468 3847 4521 Do-

2258 4561 2382 4614 mini
2413 4562 2544 4614 caeli
2573 4561 2771 4629 ﬁrmati
2799 4572 2941 4625 sunt,
2970 4571 3018 4615 et
3044 4563 3231 4631 spiritu
3259 4562 3365 4614 ori;
3385 4563 3502 4630 ejus
3532 4559 3705 4613 omnis
3732 4560 3844 4611 cir-

2256 4663 2337 4706 tns
2380 4670 2580 4706 eorum.
2628 4653 2721 4707 His
2764 4654 2946 4722 itaque
2972 4662 3133 4722 atque
3174 4653 3475 4719 huiusmodi
3511 4652 3849 4707 testimoniis

2257 4744 2376 4812 quis
2421 4743 2807 4797 catholicorum
2848 4760 2952 4797 non
2994 4744 3166 4813 possit
3208 4742 3538 4813 approbare,
3572 4740 3846 4811 Spiritum

2256 4843 2498 4888 sanetqu
2526 4850 2554 4885 a
2583 4834 2741 4887 Patre
2769 4842 2822 4887 et
2852 4834 2997 4887 Filio
3018 4832 3346 4902 procedere?

2326 4924 2413 4975 Si.
2459 4924 2596 4977 Disc.
2625 4922 2698 4976 Dc
2728 4924 2833 4976 hac
2857 4924 3173 4998 quaestione
3200 4938 3305 4975 non
3338 4919 3563 4972 nimium
3591 4918 3837 4971 haesito.

2257 5013 2482 5083 Quoquo
2510 5000 2655 5066 enim
2696 5013 2854 5066 modo
2892 5012 3013 5080 quis
3060 5011 3483 5066 ecclesiasticum
3527 5008 3843 5079 symbolum

2257 5102 2722 5171 pronunciaverit,
2751 5102 2867 5155 sine
2898 5099 3175 5169 naufragio
3208 5114 3375 5154 sanae
3423 5098 3545 5152 fidei
3594 5096 3804 5165 recipio
3826 5138 3844 5158 ,

2258 5192 2360 5246 hoc
2381 5201 2482 5254 est,
2513 5193 2627 5245 sive
2656 5192 2916 5261 Spiritum
2956 5203 3199 5247 sanetum
3244 5206 3272 5244 a
3306 5190 3465 5243 Patre
3494 5188 3848 5245 solummodo

2259 5285 2551 5354 procedere
2594 5284 2809 5350 dixerit,
2854 5285 2969 5339 sive
3020 5300 3050 5338 a
3097 5284 3260 5339 Patre
3294 5292 3348 5339 et
3373 5282 3538 5347 Fiiio,
3568 5281 3718 5337 salva
3747 5281 3845 5335 illa

1849 5413 2096 5468 VAlilAE
2136 5412 2532 5469 LECTIONES.

565 5562 573 5573 λ
662 5519 768 5564 ἐει
806 5525 915 5564 om.
941 5507 1001 5563 C.
1078 5509 1098 5539 ’
1129 5506 1170 5562 (ἶ
1197 5507 1428 5576 referret.
1492 5506 1526 5576 θ’
1556 5506 1596 5560 C
1622 5521 1772 5576 non.
1824 5503 1937 5576 fac
1960 5521 2069 5557 om.
2095 5504 2160 5576 A.

555 5579 693 5634 inin.
740 5580 800 5634 C.
875 5580 895 5609 ’
930 5578 1094 5647 inquit
1135 5573 1341 5631 omfA.
1415 5577 1455 5607 '°
1481 5575 1574 5647 Sic
1602 5573 1661 5647 (ξπ

580 5654 621 5703 Α
676 5650 911 5702 inveniet.
998 5643 1042 5679 ί³
1064 5647 1238 5713 Conj.,
1271 5647 1311 5698 A
1334 5664 1364 5700 α
1388 5647 1506 5713 piis,
1538 5645 1577 5697 (ἒ
1602 5643 1815 5696 Christi.

586 5720 629 5750 ³⁸
651 5720 691 5771 Α
734 5718 890 5771 Deus.
970 5716 1011 5747 ¹⁹
1042 5717 1266 5771 veritatis
1291 5718 1527 5784 spiritum
1561 5730 1667 5766 om.
1702 5716 1767 5766 A.

1738 5575 1777 5605 ¹¹
1822 5572 1911 5626 Sir.
1960 5576 2060 5629 BC.
2118 5574 2199 5627 Ea:
2237 5575 2317 5627 Itis
2347 5587 2500 5643 atque
2550 5575 2895 5628 aimilibns~~
2920 5587 3100 5629 natum
3135 5585 3210 5628 est
3258 5590 3367 5627 nni.
3400 5574 3461 5625 Α.

1905 5644 1945 5673 ’³
1976 5655 2212 5697 sanctum
2255 5660 2361 5697 orn.
2402 5647 2461 5697 (Ξ.

1844 5713 1886 5751 ιο
1913 5715 1954 5767 Α
1985 5716 2047 5768 de
2080 5730 2158 5767 me
2188 5716 2354 5767 exisse

3306 5506 3329 5536 '
3364 5503 3403 5556 Α
3454 5504 3655 5572 aliqua.
3731 5501 3844 5572 {et

3543 5571 3710 5624 “Sic
3750 5571 3839 5634 C;

3613 5643 3651 5672 ”
3684 5643 3726 5695 (Ζ
3762 5660 3842 5695 (ι.

2238 5505 2258 5535 ⁸
2287 5516 2335 5558 et
2364 5519 2474 5558 om.
2514 5505 2577 5558 A.
2656 5507 2677 5536 ⁶
2724 5514 2963 5560 sanetum
3004 5521 3112 5559 om.
3151 5506 3215 5559 A.

2542 5645 2583 5675 ¹³
2613 5646 2703 5699 Sic
2745 5646 2812 5705 C;
2840 5645 2883 5698 A
2923 5646 3090 5699 docet.
3168 5645 3210 5675 ¹⁶
3239 5644 3278 5699 C
3312 5645 3530 5713 synodo.
