4064 6292
295 349 399 406 613

1111 343 1198 400 DE
1234 343 1570 400 DIVISIONE
1608 341 1956 398 NATUllAE.
1992 373 2062 384 -—-
2097 340 2297 397 LIBER
2335 341 2716 399 SECUNDUS.

3432 350 3539 408 6H-

297 465 531 526 ratione,
553 475 656 530 qua
678 458 1017 515 etcredimus
1034 470 1091 515 et
1109 460 1473 530 intelligimus,
1497 460 1723 512 eundem
1748 457 1867 526 Spi-
1897 465 1942 521 Λ
1974 458 2046 511 tia
2103 457 2283 514 Patris
2319 459 2401 514 vel
2439 474 2688 529 persona.
2741 460 2984 517 Essentia
3025 463 3290 535 siquidem
3330 464 3544 521 divinae

296 558 462 611 ritum
487 569 552 608 ex
584 569 687 607 una
714 568 899 617 causa,
931 552 984 607 id
1012 561 1115 617 est,
1146 568 1212 606 ex
1255 552 1412 607 Patre
1444 549 1869 606 substantialiter

294 647 609 718 procedere.
641 646 738 700 Est
763 644 907 698 enim
951 644 1116 699 Pater
1158 658 1321 699 causa
1374 642 1648 698 nascentis
1693 643 1760 696 de
1811 655 1879 707 se,

296 738 420 793 Filii
444 777 464 804 ,
490 746 548 793 et
572 736 911 808 procedentis
942 751 1010 790 ex
1042 751 1100 790 se
1125 735 1382 806 Spiritus.
1409 734 1515 790 Sed
1563 734 1738 789 adlmc
1779 748 1871 788 ve-

299 830 395 885 lim
426 846 458 884 a
488 837 543 885 te
565 843 858 901 quaerere,
911 842 978 883 ex
1003 828 1313 883 essentiane
1357 828 1375 861 ι
1403 824 1579 880 Patris
1600 865 1616 891 ,
1645 841 1713 880 an
1740 826 1869 880 sub-

297 920 500 976 stantia
530 920 551 952 ³
579 927 636 975 et
685 918 854 973 Filius
881 928 1040 973 natus
1072 927 1127 973 et
1158 917 1393 987 Spiritus
1421 927 1639 972 sanctus
1677 931 1870 986 proce-

298 1011 434 1066 dens
460 1009 616 1067 est‘?
638 1009 775 1064 Mss.
799 1009 873 1063 De
898 1010 999 1063 hoc
1012 1009 1262 1078 ambiguo
1289 1007 1445 1063 facile
1468 1006 1802 1078 purgaberis,
1826 1007 1871 1061 si

298 1099 451 1169 prius
476 1114 614 1170 pure
640 1113 969 1166 cognoscas,
1005 1097 1135 1166 quid
1183 1096 1254 1151 sit
1299 1097 1439 1152 inter
1481 1096 1772 1151 essentiam
1819 1105 1874 1150 et

298 1189 659 1245 substantiam
694 1188 910 1243 divinae
950 1172 1229 1242 bonitatis.
1275 1186 1420 1242 Disc.
1454 1187 1530 1241 De
1568 1185 1872 1240 dill‘erentia

299 1279 515 1335 divinae
538 1276 806 1332 essentiae
830 1286 996 1345 atque
1019 1276 1354 1332 substantiae
1386 1275 1567 1331 docuit
1604 1289 1690 1329 me
1717 1276 1872 1330 theo-

300 1370 438 1441 logia
464 1384 527 1423 ex
543 1368 747 1424 sanctis
770 1368 1020 1423 Patribus
1068 1368 1350 1438 utriusque
1379 1368 1614 1439 linguae,
1648 1382 1874 1438 graecae

302 1463 556 1518 videlicet
600 1472 762 1532 atque
808 1460 1026 1527 latinae,
1055 1461 1273 1515 tradita.
1303 1460 1578 1529 Siquidem
1613 1460 1872 1516 sanctus‘

297 1555 589 1627 Dionysius
610 1554 963 1624 Areopagita,
1001 1564 1055 1609 et
1084 1553 1376 1622 Gregorius
1415 1553 1748 1623 Theologus,
1778 1566 1873 1607 eo-

296 1663 526 1717 rumque
552 1647 982 1718 elegantissimus
1010 1646 1286 1715 expositor
1307 1644 1592 1708 Maximus,
1622 1644 1877 1699 dill'eren-

298 1740 429 1792 tiam
457 1753 581 1793 esse
608 1739 792 1793 dicunt
832 1737 975 1792 inter
1008 1739 1218 1803 σὺσίαν,
1252 1738 1305 1792 id
1344 1745 1430 1792 est
1455 1738 1747 1792 essentiam
1776 1777 1792 1802 ,
1821 1746 1878 1791 et

1973 548 2227 602 bonitatis
2253 564 2425 618 neque
2449 550 2665 619 propria
2690 551 2990 606 substantia
3016 564 3097 607 est
3124 554 3300 609 Patris
3317 595 3331 619 ,
3365 572 3540 626 neque

1971 636 2117 702 Filii,
2145 653 2318 707 neque
2350 637 2585 707 Spiritus
2610 641 2781 695 sancti
2801 681 2818 705 ,
2847 643 2940 696 sed
2973 659 3074 696 una
3106 655 3268 714 atque
3309 661 3544 700 Commu-

1973 726 2057 781 nis
2084 727 2504 783 substantiarum
2536 730 2695 784 trium
2727 739 2951 796 natura;
2992 731 3153 787 Pater
3182 744 3359 789 autem
3390 752 3545 791 suam

1972 818 2244 884 propriam
2276 817 2437 873 habet
2458 819 2836 885 substantiam,
2870 822 3118 877 similiter
3154 833 3210 877 et
3247 824 3444 892 Filius,
3473 828 3547 881 si—

1974 911 2176 965 militer
2200 919 2254 965 et
2280 910 2513 982 Spiritus
2541 924 2764 969 sanctus
2796 928 2920 969 suas
2967 916 3243 985 possident
3293 919 3551 973 substan-

1975 1002 2098 1056 tias.
2125 1002 2181 1057 Si
2211 1001 2373 1074 igitur
2401 1003 2578 1057 divina
2612 1005 2880 1070 essentia,
2929 1008 3052 1076 quia
3102 1023 3207 1062 una
3254 1018 3339 1064 est
3386 1018 3550 1081 atque

1974 1093 2183 1155 eadem.
2212 1109 2385 1164 neque
2412 1094 2573 1148 Pater
2598 1106 2710 1158 est,
2743 1112 2914 1165 neque
2951 1098 3148 1160 Filius,
3176 1116 3350 1172 neque
3371 1100 3549 1172 Spiri-

1977 1192 2061 1237 tus
2081 1193 2320 1246 sanctus.
2350 1181 2445 1240 sed
2473 1187 2774 1240 communis
2801 1203 2987 1242 eorum
3021 1200 3212 1243 natura
3234 1231 3249 1254 ,
3282 1193 3545 1260 sequitur.

1976 1288 2083 1326 non
2132 1274 2199 1327 ab
2238 1288 2300 1327 ea
2336 1275 2482 1329 nasci
2514 1274 2729 1338 Filium,
2776 1292 2951 1346 neque
2994 1279 3254 1347 Spiritum
3299 1292 3549 1337 sanctmn

1975 1364 2288 1433 procedere.
2312 1364 2446 1419 Nam
2482 1365 2525 1420 si
2553 1380 2617 1419 ex
2645 1382 2707 1421 ea
2738 1366 2905 1421 Filius
2943 1368 3203 1436 nascitur,
3228 1387 3332 1426 non
3364 1388 3431 1427 ex
3453 1371 3554 1428 Pa-

1979 1464 2061 1509 tre
2088 1455 2358 1522 nascitur;
2393 1457 2506 1526 ipsa
2537 1458 2701 1520 enim,
2730 1469 2788 1512 ut
2819 1460 3073 1525 diximus,
3101 1461 3261 1517 Pater
3286 1479 3391 1517 non
3421 1474 3505 1533 est
3532 1483 3546 1519 :

1978 1545 2226 1600 similiter
2260 1547 2303 1601 si
2336 1563 2402 1602 ex
2426 1549 2611 1603 eadem
2645 1547 2878 1618 Spiritus
2906 1562 3124 1606 sanctus
3151 1555 3409 1622 procedit,
3443 1570 3550 1609 non

1976 1653 2042 1692 ex
2073 1638 2232 1692 Patre
2263 1640 2526 1707 procedit.
2560 1640 2617 1694 Si
2649 1650 2830 1696 autem
2871 1644 3137 1703 catholica
3180 1646 3314 1700 ﬁdes
3354 1646 3553 1701 ﬁrmis-

1981 1730 2117 1784 sime
2150 1741 2313 1799 atque
2344 1734 2629 1789 sanissime
2653 1743 2707 1789 et
2754 1736 2927 1790 credit
2969 1747 3023 1792 et
3054 1740 3209 1794 docet
3253 1738 3448 1794 Filium
3482 1753 3554 1796 ex

295 1829 604 1892 ὑπόστασιν,
646 1828 700 1882 id
725 1836 810 1883 est
837 1829 1225 1892 substantiam;
1256 1830 1430 1884 οὐσίαν
1464 1829 1681 1897 quidem
1713 1828 1871 1883 intel-

1974 1818 2133 1874 Patre
2161 1830 2364 1884 natmn,
2395 1822 2655 1893 Spiritum
2686 1840 2815 1879 vero
2836 1838 3082 1881 sanctum
3113 1843 3182 1882 ex
3224 1829 3415 1885 eodem
3440 1827 3551 1887 Pa-

289 1918 527 1989 ligentes
545 1918 760 1974 unicam
792 1918 934 1973 illam
961 1934 1024 1974 ac
1050 1918 1347 1989 simplicem
1375 1920 1591 1974 divinae
1614 1920 1872 1975 bonitatis

293 2017 581 2073 naturam,
626 2008 910 2066 ὑπόστασιν
954 2024 1085 2065 vero
1135 2010 1468 2080 singularum
1516 2025 1868 2080 personarum

293 2100 567 2170 propriam
592 2107 649 2154 et
680 2099 1008 2155 individuam
1039 2100 1416 2155 substantiam.
1452 2101 1648 2156 Dicunt
1675 2102 1696 2132 ⁸
1727 2101 1869 2156 enim

293 2193 415 2263 μίαν
456 2192 633 2247 οὐσίαν
692 2193 743 2245 ἑν
806 2194 973 2268 τρὶσιν
1017 2194 1390 2258 ὑποστάσισιν,
1424 2192 1527 2248 hoc
1557 2201 1676 2257 est,
1707 2209 1869 2248 unam

296 2284 593 2338 essentiam
625 2284 677 2338 in
706 2284 879 2340 tribus
913 2285 1251 2342 substantiis.
1278 2285 1512 2343 Sanctus
1535 2302 1751 2357 quoque
1764 2288 1873 2343 Au-

291 2376 560 2443 gustinus,
589 2376 863 2445 ceterique
887 2377 1061 2432 sancti
1110 2376 1303 2433 Patres
1352 2377 1609 2434 latialiter
1634 2380 1873 2434 scriben-

295 2473 396 2529 tes,
447 2465 604 2520 lidem
646 2475 868 2523 sanctae
905 2468 1189 2524 Trinitatis
1238 2469 1584 2539 exprimunt,
1632 2470 1874 2527 dicentes

292 2568 459 2608 unam
494 2555 854 2610 substantiam
886 2556 939 2611 in
969 2558 1141 2614 tribus
1184 2559 1430 2628 personis
1450 2599 1465 2625 ,
1511 2558 1874 2630 signiﬁcantes

291 2645 558 2701 unitatem
587 2645 801 2702 divinae
827 2658 1052 2704 naturae
1074 2665 1140 2706 eo
1167 2649 1417 2717 nomine,
1463 2651 1605 2720 quod
1633 2661 1717 2707 est
1748 2652 1874 2708 sub-

290 2726 527 2801 stantia,
581 2736 777 2790 trinam
826 2752 954 2793 vero
1009 2739 1434 2794 substantiarum
1489 2742 1871 2810 proprietatem

295 2827 460 2881 trium
500 2841 853 2896 personarum
896 2829 1193 2885 vocabulis.
1235 2829 1388 2897 Quod
1425 2832 1589 2885 etiam
1630 2832 1871 2888 moderni

291 2915 627 2986 Graecorum
654 2917 948 2987 recipiunt;
990 2919 1176 2974 dicunt
1207 2920 1351 2974 enim
1378 2923 1500 2991 μίαν
1524 2921 1810 2978 ὑπόστασιν
1829 2923 1871 2986 ⁸,

291 3007 349 3063 id
376 3016 461 3062 est
501 3022 663 3062 unam
708 3009 1101 3075 substantiam,
1127 3019 1185 3066 et
1209 3013 1329 3086 τρία
1362 3012 1658 3085 πρόσωπα,
1704 3012 1756 3066 ld
1789 3023 1874 3067 est

293 3104 408 3151 tres
435 3112 713 3166 personas.
749 3097 863 3153 Una
894 3099 1192 3169 eademque
1219 3102 1355 3157 ﬁdes
1379 3111 1465 3156 est
1498 3101 1550 3154 in
1583 3101 1869 3166 omnibus,

289 3186 541 3255 quamvis
584 3184 1036 3257 signiﬁcationum
1078 3191 1363 3247 diversitas
1389 3193 1651 3246 videatur.
1684 3192 1869 3262 itaque
1898 3170 1940 3231 (ἶ

290 3278 587 3335 secundum
610 3279 847 3337 Graecos
866 3283 1114 3349 dicimus,
1142 3300 1246 3339 una
1275 3285 1573 3355 eademque
1596 3293 1679 3339 est
1720 3283 1871 3341 οὐσία

290 3373 473 3429 Patris
501 3383 559 3431 et
583 3374 706 3431 Filii
731 3384 788 3432 et
806 3376 1039 3449 Spiritus
1065 3378 1261 3442 sancti,
1284 3379 1377 3434 sed
1402 3395 1506 3433 non
1530 3393 1634 3431 una
1655 3380 1870 3433 eadem-

294 3480 405 3535 que
430 3475 514 3520 est
543 3467 856 3531 ὑπόστασις.
882 3468 1055 3524 Habet
1080 3470 1224 3524 enim
1245 3469 1406 3525 Pater
1425 3484 1576 3523 suam
1599 3470 1870 3538 propriam

288 3556 604 3621 ὑπόστασιν,
620 3572 760 3626 quae
782 3572 954 3627 neque
976 3558 1096 3612 Filii
1119 3573 1292 3628 neque
1317 3556 1550 3628 Spiritus
1570 3560 1742 3614 sancti
1766 3568 1868 3622 est,

292 3652 389 3706 sed
440 3651 607 3707 solius
647 3651 859 3719 Patris;
892 3654 1143 3709 similiter
1183 3654 1355 3710 Filius
1401 3669 1553 3710 suam
1596 3655 1871 3724 propriam

289 3742 612 3807 ὑπόστασιν,
639 3757 780 3813 quae
820 3758 996 3813 neque
1032 3744 1210 3800 Patris
1246 3760 1421 3815 neque
1459 3744 1693 3815 Spiritus
1741 3762 1871 3800 sano

290 3815 368 3883 'cu
408 3840 521 3895 est,
570 3835 665 3887 sed
719 3833 885 3889 solius
927 3834 1067 3889 Filii.
1115 3835 1316 3889 Eodem
1352 3836 1511 3890 modo
1554 3836 1622 3890 de
1667 3835 1871 3905 Spiritu

292 3928 487 3974 sancto
514 3921 820 3987 dicendum,
854 3925 1128 3993 prepriam
1154 3926 1446 3982 ὑπόστασιν
1470 3925 1670 3980 habere
1690 3965 1703 3989 ,
1734 3940 1872 3993 quae

294 4024 478 4080 neque
521 4010 698 4067 Patris
726 4022 826 4072 est.
878 4029 1052 4083 neque
1095 4013 1251 4079 Filii,
1294 4017 1388 4070 sed
1429 4016 1594 4070 solius
1639 4015 1872 4084 Spiritus

295 4103 491 4158 sancti.
528 4103 713 4173 Neque
751 4104 893 4161 aliud
942 4116 1159 4176 praeter
1197 4109 1299 4163 hoc
1330 4108 1495 4162 latina
1526 4122 1628 4161 vox
1658 4109 1869 4172 edocet,

298 4202 412 4247 tres
444 4207 705 4262 personas
748 4195 799 4250 in
840 4212 943 4252 una
977 4199 1275 4253 substantia
1316 4199 1687 4267 pronuntians.
1734 4200 1872 4255 Sub-

294 4292 407 4337 stat
442 4285 461 4315 "
504 4300 632 4355 ergo
675 4286 838 4341 Pater
887 4304 984 4357 per
1024 4291 1127 4345 se'
1164 4330 1179 4354 ,
1228 4290 1439 4345 substat
1504 4290 1701 4355 Filius,
1748 4291 1871 4346 sub-

295 4384 407 4430 stat
437 4375 668 4446 Spiritus
689 4389 934 4440 sanctus.
966 4390 1021 4435 et
1051 4390 1160 4435 tres
1201 4382 1532 4436 substantiae
1574 4382 1627 4436 in
1660 4398 1762 4435 una
1790 4397 1872 4435 es-

296 4466 475 4521 sentia
495 4467 1029 4539 substant,quoniam
1074 4481 1181 4527 tres
1209 4489 1370 4526 unum
1401 4482 1546 4527 sunt.
1573 4472 1711 4528 MAG.
1729 4473 1872 4527 Inter

294 4558 631 4614 orthodoxae
652 4560 770 4614 lidei
797 4562 1083 4630 participes
1109 4563 1246 4617 hanc
1273 4566 1429 4619 tidem
1459 4566 1871 4635 computandum

298 4647 554 4703 arbitror.
575 4646 694 4703 Jam
721 4651 881 4720 igitur
905 4652 1200 4706 luculenter
1228 4662 1378 4723 potes
1406 4656 1719 4726 dignoscere
1750 4672 1874 4726 pro-

297 4740 528 4809 positam
552 4743 941 4810 quaestionem.
974 4744 1164 4800 Dixisti
1195 4747 1336 4800 enim
1360 4786 1375 4810 ,
1408 4756 1458 4801 te
1493 4748 1774 4813 dubitare,
1802 4763 1869 4802 ex

295 4831 603 4887 essentiane
630 4849 696 4886 an
724 4848 792 4888 ex
821 4835 1121 4890 substantia
1152 4836 1327 4892 Patris
1356 4846 1411 4891 et
1440 4849 1599 4893 natus
1622 4838 1791 4893 Filius
1815 4848 1870 4892 et

295 4922 595 4990 procedens
638 4923 870 4994 Spiritus
909 4937 1148 4983 sanctus.
1188 4928 1267 4983 Ac
1312 4929 1357 4983 si
1407 4938 1592 4999 aperte
1626 4930 1865 4993 diceres,

299 5021 482 5066 utrum
527 5030 594 5070 ex
634 5031 741 5070 una
785 5026 947 5087 atque
984 5020 1253 5074 communi
1302 5022 1536 5076 essentia
1564 5021 1645 5075 vel
1676 5032 1868 5075 natura

297 5103 464 5157 trium
486 5105 906 5162 substantiarum
932 5109 1017 5164 vel
1046 5126 1397 5179 personarum
1428 5113 1665 5168 nascitur
1678 5113 1867 5178 Filius,

296 5200 355 5245 et
380 5193 622 5262 procedit
648 5194 880 5265 Spiritus
907 5208 1147 5265 sanctus,
1171 5214 1239 5255 an
1268 5216 1334 5256 ex
1378 5204 1591 5273 propria
1617 5202 1871 5257 substan-

1973 1918 2052 1966 tre
2083 1914 2495 1980 procedentem,
2526 1930 2706 1969 nonne
2732 1932 3068 1986 consequens
3096 1928 3218 1983 est,
3249 1927 3309 1973 ut
3354 1918 3552 1977 creda-

1969 2018 2089 2058 mus
2134 2014 2192 2059 et
2239 2005 2620 2075 intelligamus,
2649 2022 2717 2061 ex
2748 2008 3049 2062 substantia
3090 2008 3266 2063 Patris
3301 2018 3357 2065 et
3400 2013 3552 2069 nasci

1967 2093 2184 2158 Filium,
2216 2104 2272 2149 et
2300 2098 2590 2166 procedere
2619 2097 2879 2168 Spiritum
2928 2101 3204 2155 sanctum?
3232 2100 3347 2155 Non
3387 2102 3554 2174 igitur

1970 2200 2036 2241 ex
2064 2187 2319 2249 essentia,
2353 2188 2448 2242 sed
2480 2204 2546 2243 ex
2574 2190 2874 2244 substantia
2899 2189 3070 2245 Patris
3105 2201 3162 2246 et
3206 2190 3227 2221 ’
3256 2190 3421 2247 Filius
3450 2208 3553 2246 na—

1969 2278 2162 2343 scitur,
2196 2287 2252 2333 et
2291 2278 2523 2348 Spiritus
2566 2290 2789 2336 sanctus
2821 2283 3086 2351 procedit.
3138 2280 3270 2336 Nam
3313 2293 3370 2337 et
3410 2284 3553 2355 apud

1972 2370 2221 2425 homines
2267 2358 2374 2425 non
2403 2372 2635 2426 dicimus
2680 2389 2747 2427 ex
2794 2374 3063 2427 communi
3096 2384 3315 2435 natura,
3351 2376 3447 2428 sed
3483 2388 3554 2428 ex

1971 2463 2185 2532 propria
2216 2472 2407 2518 natura
2443 2462 2760 2518 nasci-ﬁlios
2782 2464 2857 2527 ‘°;
2886 2464 3160 2534 propriam
3191 2472 3372 2518 autem
3396 2472 3553 2518 natu-

1973 2568 2091 2606 ram
2133 2552 2253 2607 dico
2292 2554 2714 2624 uniuscujusque
2756 2570 3018 2624 personae
3061 2554 3392 2608 individuam
3424 2553 3554 2609 sub-

1972 2636 2246 2699 stantiam.
2269 2643 2403 2698 Nam
2431 2645 2474 2699 si
2497 2660 2562 2699 ex
2584 2646 2856 2699 communi
2883 2657 3069 2699 natura
3098 2647 3343 2701 homines
3364 2661 3553 2699 nasce-

1976 2746 2183 2797 rentur,
2206 2736 2382 2790 nullus
2409 2747 2562 2807 pater
2585 2737 2860 2805 proprimn
2884 2737 3076 2802 lilium,
3100 2738 3179 2792 sic
3207 2737 3387 2791 nullus
3411 2735 3553 2790 ﬁlius

1973 2825 2249 2895 proprium
2282 2836 2493 2895 patrem
2526 2826 2851 2895 possideret.
3364 2814 3369 2819 ”

2044 2917 2132 2971 55.
2176 2917 2280 2971 Sed
2327 2918 2460 2972 haec
2491 2918 2652 2972 altius
2690 2933 2756 2973 ac
2796 2919 2973 2972 verius
3004 2917 3335 2989 cogitantur,
3384 2932 3550 2987 quant

1972 3004 2221 3063 sermone
2251 3006 2618 3078 proferuntur,
2662 3019 2716 3064 ct
2755 3009 2917 3064 altius
2945 3025 3009 3063 ac
3038 3010 3214 3064 verius
3250 3008 3555 3078 intelligun-

1976 3106 2063 3149 tur
2091 3096 2155 3160 ιι,
2180 3112 2338 3164 quam
2366 3098 2689 3168 cogitantur,
2722 3098 2882 3153 altius
2901 3108 3079 3153 autem
3111 3112 3173 3152 ac
3193 3098 3374 3152 verius
3404 3109 3551 3162 sunt.

1974 3202 2136 3257 quam
2167 3178 2564 3260 intelliguntur;
2591 3205 2804 3244 omnem
2826 3190 3088 3260 siquidem
3111 3191 3440 3245 intellectum
3464 3207 3555 3245 sn-

1976 3290 2184 3351 perant.
2211 3280 2345 3336 Nam
2372 3296 2724 3351 quaecunque
2755 3284 2821 3336 de
2843 3282 3275 3352 simplicissimae
3297 3282 3555 3337 bonitatis

1978 3374 2222 3430 trinitate
2244 3376 2516 3438 dicuntur,
2551 3392 2644 3430 seu
2676 3378 3003 3447 cogitantur,
3035 3394 3127 3433 seu
3158 3378 3551 3449 intelliguntur,

1974 3464 2197 3535 vestigia
2225 3467 2488 3533 quaedam
2519 3475 2645 3520 sunt
2689 3475 2851 3536 atque
2885 3467 3246 3537 theophaniae
3274 3469 3548 3527 veritatis.

1975 3572 2081 3611 non
2111 3564 2290 3611 autem
2328 3558 2439 3625 ipsa
2464 3558 2663 3612 veritas
2682 3598 2697 3622 ,
2726 3572 2866 3626 quae
2896 3568 3116 3628 superat
3140 3573 3355 3613 omnem
3404 3560 3559 3613 theo-

1974 3646 2112 3703 riam
2134 3663 2239 3703 non
2262 3647 2434 3703 solum
2458 3648 2756 3712 rationalis.
2779 3663 2965 3703 vermn
2991 3648 3152 3704 etiam
3178 3649 3556 3704 intellectualis

1973 3749 2274 3796 creaturae.
2306 3740 2490 3810 Neque
2510 3741 2653 3795 enim
2678 3741 2797 3795 talis
2820 3741 2996 3796 unitas
3015 3751 3099 3796 est
3122 3756 3217 3797 seu
3240 3742 3454 3796 trinitas
3482 3742 3551 3807 ¹’,

1973 3832 2151 3901 qualis
2172 3832 2241 3886 ab
2269 3831 2373 3884 ulla
2396 3841 2643 3887 creatura
2663 3841 2840 3902 potest
2864 3833 3159 3904 excogitari
3186 3848 3281 3889 seu
3303 3833 3550 3905 intelligi.

1974 3935 2068 3975 seu
2098 3921 2274 3990 aliqua
2304 3920 2610 3990 phantasia,
2637 3920 2883 3989 quamvis
2921 3922 3251 3977 lucidissima
3280 3932 3336 3978 et
3360 3925 3553 3979 verisi-

1975 4012 2218 4077 millima,
2245 4010 2488 4065 formari.
2524 4011 2668 4066 llaec
2698 4013 2842 4066 enim
2870 4015 3050 4067 omnia
3088 4014 3296 4080 fallunt,
3334 4016 3458 4069 dum
3497 4016 3554 4070 in

1973 4106 2054 4160 eis
2085 4104 2204 4159 ﬁnis
2223 4103 2688 4173 contemplationis
2707 4104 2941 4172 ponitur.
2968 4104 3242 4174 Siquidem
3271 4106 3553 4176 plusquam

1976 4200 2151 4253 unitas
2180 4208 2281 4263 est,
2310 4206 2364 4252 et
2389 4198 2671 4268 plusquam
2698 4197 2928 4263 trinitas,
2953 4200 3158 4254 habens
3185 4200 3228 4231 ¹³
3257 4210 3432 4256 tamen
3457 4203 3554 4255 ali-

1973 4290 2102 4358 quid
2133 4290 2199 4345 de
2217 4304 2280 4343 ea
2308 4289 2488 4343 dicere
2516 4296 2571 4342 et
2592 4289 2828 4359 cogitare
2855 4298 2909 4343 et
2939 4290 3256 4360 intelligere,
3286 4300 3552 4361 quantum

1976 4379 2275 4435 intellectus
2310 4394 2428 4434 eam
2459 4378 2703 4449 attingit,
2738 4393 2889 4433 sacra
2923 4380 3187 4451 theologia
3216 4382 3352 4436 duce
3387 4391 3553 4451 atque

1978 4472 2255 4539 magistra,
2282 4479 2342 4523 ut
2361 4471 2594 4539 quodam
2621 4470 2780 4523 modo
2808 4470 3087 4523 materiam
3114 4471 3410 4527 habeamus
3437 4472 3554 4527 lau-

1978 4561 2135 4614 dandi
2164 4576 2282 4615 eam
2313 4572 2473 4631 atque
2499 4560 2866 4615 benedicentli.
2892 4560 3023 4616 Nam
3046 4570 3100 4615 et
3126 4578 3366 4618 smnmos
3389 4579 3554 4633 ange—

1975 4653 2056 4708 los
2076 4656 2455 4722 proximasque
2480 4656 2527 4709 ei
2559 4654 2787 4709 virtutes
2807 4653 2967 4708 veluti
2990 4656 3150 4724 pedes
3173 4665 3227 4711 et
3258 4657 3423 4713 iacies
3452 4658 3554 4712 alis

1973 4747 2086 4800 suis
2108 4745 2305 4809 velare,
2337 4761 2489 4799 sacra
2517 4746 2804 4799 continuat
2828 4746 2871 4777 ’δ
2902 4747 3166 4817 theologia
3187 4788 3202 4811 ,
3235 4749 3389 4803 nobis
3417 4750 3552 4803 insi-

1973 4852 2147 4889 nuans
2187 4836 2232 4866 ¹⁸
2258 4835 2517 4889 caelestes
2546 4834 2791 4898 virtutes,
2828 4851 3067 4889 summac
3119 4837 3341 4892 trinitali
3390 4847 3554 4907 atque

1972 4927 2164 4980 unitati
2200 4941 2412 4994 semper
2442 4936 2496 4981 et
2521 4926 2923 4981 intmutabilitcr
2952 4928 3330 4992 adhaerentes,
3360 4931 3551 4983 timere

1977 5031 2061 5079 ea,
2092 5032 2230 5086 quae
2256 5032 2416 5086 supra
2461 5031 2519 5070 se
2563 5026 2704 5075 sunt.
2737 5032 2800 5070 ac
2835 5028 3145 5072 reverenter
3174 5018 3547 5087 contemplari.

1974 5110 2106 5165 Alae
2134 5109 2398 5177 siquidem
2435 5123 2620 5163 earum
2648 5108 2694 5139 ¹⁶
2722 5109 2962 5164 theoriae
2986 5119 3131 5173 sunt,
3169 5109 3362 5179 quibus
3384 5110 3549 5178 pedes

1975 5214 2102 5255 suos
2126 5200 2303 5253 velare
2325 5198 2662 5252 allirmantur
2694 5198 2758 5264 ",
2783 5208 2838 5253 et
2866 5196 3031 5254 facies
3058 5198 3306 5254 timentes
3327 5198 3547 5265 intueri,

1571 5333 1820 5388 VARlAE
1858 5331 2257 5389 LECTIONES.

367 5462 388 5495 ι
423 5456 515 5511 Sic
534 5457 605 5525 C;
633 5462 676 5515 Δ
704 5479 775 5517 an
796 5481 860 5519 ex
884 5469 1128 5521 essentia.
1200 5468 1275 5523 Ἀ
1303 5484 1370 5523 an
1396 5485 1462 5523 ea:
1489 5470 1807 5525 substantia.
1880 5470 1900 5501 ³
1927 5478 2000 5523 est
2024 5484 2132 5522 om.
2161 5468 2222 5523 C.

2303 5467 2326 5499 ⁵
2354 5467 2394 5520 C
2420 5466 2644 5523 Sanctus
2668 5468 2895 5538 quidem.
2975 5467 2996 5500 '
3022 5468 3066 5522 A
3095 5469 3239 5523 dicit.
3310 5470 3332 5503 ⁸
3362 5470 3450 5526 Sic
3473 5471 3513 5526 C
3530 5489 3545 5535 ;

301 5544 346 5583 Α
638 5533 658 5564 τ
692 5534 783 5589 Sic
829 5538 899 5610 C;
940 5538 985 5589 A
1014 5540 1266 5591 subsistit.
1344 5541 1365 5570 ³
1396 5539 1487 5593 Sic
1515 5541 1585 5603 (ἒς
1638 5542 1678 5594 Α
1699 5540 1823 5610 ipse.
1895 5541 1916 5571 ⁹
1948 5541 2092 5593 nasci
2118 5540 2287 5606 ﬁlium
2314 5550 2359 5592 et
2399 5530 2761 5608 proredcré—
2778 5551 2823 5591 rt
2848 5555 2954 5591 om.
2995 5538 3057 5592 Ο.
3116 5540 3176 5610 7”
3200 5548 3388 5593 natura
3407 5530 3547 5609 ﬁlios

302 5599 470 5673 nasci.
501 5603 589 5654 sed
610 5620 674 5656 ex
697 5609 906 5673 propria
941 5618 1151 5660 natura.

300 5672 343 5721 A
380 5684 563 5748 Sarrae
584 5672 850 5730 trinitatis.
932 5677 973 5708 ¹³
999 5679 1063 5748 A“
1091 5678 1249 5732 lubet.

1331 5680 1374 5710 “
1407 5681 1451 5733 A
1504 5681 1786 5749 confertus.

298 5746 529 5789 muntur.

1234 5611 1275 5642 ¹¹
1306 5619 1351 5663 et
1383 5610 1540 5663 altius
1590 5629 1652 5663 ac
1703 5614 1872 5664 verius
1903 5611 2345 5678 intelligimtur—
2366 5610 2725 5680 intelliguntur
2755 5625 2865 5661 om.
2896 5610 2960 5662 (ἶ.

1236 5716 1249 5730 .
1331 5680 1374 5710 ⁸⁸
1407 5681 1451 5733 Α
1504 5681 1786 5736 conforme.
1866 5681 1912 5719 "
1966 5684 2056 5736 Sic
2114 5679 2185 5736 (3;
2237 5680 2281 5733 A
2327 5680 2615 5733 insinuant.
2696 5680 2739 5710 ¹⁶
2782 5695 2960 5731 earum

1985 5684 2056 5736 Sic
2114 5679 2185 5744 (1;
2237 5680 2281 5733 Α
2327 5679 2615 5733 insinuant.

3041 5610 3083 5639 ¹²
3112 5609 3213 5663 Pro
3228 5625 3315 5664 seu
3341 5612 3546 5663 trinitas

2696 5680 2739 5710 ¹⁶
2782 5695 2962 5731 earum
2997 5693 3107 5734 om.
3154 5679 3216 5736 C.
3297 5680 3337 5714 "
3367 5681 3408 5737 Ο
3434 5680 3546 5749 [or-
