4064 6292
414 4956 531 5301 l

569 361 674 420 615

1897 347 2177 405 JOANNIS
2215 346 2411 402 SCO'I'I

3726 338 3827 395 616

565 475 838 549 quomodo
878 482 1063 528 sancta
1114 467 1324 525 trinitas
1366 476 1421 522 et
1467 464 1840 537 inseparabilis
1885 465 2063 519 unitas
2112 478 2142 516 a
2173 469 2218 526 Α
2251 459 2474 514 visibilis
2517 466 2573 512 et
2607 454 2886 512 invisibilis
2931 451 3163 509 mundus
3198 442 3462 507 formatur
3503 459 3560 507 et
3600 447 3826 521 regitur.

567 583 779 626 summo
813 580 983 636 usque
1012 565 1263 619 deorsum
1303 576 1400 632 per
1437 559 1617 615 omnia
1655 556 1971 614 diffunditur
1996 559 2038 623 ¹,
2092 565 2149 611 et

565 677 673 731 quo
704 659 861 712 modo
889 671 1105 711 onmem
1150 661 1368 723 superat
1409 651 1758 714 intellectmn,
1791 659 1845 705 et
1885 648 1953 703 ab
1997 647 2145 704 omni

564 753 635 807 sit
661 752 949 805 ’creatnra
975 746 1171 801 visibili
1218 754 1273 799 et
1310 732 1563 797 invisibili
1596 743 1650 796 in
1696 741 1957 795 inﬁnitam
2001 740 2021 771 '
2052 755 2148 794 na-

571 854 726 896 turae
754 837 1252 893 snae'altitudinem
1284 842 1509 888 remota.
1550 830 1923 886 Verumtamen
1963 839 2017 885 et
2050 831 2148 884 bo-

566 933 742 985 mines
796 928 917 998 puri
969 936 1024 982 et
1068 923 1243 995 angeli
1294 937 1511 993 semper
1549 931 1606 976 et
1645 922 1975 975 incessanter
2024 935 2145 974 eam

562 1022 883 1091 conspicere
920 1026 1209 1088 appetunt,
1257 1015 1400 1084 quod
1463 1012 1488 1045 ‘
1526 1012 1877 1081 contemplari
1923 1028 2018 1081 per
2060 1026 2146 1067 see

564 1115 740 1184 ipsum
793 1113 814 1144 ⁸
862 1118 1158 1180 nequeunt,
1206 1117 1262 1163 et
1306 1107 1409 1161 hoc
1442 1120 1540 1175 per
1587 1104 1886 1158 mediarum
1935 1103 2143 1157 alarmn

561 1203 799 1256 volatum
824 1198 1177 1271 signiﬁcatur.
1216 1195 1352 1250 llinc
1382 1193 1660 1261 Scriptura
1691 1192 1821 1247 dicit
1848 1210 1863 1246 :
1891 1192 1958 1246 In
1991 1208 2143 1263 quem

562 1292 933 1361 concupiscunt
979 1287 1001 1319 ⁸
1025 1285 1196 1357 angeli
1222 1287 1534 1356 prospicere.
1562 1284 1656 1338 Est
1682 1284 1826 1338 enim
1853 1283 2143 1343 inﬁnitum.

563 1381 704 1449 quod
718 1379 1028 1449 quaerunt’,
1042 1387 1096 1433 et
1110 1374 1667 1445 incomprehensibilis,
1683 1375 1823 1443 quod
1839 1374 2142 1444 appetunt“,

559 1483 617 1530 et
640 1490 802 1545 super
824 1473 1073 1529 ’omnem
1100 1470 1425 1525 intellectum
1443 1508 1458 1533 ,
1482 1470 1624 1538 quod
1650 1468 2037 1537 concupiscunt
2066 1466 2141 1533 ³⁸,

560 1575 616 1619 et
630 1566 696 1620 ab
708 1564 851 1619 omni
869 1571 1116 1617 creatura
1129 1559 1442 1615 exaltatum.
1457 1558 1708 1612 Attamen
1722 1558 1786 1612 ad
1812 1558 1911 1611 hoc
1933 1572 2143 1611 summa

562 1666 725 1724 atque
754 1654 935 1709 divina
962 1653 1140 1707 unitas
1162 1659 1341 1705 movet
1368 1648 1602 1717 seipsam
1628 1648 1681 1703 in
1710 1652 1752 1686 υ
1780 1647 2144 1703 intellectlnts

560 1746 818 1818 angelicis
865 1760 958 1801 seu
995 1742 1265 1806 humanis,
1315 1749 1375 1795 ut
1420 1742 1486 1795 de
1521 1754 1585 1795 ea
1635 1739 1919 1793 materiam
1964 1738 2140 1793 laudis

2252 550 2483 619 lleoque
2506 564 2534 603 a
2564 548 2893 604 Graecorum
2941 544 3272 615 sapientibus
3297 543 3614 616 πρωτὸτυπα
3649 543 3828 612 appel-

2249 641 2349 696 lari
2379 651 2690 696 meruerunt
2712 681 2726 705 ,
2758 641 2859 695 hoc
2882 628 2994 707 est,
3025 637 3339 708 principalia
3367 637 3612 707 exempla
3635 677 3651 699 ,
3686 651 3829 706 quae

2249 729 2414 787 Pater
2439 732 2489 785 in
2519 732 2653 785 Filio
2683 730 2832 794 feeit,
2863 738 2917 783 et
2939 744 3036 798 per
3061 728 3322 797 Spiritum
3344 740 3589 782 sanctum
3619 728 3671 781 in
3697 727 3829 782 eﬂ'e-

2249 832 2372 878 ctus
2392 838 2519 877 suos
2544 822 2732 876 dividit
2755 831 2916 890 atque
2942 819 3279 890 multiplicat.
3311 823 3672 897 Προορίσματα
3692 834 3829 888 quo-

2248 931 2353 985 que
2374 925 2636 971 vocantur
2665 914 2733 980 “,
2756 913 2808 968 id
2832 921 2916 968 est
2958 912 3507 983 praedestinationes;
3537 912 3591 965 in
3622 912 3753 981 ipsis
3776 911 3828 949 "

2247 1009 2413 1072 enim,
2440 1020 2795 1077 quaecunque
2820 1005 3001 1060 divina
3043 1005 3331 1074 prudentia
3358 1014 3413 1059 et
3444 1004 3582 1058 linat
3605 1013 3662 1059 et
3685 1002 3825 1059 facta

2248 1107 2371 1153 sum
2400 1109 2455 1152 et
2489 1099 2665 1151 futura
2697 1105 2840 1159 sunt,
2868 1095 3027 1151 simul
3052 1104 3109 1150 et
3128 1095 3293 1150 semel
3311 1104 3367 1149 et
3389 1096 3437 1127 ⁸⁸
3470 1096 3827 1150 incommuta-

2245 1189 2427 1244 biliter
2457 1188 2858 1258 praedestinata
2896 1195 3024 1241 sunt
3049 1187 3116 1239 ".
3144 1184 3230 1239 Nil
3256 1184 3400 1240 enim
3429 1184 3746 1239 naturaliter
3773 1185 3827 1238 iu

2244 1289 2491 1335 creatura
2503 1277 3028 1333 visibilietinvisibili
3045 1276 3238 1339 oritur,
3265 1284 3481 1346 praeter
3505 1275 3647 1345 quod
3676 1275 3728 1328 in
3748 1276 3829 1329 eis

2244 1381 2370 1426 ante
2394 1372 2576 1427 omnia
2597 1382 2838 1442 tempora
2864 1380 2917 1425 et
2946 1371 3060 1426 loca
3084 1370 3493 1440 pracdefmitum
3517 1379 3572 1423 et
3610 1384 3829 1439 praeor-

2245 1470 2487 1524 dinatum
2526 1477 2628 1523 est.
2672 1468 2804 1523 Item
2840 1484 2871 1522 a
2915 1465 3250 1537 philosophis
3291 1468 3403 1522 Ocior
3449 1468 3730 1537 οπὶήματα,
3776 1465 3829 1518 id

2244 1569 2345 1622 est.
2373 1560 2587 1615 divinae
2609 1559 2916 1614 voluntates
2938 1558 3202 1612 nominari
3223 1556 3419 1620 solent,
3435 1557 3692 1625 quoniam
3712 1571 3830 1612 om-

2242 1651 2353 1715 nia,
2384 1664 2741 1720 qnaecunqne
2764 1648 2933 1703 voluit
2955 1648 3097 1703 Deus
3124 1646 3323 1711 facere,
3347 1648 3400 1701 in
3434 1647 3566 1716 ipsis
3592 1647 3823 1714 primor-

2243 1742 2457 1796 dialiter
2503 1750 2558 1797 et
2600 1740 2890 1796 causaliter
2933 1739 3081 1805 fecit,
3121 1749 3177 1794 et
3209 1754 3348 1808 quae
3382 1737 3560 1791 futura
3587 1746 3733 1800 sunt,
3772 1736 3826 1789 in

560 1853 688 1892 suae
713 1845 770 1892 et
798 1833 1184 1905 intelligentiae
1220 1846 1369 1895 suae,
1411 1840 1671 1900 quantum
1703 1838 1988 1885 creaturae
2012 1844 2146 1884 con-
2175 1836 2217 1894 Β
2245 1832 2326 1886 eis
2351 1841 2474 1887 ante
2493 1832 2709 1888 saecula
2734 1831 2875 1887 facta
2903 1841 3044 1886 sunt.
3072 1831 3149 1885 Ac
3171 1846 3269 1900 per
3293 1831 3394 1884 hoc
3417 1829 3685 1899 principia
3713 1844 3820 1882 om-

559 1930 789 1992 ccditnr,
815 1925 1111 1989 inveniant,
1135 1923 1429 1977 trinitatem
1455 1921 1505 1974 in
1526 1922 1732 1974 unitate
1758 1921 2135 1990 percipientes.

558 2020 713 2073 Sicut
735 2018 811 2071 ait
855 2023 1073 2069 sanctus
1120 2011 1399 2080 theologus
1426 2010 1716 2079 Gregorius
1742 2010 1794 2063 in
1820 2010 1996 2080 primo
2022 2025 2140 2065 ser-

556 2092 717 2165 mone
741 2109 807 2163 de
830 2107 969 2162 Filio
999 2124 1013 2159 :
1046 2104 1362 2174 PrOpterea,
1393 2102 1587 2169 inquit,
1613 2118 1797 2155 manas
1831 2118 1862 2155 a
1884 2101 2139 2172 principio

556 2204 612 2255 in
639 2201 813 2271 dyada
847 2208 986 2252 mota
1024 2213 1183 2265 usque
1215 2197 1271 2249 in
1294 2195 1463 2247 triade
1487 2193 1529 2223 ¹²
1557 2203 1678 2246 stat.
1721 2192 1891 2260 Quam
1919 2202 2137 2248 senten-

556 2297 688 2347 tiam
732 2293 922 2346 beatus
963 2288 1227 2341 Maximus
1273 2284 1512 2355 exponit,
1558 2284 1784 2337 dicens:
1825 2282 2063 2337 Movetur
2092 2282 2138 2314 “

558 2398 779 2450 sitimque
804 2381 857 2432 in
883 2380 1138 2447 acceptivo
1164 2377 1247 2430 sui
1274 2373 1537 2429 intellectu
1562 2376 1665 2427 sive
1690 2373 1736 2404 “
1764 2373 1998 2444 angelico
2032 2373 2139 2427 sive

556 2480 805 2537 humano,
827 2488 919 2542 per
939 2471 1127 2541 ipsam,
1159 2480 1206 2524 et
1226 2470 1283 2522 in
1307 2470 1421 2539 ipsa
1450 2462 1809 2537 inquisitiones
1829 2470 1892 2520 de
1921 2467 2033 2535 ipsa
2055 2465 2140 2534 fa-

555 2570 743 2622 ciente.
777 2565 847 2620 Et
890 2564 1084 2619 clarius
1123 2564 1447 2619 dicendum:
1483 2564 1629 2618 docet
1668 2563 1836 2633 ipsam
1873 2564 1929 2617 in
1966 2564 2136 2633 prima

554 2663 668 2715 acie
696 2660 965 2730 impertire
992 2658 1057 2713 de
1091 2658 1312 2712 ntonade
1342 2658 1613 2719 rationem,
1648 2667 1701 2709 ut
1732 2673 1837 2710 non
1874 2655 2137 2725 separatio

555 2753 609 2803 in
626 2767 679 2819 pi
690 2749 797 2802 iuta
814 2747 858 2780 "
870 2747 1072 2803 causali
1084 2752 1157 2801 int
1166 2747 1448 2801 reducatur
1463 2763 1481 2812 ;
1495 2758 1755 2817 promovet
1773 2745 1817 2777 ¹⁶
1838 2762 1954 2800 vero
1968 2746 2136 2815 ipsam

554 2840 812 2894 rationem
838 2839 996 2893 etiam
1019 2839 1252 2892 divinam
1279 2846 1327 2891 et
1358 2835 1674 2906 ineffabilem
1706 2836 1870 2906 ipsius
1905 2835 2135 2889 causalis

553 2931 925 3001 fecunditatem
971 2932 1223 3000 accipere,
1265 2928 1442 2982 dicens
1483 2928 1697 2998 mystice
1738 2938 1892 2997 atque
1937 2925 2136 2980 occulte

552 3025 652 3093 ipsi
674 3022 981 3087 intellectui,
1014 3037 1116 3076 non
1136 3018 1725 3089 aportereinfecundum
1751 3033 1880 3081 esse,
1904 3033 2134 3087 unquam

552 3116 783 3186 sapere"
802 3115 933 3169 illud
963 3115 1213 3184 optimum
1235 3110 1388 3166 Verbi
1405 3127 1468 3164 ac
1480 3111 1767 3180 sapientiae
1795 3108 1872 3163 vel
1900 3108 2133 3177 sanctiﬁ-

2242 1925 2391 1979 nimn
2419 1926 2672 1979 dicuntur
2694 1939 2814 1979 esse
2832 1964 2846 1988 ,
2874 1923 3127 1992 quoniam
3149 1921 3329 1976 omnia
3353 1962 3367 1985 ,
3390 1936 3746 1991 quaecunque
3773 1922 3825 1973 iu

2244 2024 2493 2069 creatura
2520 2014 2635 2070 sive
2656 2013 2855 2069 visibili
2882 2015 2995 2068 sive
3024 2013 3280 2067 invisibili
3308 2013 3618 2066 sentiuntur
3637 2012 3722 2064 vel
3750 2012 3822 2064 in-

2241 2105 2579 2174 lelligttttlttr,
2631 2120 2817 2159 eorum
2876 2105 3287 2174 participatione
3334 2103 3658 2174 subsistu_nt.
3709 2102 3824 2172 Ipsa

2239 2213 2371 2251 vero
2398 2196 2554 2251 unius
2576 2197 2948 2251 universorum
2974 2211 3193 2260 causae,
3218 2211 3460 2249 summae
3487 2194 3737 2249 videlicet
3763 2209 3825 2247 ac

2240 2297 2462 2342 sanetae
2499 2287 2806 2352 Trinitatis,
2830 2287 3271 2357 participationes
3310 2294 3459 2351 sunt,
3500 2294 3665 2355 atque
3707 2285 3826 2339 ideo

2243 2394 2340 2449 per
2365 2394 2424 2433 se
2452 2378 2706 2432 dicuntur
2746 2392 2887 2441 esse,
2931 2379 3056 2448 quia
3083 2377 3227 2431 nulla
3258 2386 3508 2432 creatura
3536 2376 3683 2431 inter
3714 2376 3823 2445 ipsa

2241 2480 2297 2525 et
2322 2484 2483 2523 unam
2509 2469 2750 2524 omnium
2786 2484 3004 2523 causam
3041 2468 3357 2537 interposita
3385 2476 3490 2522 est.
3525 2467 3594 2521 Et
3628 2468 3684 2522 in
3711 2468 3824 2536 ipsa

2241 2564 2368 2617 dum
2408 2561 2819 2616 innnutahiliter
2859 2561 3178 2624 subsistunt,
3215 2558 3593 2630 primordiales
3629 2573 3823 2613 causas

2238 2656 2463 2710 aliarum
2506 2653 3290 2723 causarunuseqnemipglse
3329 2661 3451 2706 sunt
3478 2652 3525 2681 ³⁸
3550 2665 3724 2721 usque
3758 2650 3824 2703 ad

2221 2755 2516 2801 ‘extremos
2540 2746 2702 2799 totius
2725 2752 2949 2798 naturae
2974 2744 3222 2809 conditae
3242 2752 3298 2795 et
3316 2743 3370 2795 in
3395 2724 3668 2794 inﬁnitum
3692 2739 3823 2793 mul-

2234 2829 2507 2905 tiplicatae
2533 2835 2812 2897 terminos,
2828 2834 2879 2887 in
2898 2835 2942 2872 ³⁸
2966 2833 3233 2888 inlinitum
3253 2832 3394 2895 dico,
3423 2847 3528 2885 non
3552 2830 3815 2892 Creatori,

2237 2930 2332 2982 sed
2365 2936 2681 2991 creaturae;
2722 2926 2843 2981 linis
2872 2926 3016 2980 enim
3048 2923 3508 2994 Innltiplicationis
3544 2933 3821 2977 creatura-

2238 3036 2353 3073 rmn
2379 3020 2476 3073 soli
2506 3019 2748 3074 Creatori
2771 3019 3018 3088 cognitus
3042 3026 3148 3081 est,
3170 3016 3294 3085 quia
3324 3016 3440 3084 ipse
3464 3023 3520 3068 et
3547 3029 3656 3069 non
3686 3013 3820 3066 alios

2237 3121 2339 3165 est.
2392 3108 2530 3164 Sunt
2577 3108 2741 3179 igitur
2773 3108 3148 3179 primordialcs
3186 3124 3414 3173 causae,
3457 3122 3597 3178 quas
3644 3124 3819 3163 rerum

552 3209 750 3263 cativae
780 3207 823 3239 ³⁸
849 3209 1048 3262 virtutis
1079 3205 1491 3274 coessentiaeque
1519 3204 1560 3235 “
1596 3206 1651 3256 in
1671 3203 1995 3267 substantiis,
2031 3219 2134 3255 non
2161 3193 2205 3255 C
2237 3192 2475 3255 omnium
2502 3201 2765 3270 principia
2801 3200 2968 3255 divini
2995 3202 3263 3270 sapientes
3288 3200 3584 3270 appellant,
3622 3214 3720 3271 per
3739 3215 3818 3255 se-

549 3307 609 3351 ut
635 3298 975 3366 compositum
1003 3311 1068 3349 ea:
1090 3295 1169 3348 Itis
1194 3293 1511 3362 suscipiatur
1530 3292 1783 3353 divinant,
1812 3291 1966 3360 quasi
1992 3290 2132 3342 acci-

552 3388 796 3441 dentibus
820 3397 868 3440 et
893 3402 995 3440 non
1022 3387 1075 3439 in
1102 3386 1175 3439 eis
1212 3384 1493 3438 subsistens
1519 3382 1782 3436 credatur.
1810 3379 2007 3434 Moveri
2028 3379 2133 3433 ita-

550 3495 651 3548 que
681 3476 939 3530 Divinitas
965 3476 1158 3529 dicitur
1176 3515 1191 3538 ,
1217 3491 1377 3528 causa
1406 3475 1592 3544 quippe
1613 3482 1709 3535 est,
1739 3487 1830 3541 per
1848 3487 1999 3541 quem
2019 3486 2133 3523 mo-

551 3570 678 3620 dum
722 3566 953 3619 subsistit
999 3564 1383 3635 inquisitionis;
1428 3579 1550 3617 nam
1597 3564 1708 3615 sine
1747 3561 2129 3615 illuminatione

546 3656 743 3711 intueri
803 3655 1132 3709 Divinitatem
1178 3652 1573 3722 impossibilium
1608 3662 1703 3705 est.
1754 3650 1885 3704 Item
1938 3651 2131 3702 dicitur

551 3748 749 3801 moveri
775 3764 867 3817 per
888 3746 1361 3816 manifestationem
1390 3742 1785 3813 particulariter
1805 3742 2128 3811 perfectioris

550 3841 616 3893 de
644 3842 758 3910 ipsa
788 3838 1005 3892 rationis
1033 3837 1316 3892 secundum
1348 3850 1552 3890 sacram
1589 3833 1918 3903 Scripturam
1950 3834 2015 3886 ab
2044 3835 2127 3887 in-

546 3934 771 3987 choante
799 3932 1009 3987 Patrem
1029 3931 1260 4000 conﬁteri
1284 3942 1329 3983 et
1364 3938 1692 3999 promovente
1716 3929 1786 3982 ad
1812 3928 1859 3959 "
1879 3928 2128 3997 conﬁten-

545 4024 676 4077 dum
704 4039 819 4077 cum
837 4022 997 4077 Patre
1016 4022 1061 4075 F
1065 4023 1233 4086 ilium,
1257 4032 1302 4075 et
1321 4038 1437 4075 cum
1466 4021 1627 4076 Patre
1651 4032 1699 4075 et
1718 4019 1858 4074 Filio
1876 4019 2129 4088 Spiritum

548 4124 790 4167 sanctum
820 4113 1203 4182 accipiendum,
1227 4121 1274 4166 et
1301 4112 1589 4165 coadorare
1615 4113 1844 4165 eruditos
1866 4111 2126 4179 pulsante,

549 4203 836 4256 trinitatem
856 4202 1136 4271 perfectam
1164 4202 1219 4254 in
1248 4202 1448 4255 unitate
1472 4200 1723 4271 perfecta,
1747 4201 1803 4255 id
1844 4209 1940 4263 est,
1969 4215 2129 4253 unam

547 4294 827 4347 essentiam
856 4303 901 4346 et
929 4293 1175 4346 deitatem
1219 4303 1267 4347 et
1312 4294 1595 4359 potentiam
1619 4300 1668 4345 et
1694 4292 2047 4361 Operationem
2072 4291 2129 4344 in

549 4384 717 4437 tribus
760 4383 1081 4437 substantiis.
1136 4382 1231 4437 His
1280 4385 1460 4453 itaque
1507 4384 1573 4437 de
1628 4397 1837 4438 sununa
1887 4384 2128 4436 onmium

552 4487 715 4526 causa
743 4487 1026 4527 causarmn
1050 4475 1345 4527 secundum
1370 4474 1692 4542 parvitatem
1717 4482 1933 4528 nostrae
1955 4475 2130 4528 inten-

2234 3293 2405 3361 ipsam
2436 3293 2670 3357 bonitas,
2716 3307 2815 3362 per
2860 3292 3093 3362 seipsam
3139 3293 3403 3357 essentia,
3443 3307 3541 3363 per
3589 3294 3815 3363 seipsam

2231 3385 2364 3446 vita,
2394 3398 2491 3452 per
2519 3383 2751 3452 seipsam
2779 3383 3042 3452 sapientia
3061 3424 3074 3447 ,
3101 3398 3197 3452 per
3217 3384 3447 3452 seipsam
3478 3384 3702 3447 veritas,
3726 3398 3817 3453 per

2231 3475 2462 3543 seipsam
2496 3473 2799 3529 intellectus
2820 3515 2834 3538 ,
2864 3489 2962 3542 per
2993 3473 3224 3543 seipsam
3254 3476 3394 3528 ratio
3414 3514 3428 3539 ,
3468 3489 3567 3544 per
3587 3476 3815 3545 seipsam

2228 3567 2431 3630 virtus,
2460 3581 2558 3636 per
2580 3565 2812 3636 seipsam
2838 3565 3046 3634 jnstitia
3069 3606 3085 3631 ,
3119 3582 3217 3637 per
3245 3568 3479 3635 seipsam
3507 3568 3687 3633 salus,
3714 3583 3808 3637 per

2230 3660 2463 3728 seipsam
2502 3658 2844 3725 magnitudo,
2872 3675 2969 3729 per
2996 3660 3232 3730 seipsam
3258 3661 3690 3730 omnipotentia,
3725 3674 3815 3729 per
3878 3660 3889 3727 ξ

2231 3750 2461 3819 seipsam
2487 3750 2802 3813 aeternitas,
2828 3765 2922 3820 per
2944 3750 3177 3819 seipsam
3210 3767 3331 3819 pax,
3358 3760 3410 3805 et
3428 3766 3623 3805 omnes
3654 3752 3814 3804 virtu-
3864 3730 3883 3820 ἶ

2230 3853 2311 3897 tes
2332 3850 2388 3897 et
2413 3842 2670 3906 rationes,
2696 3857 2833 3913 quas
2864 3844 3031 3897 semel
3053 3852 3109 3897 et
3131 3843 3290 3898 simul
3315 3843 3476 3897 Pater
3504 3844 3633 3898 fecit
3657 3844 3707 3897 in
3732 3843 3813 3897 Fi-

2231 3933 2326 3995 lio,
2349 3942 2403 3987 et
2426 3933 2721 3986 secuudum
2749 3947 2886 4001 quas
2909 3934 3045 3988 ordo
3072 3935 3312 3987 oninimn
3343 3950 3523 3987 rerum
3550 3949 3579 3987 a
3603 3950 3811 3989 somnio

2232 4040 2401 4093 usque
2457 4026 2707 4078 deorsum
2760 4026 2988 4088 texitur,
3038 4025 3141 4079 hoc.
3180 4034 3292 4090 est,
3345 4027 3414 4078 ab
3469 4025 3814 4080 intellectuali

2230 4126 2500 4180 creatura,
2536 4131 2672 4185 quae
2711 4115 2819 4170 Deo
2850 4126 2972 4185 post
3001 4116 3169 4170 Deum
3206 4116 3456 4185 proxima
3494 4125 3603 4179 est,
3647 4129 3815 4185 usque

2230 4207 2297 4262 ad
2325 4216 2630 4262 extremum
2664 4222 2843 4262 rerum
2873 4208 3115 4262 omnium
3141 4208 3420 4272 ordinem,
3455 4223 3563 4275 quo
3589 4221 3812 4276 corpora

2231 4299 2591 4353 continentur.
2626 4298 2990 4368 Quaecunque
3011 4300 3155 4353 enim
3185 4300 3321 4353 bona
3350 4308 3499 4364 sunt,
3526 4301 3813 4369 participa-

2232 4391 2377 4444 tione
2412 4406 2507 4459 per
2535 4406 2593 4445 se
2626 4392 2808 4446 boni”
2830 4391 2968 4446 bona
3000 4401 3153 4457 sunt;
3182 4402 3236 4445 et
3252 4406 3608 4461 quaecunque
3634 4408 3813 4445 essen-

2237 4480 2437 4534 tialiter
2480 4490 2536 4535 et
2576 4482 3006 4536 substantialitcr
3045 4481 3363 4544 subsistunt,
3405 4482 3813 4551 participatione

548 4562 713 4616 tionis
732 4601 746 4626 ,
772 4576 985 4629 quoquo
1008 4563 1166 4616 modo
1194 4564 1305 4617 sint
1325 4565 1392 4629 “,
1425 4564 1780 4634 investigatis,
1812 4579 1916 4619 non
1949 4577 2130 4618 autem

2238 4572 2406 4640 ipsius
2431 4587 2528 4641 per
2553 4575 2788 4642 seipsam
2810 4574 3077 4628 essentiae
3103 4573 3435 4637 subsistunt;
3460 4587 3813 4643 quaecunque

552 4664 759 4708 temere
790 4654 1048 4718 delinitis,
1076 4657 1142 4708 ad
1169 4656 1543 4725 primordiales
1577 4671 1787 4720 causas,
1824 4657 1967 4711 circa
1993 4673 2129 4725 quas

549 4753 735 4798 nostra
778 4744 1069 4814 disputatio
1115 4756 1397 4812 versatur,
1445 4748 1797 4803 redeundum.
1839 4748 1988 4802 Dtsc.
2020 4748 2127 4802 lie-

553 4834 825 4888 deundum
856 4849 1020 4900 sane;
1057 4837 1189 4890 satis
1216 4837 1361 4891 enim
1389 4839 1433 4869 ”
1466 4841 1531 4892 de
1558 4840 1642 4893 bis
1669 4850 1753 4893 est
1782 4849 1982 4893 actum.

621 4923 713 4978 56.
749 4922 889 4979 MAG.
921 4924 1128 4981 Causae
1159 4927 1340 4996 itaque
1364 4929 1739 4997 primordiales
1783 4939 1935 4992 sunt,
1982 4928 2125 4998 quod

547 5019 607 5066 et
661 5011 718 5067 in
755 5014 1200 5083 praecedentibus
1253 5017 1517 5083 dixeram,
1563 5035 1698 5088 quas
1745 5018 1937 5075 Graeci
1978 5021 2127 5076 ideas

545 5113 764 5167 vocant,
794 5103 897 5158 hoc
928 5114 1028 5168 est,
1054 5108 1260 5175 species
1286 5111 1366 5162 vel
1392 5111 1588 5165 fortnas
1616 5121 1863 5166 aeternas
1885 5112 1929 5142 ”
1956 5122 2009 5166 et
2042 5113 2124 5166 in-

552 5196 963 5253 commutabiles
989 5201 1245 5266 rationes,
1278 5203 1569 5257 secundum
1595 5218 1747 5271 quas,
1772 5204 1901 5258 etin
1931 5205 2125 5272 quibus

2234 4662 2441 4729 vivunt,
2476 4664 2890 4734 participatione
2927 4679 3023 4734 per
3055 4662 3287 4733 seipsam
3326 4665 3468 4718 vitae
3504 4664 3671 4717 vitam
3696 4678 3815 4733 pos-

2235 4754 2431 4809 sident.
2462 4754 2723 4810 Similiter
2745 4771 3095 4826 quaecunque
3118 4757 3401 4826 sapiuntct
3427 4755 3733 4826 intelligunt
3760 4764 3814 4810 et.

2231 4844 2573 4899 rationabilia
2595 4857 2738 4910 sunt,
2767 4847 3182 4915 participatione
3203 4861 3299 4916 per
3316 4847 3561 4915 seipsam
3596 4846 3812 4917 sapien-

2232 4934 2357 5000 tiae,
2397 4944 2453 4990 et
2490 4953 2585 5007 per
2621 4939 2853 5007 seipsam
2899 4939 3317 5009 intelligentiae,
3358 4949 3409 4994 et
3448 4954 3547 5008 per
3579 4942 3811 5008 seipsam

2230 5026 2459 5081 rationis
2481 5029 2899 5098 participatione
2928 5030 3165 5099 sapiunt,
3200 5039 3254 5084 et
3286 5030 3616 5097 intelligunt,
3643 5039 3702 5083 et
3729 5044 3814 5081 ra-

2231 5117 2578 5172 tiocinantur.
2646 5121 2844 5174 Eodem
2910 5123 3071 5175 modo
3127 5124 3195 5177 de
3254 5123 3451 5177 ceteris
3496 5122 3807 5176 dicendum.

2231 5205 2388 5263 Nulla
2421 5209 2685 5278 siquidem
2710 5210 2901 5276 virtus,
2934 5211 3047 5267 sive
3073 5212 3363 5282 generalis,
3396 5212 3510 5265 sive
3535 5209 3811 5281 specialis,

1835 5333 2089 5390 VARIAE
2122 5335 2524 5393 LECTIONES.

629 5438 1092 5513 ‘Cde/funditur.
1149 5443 1256 5496 ’sit
1295 5456 1403 5497 om.
1434 5442 1495 5497 C.
1574 5444 1596 5475 ⁸
1638 5444 1961 5513 Ainﬁnitae.

547 5512 705 5564 ritur.
778 5513 797 5543 ⁸
834 5511 881 5563 Α
921 5511 1202 5580 appetitur.
1279 5513 1300 5543 ν
1336 5515 1378 5565 Α
1408 5529 1588 5578 supra.

2039 5448 2121 5509 b-A

546 5582 594 5634 Λ
621 5589 875 5661 movetur.
950 5583 995 5611 "
1035 5583 1360 5661 sive‘om._A.
1428 5584 1483 5661 fi“
1514 5584 1561 5661 _A
1594 5585 1775 5661 primo
1857 5586 1899 5616 “‘
1926 5582 2268 5658 Apermovet.

547 5652 1073 5718 coessentiurumque.
1150 5654 1194 5683 ³⁰
1214 5654 1254 5707 (ἐ
1277 5655 1351 5705 in.
1428 5652 1471 5685 “
1498 5653 1648 5706 Asic.
1726 5655 1771 5684 “
1799 5655 1887 5709 Sic
1911 5659 1972 5715 A:
1992 5652 2040 5713 ’ϐ
2063 5673 2141 5714 sat
2165 5678 2306 5715 nant.

550 5719 596 5749 “
618 5732 663 5774 c.‘
692 5735 795 5791 oui.
827 5720 893 5774 Α.
970 5722 1011 5754 ⁸⁷
1042 5731 1160 5775 sunt
1188 5738 1293 5776 om.
1318 5725 1384 5776 A.
1461 5724 1504 5753 ³⁸
1533 5734 1651 5777 sunt
1679 5741 1785 5778 om.
1813 5729 1876 5781 Α.
1955 5733 2061 5783 ὀἰκ
2094 5750 2199 5786 uit).
2236 5736 2297 5783 Λ.

2192 5466 2337 5504 illim.

1666 5466 1681 5497 ι
1705 5466 1961 5513 mpnuae.
2039 5466 2121 5509 ’,Α
2156 5466 2221 5519 qu

1666 5516 1707 5546 ¹⁰
1742 5517 1783 5567 A
1819 5519 2221 5585 concupiscitur.

2416 5453 2437 5484 ⁸
2462 5456 2503 5507 Α
2536 5472 2628 5523 per
2653 5458 2895 5524 seipsam.
2972 5456 2993 5488 ⁸
3019 5458 3061 5510 Λ
3086 5460 3465 5524 concupiscent.
3541 5456 3564 5489 "
3593 5456 3811 5524 Aquae—

2972 5456 2993 5488 ⁸
3019 5458 3061 5510 Λ
3086 5460 3465 5526 concupiscent.

2302 5522 2410 5575 “A
2457 5524 2511 5576 in
2563 5541 2671 5578 oni.
2720 5522 2781 5581 (Ζ.

2861 5529 2903 5558 ¹¹
2934 5527 2976 5579 Λ
3019 5531 3385 5596 usquetriada
3433 5537 3563 5583 stat.
3643 5526 3692 5560 ⁸³
3720 5528 3808 5583 Sic

2347 5592 2674 5669 ‘7_3_sapere
2717 5613 2968 5665 unquam.
3043 5592 3155 5651 “'A
3204 5598 3601 5669 signiﬁcatione.
3681 5598 3723 5629 "
3766 5600 3809 5653 Α

2382 5663 2427 5692 ⁷⁸³
2458 5665 2497 5714 Α
2530 5663 2809 5718 aeternam
2867 5670 2912 5698 "‘
2935 5670 2976 5721 Α
3010 5682 3210 5723 vocant.
3253 5663 3262 5669 ⁷
3289 5663 3536 5733 "SicA;
3560 5668 3672 5723 Cin
3701 5668 3801 5721 his.

2376 5733 2421 5764 ³ο
2442 5734 2480 5784 Λ
2507 5736 2645 5799 boni,
2674 5753 2762 5793 per
2784 5753 2854 5789 se.
