4064 6292
282 428 386 484 617

1094 418 1184 475 DE
1221 414 1557 474 DlVlSlONE
1596 408 1944 469 NATUBAE.
1985 434 2056 451 —-
2093 403 2291 460 LIBER
2330 400 2713 460 SECUNDUS.

3433 398 3537 454 Sis

284 543 342 598 in
375 545 570 595 natura
606 550 784 591 rerum
825 533 1119 599 invenitur,
1160 548 1301 603 quae
1350 548 1379 587 a
1417 526 1855 602 primortlialibus
1886 526 1929 585 Α
1959 521 2225 581 unitatem,
2251 529 2296 574 et
2321 518 2676 573 ordinaturum
2699 524 2753 568 ut
2777 513 3134 568 ordinatorum
3162 528 3252 581 per
3273 529 3328 567 se
3367 513 3537 583 ipsam

257 602 466 714 Ensis
495 626 748 684 ineffabili
781 602 1189 696 participatione
1212 641 1316 679 non
1350 624 1623 694 procedat.
1664 620 1769 675 Sed
1793 635 1860 674 ne

284 711 409 794 quis
436 720 898 787 existimenquae
933 717 1000 771 de
1038 715 1472 787 primordialibus
1500 713 1681 769 causis
1717 711 1856 766 disi-

283 827 429 875 mus,
455 809 652 864 nullius
675 807 1017 862 auctoritatis
1046 806 1346 860 munimine
1368 804 1568 868 fulciri,
1590 803 1858 873 quaedam

278 914 351 953 ex
388 898 526 954 libro
554 898 725 954 sancti
751 898 923 966 patris
968 897 986 928 ¹
1018 895 1258 967 Dionysii
1300 895 1368 950 de
1390 894 1586 950 divinis
1616 892 1860 948 Nomini—

280 990 385 1045 bus
412 988 538 1043 huic
563 988 713 1057 operi
758 989 1000 1042 inserere
1040 1001 1146 1041 non
1181 985 1539 1054 incongruum
1580 984 1853 1039 duximus.

282 1083 429 1137 Disc.
462 1080 546 1136 Nil
580 1082 778 1151 aptius,
817 1081 894 1134 nil
922 1080 1065 1136 veris
1108 1076 1407 1134 rationibus
1447 1077 1857 1134 convenientius

277 1170 641 1244 subjungitur,
654 1187 817 1242 quam
834 1180 1143 1227 sanctorum
1164 1170 1385 1225 Patrum
1411 1169 1726 1226 inconcussa
1740 1182 1862 1237 pro.

277 1266 583 1336 babihsque
618 1266 935 1321 auctoritas.
979 1263 1120 1319 Mss.
1164 1264 1255 1318 Ait
1290 1277 1420 1334 ergo
1462 1263 1517 1319 in
1572 1261 1858 1316 undecimo

276 1356 541 1427 praedicti
562 1357 643 1412 sui
678 1355 804 1411 libri
834 1355 1108 1426 capitulo:
1142 1353 1282 1420 Quid
1312 1364 1486 1408 autem
1517 1355 1748 1417 omnino,
1776 1353 1857 1406 in-

274 1449 417 1518 quis,
460 1448 599 1519 quod
642 1463 732 1517 per
766 1447 994 1516 seipsam
1049 1461 1159 1501 esse
1193 1445 1390 1499 dictum
1425 1453 1522 1509 est,
1565 1452 1659 1496 aut
1700 1443 1720 1472 ’
1766 1458 1859 1512 per

272 1539 501 1607 seipsam
532 1538 656 1600 vita,
695 1547 785 1590 aut
807 1552 1142 1607 quaecunque
1162 1534 1396 1589 absolute
1423 1543 1471 1589 et
1498 1532 1859 1603 principaliter

271 1647 387 1684 esse
439 1630 793 1699 exposuimus.
859 1626 977 1682 Hoc
1032 1628 1254 1682 dicimus
1310 1644 1414 1681 non
1466 1637 1542 1681 est
1603 1642 1857 1695 pravum,

271 1721 367 1776 sed
398 1730 613 1785 rectum,
655 1730 705 1775 et
742 1719 1029 1790 simplicem
1070 1717 1473 1773 declarationem
1514 1717 1686 1770 habet.
1732 1713 1857 1769 Non

272 1814 412 1868 enim
447 1814 725 1868 essentiam
757 1811 1023 1883 quandam
1053 1811 1283 1866 divinam
1312 1809 1392 1865 vel
1421 1810 1713 1880 angelicam
1742 1825 1853 1864 esse

1960 610 2364 672 ordinationem,
2392 618 2440 662 et
2473 607 2718 666 aliorum,
2758 620 3092 676 quaecunque
3134 601 3182 634 ἰ
3222 603 3380 674 hujus
3428 605 3534 658 sive

1958 701 2115 773 hujus
2150 703 2257 773 sive
2297 700 2339 731 "
2386 699 2655 753 amborum
2699 694 3043 749 multorumve
3069 694 3112 726 ¹³
3138 694 3545 763 participantia,-

1958 772 2056 847 hoc
2077 802 2165 846 aut
2193 772 2289 845 hoc
2312 800 2402 844 aut
2424 790 2576 844 ambo
2598 797 2688 841 aut
2719 784 2886 839 multa
2912 795 3056 851 sunt,
3083 801 3175 855 per
3197 801 3250 838 se
3276 787 3389 853 ipsa
3411 801 3543 853 par—

1957 882 2228 953 ticipantia
2256 882 2504 946 invenies,
2541 880 2704 948 ipsius
2729 894 2838 932 esse
2862 877 3091 946 primunt
3117 891 3177 930 ea
3212 875 3545 945 participari—-

1958 973 2053 1038 tia,
2080 982 2127 1027 et
2159 974 2224 1026 ab
2256 988 2314 1026 eo
2346 987 2455 1025 esse
2482 971 2709 1041 primum
2746 967 2951 1037 quidem
2995 965 3307 1029 existentia;
3347 964 3534 1018 deinde

1957 1064 2115 1133 Itujus
2152 1072 2243 1116 aut
2276 1061 2435 1131 hujus
2472 1060 2725 1129 principia
2764 1058 3059 1122 existenlia,
3091 1065 3139 1110 et
3172 1055 3535 1125 participando

1956 1169 2016 1207 eo
2041 1151 2086 1183 ”
2111 1168 2220 1207 esse
2248 1150 2521 1205 existentia
2555 1149 2886 1218 participata.
2919 1145 2978 1201 Si
3013 1155 3186 1199 autent
3214 1144 3340 1198 haec
3369 1143 3540 1214 parti-

1956 1245 2214 1314 cipatione
2235 1259 2344 1297 esse
2378 1249 2519 1306 sunt,
2550 1239 2714 1293 multo
2748 1238 2913 1308 magis
2938 1253 3115 1290 eorum
3142 1235 3533 1306 participantia.

1956 1335 2026 1390 Et
2059 1336 2219 1406 paulo
2266 1345 2387 1405 post
2428 1351 2442 1387 :
2483 1331 2691 1385 Etenim
2720 1331 2775 1383 in
2812 1329 3031 1383 monade
3075 1328 3242 1381 omnis
3290 1343 3546 1381 numerus

1958 1436 2077 1479 ante
2104 1425 2371 1489 subsistit,
2404 1431 2451 1477 et
2480 1422 2629 1475 habet
2657 1436 2860 1474 onmem
2889 1434 3159 1472 numerum
3200 1434 3380 1472 manas
3408 1420 3462 1473 in
3481 1433 3537 1473 se

1958 1515 2071 1584 ipsa
2090 1515 2458 1583 singulariter,
2489 1521 2535 1565 et
2566 1510 2733 1564 omnis
2765 1526 3010 1563 numerus
3042 1509 3222 1561 unitur
3250 1509 3459 1577 quidem
3483 1510 3540 1563 in

1957 1607 2199 1660 monade.
2234 1604 2505 1671 Quantum
2542 1613 2715 1657 autem
2746 1620 2777 1655 a
2808 1602 2852 1655 ευ
2885 1601 3106 1654 monade
3137 1600 3397 1668 provenit,
3418 1610 3538 1653 tan.-

1957 1708 2067 1752 tum
2095 1697 2406 1751 discernitur
2424 1703 2470 1748 el
2500 1692 2896 1762 multiplicatur.
2926 1690 2994 1744 Et
3016 1691 3069 1744 in
3091 1700 3265 1744 centro
3295 1706 3470 1744 omnes
3495 1690 3538 1721 "

1960 1789 2142 1846 circuli
2186 1789 2355 1842 lineae
2387 1786 2670 1841 secundum
2706 1784 2930 1855 primam
2965 1784 3216 1837 unitatem
3250 1782 3542 1837 consubsti-

273 1904 498 1977 dicimus
526 1903 549 1934 ³
588 1920 681 1975 per
701 1903 924 1973 seipsam
950 1902 1217 1957 existendo
1257 1902 1534 1967 existendi,
1554 1918 1688 1972 quae
1707 1910 1850 1966 sunt,

1956 1890 2098 1935 tutae
2118 1889 2273 1944 sunt;
2298 1888 2345 1932 ct
2368 1893 2542 1933 omnes
2563 1876 2712 1931 habet
2733 1876 2936 1944 signum
2962 1875 3014 1927 in
3035 1878 3303 1944 semetipso
3322 1871 3540 1944 simplas

272 2007 512 2047 causam.
540 1989 877 2046 Solummodo
890 1992 1030 2046 enim
1049 1991 1303 2046 existendi
1334 1991 1529 2053 omnia,
1563 2006 1698 2062 quae
1711 2000 1855 2055 sunt,

270 2091 323 2137 et
350 2082 664 2137 subsistendi
687 2082 707 2113 ⁵
729 2084 898 2153 ipsum
923 2099 1033 2137 esse
1073 2083 1504 2152 superessentiale
1539 2084 1858 2154 principium

272 2181 322 2226 et
378 2173 633 2227 cssentiae
670 2172 693 2204 ⁸
738 2170 967 2235 causale,
1013 2188 1176 2243 neque
1211 2173 1347 2226 vitae
1382 2182 1647 2243 parentem
1694 2170 1856 2226 aliam

273 2264 522 2319 deitatem
560 2276 767 2335 praeter
802 2264 1190 2333 superdivinam
1227 2265 1490 2329 omnium,
1520 2281 1856 2335 quaecunque

273 2357 454 2410 vivunt
490 2364 539 2411 et
565 2356 736 2410 editae
768 2356 903 2409 vitae
929 2372 1146 2411 causam
1172 2356 1350 2410 vitam.
1375 2354 1480 2411 Sed
1512 2372 1606 2425 per
1628 2356 1856 2426 seipsam

272 2464 386 2501 esse
429 2455 478 2501 et
517 2464 609 2514 per
648 2447 870 2517 seipsam
912 2447 1071 2500 vitam
1106 2458 1155 2500 et
1196 2463 1292 2517 per
1341 2447 1567 2516 seipsam
1613 2447 1855 2501 deitatem

272 2539 498 2592 dicimus
528 2538 891 2608 principaliter
924 2537 1132 2609 quidem
1162 2548 1210 2592 et
1240 2538 1568 2607 deiformiter
1588 2548 1635 2592 et
1667 2556 1858 2593 causa-

270 2628 393 2683 liter
412 2644 576 2682 unum
607 2644 839 2682 omnium
869 2628 1315 2699 superprincipale
1344 2640 1391 2684 et
1428 2631 1858 2699 superessentiale

269 2721 587 2789 principium
617 2731 666 2776 et
713 2738 952 2787 causam,
976 2722 1358 2793 participaliter
1394 2732 1569 2777 autem
1593 2724 1763 2778 editas
1792 2742 1859 2779 ea:

269 2811 383 2866 Deo
427 2830 530 2867 non
572 2814 918 2885 participante
954 2814 1199 2883 providus
1225 2817 1459 2879 virtutes,
1503 2831 1596 2883 per
1632 2817 1856 2885 seipsam

270 2904 678 2973 deiﬁcationem,
703 2923 834 2976 quas
860 2906 1133 2960 existentia
1165 2906 1372 2977 proprie
1408 2907 1612 2962 sibimet
1636 2908 1854 2977 partici—

268 3006 420 3064 pant,
440 3005 488 3049 et
511 2996 804 3062 existentia,
827 3005 873 3050 et
889 2997 1132 3061 viventia,
1156 3006 1204 3050 et
1225 2996 1403 3050 divina
1428 3007 1574 3061 sunt,
1600 3007 1647 3051 et
1670 2996 1857 3051 dicun—

268 3097 381 3150 tur,
404 3094 453 3140 et
474 3087 581 3141 alia
609 3089 869 3143 similiter.
916 3085 1148 3143 Proinde
1181 3087 1202 3119 ⁸
1229 3097 1278 3142 et
1306 3088 1595 3158 primarum
1620 3088 1856 3157 ipsarum

270 3180 499 3248 Optimus
524 3181 833 3233 substitutor
857 3179 1051 3234 dicitur
1069 3196 1180 3234 esse
1199 3219 1215 3245 ,
1248 3179 1437 3233 deinde
1448 3177 1853 3249 particularium

1961 1968 2125 2023 lineas
2164 1967 2496 2038 uniformiter
2528 1966 2704 2020 unitas
2748 1965 2817 2018 ad
2852 1982 2906 2018 se
2934 1964 3151 2018 invicem
3190 1972 3238 2017 et
3268 1965 3336 2017 ad
3374 1980 3545 2018 unum

1959 2060 2299 2132 principium,
2327 2075 2392 2113 ea:
2414 2074 2516 2128 quo
2542 2057 2849 2129 procedunt,
2878 2065 2925 2110 et
2960 2058 3017 2109 in
3044 2056 3155 2123 ipso
3185 2057 3392 2127 quidem
3420 2073 3544 2109 cen-

1959 2160 2039 2205 tro
2066 2149 2427 2205 universaliter
2455 2148 2778 2202 adunantur.
2804 2146 3081 2217 Paulisper
3104 2148 3145 2179 ¹’¹
3177 2158 3347 2200 autem
3374 2163 3433 2200 eo
3461 2147 3545 2198 (ιιι

1958 2251 2154 2295 stantes
2181 2238 2448 2309 paulisper
2465 2239 2508 2270 ¹’¹
2522 2238 2913 2303 discernuntur,
2930 2238 3095 2308 magis
3109 2248 3278 2292 autem
3294 2239 3540 2291 receden-

1958 2348 2031 2392 tes
2072 2337 2239 2408 magis
2268 2345 2317 2391 et
2344 2334 2665 2405 simpliciter,
2702 2344 2957 2403 quantum
2998 2344 3171 2387 centro
3198 2334 3541 2403 proximiores

1958 2439 2099 2493 sunt,
2147 2439 2351 2483 tantum
2396 2436 2444 2481 et
2490 2426 2589 2497 ipsi
2636 2437 2683 2480 et
2726 2425 2828 2479 sibi
2853 2425 3071 2479 invicem
3116 2426 3439 2489 adnitantur,
3489 2434 3547 2480 ct

1956 2528 2208 2590 quantum
2236 2535 2318 2583 eo,
2348 2527 2552 2571 tantum
2574 2527 2622 2571 et
2645 2534 2677 2569 a
2702 2532 2757 2570 se
2791 2516 3005 2570 invicem
3031 2514 3248 2568 distant.
3278 2514 3383 2570 Sed
3406 2524 3455 2570 et
3484 2516 3543 2570 in

1960 2621 2070 2665 tota
2113 2610 2344 2663 omnium
2386 2617 2577 2662 natura
2618 2622 2795 2660 omnes
2839 2606 3122 2660 secundant
3166 2606 3401 2676 singulas
3444 2623 3543 2661 na-

1956 2713 2105 2757 turae
2149 2701 2377 2753 rationes
2419 2696 2725 2753 convolutae
2758 2707 2877 2752 sunt
2906 2714 2999 2768 per
3026 2714 3185 2751 unam
3208 2698 3540 2767 inconfusam

1960 2792 2233 2855 unitatem,
2264 2799 2311 2843 et
2342 2791 2397 2842 in
2426 2786 2601 2841 anima
2632 2787 2673 2821 ¹⁹
2694 2786 3029 2855 uniformiter
3057 2786 3340 2840 secundum
3362 2797 3542 2857 partes

1959 2883 2190 2937 omnium
2213 2880 2462 2951 providae
2488 2880 2648 2934 totius
2675 2877 2909 2947 corporis
2929 2878 3159 2931 virtutes.
3193 2875 3289 2930 Nil
3315 2892 3438 2947 ergo
3456 2879 3533 2930 in-

1958 2991 2295 3045 consequens,
2330 2989 2395 3027 ea:
2435 2971 2668 3025 obscuris
2706 2969 3019 3039 imaginibus
3055 2968 3110 3021 in
3149 2968 3379 3021 omnium
3415 2984 3542 3022 cau-

1957 3068 2067 3123 sale
2091 3067 2448 3130 ascendentes,
2485 3080 2642 3134 super
2670 3062 2953 3117 mundanis
2987 3061 3152 3114 oculis
3198 3060 3541 3131 contemplari

1957 3161 2134 3214 omnia
2159 3162 2213 3214 in
2232 3159 2465 3213 omnium
2487 3153 2710 3219 causali,
2740 3164 2786 3208 et
2810 3153 2907 3207 sibi
2925 3152 3141 3208 invicem
3161 3151 3396 3222 apposita
3420 3154 3543 3206 uni-

268 3243 527 3337 ipsa'rum,
553 3268 742 3323 deinde
772 3278 998 3323 totarum
1025 3275 1166 3339 ipsas
1193 3243 1644 3338 participe-alium,
1666 3266 1852 3322 deinde

1958 3251 2195 3322 formiter
2218 3258 2265 3303 et
2295 3248 2442 3304 unita
2466 3247 2509 3279 ¹⁰
2530 3263 2549 3312 ;
2570 3244 2885 3316 principium
2918 3243 3056 3298 enim
3080 3251 3153 3297 est
3182 3243 3537 3303 existentinm,

267 3357 666 3426 particulariter
689 3376 778 3414 eas
810 3358 1260 3430 participantium.
1295 3357 1364 3412 Et
1400 3357 1527 3429 quid
1556 3366 1753 3427 oportet
1789 3356 1853 3411 de

269 3448 356 3501 his
385 3449 587 3514 dicere,
615 3450 826 3520 quando
855 3449 1067 3519 quidam
1108 3449 1405 3504 divinorum
1436 3458 1734 3503 nostrorum
1760 3465 1851 3502 sa-

270 3555 483 3593 crorum
514 3542 881 3611 magistrorum
907 3557 999 3610 per
1027 3541 1251 3610 seipsam
1283 3539 1524 3595 bonitatis
1552 3549 1600 3594 et
1643 3538 1853 3592 deitatis

270 3630 681 3685 substitutricem
728 3633 748 3663 ⁷
791 3631 939 3685 aiunt
986 3631 1264 3702 plusquam
1312 3633 1562 3702 optimam
1627 3639 1676 3683 et
1709 3628 1857 3699 plus-

267 3738 431 3791 quam
462 3723 692 3777 divinam
731 3739 822 3792 per
860 3725 1083 3793 seipsam
1121 3723 1401 3778 bonitatem
1432 3736 1478 3777 et
1508 3722 1853 3785 divinitatem,

266 3814 500 3868 dicentes
523 3830 633 3869 esse
659 3814 938 3884 beneﬁcam
983 3824 1031 3869 et
1073 3815 1317 3884 deiﬁcum
1341 3831 1405 3869 ea:
1439 3815 1548 3869 Deo
1572 3815 1855 3883 proceden-

267 3914 374 3959 tem
402 3905 737 3961 donationem
758 3949 772 3972 ,
825 3918 872 3960 et
899 3922 991 3976 per
1014 3925 1068 3961 se
1095 3908 1262 3977 ipsam
1299 3908 1524 3977 formam
1544 3923 1637 3977 per
1663 3923 1740 3971 se,
1769 3907 1854 3976 ὅρα

264 4014 388 4052 sam
410 3997 722 4068 formiﬁcam
736 3999 1018 4068 fusionem,
1038 4008 1090 4065 et
1115 4008 1277 4053 totam
1305 3998 1551 4069 formam,
1566 4009 1613 4052 et
1631 3997 1858 4069 particu-

266 4086 437 4141 larem
474 4087 721 4157 formam,
755 4100 807 4143 et
846 4087 1207 4143 universaliter
1234 4090 1390 4154 bona,
1423 4100 1470 4142 et
1517 4105 1856 4160 quaecunque

266 4176 383 4230 alia
410 4178 694 4233 secundum
717 4180 935 4234 eundem
978 4179 1119 4233 dicta
1146 4190 1267 4234 sunt
1287 4191 1333 4234 et
1360 4180 1598 4235 dicentur
1621 4183 1851 4244 modum,

269 4268 602 4323 declarantia
658 4270 1035 4340 providentiam
1082 4281 1131 4325 et
1180 4272 1464 4325 bonitatem
1514 4272 1854 4343 participatns

269 4359 340 4413 ab
360 4359 722 4425 existentibus,
749 4377 814 4415 ea:
844 4360 949 4416 Deo
987 4379 1092 4415 non
1115 4363 1463 4433 participante
1480 4365 1854 4430 provenicntes,

263 4460 321 4505 et
348 4451 372 4484 ⁸
397 4451 608 4520 copiosa
651 4451 854 4521 fusione
882 4463 929 4506 et
951 4462 1385 4522 superscatentes,
1416 4462 1470 4505 ut
1502 4451 1722 4522 diligens
1744 4470 1855 4506 om-

270 4539 421 4595 nium
446 4541 674 4595 causalis
701 4543 975 4597 summitas
1009 4544 1243 4597 omnium
1276 4553 1323 4598 et
1352 4543 1780 4615 superessentiale
1806 4554 1855 4599 et

1956 3359 2022 3397 ea:
2047 3359 2150 3413 quo
2174 3350 2221 3395 et
2247 3342 2416 3411 ipsum
2444 3356 2574 3403 esse,
2601 3348 2648 3391 et
2680 3337 2855 3391 omnia
2875 3347 3133 3407 utcunque
3159 3334 3203 3367 ¹¹
3240 3336 3538 3393 existentia.

1960 3452 2109 3491 omne
2134 3434 2466 3504 principium,
2505 3431 2673 3486 omnis
2698 3432 2842 3500 ﬁnis,
2864 3446 2926 3483 ac
2947 3430 2993 3460 ”
3020 3428 3190 3483 omnis
3215 3429 3343 3493 vita,
3370 3429 3539 3482 omnis

1958 3526 2347 3590 immortalitas,
2370 3525 2537 3578 omnis
2559 3523 2836 3595 sapientia,
2865 3521 3034 3577 omnis
3055 3520 3205 3585 ordo,
3233 3520 3400 3575 omnis
3423 3519 3549 3575 hars

1960 3619 2170 3678 monia.
2207 3616 2373 3670 omnis
2398 3616 2591 3679 virtus,
2621 3613 2787 3668 omnis
2817 3611 3053 3668 custodia
3072 3654 3086 3675 ,
3115 3610 3281 3665 omnis
3310 3609 3545 3664 colloca-

1959 3712 2032 3764 tio
2061 3710 2128 3775 ”,
2160 3711 2327 3762 omnis
2355 3706 2653 3761 distributio
2671 3748 2684 3770 ,
2716 3705 2885 3759 omnis
2913 3702 3220 3766 intellectus,
3252 3701 3420 3755 omnis
3447 3716 3540 3755 ra-

1960 3806 2051 3869 tio,
2082 3805 2249 3860 omnis
2270 3820 2475 3868 sensus,
2502 3802 2671 3856 omnis
2701 3800 2931 3864 habitus,
2954 3801 3123 3855 omnis
3153 3808 3343 3862 status,
3369 3798 3542 3851 omnis

1887 3909 1903 3929 ⁸
1958 3906 2152 3962 motus,
2187 3896 2354 3950 omnis
2381 3897 2574 3957 unitas,
2600 3909 2751 3946 omne
2775 3893 3062 3962 judicium,
3087 3892 3252 3945 omnis
3281 3891 3537 3950 amicitia.

1964 3986 2131 4040 omnis
2160 3985 2464 4054 compactio,
2495 3984 2665 4037 omnis
2696 3982 2961 4041 discretio,
2991 3983 3161 4035 omnis
3189 3982 3465 4044 terminus,
3489 3991 3539 4034 et

1957 4073 2067 4128 alia
2097 4074 2401 4150 nominatim
2428 4072 2502 4138 “,
2524 4089 2863 4143 quaecunque
2897 4072 2961 4124 ab
2982 4088 3095 4125 esse
3118 4071 3392 4125 existentia
3419 4088 3535 4124 om-

1962 4169 2050 4223 nia
2079 4167 2515 4222 charactcrizant.
2543 4166 2610 4220 Et
2634 4174 2757 4235 post
2781 4164 3056 4233 aliquanta
3091 4181 3105 4217 :
3133 4162 3194 4218 Si
3220 4163 3356 4217 enim
3374 4163 3538 4234 juxta

1960 4277 2053 4315 nos
2096 4259 2179 4314 sol
2215 4256 2820 4313 sensibiliumessentias
2847 4264 2894 4309 et
2928 4254 3228 4327 qualitates,
3250 4263 3301 4307 et
3328 4254 3539 4324 quidem

1958 4353 2153 4409 multas
2180 4364 2227 4408 et
2254 4352 2507 4406 discretas
2523 4350 2820 4415 existentes,
2842 4358 3018 4402 tamen
3034 4348 3144 4417 ipse
3155 4362 3290 4399 unus
3310 4345 3555 4399 existens‘

1958 4458 2006 4501 et
2021 4444 2297 4515 uniformis
2311 4441 2615 4496 illuminans
2630 4441 2722 4495 lua:
2736 4448 2966 4502 renovat,
2983 4447 3031 4492 et
3044 4436 3280 4501 nutrit,et
3296 4434 3538 4499 custodit,

1963 4550 2010 4595 et
2034 4539 2259 4610 perﬁcit,
2290 4546 2338 4591 et
2364 4536 2636 4599 discernit,
2663 4544 2710 4589 et
2758 4534 2888 4598 unit,
2913 4542 2962 4587 et
2991 4532 3205 4603 refovet,
3241 4539 3289 4584 et
3316 4529 3542 4599 fecunda

266 4632 671 4701 supernaturale
695 4633 905 4688 omnino
945 4633 1304 4703 superexcellit
1343 4651 1427 4700 ea,
1458 4651 1592 4704 quae
1621 4644 1741 4689 sunt
1777 4651 1858 4688 se-
1890 4624 1936 4684 D
1962 4648 2072 4687 esse
2103 4631 2251 4701 facit,
2274 4638 2322 4683 et
2350 4637 2528 4698 auget,
2552 4638 2600 4680 et
2620 4636 2805 4687 mutat,
2827 4634 2875 4680 et
2905 4623 3145 4686 collocat,
3172 4631 3221 4676 et
3239 4619 3442 4690 plantat
3468 4621 3541 4687 ",

264 4722 502 4776 cundum
527 4723 936 4794 qualemcunque
961 4725 1237 4778 essentiam
1257 4734 1304 4778 et
1333 4735 1597 4779 naturam.
1617 4707 1757 4780 “Item
1784 4740 1851 4779 ex

266 4813 462 4868 eodem
492 4812 632 4869 libro
663 4815 898 4884 capitulo
940 4815 1132 4884 quinto
1162 4834 1177 4869 :
1214 4813 1482 4884 Principia
1522 4816 1854 4870 eaistetuinm

270 4903 449 4955 omnia
474 4902 497 4934 ’
523 4903 687 4973 ipsius
712 4920 822 4957 esse
863 4904 1255 4974 participantia,
1279 4913 1326 4957 et
1351 4913 1493 4969 sunt,
1520 4914 1567 4958 et
1595 4904 1854 4973 principia

268 5003 418 5060 sunt,
447 5003 495 5049 et
517 4995 687 5065 primo
700 5005 842 5060 sunt,
864 4994 1050 5049 deinde
1069 4994 1327 5065 principia
1348 5003 1490 5050 sunt.
1518 4993 1586 5049 Et
1609 4996 1654 5049 si
1673 4995 1789 5066 quis
1810 4993 1854 5025 ¹⁰

266 5084 380 5140 vult
414 5086 692 5141 viventium
720 5095 777 5140 ut
812 5086 1091 5141 viventium
1131 5084 1442 5156 principium
1465 5085 1637 5139 dicere
1672 5101 1765 5155 per
1799 5101 1855 5139 se

266 5179 443 5248 ipsum
488 5179 666 5245 vitam,
706 5188 755 5233 et
794 5178 1046 5232 similium
1085 5185 1142 5230 ut
1175 5176 1426 5230 similium
1460 5191 1551 5245 per
1593 5192 1648 5229 se
1686 5176 1854 5246 ipsam

266 5269 692 5338 similitudinem,
727 5280 776 5326 et
816 5272 1083 5326 unitorum
1107 5278 1161 5325 ut
1197 5269 1464 5324 unitorum
1492 5285 1584 5340 per
1607 5285 1662 5322 se
1689 5267 1867 5337 ipsam.

1956 4734 2002 4779 et
2045 4731 2253 4778 renovat
2279 4721 2363 4785 “,
2408 4728 2457 4774 et
2498 4717 2720 4787 viviﬁcat
2750 4717 2958 4779 omnia,
2997 4724 3047 4769 et
3080 4714 3316 4768 omnium
3345 4728 3541 4767 unum-

1957 4812 2198 4885 quodque
2235 4810 2443 4880 proprie
2477 4807 2577 4861 sibi
2605 4806 2825 4860 eundem
2858 4815 2907 4858 et
2942 4813 3103 4858 unum
3132 4802 3293 4858 solem
3325 4802 3546 4871 partici-

1956 4912 2070 4974 pat,
2117 4911 2164 4955 et
2201 4899 2487 4953 multorum
2517 4897 2940 4969 participantium
2968 4911 3102 4948 unus
3144 4894 3224 4949 sol
3261 4910 3449 4948 causas
3484 4894 3541 4947 in

1955 4996 2123 5064 seipso
2136 4992 2469 5062 uniformiter
2478 4988 2765 5060 praeambit
2779 4987 3014 5051 ",multo
3030 4986 3191 5057 magis
3204 5003 3361 5055 super
3372 4995 3541 5038 terrae

1958 5093 2008 5138 et
2034 5084 2199 5154 ipsius
2228 5092 2275 5135 et
2298 5081 2475 5134 omnia
2503 5080 2551 5112 ³⁸
2578 5079 2806 5132 causalis
2820 5079 3134 5147 praeterisse
3156 5076 3201 5108 "
3225 5078 3334 5147 ipse
3358 5075 3402 5106 ⁸⁰
3425 5092 3543 5129 om—

1963 5174 2108 5229 nium
2126 5171 2460 5228 existentium
2482 5169 2847 5241 paradigmata
2868 5168 3156 5223 secundum
3176 5182 3337 5220 unam
3360 5181 3547 5230 super‘

1962 5263 2289 5321 essentialem
2333 5262 2587 5317 unitatem
2624 5257 3029 5314 concedendum.
3060 5254 3259 5310 Deinde
3287 5263 3335 5309 et
3365 5268 3553 5307 essen~

1552 5397 1807 5454 VARIAE
1845 5393 2265 5452 LECTIONES..

340 5547 360 5578 ⁸
391 5546 555 5615 patris
575 5560 685 5600 om.
733 5545 799 5599 Α.
875 5556 896 5586 π
928 5546 968 5599 Δ
996 5554 1168 5613 atque.
1245 5544 1266 5575 ³
1294 5541 1335 5597 C
1361 5542 1617 5615 dicamus.

1696 5539 1718 5571 ’⁵
1746 5539 2058 5593 subsistendi
2081 5552 2191 5591 om.
2234 5534 2301 5589 A.

2372 5534 2398 5571 ⁸
2416 5534 2461 5588 A
2491 5530 2787 5587 essentiam.
2863 5525 2952 5580 *Λ
2986 5524 3233 5580 Perinde.
3306 5523 3327 5556 '
3357 5521 3398 5577 C
3421 5521 3546 5575 sub-

265 5593 551 5671 staniiiini:
581 5593 708 5669 "fit
733 5593 846 5670 bin.
869 5593 968 5670 A."
998 5593 1561 5669 'i'K'bhiuiuinL""iic
1580 5593 1701 5680 que.
1738 5610 1779 5643 ”
1806 5610 1845 5663 Α
1871 5612 2182 5680 quicunque.
2258 5606 2301 5637 ³³
2316 5606 2425 5680 sive
2444 5605 2599 5680 hujus
2622 5616 2738 5680 out;
2759 5600 2822 5680 ᾼε
2893 5597 3001 5680 ¹³ᾉ
3026 5596 3334 5680 multo-runt.
3369 5593 3454 5680 “‘7‘
3481 5609 3553 5680 φτ

1380 5684 1420 5716 ¹’¹
1449 5684 1495 5737 Α
1531 5681 1782 5735 Breviter.

265 5704 382 5742 mn.
420 5688 485 5739 A.
546 5686 592 5718 ¹⁵
620 5704 652 5739 a
682 5687 871 5739 mn.C.
952 5687 995 5718 ‘°
1035 5690 1074 5739 Δ
1104 5685 1299 5739 omnes.

267 5828 550 5898 perambit.
628 5827 671 5860 ³⁸
702 5830 748 5883 Λ
775 5830 1028 5883 omnium.
1108 5826 1151 5863 ¹⁹
1179 5827 1223 5880 Λ
1264 5826 1591 5896 praeterisse.

1861 5681 1904 5711 ¹⁸
1928 5680 1973 5733 Α
2002 5678 2238 5733 breviter.

266 5736 570 5825 uirumque.
622 5736 788 5809 "uti;
821 5736 1455 5810 oin.A.h'i'ﬁhcollatio.
1531 5754 1579 5785 ”
1628 5752 1936 5805 nominatim
1984 5748 2163 5804 0m.A
2235 5746 2283 5781 ⁸⁵
2313 5756 2361 5798 ct
2400 5752 2601 5814 ptautat
2651 5756 2760 5796 om.
2812 5738 2877 5792 Α.
2948 5738 2993 5768 ³⁸³
3022 5736 3065 5792 C
3098 5743 3335 5791 removet.

270 5828 550 5875 nemmltit-
628 5827 671 5860 ³⁸
705 5830 744 5875 Α
775 5830 1028 5875 muniam.
1108 5826 1151 5863 ⁸9
1180 5827 1223 5875 Λ
1266 5826 1591 5875 praeterisse.
1669 5821 1715 5854 ³³
1739 5825 1783 5875 Α
1809 5822 1860 5875 ἱΙι
1911 5837 1985 5875 se.

1696 5837 1715 5849 "
1739 5837 1783 5877 Α
1809 5837 1860 5875 lll
1911 5837 1985 5876 δέ.

3162 5667 3205 5698 ⁸⁸
3238 5665 3331 5721 Sic
3367 5662 3439 5723 C;
3499 5664 3555 5714 Ac

3162 5743 3335 5788 movet.
3410 5732 3565 5788 "ut

2313 5676 2424 5727 "A
2473 5668 2601 5726 alia.
2693 5668 2739 5701 ²⁰
2777 5670 2817 5722 (Σ
2866 5668 3084 5721 unitate.
