3966 5606
468 336 573 392 6i9

1722 304 1727 309 ’
1819 305 2099 380 JOANNIS
2137 324 2332 383 scen

3614 328 3709 385 620

470 452 573 503 tias
615 445 830 501 adducit
867 443 1027 513 jmrta
1057 440 1121 495 ab
1167 438 1389 493 essentia
1417 452 1781 508 egresstonem.
1816 435 2044 490 Paradi-
2073 446 2122 501 Α
2150 439 2377 492 cundum
2401 454 2530 510 quas
2556 438 2667 508 ipsa
2697 437 3135 508 superessenlialis
3159 437 3441 493 existentia
3470 439 3641 491 omnia
3665 453 3708 493 et

469 550 646 610 gmnta
682 546 855 591 autent
891 534 1110 587 dicimus
1147 547 1257 585 esse
1302 531 1439 599 ipsa:
1478 529 1666 582 iubeo
1714 529 2042 581 existentium

466 628 861 696 anbstantiﬁcas
889 634 938 678 et
968 622 1300 691 uniformiter
1323 629 1617 690 praetextas
1642 619 1888 703 rationes,
1911 634 2041 686 quas

471 722 730 791 theologia
777 715 1276 788 praedestinationes
1307 722 1451 767 vocat
1493 722 1543 766 et
1587 711 1790 764 divinas
1821 720 1867 763 et
1907 711 2045 779 opti-

467 830 583 867 mus
610 810 901 865 voluntates
922 806 1252 862 uiuentium
1276 804 1576 858 discretim:
1605 813 1652 856 et
1684 800 1923 869 factiuas,
1954 817 2038 854 se-

2148 529 2548 598 praedestinavit
2577 537 2625 582 et
2648 528 2890 581 adduait.
2922 528 2987 581 Et
3010 526 3122 595 jam
3168 528 3184 557 ¹
3217 528 3343 582 huic
3370 526 3513 581 libro
3536 528 3712 580 termi—

2148 638 2249 676 nus
2275 631 2360 676 est
2402 620 2754 689 imponendus
2783 627 2841 672 ut
2870 619 3123 672 arbitror.
3151 618 3299 674 DISC.
3343 618 3428 673 Ita
3449 615 3714 673 ﬁaL‘Ex-

2149 714 2300 785 plicit
2325 714 2463 770 liber
2492 712 2763 768 secundus
2791 722 2918 767 ΠΕΡΙ
2943 717 3201 768 armis.

1431 988 1824 1069 INCIPIT
1883 988 2178 1065 LIBER
2225 984 2673 1065 TERTIUS
2699 970 2748 1060 ’.

490 1222 497 1231 .
544 1175 684 1229 MAG.
718 1174 772 1229 In
801 1173 1035 1228 secundo
1060 1172 1195 1226 libro
1234 1179 1342 1224 tota
1372 1167 1484 1223 fere
1512 1175 1728 1221 nostrae
1757 1164 2047 1220 ratiocina-

474 1270 637 1324 tionis
667 1268 893 1323 intentio
919 1276 1002 1321 est
1041 1265 1331 1321 constituta
1372 1265 1438 1317 de
1467 1262 1699 1317 secunda
1731 1259 2050 1314 universalis

474 1372 701 1416 naturae
725 1359 1174 1422 consideratione,
1204 1366 1277 1421 et,
1318 1364 1375 1409 ut
1415 1356 1488 1408 ita
1516 1355 1711 1415 dicam,
1741 1354 1912 1408 forma
1936 1353 2050 1407 sive

479 1455 677 1524 specie,
712 1466 1066 1523 quaecunque
1121 1447 1430 1503 verisimilia
1463 1445 1617 1501 nobis
1654 1445 1764 1499 visa
1806 1452 1951 1505 sunt,
1994 1450 2050 1496 et

471 1547 538 1600 ad
570 1546 852 1614 liquidum,
882 1552 938 1598 ut
966 1543 1217 1606 arbitror,
1250 1540 1497 1603 deducta,
1530 1551 1795 1607 veraeque
1826 1534 2051 1591 rationis

473 1635 912 1691 ronclusionilms
950 1635 1267 1689 inconcusse
1296 1632 1523 1689 munita.
1556 1628 1728 1684 literis
1767 1628 2044 1682 mandare.

475 1725 809 1780 Universalis
836 1733 1016 1779 autem
1046 1732 1274 1778 naturae
1299 1722 1533 1775 secunda
1556 1716 1949 1774 ’cousideratio
1962 1724 2047 1770 est

471 1821 526 1871 in
570 1833 631 1872 ea
675 1817 842 1886 ipsius
880 1823 1053 1886 parte,
1086 1829 1225 1883 quae
1253 1822 1308 1869 et
1349 1822 1568 1867 creatur
1598 1819 1653 1865 et
1694 1817 1863 1872 creat,
1894 1816 1950 1863 et
1990 1808 2043 1861 in

468 1924 575 1976 qua
602 1923 783 1962 rerum
815 1906 1054 1962 omnium
1083 1904 1366 1975 principia,
1398 1902 1503 1957 hoc
1534 1910 1637 1963 est,
1675 1897 2050 1969 primordiales

469 2012 688 2063 causae,
721 2011 835 2062 seu,
866 2004 926 2050 ut
962 2009 1123 2065 saepe
1157 1994 1359 2048 dictum
1399 2000 1500 2057 est,
1532 1990 2052 2060 praedestinationes

469 2104 653 2144 rerum
683 2088 1060 2151 creandarum,
1089 2102 1181 2142 seu
1207 2086 1420 2140 divinae
1446 2083 1768 2146 voluntates,
1797 2089 1854 2135 et
1885 2082 1908 2112 ἰ
1928 2094 2052 2135 san-

470 2191 683 2236 ctorum
704 2180 924 2234 Patrum
956 2179 1272 2243 auctoritas,
1295 2186 1349 2231 et
1379 2176 1491 2246 ipsa
1515 2184 1660 2230 recta
1686 2174 1896 2229 ratione
1923 2187 2052 2227 con-

472 2269 614 2324 sulta
657 2269 858 2323 veritas
895 2268 1084 2323 edocet
1128 2281 1248 2322 esse
1291 2264 1699 2321 consideranda.
1747 2261 1849 2318 Ubi
1888 2261 2050 2317 etiam

469 2360 590 2429 ipsa
615 2359 636 2390 ⁸
675 2358 1050 2428 disputationis
1078 2357 1371 2412 necessitas
1399 2355 1666 2425 exigebat,
1694 2354 1959 2425 quaedam
1987 2355 2052 2408 de

478 2450 843 2505 incidentibus
897 2450 1300 2519 quaestionibus
1352 2447 1662 2518 principalis
1716 2446 2051 2517 quaestionis

477 2539 798 2595 revelaudae
825 2540 997 2609 gratia
1028 2539 1388 2604 introducere.
1419 2536 1571 2591 Nulla
1603 2537 1866 2607 siquidem
1902 2537 2049 2607 prin-

477 2631 666 2701 cipalis
692 2631 938 2700 quaestio
975 2640 1075 2693 est,
1114 2640 1173 2685 ut
1205 2631 1414 2699 opinor,
1445 2644 1585 2699 quae
1614 2645 1718 2683 non
1753 2629 2053 2685 incidentes

475 2720 841 2788 quaestiones,
874 2718 1000 2772 dum
1040 2719 1281 2789 diligenti
1321 2719 1517 2773 mentis
1554 2719 1795 2773 contuitu
1830 2718 2051 2772 investi-

472 2820 654 2881 gatur,
684 2811 928 2880 recipiat.
974 2810 1206 2864 Enodari
1238 2811 1380 2866 enim
1411 2810 1567 2865 aliter
1597 2811 1923 2879 impossibile
1947 2819 2048 2876 est,

472 2904 791 2972 praesertim
809 2918 931 2958 cum
950 2903 1311 2957 necessarium
1329 2913 1491 2972 atque
1515 2901 1859 2957 ‘inevitabile
1876 2902 2051 2967 ﬁeret,

477 2995 604 3048 dum
638 2996 705 3049 de
738 2993 1016 3062 principiis
1048 3010 1224 3049 rerum
1263 2994 1685 3065 disputabamus,
1720 2994 1823 3048 hoc
1848 3002 1953 3058 est,
1987 2994 2053 3049 de

2150 1175 2305 1219 turae
2333 1161 2783 1226 consideratione,
2808 1160 2912 1215 hoc
2936 1168 3037 1225 est,
3063 1160 3131 1215 de
3151 1174 3217 1216 ea
3242 1169 3405 1230 parte
3427 1171 3718 1225 creaturae,

2149 1271 2288 1324 quae
2316 1263 2532 1308 creatur
2552 1263 2724 1308 etnon
2755 1261 2921 1315 creat,
2949 1253 3202 1323 quicquid
3225 1253 3385 1308 nobis
3410 1253 3466 1307 in
3490 1254 3717 1308 mente”

2150 1346 2239 1400 lux
2268 1356 2485 1401 aeterna
2501 1344 2836 1417 patefecerit,
2867 1346 2995 1399 texi.
3024 1345 3169 1400 DISC.
3202 1345 3323 1401 Non
3353 1346 3520 1401 aliter
3544 1345 3715 1416 dispu—

2153 1438 2299 1492 tandi
2341 1439 2482 1493 viam
2533 1437 2740 1508 ingredi
2786 1434 3031 1506 oportet,
3073 1446 3136 1492 ut
3189 1438 3446 1494 aestimo.
3506 1437 3638 1491 Nam
3678 1440 3717 1492 si

2152 1530 2358 1600 primus
2387 1529 2522 1584 liber
2546 1528 2614 1585 de
2642 1537 2835 1584 natura
2859 1528 2902 1559 ¹³
2930 1539 3123 1584 cuncta
3150 1537 3374 1583 creante
3389 1536 3447 1582 et
3473 1544 3505 1581 a
3529 1527 3718 1581 nullo“

2151 1632 2360 1687 creata,
2397 1622 2570 1691 deque
2592 1621 2708 1677 solo
2735 1622 2846 1678 Deo
2879 1621 3169 1685 intellecta,
3200 1622 3479 1677 secundus
3512 1637 3638 1677 vero
3663 1621 3719 1675 de

2151 1730 2235 1779 ea,
2279 1729 2418 1783 quae
2443 1723 2498 1768 et
2529 1724 2744 1769 creatur
2766 1721 2821 1770 et
2850 1723 3020 1779 creat,
3048 1723 3104 1768 et
3133 1713 3185 1767 in
3215 1712 3533 1782 primordiis
3556 1727 3719 1765 rerum

2150 1808 2515 1879 cognoscitur,
2555 1808 2859 1863 rationabili
2906 1816 3104 1863 tractat
3146 1807 3529 1878 progressione
3560 1821 3577 1861 :
3606 1822 3721 1862 nam

2150 1915 2380 1969 sequens
2415 1900 2458 1931 ’⁵
2487 1908 2593 1966 est,
2636 1907 2697 1954 ut
2728 1909 2785 1955 et
2814 1900 3004 1956 tertius
3038 1900 3104 1953 de
3132 1900 3312 1962 tertia,
3339 1913 3482 1967 quae
3520 1908 3723 1953 creatur

2150 1999 2204 2044 et
2241 2004 2347 2043 non
2377 1998 2555 2054 creat,
2601 1989 3001 2045 constitutionis
3038 2005 3170 2045 suae
3214 1990 3507 2045 materiam
3552 1989 3717 2044 susci-

2150 2080 2299 2151 piat?
2328 2078 2435 2137 Sed
2480 2081 2795 2151 priusquam
2837 2082 2905 2135 ad
2944 2080 3284 2136 enodandam
3322 2080 3467 2137 hanc
3510 2088 3727 2134 natura

2150 2178 2358 2240 partem
2404 2179 2765 2237 transeamus,
2804 2186 2964 2228 nosse
3000 2172 3184 2238 velim,
3214 2187 3323 2242 qua
3365 2173 3582 2226 ratione
3612 2185 3723 2225 eam

2150 2271 2425 2328 naturam,
2459 2279 2597 2334 quae
2642 2264 2709 2319 ab
2750 2265 2991 2320 omnium
3024 2272 3341 2318 naturarum
3383 2262 3727 2318 universitate

2150 2369 2246 2423 per
2270 2354 2645 2409 excellentiam
2693 2356 2776 2410 sui
2827 2365 2991 2425 atque
3037 2349 3360 2409 inﬁnitatem
3403 2363 3725 2416 removetur,

2152 2445 2314 2499 veluti
2367 2445 2594 2515 primam
2637 2455 2846 2514 partem
2892 2446 3057 2516 ipsius
3102 2446 3479 2501 universitatis
3528 2457 3724 2515 ponere

2150 2537 2388 2593 voluisti.
2461 2536 2797 2594 Universitas
2843 2537 3108 2606 siquidem
3162 2538 3461 2592 formarum
3515 2551 3723 2590 suarum

2151 2633 2495 2703 partiumque
2524 2631 2763 2687 numeris
2791 2631 3063 2700 impletur,
3096 2646 3161 2685 ac
3202 2645 3297 2699 per
3333 2630 3441 2684 hoc
3468 2628 3525 2683 in
3558 2627 3726 2681 inﬁni-

2157 2729 2265 2775 tum
2313 2738 2420 2777 non
2471 2721 2854 2792 progreditur;
2906 2720 3019 2775 suis
3062 2720 3208 2774 enim
3257 2720 3462 2775 ﬁnibus
3520 2734 3723 2773 sursum

2153 2828 2346 2868 versus
2382 2822 2544 2883 atque
2580 2812 2833 2867 deorsum
2881 2812 3221 2867 terminatur.
3257 2811 3342 2865 Ah
3384 2810 3725 2866 intellectuali

2153 2904 2418 2974 siquidem
2448 2911 2718 2968 creatura,
2749 2917 2885 2972 quae
2917 2902 2967 2955 in
2999 2902 3205 2972 angelis
3229 2911 3314 2957 est
3341 2901 3655 2965 constituta,
3676 2909 3727 2952 et

2155 3004 2214 3048 ut
2240 2994 2399 3050 altius
2429 2994 2801 3061 ascendamus,
2833 3009 2861 3047 a
2883 2992 3318 3064 primordialibus
3347 2993 3553 3057 causis,
3575 3007 3725 3061 supra

477 3086 915 3157 primordialilms
942 3086 1142 3151 causis,
1169 3086 1234 3139 de
1257 3101 1363 3141 uno
1390 3086 1551 3141 etiam
1579 3085 1818 3141 oumium
1851 3084 2049 3154 princi-
2079 3124 2125 3186 c
2154 3102 2288 3158 quas
2330 3102 2455 3143 vera
2503 3087 2641 3141 ratio
2683 3086 2756 3141 nil
2797 3086 3045 3155 superius
3086 3101 3302 3155 praeter
3345 3086 3523 3141 solum
3568 3084 3725 3140 Deum

476 3178 586 3247 pio,
622 3177 732 3232 Deo
760 3176 1030 3242 videlicet,
1062 3178 1154 3246 qui
1189 3177 1334 3232 solus
1360 3186 1445 3232 est
1477 3177 1585 3232 sola
1616 3192 1680 3231 ac
1710 3177 1880 3246 prima
1918 3192 2048 3231 cau-

473 3281 656 3322 sarum
704 3268 944 3322 omnium
990 3284 1184 3333 causa,
1223 3267 1715 3338 et'supercausalis
1758 3283 1954 3331 causa,
1998 3277 2052 3322 et

474 3357 948 3427 superessentialis
983 3357 1212 3421 bonitas,
1243 3355 1397 3426 cujus
1434 3356 1843 3426 participatione
1870 3356 2050 3410 omnia

472 3446 760 3520 principia,
778 3457 834 3502 et
852 3463 1040 3502 omnes
1060 3463 1254 3502 causae
1268 3447 1504 3501 omnium
1526 3463 1704 3503 rerum
1729 3448 2050 3513 subsistunt,

475 3539 601 3608 ipse
623 3554 754 3594 vero
779 3541 981 3594 nullum
1006 3540 1308 3611 participat,
1342 3541 1465 3609 quia
1499 3541 1643 3595 omni
1675 3541 1936 3610 principio
1962 3557 2051 3595 su-

479 3628 681 3696 periori
723 3645 781 3683 se
821 3630 901 3684 vel
939 3645 1120 3685 secum
1154 3631 1437 3696 existenti,
1488 3647 1592 3686 non
1632 3638 1812 3685 tamen
1844 3632 1864 3663 '
1904 3646 2053 3686 coes-

481 3718 696 3772 sentiali
721 3718 848 3782 sibi,
874 3720 1093 3774 omnino
1126 3728 1298 3785 caret,
1328 3721 1468 3789 quod
1496 3720 1680 3774 animo
1705 3720 2046 3787 occurrebat,

480 3808 647 3865 inseri
690 3811 733 3863 ⁸.
769 3810 901 3877 Quis
923 3810 1064 3865 enim
1093 3810 1160 3866 de
1197 3812 1393 3867 creatis
1418 3812 1595 3867 causis
1626 3821 1772 3868 recte
1799 3812 1928 3882 quid
1964 3813 2048 3867 di-

481 3910 590 3966 cet,
615 3900 717 3973 uisi
748 3901 898 3971 prius
924 3901 1137 3956 unicam
1171 3902 1411 3957 omnium
1440 3918 1661 3957 causam
1692 3919 1789 3974 per
1820 3919 1878 3959 se
1920 3904 2050 3959 sub-

479 3990 783 4057 sistentem,
819 4001 876 4048 et
916 4008 947 4046 a
985 3993 1129 4047 nulla
1160 3993 1501 4064 praecedenti
1546 4010 1604 4049 se
1643 4003 1880 4050 creatam
1917 4010 2050 4065 pure

474 4080 789 4149 perspiciat,
821 4081 876 4137 in
902 4092 1160 4152 quantum
1180 4084 1246 4138 de
1270 4082 1524 4138 incll'abili
1555 4084 1714 4138 datur
1734 4084 1857 4148 fari,
1879 4085 2052 4153 deque

478 4172 1008 4246 incomprehensibili
1046 4176 1462 4246 comprehendi,
1505 4177 1573 4232 de
1609 4186 1897 4246 superante
1930 4193 2050 4232 om-

472 4275 602 4320 nem
642 4267 969 4323 intellectum
1000 4268 1259 4338 intelligi?
1292 4268 1425 4323 Cum
1465 4270 1552 4324 his
1592 4270 1759 4325 etiam
1785 4270 2050 4340 quaedam

478 4354 549 4411 de
579 4356 751 4410 reditu
781 4372 962 4411 rerum
984 4358 1319 4413 mutabilium
1345 4367 1508 4429 atque
1531 4369 1930 4430 segregatarum
1956 4377 2052 4430 per

480 4444 728 4502 diversas
757 4458 987 4502 naturae
1018 4447 1310 4504 divisiones
1338 4458 1393 4504 et
1433 4460 1632 4519 partes,
1660 4452 1857 4521 quibus
1891 4470 2047 4508 Inun-

478 4537 582 4591 dus
625 4537 726 4592 iste
758 4536 780 4567 °
817 4537 1130 4607 perﬁcitur,
1170 4539 1363 4594 iterum
1406 4540 1460 4594 in
1505 4541 1766 4610 principia
1814 4557 1943 4608 sua,
1981 4558 2049 4597 ex

479 4721 703 4786 sistunt,
739 4722 866 4777 dum
895 4723 1016 4779 linis
1047 4726 1285 4779 omnium
1312 4726 1536 4788 venerit,
1569 4743 1884 4798 eorumque,
1912 4744 2053 4798 quae

483 4811 539 4865 in
571 4822 716 4866 motu
752 4822 896 4878 sunt,
924 4823 1099 4871 status
1125 4817 1468 4885 apparuerit,
1511 4827 1632 4886 post
1655 4817 1698 4849 ‘°
1719 4833 1879 4887 quem
1918 4819 2050 4873 nihil

480 4902 822 4968 movebitur,
874 4905 1109 4960 breviter
1156 4907 1571 4974 praelibavimus
1604 4908 1665 4962 “.
1724 4908 1819 4964 Ilis
1874 4910 2054 4977 itaque

481 4994 732 5065 aliisque,
765 5006 822 5050 ut
851 4996 1105 5060 diximus,
1136 5000 1355 5053 secundi
1381 5001 1645 5054 sermonis
1672 5000 1805 5054 ordo
1833 5004 2051 5056 texitur.

479 5086 686 5141 Deinde
710 5089 1093 5158 consequentia
1130 5091 1527 5156 quaestionum,
1570 5092 1622 5144 ni
1653 5091 1830 5156 fallor,
1867 5092 2056 5162 exigit,

483 5178 702 5233 tertium
736 5179 949 5246 librum,
972 5181 1084 5235 Deo
1118 5181 1274 5248 duce,
1302 5182 1369 5237 de
1404 5183 1562 5236 tertia
1599 5183 1921 5237 universalis
1959 5198 2056 5236 ua-

2078 4496 2129 4554 D

479 4624 679 4700 quibus
709 4636 1020 4702 procedunt,
1061 4642 1115 4687 et
1152 4634 1205 4688 in
1244 4635 1438 4704 quibus
1479 4636 1886 4693 immutabiliter
1921 4639 2050 4693 sub—
2072 4620 2094 4646 ⁶

2155 3180 2396 3248 reperit,
2438 3178 2741 3244 inchoatis,
2791 3194 2887 3248 per
2938 3178 3218 3233 naturales
3261 3178 3486 3233 ordines
3534 3176 3723 3231 ἰηιεῖιὶ-

2154 3270 2398 3341 gibilium
2446 3269 2872 3341 caelestiumque
2917 3270 3274 3325 essentiarum
3325 3278 3384 3324 et
3445 3269 3724 3325 visibilium

2153 3362 2410 3416 mundum
2454 3361 2617 3417 istum
2647 3359 3112 3425 constituentium,
3147 3375 3318 3429 usque
3338 3360 3407 3413 ad
3435 3368 3728 3414 extremum

2157 3452 2320 3507 totius
2359 3459 2642 3507 creaturae
2667 3450 2933 3515 ordinem,
2962 3450 3056 3520 qui
3086 3450 3407 3520 corporibus
3427 3463 3728 3520 corporum-

2151 3559 2257 3614 que
2302 3542 2649 3597 iucrementis
2688 3558 2753 3597 ac
2800 3540 3206 3598 detrimentis“
3248 3540 3526 3610 impletur,
3576 3541 3728 3593 variis

2152 3648 2367 3704 quoque
2390 3633 2793 3689 decessionibus
2821 3641 2875 3687 et
2896 3632 3335 3688 successionibus
3361 3633 3404 3662 "
3426 3646 3533 3702 per
3550 3630 3729 3686 catho-

2154 3727 2381 3782 licorum
2410 3725 2800 3781 elementorum
2843 3725 2895 3780 in
2925 3726 3144 3797 propria
3182 3726 3411 3790 coitum,
3442 3738 3729 3792 eorumque

2150 3820 2344 3875 iterum
2364 3819 2407 3852 ³⁸
2426 3821 2479 3874 in
2495 3819 2757 3889 catholica
2774 3818 3100 3874 solutionem
3118 3818 3421 3888 peragitur,
3440 3816 3727 3872 descendit.

2149 3911 2393 3967 Creatrix
2414 3926 2542 3967 vero
2567 3912 2608 3945 υ
2633 3911 2796 3966 totius
2825 3910 3194 3977 universitatis
3237 3917 3456 3974 natura,
3488 3908 3730 3980 quonim

2152 4005 2361 4059 inlinita
2392 4012 2496 4069 est,
2530 4003 2694 4060 nullis
2725 4002 2925 4058 ﬁnibus
2965 4016 3183 4057 sursum
3212 4001 3299 4055 vel
3325 4000 3586 4056 deorsum
3614 4015 3729 4054 con-

2158 4094 2427 4160 cluditur;
2470 4095 2586 4165 ipsa
2620 4093 2886 4164 siquidem
2938 4092 3110 4147 ambit
3154 4091 3371 4155 omnia,
3410 4099 3468 4145 et
3517 4106 3550 4144 a
3596 4088 3731 4144 nullo

2150 4185 2406 4241 ambitur.
2452 4185 2564 4242 Nec
2625 4187 2856 4251 mirum,
2902 4183 3053 4254 dum“.
3081 4197 3182 4238 nec
3227 4197 3259 4236 a
3306 4182 3495 4250 seipsa
3542 4176 3728 4233 ambiri

2151 4277 2345 4332 sinitur
2366 4277 2434 4344 ’°,
2457 4278 2581 4347 quia
2633 4275 3008 4332 universaliter
3041 4274 3215 4329 nescit
3250 4273 3489 4335 ambiri;
3551 4284 3727 4340 quem-

2153 4370 2438 4424 admodum
2493 4365 2868 4422 universaliter
2917 4379 2948 4418 a
2995 4362 3191 4431 seipsa,
3218 4372 3431 4431 quanto
3472 4357 3731 4429 magisah

2159 4459 2288 4522 alio,
2309 4456 2712 4527 comprehendi,
2734 4470 2831 4510 seu
2857 4453 2909 4507 in
2936 4452 3118 4520 aliquo
3136 4450 3361 4506 definito
3378 4448 3467 4502 vel
3488 4444 3731 4504 deﬁnibili

2159 4547 2644 4618 supernaturaliter
2702 4543 2893 4614 etl'ugit
2949 4541 3195 4610 intelligi.
3246 4539 3363 4594 Nisi
3426 4538 3571 4594 forte
3626 4535 3734 4606 quis

2159 4642 2338 4706 dicat,
2368 4626 2421 4694 in
2463 4639 2567 4695 hoc
2604 4637 2718 4694 solo
2754 4652 2813 4691 se
2850 4635 3048 4698 ambit,
3081 4633 3208 4688 dum
3263 4647 3324 4687 se
3363 4632 3515 4700 sapit
3551 4628 3732 4685 ambiri

2163 4747 2269 4785 non
2299 4745 2489 4800 posse;
2524 4728 2576 4783 in
2622 4729 2725 4783 hoc
2770 4741 2826 4781 se
2865 4722 3299 4792 comprehendit,
3338 4721 3469 4775 dum
3512 4736 3575 4774 se
3611 4717 3736 4787 sapit

2158 4822 2697 4893 comprehensibilem
2724 4820 2768 4851 ’ί
2798 4834 2902 4873 non
2928 4833 3079 4883 esse;
3132 4816 3186 4871 in
3227 4817 3328 4870 hoc
3367 4831 3432 4870 se
3474 4812 3732 4878 intelligit,

2160 4916 2287 4969 dum
2315 4916 2477 4985 sapit,
2516 4916 2569 4969 in
2600 4914 2709 4968 ullo
2740 4927 2797 4967 se
2823 4911 3048 4980 intelligi
3079 4907 3415 4979 impossibile
3446 4922 3593 4971 esse,
3618 4904 3732 4975 quia

2161 5024 2325 5062 omne
2352 5008 2492 5076 quod
2521 5015 2624 5071 est,
2654 5014 2709 5059 et
2737 5012 2912 5074 potest
2947 5016 3089 5067 esse,
3126 5009 3369 5070 superat.
3417 4998 3487 5052 Et
3517 5013 3641 5052 cum
3668 5005 3734 5048 tta

2161 5097 2255 5161 sit,
2286 5097 2568 5165 nullusque
2610 5104 2754 5150 recte
2790 5091 3286 5163 philosophantium
3326 5090 3417 5145 bis
3447 5087 3736 5143 rationibus

2165 5196 2370 5242 temere
2398 5188 2637 5253 resistat,
2667 5202 2765 5243 cur
2800 5185 2943 5241 intra
2972 5184 3348 5241 universitatis
3373 5182 3672 5238 divisiones
3705 5192 3736 5231 ι

1758 5314 2007 5370 VABIAE
2044 5316 2441 5376 LECTIONES.

552 5448 571 5478 ¹
622 5447 663 5501 C
720 5448 853 5503 Item
898 5451 1044 5506 huic.
1141 5450 1164 5480 '
1203 5447 1246 5502 C
1286 5445 1483 5501 litteris
1526 5446 1766 5499 miniatis
1827 5464 1841 5499 :

482 5514 637 5606 ﬁeri-
701 5518 789 5572 ,Α
823 5522 1079 5572 “(nmina
1177 5518 1197 5548 ἰ
1249 5519 1271 5544 Α
1337 5518 1402 5540 -z-
1450 5526 1462 5536 .
1508 5524 1539 5533 ,.
1646 5519 1664 5529 ..
1709 5517 1718 5526 .

1908 5447 2098 5504 Incipit
2159 5454 2341 5500 tertius
2403 5454 2533 5496 ΙὶΙιον
2579 5459 2697 5492 una!
2744 5463 2963 5508 ωυσκῶν.

3382 5522 3406 5555 ⁸
3520 5518 3732 5606 .infer‘ri.
