4064 6292
226 354 330 412 621

1068 349 1162 410 DE
1198 351 1540 411 DIVISIONE
1579 350 1929 408 NATURAE.
1962 381 2033 393 —
2070 348 2273 406 LIBER
2310 349 2639 407 TERTIUS.

3378 350 3499 408 6’2‘2

227 484 287 530 te
328 472 688 529 constituatur
728 470 771 536 ¹,
834 483 943 525 non
980 469 1142 541 plane
1176 471 1357 526 video.
1404 470 1545 525 Mac.
1586 469 1643 523 ln
1673 467 1809 525 divi-
1837 472 1882 528 Α
1910 480 2130 523 causam
2159 467 2180 497 ⁸
2202 464 2567 519 universitatis
2608 462 2858 517 conditae
2882 461 3200 519 crcatricein
3231 477 3505 533 superna-

228 566 475 623 sionibus
540 562 911 621 universitatis
971 563 1220 619 conaitae
1272 562 1417 617 nullo
1474 562 1634 615 modo
1692 574 1813 614 eam

228 656 533 728 posuerim.
557 655 614 709 ln
642 654 1000 710 divisionibus
1025 663 1205 709 autem
1235 654 1402 724 ipsius
1428 652 1811 716 universitatis,

232 763 380 818 quae
405 763 512 803 uno
540 755 768 802 naturae
807 744 1126 801 universalis
1157 745 1423 800 vocabulo
1467 744 1817 813 comprehen-

227 840 402 904 ditur,
429 853 536 895 non
564 852 691 900 uno,
719 838 814 893 sed
839 836 1118 906 multiplici
1149 836 1373 891 rationis
1398 835 1592 890 intuitu
1619 849 1817 905 ponen-

229 933 357 985 dam
380 929 641 999 iudicavi.
672 929 748 983 Eo
778 943 1013 998 namque
1044 928 1280 991 nomine,
1312 926 1454 996 quod
1485 934 1567 981 est
1597 935 1813 987 natura,

230 1037 341 1074 non
387 1020 561 1074 solum
606 1026 789 1074 creata
833 1018 1180 1082 universitas,
1210 1032 1396 1071 verum
1440 1017 1604 1071 etiam
1647 1015 1817 1085 ipsius

232 1110 473 1165 creatrix
495 1108 628 1164 solet
652 1107 967 1180 signiﬁcari.
992 1106 1171 1161 Prima
1203 1107 1468 1176 siquidem
1501 1113 1555 1161 et
1582 1105 1816 1159 maxima

229 1201 429 1256 divisio
442 1208 526 1256 est
548 1199 868 1255 universalis
890 1207 1115 1262 naturae
1136 1197 1188 1252 in
1202 1198 1523 1253 creatricem
1551 1194 1819 1250 universi-

234 1289 717 1354 tatis.eonditae,et
736 1297 976 1344 creatam
993 1288 1047 1341 in
1071 1287 1182 1358 ipsa
1207 1286 1419 1342 condita
1441 1285 1816 1347 universitate,

234 1384 496 1440 nimirum
527 1398 649 1438 cum
678 1380 942 1437 naturalis
973 1381 1073 1437 ista
1101 1380 1294 1436 divisio
1326 1380 1379 1434 in
1407 1379 1656 1434 omnibus
1693 1377 1816 1431 uni-

231 1477 585 1533 versitatibus
617 1476 671 1531 in
710 1475 979 1530 inﬁnitum
1018 1474 1359 1529 nnil‘ormiter
1387 1482 1656 1527 servetur.
1684 1469 1817 1524 Nam

236 1567 562 1624 universalis
590 1566 713 1622 boni
740 1566 915 1637 prima
939 1566 1108 1620 sectio
1134 1573 1218 1620 est
1265 1565 1319 1618 in
1346 1562 1474 1618 illud
1505 1577 1668 1616 unum
1708 1576 1773 1615 ac
1797 1561 1819 1592 '

234 1674 509 1716 summum
570 1656 1012 1714 incommutabile
1075 1672 1174 1727 per
1231 1669 1290 1709 se
1347 1664 1402 1710 et
1463 1651 1820 1708 substantiale

232 1749 464 1813 bonum,
480 1762 547 1803 ex
569 1762 678 1817 quo
691 1761 852 1803 omne
874 1746 1072 1800 bonum
1096 1752 1295 1809 manat,
1312 1745 1433 1798 etin
1458 1744 1583 1798 illud
1599 1743 1819 1805 bonum,

232 1836 382 1906 quod
421 1836 839 1907 participatione
876 1835 1073 1889 summi
1119 1843 1175 1889 et
1218 1833 1670 1889 incommutabilis
1694 1831 1818 1885 boni
1852 1818 1897 1877 Β

234 1927 444 1980 bonum
480 1935 586 1981 est.
636 1924 900 1981 Similiter
937 1925 1260 1980 universalis
1288 1925 1575 1990 essentiae,
1603 1923 1819 1978 univer-

236 2015 375 2069 salis
396 2015 559 2081 vitae,
576 2015 898 2071 universalis
917 2016 1237 2084 sapientiae,
1259 2014 1580 2069 universalis
1608 2014 1824 2068 virtutis

235 2104 430 2159 eadem
453 2104 770 2176 principalis
802 2104 998 2159 divisio
1018 2112 1120 2159 cst.
1147 2104 1203 2157 lu
1232 2103 1319 2158 his
1342 2103 1486 2159 enim
1522 2104 1825 2172 ceterisque

238 2193 512 2249 similibus
550 2194 730 2265 primo
778 2193 1108 2249 discernitur
1159 2208 1222 2249 ea
1274 2203 1464 2247 natura
1490 2233 1505 2258 ,
1549 2208 1689 2263 quae
1728 2208 1826 2263 per

240 2287 501 2357 seipsam,
539 2301 571 2341 a
599 2286 799 2357 seipsa,
838 2286 893 2341 in
933 2287 1109 2357 seipsa
1154 2299 1283 2340 vere
1322 2294 1380 2339 et
1417 2285 1828 2340 immutabiliter

239 2378 484 2434 essentia
521 2387 627 2442 est,
663 2386 719 2434 et
754 2378 889 2442 vita,
925 2386 982 2432 et
1019 2375 1307 2445 sapientia,
1350 2382 1402 2431 et
1438 2376 1631 2441 virtus,
1664 2377 1734 2431 ab
1761 2392 1826 2431 ea

242 2479 467 2536 natura,
506 2484 649 2540 quae
669 2469 692 2502 ⁸
709 2469 1124 2540 participatione
1145 2470 1341 2523 summi
1366 2470 1490 2524 boni
1506 2480 1600 2524 aut
1621 2480 1827 2526 tantum

244 2568 363 2625 est;
398 2569 489 2615 aut
508 2571 564 2615 et
596 2569 700 2625 est,
727 2569 782 2615 ει
805 2560 940 2614 vivit
964 2575 978 2626 ;
1011 2568 1104 2613 aut
1127 2567 1308 2624 etest,
1337 2568 1393 2614 et
1415 2560 1569 2626 vivit,
1592 2570 1647 2615 et
1666 2564 1830 2617 sentit

245 2662 304 2708 et
337 2651 769 2720 ratiocinatur‘;
803 2662 897 2707 aut
945 2665 1002 2708 et
1025 2652 1048 2685 ⁸
1071 2660 1176 2718 est,
1206 2661 1262 2707 et
1295 2653 1449 2719 vivit,
1485 2662 1541 2706 et
1578 2651 1743 2707 sentit
1777 2660 1831 2707 et

246 2744 605 2799 ratiocinator
623 2752 680 2799 et
698 2744 840 2814 sapit
860 2744 901 2797 ⁸.
927 2743 1181 2808 Videsne,
1197 2742 1649 2813 quemadmodum
1668 2741 1829 2798 totius

250 2833 628 2889 universitatis
664 2832 917 2889 conditor
946 2834 1181 2903 primum
1211 2833 1263 2887 in
1305 2832 1659 2887 divisionibus
1693 2832 1833 2887 obti-

251 2934 348 2980 net
374 2924 596 2981 locum?
621 2922 733 2980 Nec
771 2924 1061 2989 immerito,
1099 2925 1223 2979 dum
1257 2924 1327 2980 sit
1368 2923 1690 2994 principium
1716 2938 1833 2977 om-

252 3017 426 3081 nium,
462 3023 519 3071 et
562 3014 943 3085 inseparabilis
986 3016 1054 3069 ab
1097 3015 1246 3070 omni
1292 3013 1625 3075 diversitate,
1669 3028 1832 3083 quam

253 3105 517 3172 condidit,
534 3114 589 3161 et
604 3105 722 3160 sine
745 3120 854 3176 quo
879 3106 1174 3161 subsistere
1202 3105 1481 3161 conditor'
1511 3118 1615 3159 non
1632 3112 1825 3173 potest.

1915 557 2145 612 turalem
2171 570 2309 616 esse,
2339 562 2394 609 et
2426 551 2953 623 superessentialem,
2978 562 3034 607 et
3077 569 3238 623 supra
3281 569 3496 608 omnem

1913 650 2101 714 vitam,
2133 656 2189 703 et
2225 646 2566 717 sapientiam,
2606 653 2659 698 et
2699 644 2976 705 virtutem,
3004 652 3057 698 et
3088 658 3249 712 supra
3292 644 3497 707 omnia,

1914 757 2053 811 quae
2080 741 2353 802 dicuntur,
2389 746 2445 791 et
2474 735 2860 805 intelliguntur,
2893 743 2947 788 ct
2976 734 3119 787 omni
3144 749 3303 788 sensu
3327 734 3500 802 perci-

1915 832 2155 902 piuntur,
2177 831 2301 883 dum
2332 827 2404 882 sit
2432 827 2626 882 horum
2648 823 2888 877 ninnium
2912 822 3234 893 principium
3260 822 3501 888 causale,

1913 931 1972 978 et
1998 921 2233 976 medium
2267 917 2495 988 impleas
2524 914 2832 979 essentiale,
2863 924 2920 969 et
2945 912 3067 968 ﬁnis
3094 927 3501 977 consummans,

1914 1024 2238 1079 omnemque
2261 1017 2465 1063 motum
2488 1005 2812 1067 stabilitans,
2841 1003 3188 1073 quietumque
3220 1002 3241 1033 ⁹
3274 1002 3515 1067 faciens,

1917 1111 1967 1157 et
1999 1101 2254 1165 ambitus,
2288 1098 2492 1163 omnia,
2522 1109 2661 1166 quae
2687 1104 2814 1151 sunt
2840 1104 2895 1149 et
2928 1108 3067 1163 quae
3089 1107 3195 1147 non
3221 1102 3364 1155 sunt,
3394 1093 3502 1148 cir-

1917 1192 2309 1249 cumscrihens.
2329 1190 2475 1245 Disc.
2494 1188 2588 1244 llis
2606 1189 2747 1244 altae
2762 1197 3063 1257 eautacque
3077 1186 3521 1242 ratiocinationis.

1918 1282 2300 1338 collationibus
2340 1280 2383 1312 ³ο
2431 1280 2661 1336 libenter
2706 1279 2876 1341 cedo,
2923 1294 2989 1333 ac
3036 1276 3358 1333 verisimiles
3409 1290 3522 1331 eas.

1919 1375 2179 1444 approbo.
2216 1372 2326 1428 Sed
2365 1372 2677 1443 priusquam
2717 1370 2784 1424 ad
2821 1369 3244 1425 considerandos
3282 1367 3507 1423 ell'ectus

1920 1465 2350 1539 primordialium
2393 1479 2704 1528 causarum,
2732 1480 2797 1518 ex
2838 1464 3033 1533 quibus
3063 1463 3297 1517 maxime
3330 1462 3505 1532 prima

1920 1562 2160 1616 omnium
2197 1570 2253 1615 et
2284 1576 2390 1614 una
2424 1560 2464 1592 ¹¹
2507 1558 2741 1613 creatrix
2780 1572 2940 1611 causa
2979 1555 3116 1611 solet
3148 1555 3508 1616 denoniinari,

1921 1654 2185 1716 accedas,
2241 1652 2485 1708 ordinem
2531 1649 2830 1705 naturalem
2878 1664 3063 1704 carum
3114 1662 3274 1703 nosse
3311 1661 3510 1702 convc-

1926 1744 2005 1798 nit
2041 1762 2054 1797 :
2089 1743 2265 1798 adhuc
2297 1742 2442 1796 enim
2480 1740 2691 1795 mixtim
2727 1740 3144 1808 indistincteque
3175 1738 3512 1792 introductus

1924 1851 2045 1891 esse
2111 1835 2367 1890 arbitror.
2429 1831 2596 1897 Nam,
2680 1832 2735 1885 ni
2796 1831 2985 1895 fallor,
3028 1830 3095 1883 ad
3143 1843 3329 1883 earum
3381 1826 3511 1885 clle-

1924 1937 2215 1997 ctuumque
2246 1941 2466 1981 suorum
2492 1923 2787 1997 perfectam
2821 1924 3066 1978 notitiam
3104 1938 3208 1978 non
3237 1922 3511 1975 mediocre

1925 2018 2183 2073 auxilium
2230 2018 2618 2089 quaerentibus
2667 2015 2998 2085 praestabit,
3048 2012 3094 2067 si
3146 2011 3299 2084 prius
3349 2019 3506 2066 natu-

1928 2108 2058 2163 ralis
2101 2107 2254 2171 ordo,
2298 2121 2407 2176 quo
2434 2122 2463 2161 a
2489 2116 2736 2162 creatore
2764 2104 3013 2159 conditae
3041 2111 3187 2167 sunt,
3212 2101 3513 2156 luculenter

1927 2193 2225 2265 patefactus
2259 2192 2440 2249 fuerit.
2472 2193 2612 2249 Man.
2651 2191 3086 2247 Primordialiuni
3113 2205 3399 2245 causarum
3423 2205 3515 2248 δε·-

1929 2287 2063 2342 riem
2085 2286 2298 2342 divinae
2333 2285 2707 2356 providentiae
2729 2283 3263 2351 solersinvestigator
3292 2291 3513 2336 sanctus

1929 2377 2215 2449 Dionysius
2248 2376 2571 2447 Areopagita
2598 2375 2649 2430 in
2676 2376 2816 2429 libro
2859 2375 2927 2429 de
2966 2373 3162 2429 divinis
3196 2370 3517 2426 Nominibus

1928 2470 2271 2540 apertissime
2289 2470 2333 2505 ¹¹
2356 2470 2637 2539 disposuit.
2670 2467 2929 2523 Summae
2945 2467 3209 2536 siquidem
3233 2465 3510 2524 bonitatis,

1885 2596 1893 2604 ο
1930 2576 2073 2631 quae
2093 2560 2291 2614 nullius
2316 2560 2617 2630 particeps,
2664 2558 2918 2627 quoniam
2945 2571 3043 2625 per
3063 2570 3124 2609 se
3156 2554 3327 2623 ipsam
3359 2552 3514 2606 honi-

1932 2660 2018 2707 tas
2028 2660 2133 2717 est,
2147 2650 2375 2722 primam
2390 2649 2732 2704 donationem
2747 2657 2797 2701 et
2818 2646 3285 2717 participationem
3311 2642 3355 2674 ¹³
3368 2657 3517 2697 assc-

1935 2746 2007 2801 rit
2032 2761 2153 2801 esse
2176 2760 2276 2815 per
2295 2759 2355 2799 se
2373 2745 2544 2815 ipsam
2570 2743 2889 2808 bonitatem,
2911 2741 3065 2810 cujus
3079 2739 3515 2811 participatione,

1933 2851 2306 2909 quaecunque,
2324 2834 2512 2891 bona“
2529 2843 2675 2890 sunt.
2694 2834 2925 2902 Ideoque
2944 2848 3040 2903 per
3060 2831 3289 2899 seipsam
3308 2828 3521 2883 bonitas

1936 2932 2152 2996 dicitur,
2171 2931 2296 3001 quia
2317 2944 2417 3000 per
2435 2930 2666 3000 seipsam
2689 2941 2960 2982 summurn
2981 2926 3182 2980 bonum
3205 2922 3514 2991 participat.

1935 3022 2128 3077 Cetera
2142 3021 2286 3077 enim
2307 3020 2449 3075 bona
2466 3035 2571 3075 non
2592 3034 2690 3090 per
2710 3018 2883 3089 seipsa
2907 3030 3175 3072 summum
3199 3022 3253 3069 et
3271 3014 3523 3069 substam

1940 3113 2064 3169 tiale
2084 3113 2283 3168 bonum
2303 3112 2654 3183 participant,
2676 3110 2768 3167 sed
2786 3123 3039 3181 peream,
3057 3121 3199 3177 quae
3220 3113 3304 3161 est
3319 3120 3415 3174 per
3436 3118 3525 3158 se-

253 3198 312 3252 ln
360 3198 478 3267 ipso
514 3197 659 3253 enim
708 3174 1119 3252 immutabiliter
1176 3205 1234 3253 et
1297 3195 1661 3252 essentialiter
1710 3203 1837 3250 sunt

1941 3206 2111 3276 ipsam
2134 3174 2332 3259 summi
2356 3203 2483 3259 boni
2501 3174 2692 3273 prima
2721 3174 3091 3273 participatio.
3114 3198 3180 3252 Et
3207 3198 3252 3230 ”
3278 3197 3415 3252 haec
3438 3210 3525 3250 re-

253 3292 459 3357 omnia,
487 3300 545 3347 et
584 3291 699 3361 ipse
741 3296 827 3346 est
873 3289 1069 3346 divisio
1119 3298 1176 3345 et
1225 3287 1473 3345 collectio
1516 3287 1839 3343 universalis

254 3389 567 3445 creaturae,
606 3388 660 3436 et
695 3393 889 3451 genus,
919 3388 976 3437 et
1004 3380 1237 3450 species,
1268 3386 1323 3434 et
1344 3385 1557 3444 .totum,
1598 3387 1655 3433 et
1692 3392 1840 3447 pars,

256 3473 386 3526 dum
435 3471 635 3527 nullius
667 3471 739 3527 sit
771 3471 857 3527 vel
898 3485 1088 3543 genus,
1124 3471 1209 3525 vel
1246 3470 1479 3541 species,
1510 3484 1605 3525 seu
1646 3477 1843 3533 totum,

256 3580 355 3618 seu
388 3578 533 3634 pars,
561 3563 655 3618 sed
684 3562 822 3619 haec
852 3562 1032 3619 omnia
1065 3577 1135 3619 ex
1176 3561 1315 3632 ipso,
1342 3570 1400 3617 et
1433 3562 1486 3616 in
1527 3562 1668 3631 ipso,
1691 3569 1747 3616 et
1775 3560 1843 3615 ad

258 3656 439 3724 ipsum
481 3662 627 3709 sunt.
661 3652 796 3708 Nam
827 3662 881 3709 et
916 3668 1105 3709 monas
1133 3653 1458 3724 principium
1494 3667 1843 3708 numerorum

258 3754 369 3810 est,
393 3746 675 3816 primaque
700 3745 1027 3816 progressio,
1056 3752 1111 3800 et
1140 3746 1209 3800 ab
1238 3758 1302 3800 ea
1324 3745 1565 3800 omnium
1588 3760 1846 3800 numero-

263 3850 388 3889 rum
435 3834 717 3904 pluralitas
738 3835 994 3900 inchoat,
1016 3834 1422 3904 eorundemque
1450 3834 1655 3889 reditus
1686 3842 1848 3903 atque

261 3928 516 3984 eolIeCtio
565 3915 636 3983 'in
701 3941 766 3982 ea
820 3936 1251 3983 consummatur.
1314 3924 1593 3996 Siquidem
1659 3941 1848 3981 omnes

261 4020 479 4075 numeri
505 4019 887 4077 unlversaliter
905 4028 962 4075 et
997 4019 1511 4074 incommutabiliter
1538 4019 1591 4073 iu
1621 4023 1851 4076 monade

262 4110 591 4175 subsistunt,
627 4118 687 4166 et
724 4110 777 4165 in
822 4110 1075 4165 omnibus
1096 4110 1179 4164 eis
1210 4118 1382 4163 totum
1411 4118 1466 4163 et
1495 4123 1620 4178 pars
1647 4117 1752 4173 est,
1796 4117 1853 4165 et

267 4202 439 4257 totius
479 4202 762 4259 divisionis
791 4200 1174 4273 primordium,
1219 4201 1344 4255 dum
1368 4201 1439 4255 sit
1460 4201 1574 4269 ipsa
1599 4202 1652 4255 in
1674 4202 1848 4273 seipsa

213 4354 221 4361 ,
267 4306 449 4363 neque
482 4308 741 4349 numerus
785 4307 959 4363 neque
991 4307 1117 4363 pars
1158 4292 1297 4362 ejus.
1344 4291 1544 4347 Eadem
1586 4294 1727 4348 ratio
1768 4302 1853 4349 est

267 4384 446 4439 centri
472 4383 528 4438 in
552 4384 755 4440 circulo
777 4400 873 4440 seu
902 4385 1159 4456 sphaera,
1186 4384 1322 4455 signi
1348 4385 1401 4438 in
1450 4384 1642 4455 ﬁgura,
1668 4387 1851 4455 puncti

1940 3295 2062 3368 gula
2085 3295 2139 3351 in
2153 3294 2403 3350 omnibus
2417 3293 2855 3364 primordialibus
2875 3295 3056 3367 causis
3072 3288 3412 3345 uniforiniter
3428 3288 3521 3342 ob-

1942 3396 2213 3449 servatur,
2243 3385 2348 3441 boc
2379 3393 2483 3450 est,
2510 3382 2651 3454 quod
2689 3397 2788 3453 per
2809 3396 2868 3436 se
2893 3382 3041 3451 ipsas
3085 3377 3533 3449 participationes

1944 3476 2408 3547 principalessuut
2428 3474 2588 3530 unius
2605 3472 2844 3529 omnium
2867 3485 3087 3535 causae,
3104 3483 3245 3539 quae
3261 3468 3401 3522 Deus
3421 3474 3525 3520 est.

1944 3567 2207 3634 Quoniam
2230 3582 2358 3622 vero
2383 3580 2629 3622 summae
2652 3580 2716 3621 ac
2742 3579 2903 3620 verae
2935 3571 3165 3618 naturae
3195 3561 3369 3632 prima
3402 3574 3531 3614 eon-

1944 3659 2200 3714 sideratio
2220 3667 2324 3724 est,
2348 3673 2451 3728 qua
2476 3656 2793 3727 intelligitur
2812 3671 3023 3713 summa
3046 3669 3113 3709 ac
3135 3668 3265 3709 vera
3290 3652 3527 3717 bonitas,

1945 3751 2180 3806 secunda
2197 3764 2347 3812 vero,
2371 3765 2474 3818 qua
2491 3748 2807 3821 intelligitur
2822 3762 3031 3805 summa
3048 3756 3110 3803 ac
3126 3761 3252 3802 vera
3270 3745 3527 3805 essentia,

1946 3857 2047 3896 nec
2091 3840 2137 3873 ¹⁶
2187 3840 2459 3895 immerito
2523 3839 2950 3910 primordialium
2999 3851 3284 3892 causarum
3342 3850 3550 3892 secun-

1947 3934 2071 3991 dttm
2088 3934 2262 3991 locum
2275 3933 2479 3989 obtinet
2491 3947 2588 4003 per
2599 3933 2828 4001 seipsam
2842 3932 3242 4000 cssentia,quae
3255 3944 3374 3983 cum
3390 3943 3537 3981 sum.-

1948 4040 2071 4081 mae
2093 4039 2158 4079 ac
2178 4036 2339 4078 verae
2360 4021 2630 4077 essentiae
2652 4022 2826 4091 prima
2851 4020 3193 4091 participatio
3213 4020 3306 4084 sit,
3329 4017 3530 4077 omnia,

1950 4129 2089 4186 quae
2110 4121 2233 4184 post
2258 4127 2319 4169 se
2348 4120 2495 4175 sunt,
2520 4127 2616 4167 sua
2640 4111 3060 4182 participatione
3085 4109 3359 4179 accipiunt
3381 4122 3527 4171 esse,

1951 4221 2017 4261 ac
2042 4220 2138 4275 per
2161 4206 2265 4260 hoc
2298 4220 2403 4260 non
2434 4203 2607 4259 solum
2636 4204 2804 4267 bona,
2833 4216 3019 4256 verum
3049 4200 3213 4256 etiam
3243 4197 3534 4253 existentia

1952 4305 2101 4361 sunt,
2136 4296 2293 4351 tertia
2318 4294 2532 4350 divinae
2557 4302 2786 4348 naturae
2813 4291 3042 4347 intentio
3069 4298 3172 4353 est,
3203 4304 3308 4359 qua
3338 4286 3547 4367 intellio‘

1954 4386 2099 4459 gitur
2137 4401 2349 4441 summa
2380 4399 2619 4455 veraque
2656 4383 2791 4448 vita,
2837 4383 3068 4452 ideoque
3117 4380 3276 4434 tertia
3324 4378 3377 4433 in
3425 4378 3537 4447 pri-

270 4472 328 4527 in
366 4471 529 4527 linea.
577 4472 723 4528 Cum
747 4473 913 4545 igitur
944 4474 1108 4528 totius
1134 4472 1507 4528 universitatis
1548 4474 1742 4529 divisio
1786 4475 1855 4529 ab
1888 4525 1933 4547 η
1959 4479 2310 4534 mordialibus
2346 4475 2526 4533 causis
2563 4491 2664 4547 per
2700 4475 2933 4545 seipsam
2961 4475 3070 4528 vita
3094 4482 3538 4535 connumeratur,

271 4564 447 4633 ipsius
496 4580 659 4620 causa
701 4573 758 4619 et
803 4565 1068 4621 creatriee
1111 4563 1357 4634 incipiat,
1385 4579 1493 4619 non
1529 4581 1649 4620 eam
1692 4566 1855 4621 veluti

270 4657 503 4727 primam
530 4672 736 4727 partem
763 4657 845 4712 vel
873 4657 1109 4726 speciem
1137 4657 1396 4712 debemus
1419 4658 1734 4729 intelligere,
1763 4659 1855 4713 sed

274 4748 347 4806 ab
381 4764 450 4820 ea
484 4766 697 4806 omnem
730 4750 1052 4807 divisionem
1086 4759 1141 4806 et
1188 4751 1535 4819 partitionent
1576 4752 1853 4818 inchoare,

274 4840 533 4910 quoniam
583 4842 761 4896 omnis
815 4842 1186 4897 universitatis
1238 4842 1561 4912 principium
1614 4853 1739 4907 est,
1802 4853 1857 4900 et

278 4930 537 4996 medium,
566 4938 620 4986 et
645 4931 785 4986 linis.
817 4932 883 4986 Et
904 4931 1032 4986 dum
1057 4933 1190 4987 haec
1216 4933 1282 4987 de
1308 4948 1368 4987 ea
1393 4940 1448 4987 et
1478 4933 1862 5002 praedicantur

277 5028 334 5074 ct
367 5021 763 5093 intelliguntur,
804 5023 907 5077 hoc
939 5031 1052 5088 est,
1082 5022 1207 5076 dum
1246 5023 1299 5076 in
1333 5023 1690 5078 divisionibus
1737 5024 1859 5077 uni-

283 5111 598 5165 versitatum
624 5111 854 5181 primum
889 5111 1063 5166 locum
1092 5112 1359 5179 obtineat,
1392 5129 1551 5168 neruo
1577 5123 1754 5168 tamen
1780 5124 1866 5168 est

279 5201 371 5270 pie
396 5200 727 5256 credentium
758 5210 814 5257 et
838 5202 1121 5256 veritatem
1159 5202 1589 5272 intelligentium,
1625 5204 1715 5272 qui
1755 5218 1860 5257 non

283 5292 562 5360 continuo,
596 5294 802 5364 absque
840 5291 946 5347 ulla
988 5292 1332 5348 cunctatione
1370 5292 1663 5359 exclamet,
1702 5294 1863 5348 totius

1887 4525 1935 4586 D

1963 4584 2103 4639 quae
2134 4582 2392 4631 summae
2421 4582 2488 4623 ac
2530 4581 2694 4621 verae
2732 4566 2876 4620 vitae
2910 4566 3085 4635 prima
3111 4579 3209 4634 per
3238 4578 3295 4618 se
3321 4561 3544 4633 partici-

1963 4659 2110 4731 patio
2132 4659 2456 4723 subsistens,
2478 4666 2537 4712 ut
2557 4657 2736 4711 omnia
2767 4665 2890 4727 post
2915 4672 3035 4711 eam
3068 4655 3299 4710 viventia
3322 4652 3541 4723 partici-

1963 4750 2184 4819 patione
2218 4748 2335 4817 ejus
2363 4748 2629 4811 viverent,
2654 4754 2837 4801 creata
2865 4753 2950 4800 est
2979 4763 2991 4799 :
3032 4745 3158 4799 hinc
3183 4742 3468 4797 conﬁcitur
3488 4749 3545 4796 et

1964 4840 2127 4902 bona,
2144 4845 2200 4892 ct
2217 4838 2257 4871 "
2273 4836 2581 4900 cxistentia,
2604 4844 2660 4890 et
2678 4834 2912 4889 viventia
2937 4847 3077 4888 esse.
3099 4832 3351 4907 Ejusdem
3379 4838 3539 4884 natu-

1964 4946 2057 5003 rae
2072 4935 2259 4998 quarta
2278 4927 2481 4981 theoria
2493 4966 2508 4991 ,
2525 4941 2627 4995 qua
2652 4940 2859 4980 summa
2883 4938 2948 4978 ac
2967 4938 3096 4977 vera
3111 4922 3249 4977 ratio
3264 4918 3546 4989 cognosci-

1964 5030 2071 5074 tur.
2091 5019 2227 5072 llinc
2239 5016 2560 5087 perspicitur
2572 5024 2821 5084 quartam
2841 5015 2883 5046 "
2899 5015 3040 5068 inter
3059 5008 3436 5084 primordiales
3451 5022 3549 5076 per

1966 5126 2026 5164 se
2078 5110 2251 5179 ipsam
2284 5107 2423 5161 ratio
2456 5107 2773 5171 sessionem,
2829 5106 3168 5175 primamque
3215 5115 3456 5157 summae
3484 5114 3551 5153 ac

1966 5212 2127 5253 verae
2166 5197 2392 5252 rationis
2436 5195 2929 5266 participationem,
2959 5195 3309 5262 omniumque
3337 5197 3458 5260 post
3484 5203 3551 5243 se

1966 5286 2408 5353 rationabiliutn,
2469 5286 2573 5342 hoc
2633 5295 2757 5351 est,
2814 5286 3042 5343 rationis
3099 5279 3561 5355 participantium,

260 5428 274 5495 ς
1548 5400 1804 5455 vanus
1841 5396 2223 5454 LECTIONES

362 5546 385 5582 ι
412 5541 455 5596 C
492 5542 858 5615 constituatur.
909 5538 959 5615 _'
988 5538 1037 5594 A
1068 5548 1138 5615 et.
1212 5538 1234 5570 ³
1269 5537 1310 5593 C
1355 5554 1490 5615 qua._
1529 5537 1574 5615 _‘
1603 5535 1986 5615 pro_sentit“e.
2036 5549 2082 5586 r.
2109 5532 2154 5586 Α
2185 5530 2339 5615 salit.

290 5621 454 5665 natur
477 5622 524 5665 et
555 5613 759 5665 saoitA
805 5611 941 5677 sapit
976 5617 1034 5665 et
1068 5611 1308 5663 virtutem
1352 5604 1651 5679 participat.
1711 5606 1730 5636 ⁷
1779 5604 2019 5658 conditor
2065 5618 2171 5657 Otii.
2227 5604 2289 5655 A.

296 5682 883 5729 “Amllamtiimibus-
957 5680 1000 5714 ιι
1031 5690 1078 5729 et
1114 5695 1220 5729 una
1272 5694 1383 5729 om.
1412 5680 1477 5729 Λ.
1556 5678 1599 5708 ⁵⁸
1649 5677 1693 5729 Α
1743 5675 2028 5729 aptissime.
2108 5674 2154 5704 ⁸³
2193 5671 2238 5726 Δ
2286 5695 2289 5729 1

1412 5692 1477 5733 Λ.
1557 5692 1599 5708 ¹¹
1649 5692 1693 5729 Λ
1743 5692 2028 5744 aptissmte.
2108 5692 2154 5704 "
2193 5692 2238 5726 Λ
2286 5692 2574 5740 ραι-ιιιιυηειι

1405 5749 1448 5782 ¹⁸
1474 5749 1514 5804 C
1535 5746 1671 5804 Hinc
1695 5756 1767 5801 est
1799 5745 1937 5814 quod
1968 5752 2211 5813 quartam
2243 5741 2311 5812 (Α
2339 5744 2574 5811 quarta.)

296 5684 340 5714 "
364 5682 411 5735 Λ
435 5682 883 5736 collocatimtibus.
957 5680 1000 5714 “
1031 5690 1078 5735 et
1114 5695 1220 5733 una
1272 5694 1383 5734 out.
1412 5680 1477 5733 Λ.

294 5754 340 5785 ³⁸
386 5752 427 5808 C
461 5751 581 5806 Non
612 5752 904 5808 immerito.
983 5749 1026 5783 "
1053 5758 1101 5805 et
1123 5764 1236 5806 om.
1265 5749 1325 5807 (Σ.

2440 5528 2461 5560 ⁸
2502 5537 2549 5583 et
2599 5542 2707 5580 om.
2737 5528 2805 5579 A.
2878 5526 2899 5558 ⁸
2922 5525 3028 5579 Pro
3063 5524 3216 5579 sentit
3262 5529 3318 5576 et
3340 5520 3559 5574 ratioci-

2389 5601 2474 5653 ‘A
2515 5615 2729 5652 causam
2771 5596 2951 5649 tofina.
3020 5599 3042 5629 ’
3088 5596 3131 5649 Δ
3174 5608 3553 5664 quaecumque.

2108 5674 2154 5704 ⁸³
2193 5671 2238 5726 Δ
2286 5673 2640 5740 partitionem.
2704 5664 2764 5700 Ἦ
2800 5670 2842 5719 Α
2891 5666 3067 5720 varia-
3136 5662 3276 5717 “Et
3323 5677 3433 5718 om.
3479 5664 3567 5715 A.
