4064 6292
553 341 670 407 ε(ιῶ

1897 335 2179 404 ῙΟΑΝΝΙΒ
2213 344 2407 404 SCOTI

3685 342 3797 401 62.5

557 456 834 528 possidere
897 454 915 486 ⁸
970 454 1285 527 primordia.
1355 455 1578 510 Divinae
1637 463 1864 512 naturae
1938 457 2124 528 quinta
2150 464 2200 521 Α
2227 459 2498 514 Creatoris
2539 459 2622 514 sui
2650 459 3000 514 voluntatem.
3031 454 3097 514 Et
3136 459 3454 525 notandum,
3484 467 3626 529 quod
3655 461 3802 512 ordo

559 546 766 602 theoria
809 546 862 600 in
906 561 1115 601 summa
1160 561 1225 601 ac
1266 562 1393 601 vera
1440 547 1790 618 intelligentia
1839 559 2120 617 versatur;

551 637 862 693 intellectus
905 638 1048 692 enim
1097 647 1179 692 est
1221 637 1526 706 intelligens
1567 629 1768 705 omnia,
1811 641 2124 710 priusquam

554 729 713 782 ﬁant.
755 726 835 783 Ac
879 728 1104 798 perime
1149 728 1337 797 quinta
1374 729 1426 781 in
1462 729 1650 804 ordine
1697 729 2122 798 primordialium

555 819 903 891 cognoscitur
926 835 1025 890 per
1051 820 1280 889 seipsam
1312 819 1656 890 intelligentia
1688 822 1732 885 ¹,
1770 821 1921 891 cujus
1946 822 1967 853 ³
2005 837 2127 891 par-

461 916 464 944 λ
554 911 875 982 ticipatione
921 909 1246 980 intelligunt,
1293 923 1644 978 quaecunque
1672 909 2042 980 intelligunt‘,
2069 919 2125 964 et

555 1001 865 1058 intellectus
899 1007 1055 1064 sunt;
1093 1003 1205 1070 ipsa
1235 1014 1364 1054 vero
1397 999 1568 1068 prima
1591 1000 1932 1070 participatio
1977 1016 2123 1056 sum-

557 1109 681 1148 mae
707 1108 769 1148 ac
789 1106 946 1146 verae
968 1091 1346 1162 intelligentiae
1372 1092 1585 1146 condita
1676 1100 1778 1147 est.
1805 1091 1968 1147 Sexta
1993 1108 2124 1147 con-

555 1182 836 1252 templatio
856 1182 1066 1236 divinae
1085 1191 1310 1236 naturae
1331 1181 1383 1235 in
1405 1196 1532 1236 vera
1554 1196 1869 1252 summaque
1909 1183 2124 1250 sapien-

558 1272 633 1325 tia
655 1272 1022 1326 constituitur.
1054 1271 1188 1326 Hinc
1212 1286 1315 1325 non
1345 1271 1614 1326 immerito
1643 1272 1784 1327 inter
1803 1273 2124 1342 primordia-

551 1360 635 1416 les
654 1376 845 1417 causas
874 1371 1027 1416 sexto
1059 1361 1177 1415 loco
1200 1376 1298 1430 per
1326 1361 1554 1430 seipsam
1585 1362 1846 1431 sapientia
1890 1363 2120 1417 colloca-

551 1467 664 1521 tur,
699 1470 837 1527 qnae
869 1457 1040 1527 prima
1088 1457 1430 1526 participatio
1467 1464 1550 1510 est
1593 1471 1837 1510 summae
1869 1471 1932 1510 ac
1957 1471 2120 1511 verae

549 1546 866 1616 sapientiae,
915 1546 1329 1616 participatione
1361 1561 1491 1602 vero
1517 1546 1603 1601 sui
1627 1547 1876 1602 omnibus
1916 1556 2035 1616 post
2060 1563 2120 1602 se

548 1637 883 1706 sapientibus
898 1637 1135 1706 sapiendi
1154 1653 1312 1692 causa
1344 1647 1526 1692 creata
1553 1646 1655 1692 est.
1683 1636 1858 1692 Verae
1883 1652 1946 1692 ac
1974 1652 2120 1692 sum-

547 1741 672 1781 mae
718 1738 939 1782 naturae
967 1727 988 1757 ⁸
1017 1729 1241 1797 septima
1266 1728 1648 1798 contemplatio
1667 1735 1924 1796 est,quae
1943 1729 2120 1782 consi-

2225 551 2326 605 iste
2354 551 2778 620 primordialium
2809 567 3114 614 causarum,
3143 566 3302 620 quem
3334 567 3364 604 a
3389 566 3474 604 me
3503 551 3698 618 exigis,
3723 551 3799 602 ad

2222 651 2429 694 certum
2462 641 2838 709 progrediendi
2867 642 3080 694 modum
3113 640 3390 694 incont‘nse
3415 639 3646 694 discerni
3681 653 3799 690 non

2225 729 2276 782 in
2310 729 2456 798 ipsis,
2485 731 2576 784 sed
2604 731 2656 782 in
2685 731 2908 793 tlteoria,
2957 731 3059 783 hoc
3105 737 3208 791 est,
3256 730 3308 781 in
3347 729 3557 780 animae
3585 727 3630 756 ¹⁶
3661 741 3800 778 con-

2223 821 2361 875 tttitu
2389 821 2700 890 quaerentis
2732 836 2824 875 eas
2855 821 2894 851 ²⁷
2918 861 2932 884 ,
2979 835 3292 888 earumque,
3323 829 3576 887 quantum
3603 817 3801 878 datur,

2223 912 2468 965 notitiam
2490 911 2541 964 in
2565 913 2740 978 seipso
2763 911 3134 980 concipientis,
3149 925 3375 978 eamque
3396 907 3805 977 qnmlammodo

2223 1004 2523 1056 ordinantis
2559 1003 2882 1056 constitutus
2920 1003 3010 1064 sit,
3051 1010 3108 1054 nt
3137 1003 3202 1056 de
3226 1002 3306 1055 eis
3335 1011 3538 1054 certum
3583 998 3804 1066 aliquid

2225 1106 2467 1160 puraque
2506 1091 2854 1161 intelligentia
2895 1089 3174 1144 deﬁnitum
3215 1091 3558 1159 pronuntiare
3591 1089 3804 1157 possit.

2221 1179 2373 1248 lpsae
2396 1181 2659 1250 siquidem
2690 1181 2895 1249 primae
2933 1194 3127 1234 causae
3156 1179 3208 1232 in
3236 1181 3426 1247 seipsis
3453 1195 3612 1231 unum
3641 1186 3806 1241 sunt,

2222 1279 2277 1323 et
2302 1269 2591 1338 simplices,
2624 1269 2859 1337 nullique
2884 1271 3098 1339 cognito
3125 1269 3316 1324 ordine
3342 1271 3607 1334 deﬁnitae,
3638 1279 3737 1341 aut
3769 1286 3808 1320 a

2222 1375 2281 1414 se
2312 1361 2538 1415 invicem
2565 1371 2908 1432 segregatae;
2957 1361 3059 1414 boe
3107 1361 3249 1414 enim
3285 1361 3338 1415 in
3361 1361 3636 1416 effectibus
3675 1363 3812 1415 suis

2221 1451 2498 1521 patiuntur
2523 1452 2585 1503 “'.
2617 1451 2683 1505 Et
2705 1452 2844 1504 sicut
2867 1452 2918 1504 in
2951 1452 3196 1514 monade,
3223 1452 3348 1505 dum
3369 1467 3554 1506 omnes
3573 1451 3808 1504 numeri

2222 1539 2334 1593 sola
2385 1540 2594 1595 ratione
2634 1539 2952 1603 subsistunt,
3000 1539 3178 1592 nullus
3219 1548 3398 1594 tamen
3441 1553 3691 1592 numerus
3725 1539 3812 1592 ab

2221 1628 2327 1682 alio
2353 1644 2577 1685 numero
2596 1629 2954 1695 discernitur;
2990 1645 3156 1682 unum
3202 1630 3344 1683 enim
3382 1639 3526 1694 sunt,
3565 1639 3623 1682 et
3653 1629 3809 1684 sim-

2221 1719 2345 1790 plex
2396 1737 2584 1787 unum,
2636 1731 2692 1776 et
2733 1735 2836 1774 non
2877 1735 2946 1775 ex
2977 1720 3162 1775 multis
3209 1723 3559 1790 compositum
3591 1734 3804 1780 unum.

547 1814 702 1869 derat
745 1830 1010 1870 summam
1050 1817 1215 1886 ipsius
1235 1832 1299 1872 ac
1343 1831 1525 1870 veram
1581 1817 1856 1871 virtutem.
1900 1817 1980 1871 Ac
2021 1831 2117 1885 per
2143 1819 2192 1878 B
2219 1812 2482 1881 siquidem
2509 1828 2574 1868 ex
2599 1813 2827 1867 monade
2849 1813 3024 1868 omnis
3045 1827 3390 1866 numerorum
3418 1810 3814 1879 multiplicatio

545 1905 652 1960 hoc
672 1920 769 1976 per
798 1906 1028 1976 seipsam
1053 1907 1224 1962 virtus
1250 1907 1390 1962 inter
1414 1907 1788 1976 primordiales
1829 1908 2113 1977 septimam

545 1999 730 2055 sedem
779 2009 1025 2071 occupat,
1074 2010 1130 2055 et
1171 2010 1256 2055 est
1291 2001 1464 2069 prima
1500 2000 1843 2070 participatio
1871 2014 2116 2055 summae

542 2085 627 2145 ac‘
656 2104 818 2146 verae
863 2091 1111 2158 virtutis;
1158 2101 1373 2146 ceterae
1409 2106 1536 2146 vero
1565 2100 1687 2161 post
1711 2105 1830 2144 eam
1859 2091 2114 2144 virtutum

541 2182 753 2250 species
796 2183 1233 2254 participationes
1261 2183 1428 2253 ipsius
1454 2183 1475 2214 "
1517 2190 1660 2236 sunt.
1695 2181 1932 2237 Octavus
1962 2183 2116 2235 theo-

543 2273 659 2328 riae
687 2276 886 2344 gradus
911 2283 1012 2339 est,
1043 2273 1095 2327 in
1120 2287 1228 2343 quo
1254 2289 1407 2327 mens
1433 2289 1566 2343 pura
1599 2287 1807 2327 summa
1830 2287 2068 2340 veraque
2091 2272 2112 2303 ⁸

543 2363 757 2418 divinae
787 2373 1010 2420 naturae
1048 2364 1432 2418 beatitudinem
1456 2364 1713 2418 intuetur.
1739 2361 1903 2431 Cujus
1935 2363 2110 2433 prima

542 2455 888 2525 participatio
911 2464 994 2510 est
1019 2455 1040 2486 ⁹
1065 2470 1161 2526 per
1201 2469 1258 2509 se
1279 2454 1572 2516 beatitudo,
1599 2469 1758 2523 quam
1781 2454 1945 2507 veluti
1973 2462 2115 2508 octa-

542 2558 669 2597 vam
706 2544 1131 2613 primordialium
1177 2543 1520 2612 participant,
1565 2541 1831 2611 beataque
1874 2551 1998 2596 sunt
2044 2537 2112 2607 ³ο,

543 2646 896 2701 quaecunque
922 2641 1060 2703 .post
1083 2626 1145 2686 se
1171 2633 1326 2686 beata
1355 2639 1502 2697 sunt,
1533 2631 1734 2685 omnia.
1763 2629 1912 2685 Nona
1941 2631 1994 2685 in
2023 2646 2114 2684 or-

542 2721 669 2777 dine
735 2722 937 2776 tlteoria
983 2721 1196 2776 divinae
1241 2736 1306 2774 ac
1353 2735 1595 2775 summae
1642 2719 1906 2785 veritatis,
1961 2719 2112 2788 cujus

539 2812 714 2880 prima
759 2812 1103 2881 participatio
1144 2820 1230 2866 est
1257 2811 1300 2845 ¹¹
1327 2826 1423 2879 per
1450 2812 1680 2878 seipsam
1736 2809 1954 2875 veritas,
1991 2818 2112 2879 post

540 2918 700 2971 quant
745 2913 802 2956 et
841 2917 936 2972 per
977 2917 1137 2971 qnam
1182 2902 1335 2972 quasi
1383 2899 1806 2970 primordialium
1837 2915 2032 2952 nonam
2067 2901 2109 2930 η

539 3009 665 3049 vera
715 3003 856 3056 sunt,
897 3009 1249 3064 quaecunque
1284 3009 1411 3048 vera
1446 3005 1600 3069 sunt,
1652 2994 1852 3048 omnia.
1895 2994 2110 3048 Decima

537 3087 755 3154 ponitur
783 3101 878 3155 per
901 3086 1130 3155 seipsam
1163 3085 1476 3150 aeternitas,
1511 3099 1651 3154 quae
1681 3085 1854 3154 prima
1885 3085 2108 3154 partici-

2217 1905 2559 1974 progreditur
2594 1906 2650 1960 in
2686 1907 2976 1971 inﬁnitum,
3007 1922 3113 1962 non
3141 1917 3318 1961 autem
3352 1922 3536 1964 monas
3553 1921 3624 1960 ex
3650 1905 3808 1958 mut.

2218 1997 2488 2066 tiplicibus
2513 2008 2568 2052 et
2593 2013 2626 2052 a
2651 2013 2709 2054 se
2738 2001 3207 2070 progredientibus
3254 2002 3494 2056 numeris
3529 2000 3689 2055 veluti
3747 2001 3813 2054 in

2216 2103 2382 2140 unum
2436 2088 2679 2143 collectis
2733 2089 3020 2144 conﬁcitur
3061 2108 3074 2144 ε
3123 2090 3370 2145 similiter
3416 2090 3817 2160 primordiales

2216 2190 2433 2240 causae,
2465 2177 2593 2232 dum
2632 2179 2685 2232 in
2723 2179 2990 2249 principio
3018 2181 3282 2244 omnium,
3317 2181 3368 2234 in
3401 2181 3568 2235 Verbo
3597 2180 3817 2233 videli-

2213 2275 2300 2321 cet
2330 2266 2424 2321 Dei
2449 2269 2722 2338 unigenito
2751 2270 2816 2336 ",
2851 2271 3180 2326 substitutae
3206 2272 3587 2342 intelliguntur,
3619 2287 3814 2325 unum

2214 2357 2439 2427 simplex
2466 2368 2629 2429 atque
2656 2361 2987 2416 individuum
3013 2373 3158 2428 sunt,
3191 2365 3317 2418 dum
3339 2379 3468 2418 vero
3490 2363 3539 2417 iu
3563 2361 3814 2418 effectus

2213 2463 2341 2502 suos
2381 2448 2431 2502 in
2479 2449 2748 2504 inﬁnitum
2787 2452 3173 2522 multiplicatos
3199 2455 3511 2523 procedunt,
3540 2469 3812 2510 numero-

2213 2551 2328 2590 sam
2369 2539 2781 2610 ordinatumque
2823 2544 2904 2597 sui
2946 2543 3308 2612 pluralitatem
3348 2546 3628 2614 recipiunt,
3668 2561 3808 2601 non

2211 2627 2335 2696 quia
2362 2643 2523 2683 causa
2546 2631 2786 2684 omnium
2812 2631 2945 2686 ordo
2972 2647 3078 2687 non
3101 2633 3172 2687 sit
3196 2633 3281 2687 vel
3309 2633 3588 2695 ordinatio,
3617 2632 3708 2687 vel
3748 2635 3806 2665 “

2211 2733 2308 2787 per
2358 2720 2591 2789 seipsam
2639 2721 2914 2776 ordinatio
2943 2722 2997 2776 in
3034 2723 3315 2793 principiis
3345 2739 3520 2778 rerum
3547 2738 3650 2776 non
3683 2739 3808 2777 nu-

2211 2817 2471 2875 meretur,
2516 2804 2638 2864 cum
2663 2809 2823 2866 omne
2847 2803 3152 2868 ordinatum
3181 2815 3583 2884 participatione
3612 2817 3809 2884 ipsius

2211 2900 2282 2954 sit
2322 2902 2662 2969 ordinatum;
2709 2904 2804 2958 sed
2836 2905 2960 2974 quia
2994 2907 3170 2961 ontnis
3193 2910 3326 2961 ordo
3353 2907 3406 2961 in
3430 2924 3632 2962 summa
3660 2924 3807 2964 om-

2210 2991 2357 3046 nium
2404 3008 2591 3058 causa,
2627 2995 2754 3048 etin
2790 2996 2960 3065 ipsius
2984 2997 3156 3066 prima
3202 2998 3611 3067 participatione
3642 3015 3807 3055 unus

2213 3099 2275 3139 ac
2300 3085 2527 3155 simplex
2557 3094 2658 3152 est,
2692 3087 2958 3156 nullisque
2983 3087 3301 3145 differentiis
3328 3090 3665 3153 discernitur,
3697 3093 3804 3146 ubi

536 3179 684 3248 patio
705 3187 788 3232 est
815 3193 1059 3232 sunnnae
1088 3193 1152 3232 ac
1179 3191 1342 3233 verae
1361 3178 1788 3243 aeternitatis,et
1805 3188 1926 3247 post
1947 3193 2107 3247 quam
2138 3173 2181 3234 C
2214 3190 2400 3228 omnes
2443 3177 2661 3232 ordines
2686 3193 2716 3231 ει
2749 3178 2942 3248 seipSiS
2990 3195 3095 3233 ιιοη
3145 3180 3472 3251 discrepant.
3524 3183 3795 3251 ιιιιοηίθπι

537 3279 595 3323 et
641 3284 738 3339 per
793 3285 954 3338 quam
1012 3278 1232 3323 aeterna
1283 3278 1435 3331 sunt,
1489 3284 1840 3339 quaecunque
1891 3278 2105 3324 acterna

537 3367 666 3412 sunt
695 3358 764 3421 “,
793 3358 996 3412 omnia.
1029 3358 1226 3412 Eadem
1253 3359 1390 3414 ratio
1412 3369 1494 3413 est
1533 3350 1599 3412 de
1622 3359 2006 3429 magnitudine,
2043 3361 2108 3415 de

541 3461 725 3504 amore
769 3457 826 3501 et
872 3463 1024 3516 pace,
1076 3448 1142 3502 de
1173 3448 1376 3501 unitate
1407 3458 1462 3501 et
1491 3448 1848 3518 perfectione;
1887 3464 1984 3517 per
2012 3450 2110 3504 has

537 3537 686 3592 enim
729 3536 1101 3606 primordiales
1145 3553 1336 3593 causas
1373 3553 1402 3591 a
1441 3553 1647 3592 summa
1675 3539 1916 3592 omnium
1945 3555 2107 3595 causa

539 3626 892 3692 descendunt,
926 3642 1278 3697 quaecunque
1315 3629 1715 3699 magnitudinis,
1753 3631 1974 3696 amoris,
2006 3648 2108 3701 pa-

535 3719 637 3785 cis,
672 3719 917 3784 unitatis,
971 3719 1316 3789 perfectionis
1359 3721 1735 3791 participantia
1777 3731 1920 3777 sunt.
1953 3722 2108 3779 Sulli-

536 3810 687 3863 ciunt
716 3809 869 3875 haec,
893 3818 952 3864 ut
979 3811 1233 3876 arbitror,
1269 3812 1336 3866 ad
1364 3827 1447 3876 ea,
1478 3826 1618 3881 quae
1641 3812 1908 3879 volumus,
1938 3815 2111 3869 mani-

537 3899 805 3954 festanda.
847 3900 1128 3956 Praedicta
1165 3901 1430 3972 siquidem
1456 3904 1659 3958 tbeoria
1686 3903 2104 3961 uniformiterin

535 3989 787 4045 omnibus
831 4006 1010 4044 rerum
1065 3993 1304 4045 omnium
1355 3993 1676 4063 principiis,
1736 3995 1788 4048 in
1838 3995 2105 4050 inﬁnitum

532 4081 1017 4153 progredientibus,
1039 4082 1235 4136 mentis
1253 4083 1530 4137 obtutibus
1551 4081 1884 4140 deiformiter
1904 4086 2108 4140 arridet

532 4171 754 4241 ubique,
805 4172 917 4226 sive
955 4172 1006 4225 in
1049 4171 1156 4236 bis,
1183 4187 1321 4242 quae
1351 4183 1405 4226 et
1433 4172 1480 4204 “
1506 4174 1726 4245 intelligi
1756 4184 1812 4229 et
1837 4175 2105 4230 nominari

531 4271 775 4333 possunt,
807 4264 919 4318 sive
942 4263 994 4317 in
1024 4263 1130 4327 his,
1160 4278 1300 4333 quae
1335 4263 1449 4319 solo
1489 4264 1761 4319 intellectu
1800 4265 2108 4336 percipiun-

529 4362 640 4419 tur,
692 4352 1177 4422 signiﬁcationibus
1203 4363 1382 4407 tamen
1425 4355 1699 4420 deﬁciunt,
1750 4358 1862 4412 sive
1899 4358 1950 4412 in
1995 4358 2100 4421 bis,

529 4458 668 4512 quae
704 4459 804 4496 nec
841 4442 1112 4497 intellectu
1151 4443 1693 4513 comprehenduntur,
1727 4460 1827 4500 nec
1858 4446 2102 4500 nomina-

2208 3279 2376 3318 uaum
2409 3266 2765 3336 inseparabile
2796 3277 2944 3333 sunt,
2980 3269 3123 3324 unde
3151 3285 3334 3326 rerum
3377 3273 3614 3328 omniunt
3653 3276 3804 3327 mul-

2211 3355 2373 3424 tiplex
2419 3358 2555 3412 ordo
2597 3359 2891 3418 descendit.
2939 3357 3086 3416 Ordo
3128 3362 3311 3432 itaque
3356 3365 3801 3433 primordialium

2210 3459 2494 3500 causarum
2517 3447 2670 3516 juxta
2695 3450 3112 3518 contemplantis
3141 3452 3308 3506 animi
3338 3455 3623 3510 arbitrium
3656 3476 3802 3515 con-

2208 3537 2478 3601 stituitur,
2529 3540 2583 3592 in
2628 3549 2890 3609 quantum
2943 3555 3130 3595 earum
3176 3543 3414 3613 cognitio
3460 3545 3526 3599 de
3575 3547 3788 3603 divinis

2209 3627 2388 3682 causis
2431 3628 2830 3697 disputantibus
2878 3629 3061 3684 datur.
3116 3629 3263 3685 Licet
3284 3633 3428 3685 enim
3456 3634 3544 3702 pie
3567 3649 3628 3689 ac
3655 3651 3800 3704 pure

2208 3717 2713 3786 pltilosophantibus
2737 3720 2807 3773 ab
2835 3734 3160 3788 unaquaque
3209 3735 3421 3786 earnm,
3462 3733 3620 3792 prout
3650 3726 3794 3788 vult,

2209 3809 2488 3875 inchoare,
2514 3818 2571 3865 et
2595 3827 2690 3880 per
2715 3819 2924 3866 ceteras
2947 3812 3144 3866 mentis
3164 3812 3400 3876 oculum,
3429 3813 3517 3882 qui
3547 3823 3632 3868 est
3655 3830 3797 3869 vera

2209 3901 2370 3966 ratio,
2414 3901 2606 3956 ordine
2649 3902 2879 3971 quodam
2928 3901 3402 3971 contemplationis
3434 3903 3791 3968 convolvere,

2206 4010 2416 4060 omnes,
2454 4009 2802 4064 quascunque
2843 4002 3040 4062 potest,
3098 3994 3424 4064 percipiens,
3451 4005 3508 4048 et
3533 3995 3588 4049 in
3613 3996 3796 4065 quali-

2207 4099 2418 4153 cunque
2443 4099 2632 4139 earum
2670 4085 2956 4139 terminum
2999 4101 3129 4141 suae
3165 4086 3405 4140 theoriae
3434 4088 3789 4141 constituere.

2207 4174 2358 4228 Sicut
2381 4191 2522 4230 nunc
2551 4175 2866 4228 intentionis
2900 4185 3118 4231 nostrae
3169 4176 3387 4230 humilis
3416 4177 3694 4244 capacitas
3717 4193 3790 4232 ex

2204 4265 2447 4318 bonitate
2488 4265 2914 4334 pritnordialium
2965 4281 3290 4330 causarum,
3333 4265 3499 4320 veluti
3545 4266 3790 4334 quodam

2206 4356 2396 4409 ordine
2433 4357 2874 4422 constitularum,
2916 4371 3202 4410 numerum
3231 4357 3409 4425 coepit
3439 4366 3788 4424 computare,

2205 4456 2260 4499 et
2287 4445 2448 4506 inea,
2487 4461 2626 4514 quae
2670 4446 2865 4499 dicitur
2902 4461 2998 4516 per
3037 4447 3266 4516 seipsam
3305 4446 3588 4516 perfectio,
3617 4447 3788 4501 veluti
3849 4451 3853 4454 “

531 4532 767 4586 tionibus
798 4532 1198 4602 exprimuntur;
1231 4532 1441 4603 fugiunt
1467 4535 1609 4588 enim
1638 4551 1852 4590 onmem
1883 4552 2098 4592 sensum
2130 4534 2178 4592 D
2204 4537 2392 4605 quinto
2429 4537 2636 4590 decimo
2679 4537 2796 4592 loco
2827 4539 3115 4594 constituta
3148 4538 3306 4592 ﬁnem
3336 4539 3585 4608 exemplo
3611 4539 3787 4600 dedit,

527 4635 853 4691 omnemque
897 4622 1094 4676 mentis
1127 4623 1464 4686 contuitnm;
1500 4626 1663 4678 nimia
1692 4617 1954 4695 siquidem
1979 4629 2094 4682 alti-

529 4711 730 4767 tudinis
756 4729 886 4768 suae
917 4716 962 4747 "
984 4716 1226 4772 claritate
1269 4719 1644 4775 obscurantur.
1677 4722 1732 4775 In
1791 4723 1906 4792 ipso
1953 4725 2094 4778 enim

527 4814 670 4865 sunt,
696 4804 762 4859 de
785 4819 892 4875 quo
912 4805 1202 4875 Apostolus
1231 4807 1365 4862 dixit
1386 4823 1400 4861 :
1422 4809 1526 4874 Qui
1547 4809 1687 4863 solus
1708 4811 1857 4864 habet
1881 4812 2098 4866 immor-

526 4896 803 4962 talitatem,
821 4909 867 4951 et
892 4897 1058 4952 lucem
1079 4900 1280 4953 habitat
1303 4901 1729 4955 inaccessibilem.
1747 4901 1855 4956 Nec
1879 4904 2094 4968 mirum,

525 4993 571 5045 si
619 5007 816 5048 causae
856 4993 1231 5062 primordiales
1277 4996 1328 5049 in
1376 4995 1642 5050 inﬁnitum
1683 4988 2093 5064 protenduntur.

526 5082 764 5138 Utenim
801 5085 974 5152 prima
1014 5085 1254 5139 omnium
1293 5100 1478 5149 causa,
1526 5101 1591 5139 ex
1635 5101 1761 5155 qua,
1803 5087 1936 5141 etin
1965 5103 2094 5154 qua,

523 5181 578 5226 et
605 5189 702 5244 per
725 5190 912 5244 quam,
938 5183 992 5228 et
1020 5175 1085 5228 ad
1110 5192 1270 5244 quam
1300 5177 1544 5230 conditae
1573 5186 1717 5240 sunt,
1754 5179 1958 5232 inﬁnita
1990 5187 2090 5238 est,

524 5264 600 5319 ita
622 5273 677 5319 et
699 5265 850 5336 ipsae
879 5265 1042 5320 ﬁnem
1073 5267 1341 5330 nesciunt,
1369 5282 1475 5336 quo
1506 5268 1845 5332 claudantur,
1885 5279 2098 5337 praeter

2198 4629 2450 4697 quoniam
2497 4629 2723 4698 exempli
2765 4630 2938 4700 gratia
2975 4631 3073 4684 bas
3098 4631 3424 4700 principales
3460 4647 3655 4687 causas
3686 4648 3789 4701 pro

2198 4722 2404 4774 viribus
2449 4721 2759 4774 intentionis
2788 4735 2918 4774 suae
2940 4720 3120 4790 elegit,
3171 4730 3245 4782 et,
3295 4729 3352 4774 ut
3379 4722 3427 4775 ei
3463 4707 3637 4775 visum
3675 4732 3786 4784 est,

2199 4815 2496 4879 ordinavit;
2524 4830 2627 4867 non
2652 4814 2791 4882 quod
2815 4814 2889 4867 ita
2911 4823 3098 4867 natura
3123 4830 3216 4868 sua
3234 4815 3274 4845 ’¹
3301 4815 3408 4868 sint
3429 4815 3784 4876 constitutae,

2205 4906 2292 4959 ubi
2319 4905 2497 4959 omnia
2541 4919 2706 4958 unum
2753 4913 2899 4968 sunt,
2944 4913 2998 4958 et
3023 4904 3179 4959 simul
3209 4914 3262 4956 et
3291 4905 3609 4972 simpliciter
3631 4915 3782 4967 sunt,

2203 5001 2296 5054 sed
2327 5000 2464 5067 quod
2489 4999 2869 5069 quaerentibus
2891 5013 3001 5061 cas,
3023 4999 3196 5067 deque
3219 4999 3298 5052 eis
3315 5000 3567 5066 quiddam
3597 5015 3786 5052 exem-

2203 5091 2272 5159 pli
2319 5090 2487 5154 gratia
2533 5089 2774 5156 proferre
2803 5088 3130 5153 volentibus,
3162 5089 3239 5142 sic
3265 5088 3346 5140 vel
3375 5088 3473 5148 sic,
3505 5096 3555 5141 et
3593 5087 3778 5139 multi-

2204 5181 2433 5249 pliciter,
2457 5189 2510 5233 et
2534 5179 2756 5239 inﬁnite,
2789 5179 2969 5232 divino
2993 5179 3143 5231 radio
3168 5178 3523 5240 illnminante,
3544 5176 3597 5229 in
3626 5177 3782 5230 theo-

2204 5270 2417 5338 pbaniis
2463 5271 2576 5324 suis
2619 5269 2794 5324 solent
2821 5270 2864 5300 "
2893 5283 3174 5338 apparere.
3225 5269 3288 5322 Et
3315 5270 3494 5323 utltoc
3525 5268 3780 5338 exemplo

1787 5381 2041 5435 VARIAE
2076 5379 2475 5436 LECTIONES.

1034 5481 1054 5510 ²
1088 5481 1321 5524 versatur
1344 5502 1413 5510 —
1437 5471 1778 5540 intelligentia
1805 5488 1912 5524 om.
1939 5471 1999 5526 C.

1170 5542 1190 5572 ⁷
1220 5542 1380 5608 ipsius
1398 5557 1506 5593 om.
1540 5541 1604 5593 A.
1658 5543 1704 5612 A"
1728 5541 1767 5592 A
1802 5559 2092 5612 iterumque.

1246 5615 1288 5643 ¹²
1313 5627 1499 5665 nouant
1532 5626 1617 5663 om
1643 5610 1680 5662 A
1693 5648 1705 5662 .

1421 5681 1462 5711 ³⁸
1491 5679 1530 5735 C
1567 5681 1894 5750 parciuutur.

598 5468 614 5497 ¹
648 5466 688 5521 C
713 5469 956 5536 possidet.

523 5535 545 5566 ‘
569 5535 611 5588 A
643 5535 864 5592 naturae
891 5555 996 5592 om.
1026 5541 1092 5592 Α.

521 5606 732 5677 (no.0).
811 5609 851 5639 “
870 5621 943 5664 est
965 5626 1072 5663 om.
1102 5611 1167 5662 Δ.

525 5677 568 5708 ³⁸
592 5676 814 5732 Canimi
840 5719 852 5731 .
933 5681 972 5710 "
1015 5696 1100 5734 eas
1137 5695 1244 5735 om.
1277 5683 1337 5735 A.

522 5745 681 5799 (eant.

885 5811 954 5826 ι-ὸιι.

2078 5473 2098 5503 ³
2120 5472 2160 5525 C
2199 5473 2372 5524 unius.

2169 5542 2190 5573 ⁹
2219 5553 2292 5594 est
2325 5557 2433 5595 om.
2459 5542 2518 5596 C.

1784 5610 1827 5647 ί⁸
1847 5610 2182 5679 quaecunque
2211 5621 2419 5664 aeterna
2441 5621 2558 5664 sunt
2588 5627 2695 5664 om.
2715 5614 2774 5667 C.

1975 5681 2017 5714 ²⁹
2042 5682 2082 5736 Λ
2113 5682 2358 5748 ingenita.

2451 5473 2472 5502 ‘
2514 5489 2849 5542 quaecunque
2875 5473 3169 5542 intelligunt
3196 5487 3305 5527 om.
3339 5471 3400 5526 C.
3478 5473 3500 5504 ⁸
3532 5474 3574 5525 Α
3607 5476 3769 5527 edita.

2599 5543 2641 5577 ⁸⁸
2673 5543 2775 5596 Pro
2815 5544 3064 5612 (malaque
3113 5553 3234 5596 sunt
3263 5544 3302 5594 (ἶ
3334 5545 3482 5596 beata
3511 5543 3631 5612 (que
3652 5554 3774 5596 sunt

2854 5613 2896 5643 ”
2918 5624 2962 5664 et
2994 5629 3100 5666 om.
3129 5615 3196 5666 Α.
3276 5614 3321 5644 ’³
3347 5613 3624 5666 altitudine
3644 5616 3768 5666 sire.

2435 5681 2484 5716 ²⁰
2514 5680 2554 5736 C
2607 5683 2686 5738 \el
2728 5700 2828 5735 non
2870 5699 2986 5752 per.
3063 5684 3103 5718 ’ί
3131 5701 3226 5736 sua
3261 5699 3370 5739 om.
3400 5683 3463 5736 Α.
3547 5687 3592 5716 ³³
3617 5686 3656 5737 Α
3689 5700 3774 5736 so-
