4064 6292
335 282 441 342 825

1171 276 1259 334 DE
1276 275 1638 335 'DlVlSlONE
1673 273 2026 332 NATURAE.
2066 306 2137 315 —
2176 275 2378 332 LIBER
2412 276 2729 335 TERTIUS.

3481 279 3583 352 626

335 412 522 454 rerum
571 392 903 451 sensibilium
935 392 1136 448 clarius
1164 394 1435 449 elneescat
1464 396 1504 459 ⁸,
1559 403 1807 450 centrum
1858 400 1912 447 et
1941 397 1985 454 Α
2016 409 2121 447 non
2149 393 2370 458 falleris,
2404 403 2462 449 ut
2489 395 2712 464 opinor;
2759 410 2864 449 non
2894 396 3037 450 enim
3065 394 3222 451 aliter
3247 411 3372 451 vera
3395 399 3584 453 edocet

335 486 809 553 circumscriptum
839 483 888 539 ei
912 483 1174 538 circulum
1218 484 1503 555 diligenter
1550 484 1779 546 intuere,
1828 499 1911 538 re-

334 593 560 650 ctasqne
606 578 774 631 lineas
796 584 1039 631 a'centro
1086 575 1387 638 inchoatas,
1432 583 1488 628 et
1534 576 1601 627 ad
1648 573 1909 628 circulum

332 680 619 741 porrectas
659 670 680 699 ³
709 707 725 732 ,
770 666 952 735 ibique
1003 665 1338 719 terminatas.
1396 665 1542 718 Disc.
1595 662 1768 732 Saepe
1811 665 1913 718 hoc

336 757 548 829 aspexi,
590 772 685 813 seu
726 757 779 810 in
831 755 1013 810 animo
1040 771 1135 825 per
1163 754 1500 823 phantasiam
1543 754 1790 818 interius,
1816 768 1910 808 seu

335 850 391 905 in
418 850 587 922 ﬁgura
619 848 814 904 visibili
851 860 1220 917 corporeaque
1249 846 1490 900 exterius
1518 846 1698 900 sensui
1723 845 1743 876 ³
1788 846 1915 900 sub-

327 940 497 1009 jecta.
542 938 682 994 MAG.
723 938 838 993 Non
870 938 1095 991 intuitus
1122 950 1206 1001 es,
1232 936 1502 1005 quomodo
1526 950 1716 989 omnes
1740 935 1913 989 lineae

334 1033 395 1086 in
424 1038 614 1086 centro
651 1030 979 1093 adunantur,
1006 1037 1068 1083 ut
1092 1032 1114 1059 ⁸
1136 1028 1279 1083 nulla
1319 1027 1531 1082 illarum
1556 1028 1624 1082 ab
1654 1027 1774 1081 aliis
1798 1027 1911 1081 dis-

334 1124 485 1177 cerni
538 1123 1073 1192 possithnimirum,
1117 1122 1242 1192 quia
1287 1136 1478 1176 omnes
1536 1121 1588 1174 in
1647 1136 1712 1175 eo
1748 1137 1911 1176 unum

336 1221 486 1276 sunt,
511 1220 565 1264 et
585 1210 731 1265 nullo
748 1211 906 1265 modo
931 1226 962 1265 a
988 1211 1182 1280 seipsis
1210 1210 1539 1280 discrepant,
1570 1210 1644 1265 ita
1664 1219 1726 1264 ut
1749 1211 1915 1265 ratio-

331 1301 588 1357 nabiliter
631 1318 740 1357 non
782 1301 1037 1372 junctnra
1076 1301 1339 1356 linearum
1380 1301 1434 1355 in
1465 1317 1654 1365 unum,
1677 1302 1772 1357 sed
1795 1300 1913 1357 l‘ons

331 1402 499 1461 atque
540 1392 860 1462 principium
908 1391 1135 1462 simplex
1169 1401 1227 1446 et
1271 1391 1638 1455 individuum,
1692 1406 1760 1446 ex
1803 1407 1911 1461 quo

330 1484 449 1537 sive
482 1483 829 1547 naturaliter,
872 1483 985 1539 sive
1021 1492 1162 1548 arte,
1205 1483 1483 1553 multiplex
1512 1483 1774 1538 linearum
1805 1498 1907 1536 nu-

330 1585 520 1626 merus
567 1572 831 1641 procedit,
869 1580 1117 1626 centrum
1148 1572 1466 1639 deﬁniatur;
1495 1583 1580 1629 est
1603 1573 1746 1628 enim
1777 1588 1905 1628 cen-

331 1671 478 1716 trum
525 1663 546 1694 '
578 1662 877 1717 universale
908 1662 1170 1718 linearum
1204 1665 1438 1728 inititnu,
1484 1666 1536 1719 in
1579 1680 1686 1733 quo
1719 1680 1907 1719 omnes

2014 484 2171 539 ratio.
2202 484 2341 538 Num
2373 485 2552 554 itaque
2579 485 2779 548 cernis,
2815 486 2956 553 quod
2991 485 3137 539 nulla
3165 484 3249 539 lex
3287 487 3581 554 ligurarum

2015 577 2106 632 tibi
2128 576 2308 631 obstat
2330 577 2394 640 “,
2429 576 2512 629 vel
2563 586 2612 629 te
2634 576 2849 629 cohibet
2878 576 2942 640 ",
2975 585 3034 628 ιιι
3062 576 3105 607 ¹³
3138 577 3204 631 ab
3233 575 3378 629 omni
3407 577 3583 644 spatio

2009 682 2104 727 seu
2127 667 2268 721 linea
2293 666 2516 736 incipias
2543 674 2705 718 totam
2730 666 2951 735 liguram
2972 674 3025 718 et
3046 666 3299 720 ordinare
3321 664 3367 695 “
3395 673 3452 718 et
3481 681 3583 719 nu—

2009 757 2255 811 morare?
2279 755 2369 812 Sic
2383 756 2524 810 enim
2546 757 2774 824 imperat
2796 756 2951 810 ratio.
2971 756 3049 811 Ac
3070 773 3166 825 per
3189 756 3289 813 hoc
3311 765 3441 827 quot
3463 772 3588 825 spa-

2011 849 2086 903 tia
2115 849 2394 918 lineaeque
2416 857 2562 914 sunt,
2593 857 2671 901 tot
2700 848 2963 917 principia
2998 847 3240 919 linesque
3265 848 3581 902 numerandi

2010 948 2068 995 et
2090 941 2375 995 ordinandi
2418 939 2535 995 ﬁeri
2571 948 2814 1009 possunt.
2843 938 2988 994 DISC.
3017 940 3154 995 lluic
3182 940 3342 996 etiam
3370 937 3587 993 conclu-

2010 1033 2148 1087 sioni
2180 1048 2284 1087 non
2312 1033 2539 1097 resisto;
2588 1032 2706 1094 sed,
2743 1047 2999 1100 quorsum
3051 1032 3231 1085 tendat
3263 1031 3330 1096 ³⁸,
3358 1040 3587 1100 expecto

2010 1138 2188 1178 nosse.
2213 1122 2353 1178 MAG.
2376 1122 2492 1178 Non
2517 1121 2794 1185 aliorsum,
2829 1122 2928 1176 nisi
2954 1132 3011 1175 ιιι
3032 1122 3148 1176 luce
3173 1122 3368 1176 clarius
3394 1136 3589 1191 cogno-

2009 1226 2245 1276 scamus,
2269 1228 2507 1267 summos
2529 1212 2803 1282 theologos
2824 1226 3117 1281 eorumque
3140 1211 3457 1281 pedisequos
3476 1226 3588 1262 otii-

2010 1303 2138 1357 nino
2162 1318 2338 1371 posse,
2362 1302 2505 1357 nulla
2532 1303 2737 1357 ratione
2752 1302 3021 1361 obstante,
3051 1301 3193 1353 etab
3213 1298 3585 1366 omnihuspri-

2011 1391 2361 1447 mordialihus
2385 1392 2563 1446 causis
2584 1390 3049 1460 contemplationis
3064 1406 3249 1444 eorum
3271 1388 3480 1442 initium
3499 1405 3589 1444 su-

2008 1498 2178 1544 mere,
2193 1491 2246 1536 et
2266 1483 2317 1536 in
2336 1481 2606 1545 omnibus,
2623 1490 2780 1550 prout
2802 1481 2995 1550 cuique
3017 1481 3189 1535 visum
3212 1480 3394 1543 fuerit,
3415 1479 3584 1550 ipsius

2008 1572 2480 1640 contemplationis
2506 1573 2666 1626 linem
2697 1571 3045 1635 constituere,
3085 1570 3154 1624 ita
3194 1579 3272 1636 ut,
3307 1570 3583 1639 quot-pri-

2011 1662 2298 1717 mordiales
2321 1677 2516 1716 causae
2537 1660 2666 1724 sint,
2695 1670 2768 1724 et,
2799 1669 2857 1714 ut
2875 1660 3086 1715 cautius
3105 1659 3348 1728 eloquar,
3376 1668 3507 1728 quot
3528 1657 3580 1711 in

327 1767 495 1804 nmim
519 1760 666 1806 sunt.
701 1750 847 1807 Dtsc.
890 1752 1004 1808 [loc
1044 1768 1258 1822 quoque
1287 1754 1340 1808 in
1371 1756 1713 1826 geometricis
1742 1756 1906 1808 ratio-
1937 1744 1980 1802 Β
2008 1753 2485 1823 contemplantium
2517 1752 2877 1806 intellectibus
2906 1766 3121 1821 quoquo
3152 1750 3310 1804 modo
3343 1748 3584 1802 forman-

327 1841 491 1896 nibus
534 1841 664 1898 mihi
715 1843 1054 1913 apertissime
1101 1860 1340 1899 suasum.
1390 1846 1495 1901 Sed
1541 1846 1676 1902 haec
1723 1847 1907 1901 omnia

326 1933 450 2002 plus
490 1932 669 1985 animo
709 1948 873 2002 quam
920 1948 1078 1989 sensu
1123 1934 1507 2004 percipiuntur,
1545 1935 1659 1989 sive
1680 1935 1908 1991 interius

325 2037 429 2090 per
452 2020 788 2090 phantasiam
818 2022 860 2085 ⁸,
890 2022 1005 2078 sive
1045 2023 1286 2078 exterius
1311 2038 1408 2093 per
1431 2039 1646 2079 sensum
1674 2025 1694 2055 "
1724 2026 1791 2079 de
1826 2032 1898 2079 ta-

325 2111 469 2167 libus
496 2114 623 2168 velit
670 2114 794 2184 quis
818 2116 1095 2186 disputare
1116 2117 1159 2171 ⁸.
1189 2117 1328 2172 illac.
1361 2118 1528 2173 Recte
1561 2120 1735 2185 dicis;
1768 2119 1907 2176 haec

326 2204 477 2257 enim
514 2212 571 2259 et
614 2205 920 2275 bujusmodi
963 2223 1095 2277 pura
1141 2209 1337 2264 mentis
1369 2211 1486 2266 acie
1520 2211 1903 2281 dijudicantur.

325 2290 518 2358 Vides,
567 2295 621 2349 ni
656 2294 830 2361 fallor,
864 2296 915 2350 in
940 2298 1113 2365 prima
1140 2297 1402 2353 lineamm
1428 2301 1806 2369 progressione
1837 2300 1907 2356 ab

326 2383 442 2452 ipsa
473 2385 697 2449 unitate,
722 2402 862 2455 qttae
890 2386 941 2440 in
967 2396 1155 2442 centro
1181 2398 1284 2452 est,
1313 2398 1575 2457 quanttun
1622 2390 1724 2444 sibi
1768 2391 1906 2445 invi-

324 2487 447 2527 cem
478 2474 651 2529 lineae
676 2474 1097 2544 conjunguntur,
1139 2487 1198 2532 ut
1235 2479 1321 2532 vix
1366 2479 1596 2534 discerni
1627 2495 1658 2533 a
1685 2495 1743 2534 se
1770 2480 1905 2535 invi-

324 2577 446 2617 cem
475 2563 699 2631 possint.
734 2564 867 2618 Dum
899 2581 1027 2620 vero
1062 2566 1271 2638 longius
1294 2583 1323 2621 a
1353 2578 1544 2624 centro
1572 2571 1909 2640 protendun-

327 2661 441 2719 tur,
492 2655 655 2711 latins
704 2658 979 2728 paululum
1030 2658 1236 2727 spatia,
1287 2659 1625 2728 quihusase
1673 2661 1901 2715 invicem

325 2755 699 2816 segregantur,
728 2764 977 2811 crescere
997 2748 1277 2819 incipiunt,
1304 2749 1475 2803 donec
1499 2749 1565 2802 ad
1597 2758 1902 2804 extremum

326 2836 612 2903 circulum,
649 2854 756 2907 quo
786 2839 1067 2903 liniuntur,
1107 2839 1454 2909 perveniant;
1502 2840 1592 2895 ubi
1637 2839 1900 2894 latissima

325 2942 425 2984 sua
460 2930 778 2985 diastemata
829 2942 1231 2994 mensurantur,
1276 2932 1380 2985 hoc
1408 2939 1512 2996 est,
1550 2932 1721 3000 spatia
1762 2931 1903 2985 inter

323 3018 499 3073 lineas
545 3020 856 3084 constituta,
906 3036 1047 3089 quae
1084 3021 1185 3076 sibi
1218 3020 1448 3076 invicem
1478 3020 1724 3090 aequalia
1751 3030 1896 3085 sunt,

322 3114 387 3160 ut
408 3107 552 3162 nulla
574 3123 761 3162 eorum
794 3108 985 3163 latiora
1015 3119 1107 3163 aut
1131 3109 1441 3180 angustiora
1468 3109 1589 3165 aliis
1618 3111 1896 3180 reperian-

250 3215 262 3225 ‘
324 3207 433 3253 tur.
465 3197 925 3265 Quemadmodum
956 3199 1088 3254 etin
1118 3199 1247 3270 ipsis
1281 3199 1437 3255 lineis
1465 3215 1569 3254 una
1604 3202 1898 3270 eademque

322 3289 604 3359 longitudo
634 3299 718 3343 est
746 3290 798 3343 in
829 3299 1060 3354 tantum,
1096 3302 1157 3345 ut
1183 3306 1369 3345 earum
1415 3292 1591 3347 nullae
1631 3293 1898 3363 longiores

322 3379 446 3433 aliis
501 3387 596 3432 aut
649 3379 927 3434 breviores
983 3378 1133 3443 sint,
1188 3380 1421 3435 naturali
1483 3380 1896 3449 rationabiliqne

322 3472 648 3541 aequalitate
678 3472 1009 3543 intntrisque
1039 3483 1276 3538 servata,
1304 3474 1357 3528 in
1388 3473 1671 3530 latitudine
1696 3476 1896 3543 spatio-

322 3580 442 3617 rum
468 3564 588 3619 dico
615 3573 669 3618 et
698 3564 748 3618 in
778 3564 1109 3634 longitudine
1154 3565 1439 3621 linearum.
1488 3567 1635 3621 DISC.
1674 3566 1748 3620 ita
1788 3574 1892 3632 est,

317 3666 375 3710 et
403 3656 425 3685 ⁹
473 3655 629 3725 plane
674 3655 939 3727 intelligo.
988 3656 1126 3711 MAG.
1174 3657 1329 3724 Quid,
1363 3658 1408 3712 si
1439 3658 1573 3713 velis
1598 3659 1891 3722 spatiorum

316 3754 374 3799 et
420 3745 681 3800 linearum
730 3763 1011 3802 numerum
1062 3748 1411 3818 dignoscere,
1459 3756 1514 3802 et
1551 3749 1602 3802 in
1648 3749 1892 3803 ordinem

315 3835 584 3902 quendam
641 3836 924 3907 redigere?
971 3835 1105 3891 Num
1151 3849 1305 3908 potes
1352 3839 1584 3908 speciale
1637 3840 1889 3909 spatium,

315 3922 585 3978 lineamve
621 3925 925 3994 specialiter
968 3927 1228 3994 invenire,
1259 3944 1326 3984 ex
1356 3944 1488 3999 quo,
1514 3929 1597 3983 vel
1624 3945 1688 3983 ex
1718 3930 1760 3960 ¹⁰
1786 3945 1890 3998 qua

317 4016 635 4070 naturaliter
661 4033 723 4083 ac
750 4019 965 4088 proprie
990 4019 1250 4090 incipias?
1280 4023 1425 4077 Disc.
1456 4022 1582 4076 Mihi
1608 4023 1891 4091 quaerenti

318 4117 425 4156 non
449 4104 702 4159 occurrit.
728 4105 901 4160 Tanta
932 4107 1195 4177 siquidem
1223 4110 1520 4179 aequalitas
1549 4111 1601 4164 in
1629 4111 1711 4165 his
1742 4126 1894 4181 prae—

316 4190 481 4256 valet,
512 4201 572 4245 ut
602 4193 804 4248 tmllum
837 4197 1068 4266 spatium
1100 4196 1169 4251 ab
1196 4197 1323 4262 alio,
1355 4199 1496 4253 nulla
1527 4200 1667 4254 linea
1692 4200 1761 4256 ab
1787 4201 1890 4254 alia

316 4297 412 4350 per
448 4280 805 4353 differentiam
844 4287 1114 4355 quandam
1158 4304 1251 4343 seu
1294 4290 1682 4359 proprietatem
1723 4293 1891 4360 possit

312 4373 567 4428 discerni.
598 4373 730 4429 Nam
777 4386 832 4431 et
869 4378 956 4433 ille
985 4379 1240 4445 circulus,
1275 4381 1415 4435 intra
1444 4381 1596 4450 cujus
1622 4383 1885 4438 ambitum

312 4464 494 4517 omnia
538 4466 884 4537 colliguntur,
919 4469 990 4523 ita
1025 4471 1241 4527 sibimet
1267 4473 1319 4527 in
1350 4474 1530 4544 seipse
1563 4475 1752 4531 similis
1777 4485 1883 4543 est,

313 4555 542 4610 utnulla
574 4572 697 4624 pars
734 4559 851 4627 ejus
894 4560 962 4613 ab
1006 4560 1110 4615 alia
1153 4562 1512 4629 discernatur,
1544 4580 1636 4619 seu
1668 4574 1881 4631 natura,

311 4655 405 4696 seu
426 4653 565 4699 arte.
591 4644 853 4701 Continna
891 4664 1123 4720 namque
1151 4653 1454 4723 quantitate
1483 4654 1664 4724 pollet,
1697 4671 1761 4709 ac
1790 4672 1885 4725 per

310 4729 413 4783 hoc
455 4733 599 4786 nullo
644 4743 792 4788 certo
819 4736 1082 4806 principio
1126 4740 1365 4803 inchoat,
1408 4742 1556 4796 nullo
1581 4745 1882 4798 constituto

310 4821 417 4875 line
444 4823 800 4892 concluditur,
851 4830 943 4883 sed
972 4838 1112 4885 totus
1140 4831 1357 4888 sibimet
1382 4833 1435 4887 in
1465 4842 1577 4889 toto
1603 4844 1658 4889 et
1681 4837 1881 4904 princi-

306 4910 455 4977 pium
485 4921 586 4977 est,
612 4924 666 4970 et
696 4916 818 4971 linis
851 4919 1114 4974 subsistit.
1148 4920 1284 4977 Hinc
1303 4931 1407 4988 est,
1433 4925 1574 4991 quod
1602 4925 1883 4982 circularis

306 5009 489 5055 motus
525 5000 760 5079 ἄναρχος
788 5023 817 5060 a
846 5005 1091 5074 Graecis,
1132 5010 1234 5064 hoc
1259 5020 1361 5074 est,
1394 5012 1660 5081 principio
1691 5029 1882 5071 carens

305 5098 454 5143 recte
500 5095 829 5160 nominatur,
875 5096 1208 5168 aliorumque
1234 5108 1499 5160 motuum.
1528 5101 1579 5156 id
1610 5112 1717 5169 est,
1748 5106 1882 5160 recti

304 5186 361 5233 et
385 5180 606 5251 obliqui,
633 5184 843 5241 obtinet
869 5189 1249 5259 principatum.
1276 5190 1416 5247 MAG.
1442 5191 1498 5246 lu
1525 5194 1611 5248 bis
1631 5196 1882 5252 omnibus

2012 1852 2116 1905 tur,
2140 1858 2233 1897 seu
2270 1842 2490 1897 formari
2535 1850 2777 1912 possunt,
2810 1850 2886 1894 tot
2914 1857 3101 1894 carum
3133 1839 3349 1893 ordines
3397 1854 3585 1891 mune—

2008 1948 2237 2001 rosaque
2271 1931 2550 2003 pluralitas
2577 1942 2721 1984 recte
2753 1930 3251 2000 philosopliantibus
3286 1928 3436 1997 juxta
3485 1943 3580 1981 ca-

2006 2024 2295 2092 pacitatem
2320 2022 2650 2093 singulorum
2686 2021 3119 2091 tlieoriae,prout
3148 2020 3375 2090 quisque
3403 2018 3581 2070 volue-

2007 2117 2100 2181 rit,
2128 2115 2362 2169 mirabili
2404 2115 2619 2168 divinae
2649 2112 3019 2183 providentiae
3055 2110 3404 2180 dispositione
3439 2109 3582 2161 ultro

2006 2223 2125 2263 sese
2152 2207 2382 2262 oll'eruut
2410 2204 2486 2271 ¹⁶;
2536 2213 2591 2260 et
2630 2204 2754 2258 dum
2788 2203 2921 2258 haec
2970 2204 3022 2256 in
3067 2201 3334 2257 tuentibus
3380 2200 3578 2254 tbeori-

2005 2299 2242 2353 zantium
2270 2296 2482 2352 divinae
2512 2294 2825 2365 disciplinae
2874 2285 3282 2365 divinarumque
3322 2294 3581 2361 tlteOpba-

2005 2390 2212 2443 uiartun
2244 2386 2414 2440 modis
2440 2385 2667 2438 diversis
2695 2386 2735 2415 "’
2765 2384 3205 2455 tuiraliilibusqne
3238 2383 3280 2414 "‘
3313 2398 3580 2452 peragun-

2006 2489 2110 2544 tur,
2136 2480 2282 2549 ipsae
2310 2494 2406 2549 per
2438 2478 2645 2548 seipsas
2676 2476 2914 2531 omnium
2937 2518 2952 2541 ,
2982 2494 3120 2547 quae
3167 2486 3289 2531 sunt
3309 2518 3322 2539 ,
3353 2477 3581 2546 primor-

2003 2572 2169 2627 diales
2193 2571 2424 2625 rationes
2465 2570 2806 2624 uniformiter
2851 2577 2905 2623 et
2958 2569 3468 2623 incomnintabiliter
3504 2568 3574 2635 lin

2003 2664 2180 2719 Verbo
2204 2662 2318 2727 Dei,
2343 2662 2394 2716 iu
2420 2678 2528 2732 quo
2568 2661 2939 2722 factacrsunt,
2990 2677 3151 2715 unum
3196 2671 3249 2715 et
3300 2660 3352 2714 id
3404 2661 3578 2729 ipsum

2001 2755 2142 2808 ultra
2165 2769 2354 2809 omnes
2377 2753 2597 2807 ordines
2620 2767 2943 2821 omnemque
2971 2767 3252 2805 numerum
3291 2747 3576 2803 aeternali-

2002 2854 2084 2898 ter
2118 2844 2417 2898 subsistunt
2444 2843 2509 2896 “‘.
2547 2843 2688 2897 Disc.
2716 2842 2870 2897 Clare
2895 2845 3005 2911 jam
3045 2842 3201 2895 video
3246 2850 3366 2894 tuae
3411 2839 3579 2892 inten-

2002 2935 2163 2990 tionis
2194 2934 2728 3004 ratiocinationisque
2760 2935 2945 2995 liuent,
2995 2933 3280 3002 siquidem,
3332 2941 3390 2985 ut
3433 2933 3579 2985 arbi-

2004 3035 2138 3093 tror,
2167 3026 2238 3080 nil
2280 3026 2424 3079 aliud
2472 3026 2698 3080 suadere
2735 3023 3035 3087 contendis,
3066 3023 3167 3077 nisi
3203 3032 3260 3077 ut
3291 3023 3342 3076 in
3372 3023 3499 3090 ipsis
3528 3022 3574 3052 ²⁰

1927 3092 1971 3153 C
2004 3116 2281 3187 principiis
2329 3132 2509 3169 rerum
2561 3115 2737 3168 nullus
2783 3114 2915 3167 ordo
2958 3113 3279 3188 naturaliter
3328 3113 3576 3181 specialis

1999 3216 2310 3277 quaeratur.
2341 3206 2407 3260 Et
2446 3206 2660 3259 merito.
2703 3204 2833 3270 Quis
2884 3204 3027 3257 enim
3082 3203 3134 3256 in
3192 3203 3236 3232 ²¹
3293 3202 3397 3265 bis,
3436 3217 3575 3270 quae

1999 3315 2160 3369 supra
2197 3314 2411 3353 omnem
2452 3313 2734 3350 numerum
2764 3309 3089 3363 omnemque
3117 3293 3359 3348 ordinem
3393 3292 3567 3345 excel-

1999 3388 2233 3444 situdine
2262 3403 2389 3440 suae
2419 3395 2646 3440 naturae
2692 3403 2721 3439 a
2771 3385 3051 3439 conditore
3099 3384 3338 3438 ontuium
3390 3395 3570 3437 creata

1998 3488 2141 3544 sunt,
2166 3479 2408 3533 ordinem
2435 3475 2517 3532 vel
2548 3490 2828 3529 numerum
2884 3474 3278 3529 rationabiliter
3324 3473 3577 3542 quaesie:

1998 3574 2087 3636 rit,
2116 3574 2240 3628 dum
2264 3572 2375 3626 sint
2398 3571 2576 3626 omnis
2603 3570 2810 3625 muneri
2835 3570 3118 3639 onmisqnc
3167 3568 3378 3622 ordinis
3423 3568 3573 3642 initia

1996 3667 2050 3722 iu
2074 3665 2379 3735 semetipsis
2409 3664 2511 3720 sibi
2534 3664 2767 3717 invicem
2796 3663 2965 3727 unita,
2989 3671 3043 3717 et
3070 3679 3099 3716 a
3126 3663 3271 3715 nullo
3306 3660 3574 3715 inferioris

1996 3764 2219 3809 naturae
2242 3753 2486 3809 contuitu
2533 3752 2800 3807 discreta?
2846 3750 2968 3806 Sola
3016 3752 3277 3819 siquidem
3327 3750 3570 3821 gnostica

1994 3844 2287 3900 conditoris
2310 3859 2496 3898 earum
2530 3843 2703 3897 virtus
2751 3858 2843 3896 eas
2889 3858 3197 3906 numerare,
3240 3830 3569 3903 discernere,

1994 3932 2370 4001 multiplicare,
2396 3931 2673 3994 ordinare,
2700 3931 2939 3984 dividere
2975 3946 3079 3984 non
3121 3931 3410 4000 incongrue
3453 3946 3572 3985 cre-

1993 4023 2139 4097 ditur
2167 4038 2342 4092 posse.
2374 4021 2636 4088 Quouiam
2663 4035 2792 4074 vero
2826 4021 2982 4073 modo
3017 4021 3245 4088 quodam
3274 4020 3568 4089 incognito,

1991 4112 2239 4180 ultraque
2266 4120 2510 4165 naturam
2542 4118 2775 4179 reperto,
2810 4110 2862 4163 in
2907 4110 3244 4178 theoplianiis
3273 4111 3384 4163 suis
3418 4126 3568 4163 men-

1996 4195 2134 4256 tibus
2156 4191 2640 4270 contemplantium
2668 4201 3097 4262 conformantur,
3132 4202 3182 4253 in
3215 4200 3294 4254 eis
3324 4200 3484 4253 etiam
3515 4209 3569 4253 et

1992 4290 2355 4360 nmltiplieari,
2374 4298 2429 4343 ct
2457 4290 2644 4354 dividi,
2672 4299 2727 4343 et
2752 4291 3023 4344 numerari
3053 4304 3212 4359 posse
3247 4289 3568 4359 dignoscan-

1993 4395 2080 4440 tur
2105 4387 2172 4451 ",
2200 4386 2251 4439 in
2292 4384 2655 4439 iutellectilius
2679 4385 2819 4449 dico,
2843 4393 3000 4454 prout
3026 4385 3185 4439 datur
3210 4383 3288 4436 eis
3322 4390 3565 4436 contem-

1990 4475 2247 4543 plantinm
2284 4474 2351 4529 ".
2388 4476 2468 4528 Ac
2501 4489 2597 4542 per
2638 4475 2739 4528 hoc
2777 4474 3091 4538 coniicitur,
3114 4487 3241 4537 eas,
3273 4471 3323 4525 id
3354 4480 3436 4525 est
3458 4472 3567 4541 pri-

1986 4568 2275 4623 mordiales
2319 4583 2532 4631 causas,
2584 4567 2786 4620 nullum
2833 4566 3076 4621 ordinem
3124 4563 3441 4627 intellectui,
3481 4562 3565 4617 vel

1988 4661 2167 4716 sensui
2202 4663 2477 4732 cegnitum
2512 4662 2562 4717 iu
2592 4662 2898 4730 semetipsis
2948 4661 3220 4729 recipere;
3271 4661 3325 4715 in
3375 4676 3562 4713 earnm

1987 4764 2118 4802 vero
2152 4751 2410 4809 theorico,
2447 4751 2547 4803 hoc
2576 4760 2683 4813 est,
2714 4751 3132 4819 contetnplative
3179 4750 3359 4805 animo
3397 4765 3560 4817 quos-

1988 4841 2109 4895 dam
2133 4840 2353 4893 ordines
2394 4840 2637 4895 diversos
2688 4842 2732 4871 "
2780 4850 2943 4911 atque
2994 4842 3315 4912 multiplices
3374 4856 3565 4895 conce-

1987 4928 2172 4998 ptione
2200 4930 2433 4998 quadam
2464 4916 2851 5000 intelligentiae
2879 4923 3201 5000 procedente
3251 4931 3305 4985 in
3353 4930 3562 4982 ratione

1986 5035 2083 5091 per
2111 5020 2371 5089 quasdam
2415 5012 2826 5090 imaginationes
2868 5023 3189 5077 verisuniles
3238 5022 3404 5075 nasci.
3454 5022 3562 5075 Sed

1987 5125 2108 5164 cum
2137 5112 2271 5166 haec
2301 5111 2372 5164 ita
2411 5127 2471 5167 se
2515 5112 2767 5177 habeant,
2824 5130 2926 5168 non
2976 5124 3028 5168 te
3075 5114 3393 5169 crediderim
3445 5115 3560 5168 sine

1987 5199 2168 5270 aliqua
2193 5201 2414 5271 speciali
2453 5202 2662 5257 ratione
2689 5202 3065 5274 principalium
3098 5217 3384 5258 causarum
3426 5218 3556 5257 cou-

1585 5326 1839 5426 νΑιιιΑΕ
1873 5331 2273 5390 LECTIONES.

372 5483 394 5513 υ
415 5442 462 5523 C_
484 5442 763 5504 (acescunt.
840 5452 862 5484 ¹
885 5451 927 5506 Α
953 5463 1205 5523 portatas.

441 5515 462 5544 τ
488 5533 580 5584 ρει·
597 5535 805 5574 sensum
827 5536 935 5576 om.
953 5510 1030 5578 Ἀ.
1105 5526 1126 5557 ⁸
1149 5527 1189 5581 C
1216 5510 1661 5587 disputavi-if}wa

1105 5526 1126 5557 ⁸
1149 5527 1189 5581 C
1216 5527 1491 5598 disputari.
1566 5532 1587 5563 ⁹

1105 5612 1247 5650 nare.
1328 5598 1373 5630 ⁸⁸
1399 5601 1439 5655 C
1465 5602 1605 5655 tendi

1417 5613 1439 5655 λ
1465 5613 1646 5656 tendit.

302 5581 349 5612 ’δ
378 5581 542 5649 ριόἐι
574 5589 818 5644 ordinare
844 5592 889 5645 Α
917 5596 1247 5650 cxordiuare.

1282 5457 1303 5489 ³
1336 5457 1382 5512 Α
1406 5461 1639 5517 sensibus
1688 5464 1935 5519 exterius.

1844 5536 1953 5593 ΨΑ
1997 5552 2060 5591 ea.
2085 5552 2189 5592 om.
2251 5539 2316 5593 A.

1727 5603 1771 5635 ιθ
1801 5604 1842 5658 Α
1872 5590 2149 5674 ‘a/rerum.
2162 5590 2170 5592 θ
2195 5615 2205 5627 ·
2227 5590 2340 5664 "Ut
2364 5590 2579 5665 ιίίυίῖίέξ
2598 5590 3080 5663 ἠ’λίὶιενιιὺὶιὶιηὶέζ

2011 5466 2034 5498 ⁸
2079 5467 2122 5520 Λ
2176 5478 2245 5523 et.
2321 5470 2597 5524 “centrum
2633 5484 2741 5524 om.
2765 5481 2831 5524 A.
2949 5485 3042 5537 per
3065 5469 3397 5538 phantasiam
3443 5482 3585 5524 om.‘

2849 5540 2891 5570 ¹²
2920 5542 2958 5592 Α
2991 5541 3245 5594 cohibeat.
3324 5540 3367 5571 "
3396 5538 3439 5593 Λ
3470 5557 3553 5593 nc.

2849 5609 3080 5662 rtbiltbus.
3159 5612 3199 5645 ¹⁹
3225 5611 3271 5665 Α
3301 5611 3553 5665 subsistit.

3301 5626 3556 5665 summa.

2321 5470 2344 5501 ⁸
2365 5479 2597 5524 centrum
2633 5484 2741 5524 om.
2765 5481 2831 5524 A.

2394 5542 2433 5572 ¹¹
2464 5542 2507 5594 Α
2530 5542 2764 5593 obsistat.

300 5651 349 5685 ’°
378 5654 423 5706 Α
452 5655 552 5709 Itis.
628 5660 671 5692 ἰ
707 5660 754 5713 Α
796 5678 880 5716 ex.
958 5666 1000 5700 ³³
1046 5667 1427 5736 dignoscantur
1479 5688 1589 5727 om.
1629 5673 1695 5729 Δ.
1774 5651 1819 5713 ’δ
1851 5651 2623 5751 Siue-"('1;”d.'couteniplaidi'5ur.
