4064 6292
540 345 638 407 r27
674 308 679 312 ’

1896 343 2177 402 JOANNIS
2214 344 2409 398 SCOTl

3678 355 3792 411 628

536 463 967 516 numerationem
1017 463 1085 517 ab
1141 462 1254 530 ipsa
1315 478 1410 531 per
1456 463 1684 531 seipsam
1736 461 1975 515 bonitate
2027 458 2110 511 in-
2142 464 2184 519 Λ
2217 459 2553 525 prontmtiat,
2579 474 2717 528 quae
2746 460 2873 515 dicit
2902 480 2916 515 :
2950 461 3014 515 Et
3053 463 3185 515 vidit
3208 462 3345 516 Deus
3370 466 3566 528 omnia,
3588 477 3638 519 et
3667 484 3797 521 erce

539 552 785 604 cltoasse.
830 550 944 604 Non
981 552 1125 604 enim
1155 560 1237 604 est
1268 551 1370 603 rite
1422 552 1825 619 disputantium,
1872 551 2105 603 otiosum

534 639 682 708 qui-tl,
711 656 872 693 causa
899 656 1090 694 carens
1116 641 1316 694 dicere.
1352 640 1487 693 MAG.
1538 639 1651 693 lloc
1700 640 1948 693 fortassis
1997 654 2104 692 non

535 741 736 786 temere
765 733 998 797 diceres,
1028 732 1071 785 si
1104 734 1168 787 de
1211 748 1435 785 numero
1462 733 1547 801 pie
1574 747 1636 785 ac
1658 732 1894 800 perfecte
1923 731 2107 799 dispu-

534 825 800 888 tantium,
846 833 901 877 et
951 823 1096 878 nullo
1148 823 1308 877 modo
1354 824 1419 877 de
1470 838 1625 877 verae
1676 821 2103 876 ratiocinationis

530 914 722 968 semita
770 914 1176 978 declinantium,
1206 928 1370 967 unum
1424 928 1511 967 me
1553 927 1674 967 esse
1728 926 2098 979 cognosceres.

529 1004 796 1071 Quoniam
826 1019 953 1058 vero
992 1005 1133 1058 inter
1159 1020 1475 1073 magnorum
1521 1005 1958 1073 philosophorum
2009 1020 2102 1059 ex-

530 1103 732 1148 tremos
760 1093 1079 1163 pedisequos
1124 1093 1210 1146 vix
1244 1094 1415 1148 locum
1449 1093 1662 1147 invenio
1682 1095 1880 1149 habere
1924 1094 1962 1159 ί,
1995 1110 2100 1149 non

530 1184 745 1237 incaute
774 1183 838 1236 de
864 1183 1299 1252 processionibus
1335 1184 1469 1238 meis
1506 1199 1603 1252 per
1630 1184 1920 1239 altissimos
1951 1185 2101 1240 tbco—

528 1272 643 1326 riae
667 1288 921 1327 ascensus
948 1273 1384 1342 promittendum.
1414 1274 1584 1344 Saepe
1606 1289 1838 1344 namque
1860 1275 2100 1330 melioris
2146 1288 2151 1291 '

528 1362 726 1432 ingenii
797 1362 1135 1431 puriorisque
1214 1363 1329 1419 sine
1390 1365 1793 1433 comparatione
1849 1367 1902 1419 in
1970 1366 2099 1435 ipsis

527 1454 931 1509 ascensionibus
977 1455 1290 1510 inchoantes
1321 1456 1548 1526 ingredi,
1576 1466 1669 1512 aut
1689 1466 1934 1515 errantes
1958 1461 1980 1492 ⁸
2005 1461 2098 1515 de-

526 1545 827 1620 viaverunt,
877 1554 970 1599 aut
1016 1546 1177 1601 altius
1226 1551 1519 1604 ascendere
1569 1566 1674 1604 non
1737 1551 1997 1616 valentes,
2029 1552 2097 1608 ad

527 1636 779 1693 inferiora
808 1637 1008 1692 reversi
1026 1647 1171 1704 sunt,
1187 1649 1279 1694 aut
1300 1656 1393 1694 eas
1413 1641 1628 1696 silentio
1652 1644 2093 1711 ltouorilicantes,

523 1727 712 1781 altiora
765 1742 823 1782 se
894 1728 1161 1799 attingere
1223 1739 1381 1785 caute
1429 1748 1494 1787 ac
1538 1733 1933 1790 rationabiliter
1989 1751 2093 1791 non

2209 548 2517 602 bona'valde
2548 550 2593 581 ¹²
2631 550 2744 604 Νοιι
2774 552 2918 605 enim
2947 553 3111 607 dicit:
3138 563 3191 607 et
3231 554 3385 607 vidit.
3413 554 3551 609 Deus
3578 558 3791 617 omnia.

2207 646 2262 690 et
2294 654 2421 693 ecce
2447 639 2599 694 valde
2642 650 2785 694 sunt.
2835 641 2972 707 Quid
3016 644 3161 698 enim
3206 644 3410 698 valeret
3446 644 3795 699 solummodo

2207 741 2344 786 esse.
2377 728 2627 799 adempto
2674 731 2813 784 bene
2847 733 3004 787 esse?
3062 732 3252 787 Omnia
3301 734 3599 802 siquidem,
3645 750 3795 803 quae

2206 826 2370 882 sunt,
2421 818 2473 873 in
2529 827 2737 873 tantum
2779 830 2935 886 sunt,
2982 822 3036 876 in
3093 830 3352 892 quantum
3416 823 3556 879 bona
3617 835 3791 889 sunt;

2206 908 2259 961 in
2307 918 2567 979 quantum
2611 919 2793 965 autem
2840 912 2981 966 bona
3029 928 3134 967 non
3173 922 3317 978 sunt,
3357 922 3468 978 aut,
3500 923 3562 968 ut
3599 914 3674 968 ita
3702 916 3799 968 di-

2204 1017 2346 1066 cam,
2370 1002 2422 1057 in
2453 1012 2711 1071 quantum
2753 1003 2931 1059 minus
2973 1004 3109 1058 bona
3152 1011 3298 1070 sunt,
3323 1005 3379 1059 in
3426 1014 3631 1060 tantmu
3674 1022 3793 1059 non

2203 1103 2347 1147 sunt.
2386 1094 2463 1149 Ac
2496 1108 2592 1163 per
2638 1095 2741 1149 hoc
2782 1096 3031 1165 adempta
3082 1097 3298 1166 penitus
3338 1097 3610 1159 bonitate,
3638 1098 3801 1150 nulla

2204 1194 2449 1239 remanet
2475 1185 2731 1239 essentia.
2779 1184 3110 1256 Simpliciter
3161 1186 3304 1240 enim
3328 1200 3472 1252 esse,
3501 1187 3582 1241 vel
3610 1196 3796 1241 aeter-

2203 1274 2400 1330 naliter
2449 1289 2589 1341 esse,
2639 1275 2851 1331 sublato
2899 1277 3035 1333 bene
3080 1292 3221 1342 esse,
3266 1287 3321 1333 et
3366 1278 3506 1332 bene
3534 1286 3799 1332 aeterna-

2202 1366 2326 1421 liter
2356 1366 2401 1399 ⁸⁸
2437 1382 2578 1433 esse,
2609 1368 2829 1424 abusive
2852 1368 3051 1424 dicitur
3086 1378 3144 1424 et
3192 1384 3313 1425 esse
3358 1377 3415 1425 et
3436 1367 3801 1424 aeternaliter

2200 1470 2339 1510 esse.
2363 1454 2658 1512 Subtracta
2695 1458 2878 1528 itaque
2930 1459 3170 1514 bonitate
3191 1460 3408 1530 proprie
3439 1475 3543 1515 non
3583 1460 3799 1515 dicitur

2200 1548 2457 1613 essentia,
2493 1556 2585 1602 aut
2616 1556 2835 1603 aeterna
2882 1550 3136 1604 essentia.
3167 1550 3247 1605 Ac
3286 1565 3355 1604 ne
3396 1550 3535 1605 forte
3555 1550 3621 1605 ad
3643 1549 3796 1605 haec

2202 1635 2368 1698 dicas,
2390 1637 2631 1706 nunquid
2659 1637 2909 1694 similiter
2930 1653 3216 1708 possumus
3253 1640 3629 1709 pronuntiare,
3653 1640 3794 1707 sulp-

2203 1732 2373 1780 tracta
2399 1727 2611 1795 penitus
2654 1728 2890 1783 essentia
2945 1729 2969 1760 ⁸
3012 1728 3156 1783 nulla
3201 1728 3416 1784 bonitas
3458 1729 3797 1790 remanebit.

520 1830 928 1892 praesumentes
957 1821 1241 1878 siluerunt.
1293 1825 1820 1881 Perfectissimorum
1865 1845 2095 1899 namque

2201 1828 2457 1884 pereunte
2474 1833 2604 1873 vero
2632 1818 2682 1853 ³⁵
2700 1819 2986 1876 existentia
3028 1819 3233 1874 nullum
3253 1820 3450 1874 bonum
3487 1819 3753 1874 subsistet
3768 1860 3789 1883 ,

520 1922 605 1967 est
649 1912 669 1943 ³
694 1914 969 1984 divinique
996 1914 1130 1968 radii
1160 1915 1535 1985 splendoribus
1564 1918 2009 1986 illuminatorum,
2032 1936 2097 1976 ac

521 2021 620 2074 per
641 2008 740 2061 hoc
763 2007 829 2061 ad
861 2007 1227 2062 sacratissima
1255 2008 1567 2064 caelestium
1594 2013 1971 2082 mysteriorum
2004 2015 2100 2069 ab-
2124 2012 2127 2016 ’

521 2093 630 2146 dita
681 2110 840 2147 manu
886 2095 1204 2161 ductorum,
1259 2097 1519 2152 altissima
1558 2098 1771 2154 divinae
1810 2099 1832 2132 ⁸
1859 2101 2098 2157 tbcoriae

520 2183 725 2256 βήματα
771 2184 826 2249 ⁵,
856 2184 959 2239 boc
989 2194 1073 2240 est
1104 2186 1126 2217 ⁸
1152 2186 1351 2256 gradus
1378 2188 1399 2219 "
1453 2204 1728 2258 superare,
1758 2206 1821 2245 ac
1851 2191 1967 2245 sine
1990 2192 2097 2247 ullo

519 2288 705 2328 errore
733 2273 1119 2344 apertissimae
1133 2277 1379 2332 veritatis
1407 2279 1641 2347 speciem
1668 2280 1813 2335 nulla
1862 2264 2095 2354 caligine

520 2361 773 2432 obstante
817 2363 839 2396 '
873 2364 1093 2420 intueri.
1125 2365 1275 2433 Quae
1304 2368 1558 2436 quoniam
1583 2369 1723 2423 ultra
1752 2370 1896 2426 vires
1923 2372 2098 2427 inten-

523 2450 686 2506 tionis
709 2460 928 2509 nos'rae
956 2455 1250 2510 constituta
1288 2466 1434 2522 sunt,
1465 2473 1563 2513 nec
1595 2459 1768 2515 adhuc
1813 2477 2097 2531 possumus

520 2543 785 2615 attingere
810 2545 1108 2601 carnalium
1139 2564 1396 2603 sensuum
1452 2551 1687 2620 pondere
1734 2554 1997 2623 oppressi,
2028 2571 2097 2610 ne

518 2633 655 2704 pigri
678 2635 1027 2692 videamurin
1054 2638 1253 2693 divinis
1281 2640 1531 2710 negetiis,
1564 2640 1823 2696 talentum
1855 2643 2094 2698 Domini-

517 2739 640 2777 emn
690 2724 745 2778 in
774 2734 915 2779 terra
947 2725 1235 2792 fodientes,
1261 2745 1326 2784 ac
1355 2730 1471 2785 sine
1502 2731 1605 2784 ulla
1656 2748 1818 2787 usura
1858 2736 1880 2767 ⁹
1927 2750 2095 2804 pecu-

519 2813 662 2867 niam
721 2815 922 2870 domini
982 2818 1357 2888 negligentes,
1402 2819 1634 2890 malique
1682 2822 1821 2876 servi
1879 2832 2097 2878 senten-

517 2903 648 2957 tiam
676 2915 1066 2973 promerentes,
1096 2908 1160 2963 de
1190 2909 1308 2973 bis,
1336 2926 1478 2980 quae
1508 2926 1651 2965 nunc
1683 2912 1822 2966 inter
1850 2928 1948 2969 nos
1969 2929 2098 2967 con-

514 2991 1044 3065 fcritutts,quantum
1072 2998 1259 3053 intima
1286 2999 1376 3054 lux
1411 3003 1691 3070 capacitati
1723 3005 2095 3072 quaerentium

513 3095 575 3134 se
612 3081 912 3148 donaverit,
944 3085 1199 3155 quicquid
1230 3088 1574 3144 verisimilius
1607 3090 1781 3148 visum
1812 3091 1973 3147 fuerit
2014 3093 2098 3147 di-

2201 1905 2385 1975 accipe
2422 1907 2640 1978 majoris
2687 1908 2903 1965 virtutis
2956 1916 3351 1979 argumentum.
3401 1908 3519 1963 Non
3578 1908 3790 1971 solum,

2199 2008 2338 2064 quae
2400 2004 2547 2061 sunt,
2598 1997 2737 2053 bona
2797 2005 2953 2063 sunt;
3005 2012 3191 2053 verum
3243 1997 3429 2057 etiam,
3471 2011 3609 2065 quae
3668 2012 3789 2051 non

2199 2095 2344 2151 sunt,
2368 2087 2506 2142 bona
2537 2088 2806 2143 dicuntur.
2821 2088 3006 2159 quue
3026 2089 3255 2160 amplius
3279 2088 3503 2143 meliora
3525 2088 3791 2143 dicuntur

2199 2192 2336 2246 quae
2360 2193 2465 2232 non
2496 2188 2644 2245 sunt,
2670 2194 2830 2251 quam
2861 2195 2999 2249 quae
3027 2190 3183 2246 sunt;
3218 2194 3341 2234 nam
3365 2178 3414 2213 “
3439 2179 3493 2234 in
3516 2187 3789 2247 quantum

2196 2284 2293 2339 per
2328 2269 2706 2324 excellentiam
2733 2277 2993 2341 superant
3026 2268 3337 2335 essentiam,
3369 2269 3423 2324 in
3461 2276 3668 2322 tantum
3689 2283 3790 2322 su-

2196 2362 2566 2431 peressentiali
2588 2346 2750 2426 bono,
2781 2362 2893 2417 Deo
2921 2361 3193 2427 videlicet,
3215 2361 3679 2432 appropinquant;
3726 2360 3795 2414 in

2196 2462 2457 2524 quantum
2487 2460 2667 2508 autem
2692 2454 2735 2488 "
2762 2453 3055 2509 essentiam
3088 2452 3435 2522 participant,
3466 2450 3523 2505 in
3571 2457 3799 2504 tantum

2197 2561 2228 2598 a
2252 2534 2684 2614 superessentiali
2714 2545 2856 2600 bono
2883 2543 3222 2615 elongantur.
3250 2542 3368 2596 Non
3402 2554 3527 2596 esse
3570 2550 3781 2606 autem,

2198 2641 2261 2687 ut
2301 2634 2557 2700 arbitror,
2590 2634 2860 2699 dicuntur,
2906 2647 3045 2704 quae
3098 2648 3200 2688 nec
3242 2647 3428 2698 sensu,
3472 2646 3576 2686 nec
3624 2631 3786 2685 intel-

2198 2724 2363 2791 lectu,
2407 2740 2538 2795 prae
2588 2726 2753 2780 nimia
2801 2726 2884 2781 sui
2929 2724 3275 2795 excellentia,
3324 2721 3785 2794 inseparabilique

2198 2821 2421 2885 unitate,
2449 2834 2513 2873 ac
2536 2819 2877 2888 simplicitate
2927 2817 3128 2888 percipi
3157 2825 3413 2887 possunt;
3475 2829 3601 2870 esse
3647 2828 3789 2868 vero

2199 2911 2577 2975 aestimantur,
2599 2924 2739 2978 quae
2766 2907 3123 2964 intellectibns
3162 2907 3478 2963 sensibusve
3522 2918 3779 2959 succum-

2196 3001 2352 3066 bunt,
2381 3008 2436 3055 et
2463 3000 2516 3054 in
2543 3000 2772 3070 quadam
2809 3009 2959 3055 certa
2999 2997 3328 3068 deﬁnitaque
3347 2996 3649 3051 substantia
3676 2994 3786 3050 dif-

2198 3090 2442 3145 ferentiis
2469 3090 2515 3121 “'
2540 3089 3063 3159 proprietatibusque
3107 3086 3783 3161 circumscribuntur,vac-

512 3185 715 3237 cemus,
738 3173 1058 3231 humilitatis
1086 3178 1268 3247 regula
1300 3179 1497 3248 ubique
1534 3182 1843 3246 observata,
1873 3199 1940 3238 ne
1963 3199 2090 3239 nos-
2119 3189 2162 3250 C
2194 3186 2603 3255 cidentibusque
2624 3183 2669 3215 "
2692 3182 2964 3251 subjecta,
2988 3182 3122 3238 locis
3152 3180 3591 3252 temporibusque
3626 3178 3785 3233 varia

516 3270 628 3316 met
651 3278 771 3318 esse
792 3267 1158 3333 aestimemus,
1177 3271 1319 3338 quod
1342 3285 1439 3325 nos
1463 3286 1567 3327 non
1585 3288 1791 3329 sumus.
1820 3274 2092 3345 Scriptum
2130 3276 2137 3279 ’

511 3358 594 3405 est
616 3352 758 3406 enim
785 3369 799 3407 :
830 3353 959 3408 Noli
988 3355 1153 3410 altum
1181 3374 1381 3427 sapere,
1412 3361 1502 3414 sed
1528 3363 1669 3416 time.

581 3440 637 3493 2.
681 3441 796 3497 Hac
818 3443 984 3513 igitur
1011 3445 1221 3501 ratione
1257 3449 1562 3517 specialiter
1598 3452 1862 3521 principia
1909 3467 2090 3509 rerum

512 3531 582 3584 ab
610 3532 725 3602 ipsa
754 3549 853 3602 per
898 3536 1133 3605 seipsam
1186 3538 1425 3608 bonitate
1472 3542 1712 3613 incipere
1752 3544 2091 3603 introductus

510 3639 654 3677 sum.
682 3624 937 3695 Perspexi
962 3629 1243 3698 siquidem,
1276 3647 1376 3687 nec
1406 3634 1605 3704 absque
1637 3646 1946 3692 sanctorum
1990 3640 2094 3695 Pa-

512 3721 656 3768 trum
690 3717 1035 3785 auctoritate,
1066 3728 1123 3774 et
1154 3721 1389 3778 maxime
1429 3724 1787 3797 Are0pagitae
1825 3728 2087 3802 Dionysii,

512 3806 973 3874 generalissimam
1006 3810 1307 3865 divinarum
1338 3813 1686 3869 donationum
1711 3831 1832 3871 esse
1878 3833 1975 3887 per
2000 3834 2088 3874 se-

514 3894 686 3964 ipsam
716 3896 1034 3965 bonitatem,
1060 3901 1301 3972 aliasque
1318 3905 1714 3972 quodammodo
1738 3909 2085 3977 praecedere.

507 3985 681 4043 Causa
713 4005 949 4060 namque
977 3993 1217 4048 omnium
1248 3997 1486 4051 creatrix
1518 3997 1750 4064 bonitas,
1780 4014 1918 4070 quae
1946 4001 2089 4057 Deus

508 4086 615 4141 est,
642 4078 709 4133 ad
740 4079 844 4136 hoc
870 4082 1040 4152 ipsam
1070 4098 1312 4151 causam,
1335 4101 1473 4156 quae
1501 4103 1599 4157 per
1619 4090 1850 4160 seipsam
1872 4090 2086 4148 bonitas

508 4168 735 4235 dicitur,
761 4171 936 4241 primo
969 4174 1209 4229 omnium
1239 4178 1464 4245 creavit,
1506 4188 1564 4232 ut
1599 4194 1697 4247 per
1724 4196 1843 4236 eam
1880 4184 2080 4251 omnia,

509 4275 649 4330 quae
671 4272 817 4331 sunt,
841 4264 895 4319 in
923 4268 1188 4324 essentias
1210 4284 1271 4323 ex
1310 4272 1425 4324 ’non
1461 4272 1816 4329 existentibus
1856 4275 2087 4331 adduce-

510 4359 614 4406 ret.
640 4352 863 4410 Divinae
888 4356 1154 4425 siquidem
1199 4359 1457 4413 bonitatis
1503 4364 1777 4430 proprium
1820 4374 1923 4428 cst,
1948 4382 2086 4436 quae

506 4458 614 4498 non
635 4446 875 4507 erant,in
898 4449 1187 4503 essentiam
1202 4450 1802 4509 vocare.Uuiversitatis
1826 4459 2024 4511 etenim
2041 4459 2086 4491 ’°

2195 3290 2356 3349 atque
2382 3279 2623 3348 dispersa
2653 3275 2821 3332 semel
2845 3283 2900 3331 et
2927 3274 3086 3330 simul
3106 3289 3227 3331 esse
3252 3289 3357 3328 non
3384 3271 3641 3328 valentia.
3678 3268 3779 3325 Vi-

2194 3373 2359 3428 desne
2386 3371 2568 3441 igitur,
2600 3378 2858 3439 quantum
2900 3366 3201 3438 generalior
3226 3372 3312 3420 est
3349 3363 3583 3425 bonitas,
3608 3376 3776 3430 quam

2191 3462 2461 3518 essentia?
2480 3461 2751 3515 Bonorum
2777 3458 3037 3528 siquidem
3063 3472 3166 3510 una
3193 3455 3403 3526 species
3433 3452 3691 3508 bonitatis
3724 3452 3779 3490 ⁸⁸

2201 3561 2287 3607 est
2310 3552 2360 3605 in
2387 3551 2471 3604 bis
2497 3565 2639 3618 quae
2666 3556 2811 3611 sunt,
2838 3547 3003 3601 altera
3028 3545 3082 3601 in
3110 3545 3194 3600 bis
3218 3554 3357 3615 quae
3377 3557 3484 3598 non
3512 3550 3659 3597 sunt.
3691 3543 3777 3596 Ac

2194 3655 2290 3711 per
2311 3641 2415 3695 hoc
2440 3655 2471 3694 a
2495 3640 2543 3671 “
2570 3637 2996 3708 generalioribus
3035 3635 3248 3691 divinae
3291 3632 3555 3704 largitatis
3598 3633 3776 3687 dona-

2191 3732 2424 3787 tionibus
2469 3731 2748 3793 incboans,
2777 3736 2834 3783 et
2879 3742 2976 3798 per
3013 3725 3357 3796 specialiores
3394 3722 3772 3805 progrediens,

2188 3822 2433 3877 ordinem
2461 3819 2728 3890 quendam
2754 3815 3184 3888 primordialium
3224 3828 3508 3870 causarum
3553 3812 3771 3870 theolo-

2189 3911 2273 3983 gia
2296 3912 2432 3967 duce
2457 3909 2734 3966 constitui.
3178 3932 3179 3935 η

2258 4001 2311 4056 ’5.
2343 4001 2488 4056 Dtsc.
2511 3998 2632 4054 J‘am
2663 3995 2925 4069 intelligo,
2955 4011 3062 4051 non
3103 3992 3547 4050 irrationabiliter
3593 4000 3648 4047 te
3687 3992 3779 4046 in-

2189 4093 2414 4148 cboasse
2459 4091 2849 4161 principiorum
2895 4087 3403 4143 considerationem.
3447 4083 3777 4153 Quicunque

2189 4182 2331 4236 enim
2356 4189 2503 4236 recte
2531 4180 2740 4245 dividit,
2773 4194 2804 4233 a
2841 4176 3261 4249 generalissimis
3304 4174 3466 4230 debet
3503 4173 3775 4242 incipere,

2187 4289 2243 4329 et
2270 4289 2366 4343 per
2387 4272 2721 4343 generaliora
2744 4271 3017 4342 progredi,
3037 4284 3101 4323 ac
3129 4268 3229 4333 sic,
3258 4274 3419 4336 prout
3443 4264 3620 4318 virtus
3636 4279 3771 4317 con-

2192 4364 2555 4434 templationis
2583 4363 2870 4426 succurrit,
2913 4361 2979 4415 ad
3030 4357 3414 4428 specialissima
3456 4353 3765 4425 pervenire.

2191 4454 2341 4520 Quod
2372 4454 2533 4508 etiam
2566 4453 2620 4507 in
2661 4453 2790 4523 ipsis
2832 4467 3013 4506 rerum
3055 4447 3352 4519 principiis,
3403 4460 3543 4513 quae
3584 4444 3771 4514 primo

507 4534 755 4591 conditae
780 4536 834 4590 in
867 4539 1264 4610 essentiamque
1289 4542 1554 4596 adductae
1581 4543 1761 4598 divina
1793 4546 2005 4602 bonitas
2030 4557 2086 4603 et
2117 4533 2163 4593 D
2189 4546 2439 4617 posuisti,
2463 4544 2688 4600 interius
2720 4543 3071 4615 perspiciens,
3099 4542 3153 4595 ni
3189 4539 3361 4602 fallor,
3392 4534 3654 4605 intelligo.
3690 4532 3767 4588 Ut

506 4621 793 4693 plusquam
834 4627 1047 4682 bonitas
1081 4635 1135 4682 et
1181 4630 1482 4685 cssentialis
1525 4640 1582 4686 et
1619 4636 2085 4702 superessentialis

509 4727 673 4768 causa
700 4724 802 4770 est.
843 4717 899 4771 Si
958 4718 1121 4786 igitur
1163 4719 1390 4775 Creator
1418 4708 1531 4792 per
1583 4739 1736 4777 suam
1787 4725 2081 4781 bonitatem

507 4806 688 4859 omnia
728 4806 794 4861 de
843 4808 1029 4875 nihilo,
1074 4818 1132 4864 ut
1192 4820 1396 4877 essent,
1443 4813 1727 4879 derivavit,
1777 4818 2082 4871 necessario

508 4892 813 4952 intellectus
845 4915 943 4971 per
998 4902 1231 4971 seipsum
1278 4905 1550 4971 bonitatis,
1601 4906 1929 4963 intellectum
1985 4926 2082 4979 per

504 4987 735 5059 seipsam
760 4990 802 5025 εί
825 4995 1093 5050 essentiae
1119 4998 1407 5065 praecedit.
1436 4997 1550 5053 Non
1576 5001 1717 5054 enim
1768 5018 1862 5070 per
1899 5018 2079 5057 esseu-

503 5080 635 5135 tiam
657 5083 956 5139 introducta
984 5095 1066 5140 est
1092 5088 1320 5153 bonitas,
1348 5088 1440 5144 sed
1473 5105 1567 5158 per
1591 5090 1886 5145 bonitatem
1909 5093 2083 5145 intro-

506 5171 668 5230 ducta
695 5183 779 5231 est
805 5177 1059 5233 essentia.
1082 5178 1217 5234 Nam
1240 5189 1294 5235 et
1315 5181 1418 5236 hoc
1438 5182 1777 5251 apertissime
1797 5183 2076 5254 Scriptura

2191 4637 2334 4693 enim
2365 4636 2576 4691 bonitas
2596 4636 2757 4690 veluti
2804 4635 3069 4704 quoddam
3116 4646 3287 4703 genus
3329 4635 3413 4683 est
3461 4625 3765 4688 essentiae,

2188 4731 2420 4785 essentia
2450 4745 2578 4784 vero
2604 4730 2811 4797 species
2833 4727 3096 4797 quaedam
3128 4723 3384 4779 bonitatis
3426 4735 3550 4775 esse
3585 4717 3767 4773 credi-

2187 4831 2304 4887 tur;
2338 4822 2409 4876 ila
2438 4820 2670 4875 essentia
2697 4834 2866 4889 genus
2911 4825 2993 4874 est
3034 4817 3192 4870 vitae.
3238 4812 3511 4882 Siquidem
3554 4808 3760 4873 omnia,

2187 4924 2325 4978 quae
2353 4916 2499 4973 sunt,
2527 4908 2837 4963 dividuntur
2868 4908 2920 4961 in
2944 4921 3031 4969 ea,
3061 4920 3200 4975 quae
3217 4918 3313 4973 per
3332 4918 3392 4955 se
3411 4901 3457 4931 "
3476 4900 3682 4961 vivunt,
3707 4906 3763 4950 et

2186 5017 2248 5054 ca
2265 5001 2329 5064 ’³,
2349 5014 2486 5072 quae
2514 5014 2610 5070 per
2634 4999 2867 5054 se”non
2889 4998 3093 5051 vivunt.
3121 4996 3235 5050 Non
3258 4995 3399 5049 enim
3412 4989 3648 5047 omnis"
3667 5004 3760 5042 es-

2187 5093 2359 5147 sentia
2394 5108 2491 5161 per
2516 5107 2574 5146 se
2599 5092 2748 5154 vivit,
2781 5102 2871 5145 aut
2903 5090 3011 5143 vita
3041 5099 3142 5143 est.
3177 5088 3254 5143 Ac
3278 5101 3374 5156 per
3402 5086 3505 5140 hoc
3542 5096 3758 5142 eorum,

2187 5197 2325 5251 quae
2354 5192 2499 5245 sunt,
2529 5197 2635 5236 una
2673 5182 2878 5252 Species
2908 5186 2989 5234 cst
3031 5179 3087 5233 in
3134 5178 3236 5243 his,
3280 5191 3418 5247 quae
3472 5189 3571 5245 per
3607 5188 3666 5228 se
3712 5169 3765 5202 “

1790 5313 2041 5371 VARIAE
2078 5316 2478 5375 LECTIONES.

576 5441 595 5475 ⁸
621 5442 806 5497 habere
835 5458 943 5499 om.
966 5446 1028 5505 A,
1107 5446 1129 5477 ²
1150 5445 1190 5501 C
1228 5447 1475 5502 errando.
1552 5447 1573 5479 ⁸
1592 5458 1666 5502 est
1692 5464 1801 5502 om.
1830 5449 1896 5503 A.

502 5525 612 5584 om».
644 5514 708 5567 A.
778 5514 805 5546 "
841 5515 884 5568 A
912 5516 1099 5584 gradu.
1178 5519 1200 5549 ⁸
1223 5517 1263 5571 C
1283 5518 1528 5571 distenta.

507 5583 552 5614 “
577 5582 622 5635 A
657 5582 1017 5639 essentialiter.
1091 5586 1138 5618 "
1166 5586 1206 5640 C
1236 5587 1473 5639 cxistcnti
1549 5587 1594 5619 ¹⁸
1623 5605 1738 5641 vero
1766 5605 1874 5642 om.
1914 5592 1997 5644 (2..

505 5652 853 5725 ferentiisque.
934 5657 975 5687 ¹⁹
1006 5656 1047 5709 Λ
1093 5657 1442 5710 accidentibus
1481 5674 1702 5725 quoque.

508 5721 555 5752 ²⁶
587 5739 676 5791 per
702 5721 756 5778 se
780 5740 888 5779 οιιι.
911 5725 976 5780 Δ.

1053 5728 1099 5759 ³⁸
1128 5728 1294 5780 omnis
1327 5741 1432 5781 οιιι.
1463 5730 1522 5783 (ὲ.
1600 5729 1644 5759 ³⁸
1678 5745 1767 5797 per
1805 5746 1858 5783 se
1886 5746 1991 5785 om.
2026 5731 2091 5782 Α.

1973 5450 1995 5479 ⁸
2021 5449 2225 5505 divinae
2261 5469 2369 5507 om.
2411 5455 2474 5507 A.

1601 5521 1623 5552 ’
1648 5519 1688 5573 C
1714 5520 1829 5573 sine
1851 5519 1958 5573 ullo
1982 5521 2282 5587 usu/ructu.
2359 5523 2405 5557 ⁸³
2425 5525 2463 5576 Α

1623 5605 1738 5641 vero
1766 5605 1874 5642 om.
1914 5592 1997 5644 C..
2080 5591 2121 5620 ”‘
2150 5611 2245 5648 pro
2275 5611 2395 5648 nam
2423 5594 2463 5648 C

2165 5611 2245 5649 )I‘O
2275 5611 2395 5650 nam
2423 5611 2463 5648 La
2494 5613 2615 5649 mm.

1786 5613 1874 5642 un.
1914 5613 1997 5644 ιι..
2080 5613 2121 5620 ’ν
2150 5613 2245 5665 pro
2275 5613 2395 5650 nam
2423 5613 2463 5648 ιλ
2494 5613 2615 5649 non.
2719 5613 2728 5626 '

1780 5660 1823 5690 ²⁹
1853 5662 2095 5714 bonitatis
2125 5683 2232 5720 om.
2259 5667 2303 5719 A
2379 5667 2421 5697 ²¹
2452 5684 2482 5718 a
2532 5682 2640 5720 out.
2672 5666 2731 5721 (Ι.

2553 5454 2575 5485 ⁸
2599 5453 2779 5517 Cum,
2815 5454 2856 5508 Α
2885 5455 3119 5517 climata,
3148 5453 3189 5507 Β
3222 5452 3438 5507 bimam.
3511 5450 3533 5481 ⁸
3556 5449 3653 5504 hoc
3678 5456 3757 5501 est

2723 5526 2763 5556 ¹¹
2793 5527 2832 5578 Α
2864 5540 2917 5592 p.
2948 5525 3194 5593 seipsum.
3274 5524 3315 5554 ”‘
3349 5521 3389 5593 (Σ
3416 5519 3565 5575 valde
3593 5521 3752 5593 bone.

2715 5597 2755 5627 ¹⁷
2788 5587 2961 5647 autem
3006 5587 3113 5647 om.
3163 5594 3226 5646 A.
3339 5592 3443 5644 "A
3489 5606 3600 5643 om.
3647 5587 3757 5652 dif.

2810 5668 2855 5696 ”
2889 5682 2977 5734 per
3006 5682 3059 5719 se
3109 5680 3217 5719 om.
3250 5663 3314 5717 Λ.
3391 5662 3437 5693 ’³
3464 5678 3524 5716 ea
3550 5677 3658 5716 om.
3686 5656 3749 5709 Α.

2359 5523 2405 5557 ⁸³
2425 5525 2467 5576 Α
2486 5527 2643 5579 enim.
