3966 5508
153 389 287 447 629

1047 391 1137 448 DE
1173 391 1511 450 DIVISIONE
1551 392 1902 450 NATURAE.
1955 424 2015 435 -
2050 393 2250 450 LIBER
2287 396 2609 452 TERTIUS.

3361 377 3467 461 530

152 506 382 559 vivunt
405 503 494 560 vel
515 506 623 560 vita
656 513 803 571 sunt,
829 504 1000 561 altera
1027 507 1081 561 in
1106 507 1212 572 bis,
1240 523 1382 578 quae
1409 522 1510 563 nec
1534 523 1631 578 per
1654 523 1713 563 se
1756 510 1774 541 ⁸
1804 515 1853 572 Α
1884 509 2007 564 dent
2044 523 2253 565 summa
2282 518 2367 565 est
2388 511 2688 580 aequalitas
2715 527 2781 565 ac
2805 512 3278 577 nulladiversitas.
3302 517 3357 571 in
3385 519 3468 573 his

155 594 359 648 vitam
387 595 736 667 participant,
773 610 875 652 nec
904 597 1013 651 vita
1049 607 1192 652 sunt.
1222 598 1333 654 lloc
1357 614 1572 668 quoque
1602 600 1655 652 in
1696 614 1783 654 se-

158 688 488 755 quentibus
518 696 696 758 potest
720 689 932 760 inspici.
964 690 1102 745 Nam
1150 693 1260 746 vita
1304 693 1574 762 quoddam
1612 709 1782 764 genus

161 778 421 833 rationis
449 787 552 834 est.
578 777 770 835 Omnia
817 782 1106 851 siquidem,
1137 799 1277 854 quae
1313 785 1518 848 vivunt,
1546 795 1643 839 aut
1687 801 1777 841 ra-

164 868 471 924 tionabilia
501 880 649 935 sunt,
677 881 771 926 aut
800 871 1213 929 irrationabilia.
1262 875 1343 929 Ac
1387 890 1485 944 per
1525 875 1630 931 boc
1672 890 1777 930 una

162 959 400 1026 species
426 961 573 1017 vitae
594 971 679 1018 est
709 964 1013 1028 rationalis,
1046 964 1216 1019 altera
1237 965 1567 1022 irrationalis
1596 968 1638 1021 ³.
1667 966 1775 1021 Ra-

165 1050 349 1105 tionis
388 1051 520 1107 item
560 1053 756 1123 duplex
800 1056 1013 1126 species
1059 1057 1285 1123 arridet,
1332 1074 1436 1112 una
1486 1060 1774 1131 sapientia,

162 1140 350 1195 altera
395 1143 645 1201 scientia.
698 1146 976 1218 Sapientia
1034 1165 1268 1220 namque
1314 1153 1533 1223 proprie
1579 1153 1779 1210 dicitur

165 1232 361 1288 virtus
392 1235 505 1302 illa,
537 1254 642 1307 qua
672 1241 1126 1311 eontemplativus
1153 1244 1391 1310 animus,
1420 1246 1538 1301 sive
1579 1247 1775 1302 buma-

169 1340 303 1391 nus,
335 1327 457 1382 sive
480 1330 774 1399 angelicas,
803 1332 1005 1399 divina,
1035 1343 1253 1390 aeterna
1274 1346 1331 1391 et
1358 1338 1775 1394 incommutabi-

168 1416 245 1471 lia
299 1421 647 1488 considerat;
706 1423 822 1480 sive
860 1425 1006 1481 circa
1032 1427 1264 1495 primam
1286 1430 1527 1484 omnium
1554 1444 1773 1487 causam

168 1520 456 1578 versetur,
480 1516 594 1570 sive
620 1517 766 1573 circa
793 1518 1175 1588 primordiales
1195 1536 1377 1576 rerum
1401 1538 1617 1591 causas,
1636 1540 1774 1594 quas

171 1597 346 1655 Pater
382 1603 436 1657 in
464 1602 640 1661 Verbo
667 1624 767 1663 suo
790 1609 961 1666 semel
1006 1611 1273 1682 simulque
1323 1616 1584 1681 condidit,
1632 1632 1774 1687 quae

173 1695 397 1763 species
447 1698 675 1755 rationis
729 1716 760 1756 a
802 1703 1137 1772 sapientibus
1179 1706 1446 1777 theologia
1482 1710 1769 1766 vocitatur.

174 1784 426 1843 Scientia
450 1804 580 1845 vero
622 1800 706 1847 est
752 1794 952 1862 virtus,
1009 1812 1115 1866 qua
1155 1800 1490 1858 theoretieus
1535 1804 1770 1870 animus,

173 1876 298 1931 sive
322 1878 613 1946 humanus,
644 1883 761 1940 sive
805 1887 1102 1957 angelicas,
1129 1891 1197 1944 de
1240 1899 1432 1946 natura
1479 1909 1683 1961 rerum,
1705 1911 1773 1951 ex

173 1971 625 2039 primordialibus
652 1977 830 2033 causis
874 1981 1281 2049 procedentium
1330 1999 1428 2053 per
1468 1988 1774 2057 generatio-

176 2075 330 2127 nem,
362 2063 528 2134 inque
550 2081 747 2137 genera
783 2085 848 2126 ac
875 2072 1081 2141 species
1111 2072 1405 2130 divisarum
1427 2115 1444 2139 ,
1483 2093 1582 2147 per
1622 2077 1775 2133 diﬂ‘e—

179 2153 415 2221 rentias,
458 2165 515 2210 et
555 2160 915 2230 proprietates
969 2171 1182 2231 tractat,
1237 2166 1352 2221 sive
1403 2168 1773 2224 accidentibus

178 2247 522 2315 succumbat,
544 2249 660 2305 sive
682 2252 762 2306 eis
788 2252 1003 2320 careat,
1054 2255 1171 2310 sive
1216 2257 1534 2326 corporibus
1578 2258 1773 2330 adjun-

176 2343 296 2400 cta,
324 2336 440 2392 sive
478 2341 696 2408 penitus
732 2342 801 2397 ab
825 2343 905 2398 eis
932 2344 1134 2410 libera‘,
1179 2345 1292 2402 sive
1317 2346 1451 2403 locis
1475 2356 1532 2403 et
1561 2357 1770 2419 tempe-

176 2429 333 2484 ribus
356 2431 667 2500 distributa,
695 2435 811 2491 sive
839 2435 981 2491 ultra
1011 2436 1127 2492 loca
1152 2446 1208 2493 et
1245 2446 1487 2509 tempora
1517 2440 1601 2495 sui
1638 2442 1774 2496 sim.

177 2519 423 2588 plicitate
483 2523 632 2578 unita
698 2533 862 2596 atque
920 2527 1321 2597 inseparabilis.
1372 2528 1522 2596 Quae
1563 2531 1774 2601 species

178 2610 413 2666 rationis
443 2611 676 2684 Physica
698 2616 919 2672 dicitur.
957 2617 1057 2673 Est
1107 2619 1250 2673 enim
1277 2619 1509 2690 Physica
1552 2630 1773 2676 natura-

179 2715 307 2754 rum
329 2703 579 2758 sensibus
604 2704 1076 2776 intellectibusque
1103 2710 1573 2765 succumbentiqu
1612 2720 1773 2766 natu-

180 2791 316 2844 ralis
338 2791 588 2859 scientia,
614 2810 779 2865 quam
808 2811 1024 2867 semper
1070 2801 1315 2870 sequitur
1357 2816 1569 2856 morum
1611 2802 1773 2858 disci-

177 2881 348 2951 plina.
374 2883 442 2937 Et
464 2884 509 2939 si
525 2886 649 2955 quis
682 2887 923 2945 intentus
950 2890 1134 2958 fuerit,
1156 2893 1383 2948 eandem
1407 2894 1646 2966 regulam
1676 2905 1772 2952 aut

181 2973 237 3027 in
268 2977 539 3043 omnibus,
570 2980 743 3035 autin
774 2982 960 3037 multis
998 2984 1436 3053 primordialibus
1474 2988 1658 3043 causis
1678 3004 1771 3044 re-

87 3141 91 3143 Δ
178 3067 383 3136 periet;
430 3085 538 3126 non
563 3072 730 3141 quod,
753 3081 813 3128 ut
833 3075 1094 3141 arbitror,
1124 3076 1553 3146 primordialium
1579 3095 1770 3136 causa-

178 3171 302 3210 rum
337 3160 602 3227 quaedam
651 3163 867 3231 quidem
918 3166 1259 3236 generaliora
1318 3168 1447 3233 sint,
1499 3172 1767 3240 quaedam

178 3264 312 3303 vero
342 3250 365 3281 ³
395 3253 750 3322 specialiora;
800 3256 925 3312 talis
948 3258 1091 3314 enim
1119 3259 1479 3329 inaequalitas
1527 3265 1549 3295 δ
1580 3265 1634 3319 in
1659 3266 1763 3332 Itis,
1794 3243 1840 3307 Ο

178 3340 235 3395 in
259 3341 454 3410 quibus
482 3360 695 3401 summa
723 3348 922 3415 unitas,
945 3359 1003 3405 et
1029 3366 1239 3406 summa
1262 3355 1561 3424 aequalitas
1578 3357 1765 3425 pollet,

179 3437 528 3506 impossibilis
560 3440 606 3505 ⁸,
639 3452 699 3495 ιιι
728 3439 980 3510 arbitror,
1010 3455 1093 3500 est
1110 3446 1151 3512 ⁶;
1189 3448 1283 3503 sed
1313 3451 1437 3518 quia
1464 3450 1517 3504 in
1558 3449 1767 3506 ell‘ecti-

178 3527 486 3583 busearum
528 3531 714 3600 plures
762 3535 1209 3605 partieipationes
1259 3538 1513 3606 aliarum,
1540 3540 1766 3595 aliarum

175 3633 308 3673 vero
327 3621 621 3689 pauciores
640 3626 1057 3695 eontemplantis
1075 3629 1308 3695 animus,
1327 3644 1618 3700 rerumque
1631 3633 1768 3687 mul-

177 3709 343 3780 tiplex
372 3711 569 3766 divisio
598 3713 825 3770 invenit.
868 3716 1274 3788 Multipliciores
1323 3720 1589 3791 siquidem
1640 3730 1766 3777 sunt

177 3802 627 3872 partieipationes
671 3820 769 3875 per
818 3809 1050 3879 seipsam
1115 3811 1411 3877 bonitatis,
1460 3827 1622 3883 quam
1668 3828 1769 3883 per

177 3894 410 3962 seipsam
453 3897 947 3959 essentlaezunam
994 3902 1207 3971 quidem
1246 3903 1571 3975 participant
1626 3921 1766 3975 quae

177 3994 322 4050 sunt,
345 3995 402 4041 et
431 4003 575 4058 quae
622 4004 728 4044 non
775 4000 932 4059 sunt;
986 3993 1210 4048 alteram
1258 4010 1389 4050 vero
1429 3996 1765 4053 solummodo

177 4093 314 4146 quae
335 4088 484 4134 sunt.
532 4079 732 4136 Eodem
767 4084 928 4138 modo
968 4084 1036 4140 de
1069 4088 1267 4142 ceteris
1292 4089 1576 4159 principiis
1605 4090 1765 4145 intel-

178 4167 340 4239 ligere
368 4186 478 4226 non
521 4172 755 4228 alienum
802 4184 889 4230 est
917 4191 963 4256 .a
1001 4178 1249 4233 veritate.
1292 4180 1595 4237 Essentiam
1631 4199 1764 4253 quo-

178 4273 281 4327 que
312 4259 335 4292 "
384 4261 714 4333 participant
735 4280 876 4335 quae
900 4267 1111 4335 vivunt,
1137 4278 1354 4341 etquae
1396 4288 1502 4329 non
1542 4276 1759 4345 vivunt;

177 4349 339 4404 vitam
369 4366 500 4406 vero
525 4354 863 4412 solummodo
888 4373 1030 4428 quae
1057 4361 1263 4416 vivunt.
1309 4363 1488 4419 Vitam
1534 4368 1762 4437 partici-

177 4449 305 4506 pant
355 4441 698 4500 rationabilia
744 4454 801 4501 et
850 4448 1274 4519 irrationabilia;
1332 4455 1600 4511 rationem
1630 4473 1763 4514 vero

178 4527 287 4582 sola
314 4530 677 4588 rationabilia.
715 4534 999 4594 Rationem
1028 4543 1357 4614 participant
1401 4547 1668 4616 sapientia
1705 4557 1760 4604 ct

176 4620 430 4687 scientia;
482 4626 804 4694 sapientiam
845 4645 974 4686 vero
1023 4632 1121 4689 soli
1170 4635 1246 4691 illi
1301 4614 1621 4708 intellectus,
1668 4643 1760 4713 qui
1790 4614 1840 4673 Ῐ)

176 4714 319 4768 circa
346 4713 515 4774 Deum
547 4717 688 4773 ultra
711 4735 925 4777 omnem
957 4734 1205 4782 naturam
1230 4728 1524 4787 visibilium
1548 4744 1603 4790 et
1629 4736 1762 4790 invi-

175 4805 432 4872 sibilium,
456 4817 511 4863 et
543 4818 700 4865 extra
730 4814 936 4885 seipsas
965 4827 1187 4875 aeterno
1213 4829 1267 4876 et
1301 4823 1559 4882 ineﬂ'abili
1586 4839 1758 4895 motu,

175 4913 228 4956 et
255 4903 399 5005 circa
446 4922 625 4963 rerum
653 4911 919 4984 principia
966 4918 1257 4975 volvuntur
1305 4923 1347 4975 ⁸.
1396 4924 1475 4981 Ac
1521 4944 1619 4999 per
1657 4930 1760 4986 hoc

177 5008 282 5090 non
409 4996 538 5066 ipsis
578 5017 767 5056 rerum
822 5007 1105 5078 principiis
1153 5028 1351 5081 genera
1393 5018 1477 5072 vel
1521 4996 1756 5090 species,

177 5082 451 5152 pluralitas
473 5094 831 5163 paucitasque
851 5096 873 5127 ’
900 5098 1159 5155 intuenda
1183 5112 1330 5171 sunt,
1360 5109 1455 5163 sed
1484 5082 1589 5165 non
1638 5111 1685 5142 ¹⁰
1705 5082 1759 5167 in

175 5188 362 5278 eorum
389 5183 915 5256 participationibns,
944 5191 1049 5247 hoc
1070 5203 1174 5260 est,
1208 5210 1313 5249 non
1347 5200 1402 5255 in
1449 5202 1582 5272 ipsis
1628 5219 1759 5259 can-

175 5273 254 5321 sis
275 5273 328 5321 in
359 5273 511 5330 verbo
534 5276 631 5331 Dei
666 5276 1015 5339 uniformiter
1041 5295 1098 5340 et
1139 5287 1662 5351 incommutabilitcr
1701 5305 1757 5353 et

176 5358 459 5412 “allii'i'er
497 5367 661 5412 fur-lic
716 5384 899 5406 "“""m
933 5376 983 5406 ἶιη
1013 5393 1195 5420 Ατινηηι
1227 5379 1509 5426 μαἰιρΙίΙιιιο
1557 5388 1751 5428 "nilum

1884 616 2015 656 vero
2053 602 2332 671 multiplex
2381 613 2437 659 et
2481 605 2691 658 inﬁnita
2736 605 3160 662 dillerentiarum
3209 609 3462 664 varietas.

1884 692 1990 746 Sed
2023 693 2152 762 quid
2203 694 2274 748 sit
2314 695 2680 765 participatio,
2727 697 2965 751 nondum
3022 700 3292 770 intelligo,
3348 701 3468 755 sine

1880 785 2035 855 cujus
2063 786 2415 855 intelligentia
2447 802 2608 843 nemo
2637 797 2816 856 potest
2843 790 3119 857 praedicta
3162 793 3229 845 ad
3271 808 3464 860 purum

1880 880 2223 951 dignoscere,
2251 887 2312 935 ut
2331 879 2593 935 arbitror.
2626 879 2768 936 MAG.
2823 880 2996 936 Omne
3035 882 3178 952 quod
3230 892 3345 948 est,
3373 892 3469 938 aut

1880 973 2236 1042 participans,
2264 982 2359 1027 aut
2395 972 2799 1041 participatum,
2828 981 2921 1026 aut
2973 974 3317 1043 participatio
3357 984 3466 1035 est.

1878 1073 1972 1119 aut
2000 1063 2382 1135 participatum
2402 1064 2633 1120 simulet
2651 1065 2690 1096 ¹¹
2709 1065 3060 1135 participans.
3079 1064 3468 1134 Participatum

1877 1157 2216 1212 solummodo
2241 1168 2344 1222 est,
2365 1159 2507 1228 quod
2536 1157 2741 1213 nullum
2780 1158 3031 1228 superius
3069 1173 3126 1212 se
3156 1157 3467 1227 participat,

1876 1250 2019 1318 quod
2042 1249 2114 1305 de
2140 1265 2352 1305 summo
2373 1266 2438 1306 ac
2459 1249 2577 1306 solo
2596 1250 2837 1305 omnium
2861 1250 3144 1320 principio,
3160 1251 3303 1319 quod
3327 1249 3468 1304 Deus

1874 1351 1980 1407 est,
2016 1351 2163 1399 recte
2206 1342 2539 1414 intelligitur.
2566 1343 2743 1413 ipsum
2797 1342 3064 1411 siquidem
3092 1342 3296 1405 omnia,
3322 1356 3462 1410 quae

1875 1434 1946 1488 ab
1965 1449 2032 1489 eo
2053 1443 2198 1499 sunt,
2224 1434 2578 1504 participant,
2609 1432 2872 1502 quaedam
2912 1431 3129 1501 quidem
3153 1430 3466 1485 immediate

1874 1539 1972 1595 per
2000 1524 2200 1594 seipsa,
2234 1524 2497 1593 quaedam
2528 1538 2659 1578 vero
2684 1539 2780 1593 per
2811 1523 3128 1598 Inedietates
3177 1519 3470 1589 interposi-

1877 1627 1980 1672 tas.
2017 1614 2356 1685 Participans
2383 1630 2516 1670 vero
2545 1615 2883 1670 solummodo
2904 1624 3007 1679 est,
3046 1614 3190 1683 quod
3212 1628 3376 1682 supra
3405 1627 3466 1666 se

1873 1707 2196 1763 naturaliter
2221 1706 2576 1762 constitutum
2600 1706 2906 1776 participat,
2936 1720 2968 1758 a
2990 1704 3136 1758 nullo
3159 1717 3289 1758 vero
3316 1701 3458 1757 infra

1875 1817 1937 1858 se
1957 1802 2133 1872 posito
2161 1800 2535 1871 participatur,
2562 1799 2817 1868 quoniam
2847 1798 2987 1852 infra
3022 1812 3082 1852 se
3121 1796 3298 1851 nullus
3326 1794 3463 1850 ordo

1804 1881 1850 1939 Β
1878 1895 2141 1951 naturalis
2195 1893 2494 1959 invenitur;
2546 1892 2687 1948 sicut
2731 1899 2858 1946 sunt
2919 1905 3185 1960 corpora,
3228 1902 3459 1958 quorum

1875 1986 2291 2057 participatione
2319 1983 2463 2038 nulla
2495 1997 2674 2038 rermn
2729 1981 3008 2046 subsistit;
3039 1994 3145 2034 non
3171 1978 3315 2033 enim
3346 1993 3468 2031 um-

1876 2078 2005 2133 bras
2070 2076 2212 2130 inter
2290 2073 2647 2129 subsistentes
2701 2084 2789 2126 res
2832 2066 3466 2126 connumeramus.Cor-

1873 2183 2006 2238 pora
2030 2182 2175 2221 nunc
2204 2167 2247 2198 "
2273 2165 2418 2229 dico,
2467 2179 2575 2218 non
2607 2162 2694 2217 illa
2722 2160 3006 2231 simplicia,
3057 2157 3367 2220 invisibilia,
3411 2164 3467 2211 et

1876 2260 2224 2325 universalia,
2253 2258 2347 2313 sed
2378 2257 2491 2321 illa,
2517 2270 2658 2326 quae
2702 2268 2769 2309 ex
2801 2253 2932 2323 ipsis
2977 2262 3103 2309 sunt
3143 2250 3463 2319 composita,

1874 2350 2233 2420 sensibusque
2289 2356 2345 2403 et
2387 2346 2745 2417 eorruptioni,
2779 2345 2881 2399 ltoe
2926 2352 3029 2408 est,
3061 2341 3316 2398 solutioni
3366 2339 3460 2393 ob-

1873 2444 2080 2498 noxia:
2123 2451 2305 2497 cetera
2352 2454 2508 2505 vero,
2558 2450 2911 2508 quaecunque
2964 2435 3032 2489 ab
3081 2449 3188 2489 uno
3224 2431 3465 2488 omnium

1871 2533 2142 2605 principio
2176 2548 2274 2603 per
2295 2530 2573 2586 naturales
2601 2528 2984 2585 descensiones
3033 2525 3340 2598 gradusque
3379 2522 3463 2577 di-

1873 2627 1999 2682 vina
2047 2625 2317 2694 sapientia
2368 2624 2683 2686 ordinatos,
2715 2624 2909 2691 usque
2959 2619 3026 2674 ad
3066 2618 3466 2673 extremitatem

1876 2717 2041 2772 totius
2064 2725 2318 2781 naturae,
2340 2728 2447 2783 qua
2491 2726 2723 2782 corpora
2775 2711 3144 2773 continentur,
3171 2709 3223 2762 in
3282 2706 3465 2761 medio

1873 2816 1999 2863 sunt
2025 2806 2341 2870 constituta,
2364 2812 2420 2859 et
2444 2801 2844 2872 participantia,
2875 2808 2930 2854 et
2985 2799 3306 2869 participata
3329 2803 3456 2850 sunt

1872 2907 1930 2956 et
1989 2905 2278 2954 vocantur.
2327 2894 2799 2951 Excellentissima
2850 2904 3105 2959 namque,
3132 2889 3274 2943 inter
3315 2901 3455 2956 quae

1872 3002 1924 3049 et
1950 3008 2218 3048 summum
2245 2992 2447 3047 bonum
2473 2989 2723 3059 superius
2747 2986 2896 3041 nulla
2927 2994 3177 3040 creatura
3217 2982 3462 3049 interpo-

1872 3086 1974 3142 sita
2002 3092 2106 3150 est,
2131 3082 2443 3138 immediate
2472 3082 2643 3135 Deum
2686 3078 3037 3149 participant,
3064 3082 3113 3129 et
3145 3080 3272 3128 sunt
3307 3071 3461 3140 prin-

1871 3178 2011 3248 cipia
2036 3176 2279 3231 omnium
2305 3189 2509 3237 rerum,
2535 3173 2640 3227 hoc
2687 3179 2793 3235 est,
2814 3166 3191 3240 primordiales
3238 3175 3485 3226 causae,-

1869 3271 2016 3325 circa
2047 3276 2103 3323 et
2126 3276 2247 3338 post
2291 3281 2456 3322 unutn
2485 3262 2809 3334 principium
2843 3257 3147 3315 universale
3192 3253 3460 3311 constitu-

1870 3370 1978 3427 tae,
2007 3369 2131 3430 post
2153 3373 2289 3428 quas
2316 3363 2608 3426 sequentes
2651 3352 2921 3409 essentiae
2948 3364 3135 3405 earum
3163 3346 3460 3417 participa-

1869 3436 2014 3511 tione
2064 3453 2387 3507 subsistunt.
2438 3448 2693 3512 Videsne,
2728 3442 3182 3516 quemadmodum
3249 3437 3462 3509 primus

1865 3548 2000 3606 ordo
2030 3543 2400 3601 universitatis
2429 3541 2681 3597 conditae
2721 3546 2778 3594 et
2826 3536 3095 3607 particeps
3149 3540 3237 3588 est
3287 3530 3451 3587 unius

1866 3641 2109 3697 omnium
2133 3637 2409 3710 principii,
2435 3644 2491 3690 et
2508 3633 2868 3705 participatus
2908 3645 2977 3686 ex
3005 3624 3460 3697 subsequentibus

1866 3750 1925 3790 se
1954 3731 2255 3788 creaturis?
2273 3729 2449 3785 Simili
2486 3725 2783 3783 rationc.de
2835 3722 3037 3780 ceteris
3065 3720 3347 3777 ordinibus
3376 3718 3460 3773 in-

1867 3824 2236 3895 telligendum.
2263 3821 2456 3878 Omnis
2476 3819 2621 3873 enim
2645 3817 2780 3872 ordo
2802 3830 2833 3870 a
2858 3830 3074 3871 summo
3095 3827 3267 3884 usque
3290 3813 3453 3868 deor-

1866 3931 1984 3972 sum
2009 3917 2061 3971 in
2082 3914 2262 3972 medio
2294 3911 2647 3975 constitutus,
2678 3909 2784 3964 hoc
2808 3915 2915 3973 est,
2940 3922 2972 3961 a
3023 3907 3136 3963 Deo
3177 3920 3352 3976 usque
3385 3904 3456 3959 ad

1864 4020 2091 4077 corpora
2124 4003 2378 4068 visibilia,
2405 4011 2461 4057 et
2517 4001 2850 4071 superiorem
2875 4014 2936 4053 se
2958 3998 3205 4053 ordinem
3236 3996 3457 4066 partici-

1863 4108 1977 4170 pat,
2008 4109 2064 4154 et
2128 4097 2197 4152 ab
2250 4094 2495 4150 inferiori
2539 4107 2598 4147 se
2648 4091 3020 4162 participatur,
3054 4103 3118 4142 ac
3147 4102 3244 4157 per
3265 4087 3369 4141 hoc
3399 4094 3458 4141 et

1863 4191 2199 4262 participans
2220 4197 2336 4253 est,
2364 4196 2419 4243 et
2446 4185 2833 4255 partieipatus;
2864 4181 3212 4252 participatio
3233 4194 3364 4235 vero
3397 4179 3456 4234 in

1863 4283 2116 4339 omnibus
2140 4280 2474 4348 intelligitur.
2507 4276 2579 4333 Ut
2599 4276 2743 4332 enim
2773 4274 2920 4329 inter
2944 4287 3295 4328 numerorum
3344 4279 3456 4325 ter-

1864 4374 2060 4437 minos,
2090 4372 2194 4426 hoe
2207 4378 2308 4433 est,
2332 4370 2474 4423 inter
2502 4368 2651 4438 ipsos
2676 4379 2953 4431 numeros,
2981 4364 3084 4419 sub
3109 4377 3216 4417 una
3240 4361 3455 4416 ratione

1864 4467 2204 4530 constitutos,
2244 4462 2450 4519 similes
2498 4459 2914 4532 proportiones;
2946 4457 3020 4511 ita
3071 4456 3214 4510 inter
3260 4467 3457 4511 omnes

1864 4564 2084 4622 ordines
2108 4557 2410 4623 naturales,
2438 4571 2469 4610 a
2496 4567 2709 4611 summo
2737 4565 2907 4620 usque
2930 4549 3206 4614 deorsum,
3233 4547 3454 4619 particl-

1866 4658 2113 4731 pationes
2136 4652 2345 4708 similes
2365 4657 2514 4715 sunt,
2541 4644 2739 4718 quibus
2761 4643 3081 4714 junguntur.
3102 4640 3171 4695 Et
3194 4638 3454 4709 quemad-

1868 4754 2089 4810 modum
2118 4751 2170 4804 in
2199 4745 2640 4819 proportionibus
2662 4753 3014 4795 numerorum
3073 4736 3452 4806 proportiona-

1864 4848 2046 4903 litates
2073 4851 2218 4907 sunt,
2253 4843 2355 4896 hoc
2378 4848 2485 4905 est,
2512 4835 2923 4909 proportionum
2955 4832 3159 4888 similes
3188 4831 3449 4890 rationes.

1864 4939 2054 4992 eodem
2081 4935 2240 4989 modo
2257 4933 2310 4986 in
2326 4929 2653 4985 naturalium
2677 4924 2723 4957 “
2742 4924 3144 4979 ordinationum
3165 4921 3454 4991 participa-

1866 5029 2105 5084 tionibus
2146 5022 2423 5079 mirabiles
2466 5032 2629 5092 atque
2654 5015 2953 5072 ineffabiles
2980 5013 3292 5072 barmonias
3318 5025 3450 5065 con-

1862 5119 2040 5175 stituit
2070 5116 2305 5172 creatrix
2327 5116 2575 5171 omnium
2622 5107 2909 5179 sapientia,
2937 5109 3133 5180 quibus
3166 5102 3347 5158 omnia
3400 5101 3459 5154 in

1861 5228 2023 5268 unam
2046 5209 2315 5279 Quandam
2343 5204 2721 5267 concordiam,
2750 5216 2844 5256 seu
2884 5201 3201 5257 amicitiam,
3225 5209 3321 5247 seu
3363 5206 3461 5261 pa-

1859 5321 2001 5372 cem,
2036 5317 2132 5358 seu
2158 5313 2426 5364 amorem,
2455 5315 2554 5357 seu
2596 5308 2923 5366 quocunque
2954 5292 3108 5349 modo
3132 5291 3315 5341 'rcrum
3345 5297 3463 5335 om-

1857 5395 2008 5430 n:un\
2041 5392 2141 5430 01'"
2151 5391 2297 5432 nqﬁn
2312 5388 2612 5446 εἶπηίίὶρῃνῖ
2642 5388 2802 5420 “"ccil
