4064 6292
505 342 605 397 631

1883 339 2166 398 JOANNIS
2198 341 2394 402 SCOTI

3659 345 3765 404 632

505 459 713 512 tionnm
737 469 868 512 vero
892 453 1125 521 collatio,
1140 454 1658 525 proportionalitatis
1679 474 1693 509 :
1718 455 1798 511 sic
1826 457 2079 511 ordinum
2108 463 2155 520 Α
2183 468 2324 511 clunt
2349 459 2623 513 desursum
2666 470 2762 525 est,
2780 459 2792 469 '
2824 455 3175 514 descendens-
3200 476 3234 513 ει
3281 453 3440 513 Patre
3482 456 3763 513 luminat.

511 544 837 600 naturalium
867 545 1199 609 distributio,
1247 546 1679 614 participationis
1706 560 1925 610 nomen,
1973 548 2086 600 dis-

452 689 477 701 ,.
508 637 862 691 tributionem
899 652 1032 692 vero
1058 636 1347 709 copulatio,
1375 638 1578 691 amoris
1624 637 1888 706 generalis
1931 653 2088 691 acce-

509 729 610 797 pit,
637 727 731 796 qui
752 728 934 782 omnia
971 726 1222 781 ineﬂ'abili
1268 728 1500 795 quadam
1551 726 1788 781 amicitia
1840 727 1893 781 in
1923 744 2089 781 unum

511 816 735 887 colligit.
766 816 862 871 Est
881 816 1047 886 igitur
1071 816 1440 885 participatior
1465 832 1571 870 non
1600 815 1880 883 cujusdam
1921 819 2091 885 partis

512 908 832 976 assumptio,
862 906 958 961 sed
986 905 1289 959 divinarum
1312 906 1587 959 dationum
1610 914 1666 959 et
1688 906 2036 960 donatiomnn
2059 922 2091 960 a

518 1014 732 1052 sutnmo
755 1013 926 1069 usque
968 998 1220 1052 deorsum
1246 1012 1343 1066 per
1376 997 1685 1067 superiores
1738 997 1958 1051 ordines
2006 997 2091 1050 in-

518 1087 811 1142 ferioribns
835 1087 1163 1142 distributio.
1197 1087 1435 1141 Primum
1478 1087 1743 1156 siquidem
1776 1088 1952 1156 primo
2005 1102 2092 1141 or-

517 1179 633 1233 dini
662 1179 970 1233 immediate
991 1196 1020 1232 a
1050 1195 1261 1255 summo
1280 1180 1521 1234 omnium
1557 1178 1698 1233 bono
1736 1188 1792 1233 et
1829 1178 2008 1243 datur,
2040 1188 2096 1233 et

518 1271 783 1335 donatur;
817 1270 965 1325 verbi
1013 1272 1204 1341 gratia,
1254 1271 1414 1325 datur
1439 1285 1579 1334 esse,
1608 1269 1841 1325 donatur
1887 1270 1905 1300 ⁸
1960 1272 2097 1324 bene

520 1364 824 1432 csse:ipse
858 1378 987 1417 vero
1013 1364 1216 1432 primus
1267 1363 1402 1418 ordo
1422 1364 1667 1432 sequenti
1715 1377 1774 1417 se
1824 1362 2100 1416 distribuit

524 1470 648 1507 esse
697 1465 752 1508 et
804 1454 942 1508 bene
987 1469 1140 1521 esse;
1174 1470 1240 1509 ac
1294 1455 1375 1509 sic
1421 1455 1733 1509 distributio
1767 1455 2004 1518 essendi,
2042 1463 2099 1508 et

522 1542 659 1597 bene
684 1545 917 1608 esseudi,
947 1560 977 1598 a
1002 1561 1213 1599 summo
1260 1546 1502 1598 omnium
1527 1546 1792 1600 bonorum
1841 1546 2096 1600 datorum

521 1636 605 1688 vel
635 1635 983 1690 donationuui
1012 1635 1157 1690 fonte
1179 1637 1443 1706 gradatim
1474 1652 1569 1706 per
1589 1638 1896 1707 superiores
1920 1639 1973 1691 in
2017 1639 2100 1692 in-

523 1727 753 1782 feriores
776 1744 944 1797 ttsqne
966 1728 1032 1780 ad
1056 1739 1331 1783 extremos
1356 1728 1574 1783 ordines
1613 1727 1814 1783 deﬂuit.
1850 1728 1947 1784 Ubi
2001 1744 2101 1783 no-

2192 546 2364 617 Saepe
2385 558 2565 603 tamen
2586 564 2743 605 sacra
2768 548 3051 619 Scriptura
3078 558 3134 602 et
3159 549 3343 603 datum
3374 563 3474 618 pro
3526 547 3699 609 dono,
3718 557 3768 599 et

2192 638 2392 692 donum
2421 653 2520 707 pro
2564 641 2694 694 dato
2739 640 2876 694 solet
2920 655 3141 708 ponere.
3177 639 3467 694 Sciendum
3521 653 3764 707 quoque.

2192 729 2444 783 virtutem
2468 731 2756 799 tripliciter
2802 732 3225 802 intelligendam.
3256 730 3352 784 Est
3394 729 3539 784 enim
3596 730 3771 782 virtus

2193 817 2562 872 substantialis
2586 835 2601 882 ;
2628 834 2790 873 omne
2813 836 3047 889 namque
3074 819 3217 889 quod
3246 818 3493 873 subsistit
3534 816 3771 871 naturali

2193 909 2424 976 quadam
2451 909 2692 962 trinitate
2747 910 3015 972 subsistit,
3035 909 3295 971 essentia,
3323 907 3540 969 virtute,
3562 915 3617 960 et
3636 922 3770 975 ope.

2196 1001 2424 1065 ratione,
2450 1001 2516 1055 de
2553 1001 2749 1069 quibus
2771 1002 2823 1054 in
2876 1002 3051 1070 primo
3086 1000 3221 1054 libro
3259 1000 3392 1053 satis
3439 998 3772 1067 disputatum

2195 1101 2297 1145 est.
2324 1092 2569 1146 Secunda
2603 1092 2810 1159 species
2851 1091 3068 1144 virtutis
3095 1100 3178 1144 est
3205 1089 3249 1154 ',
3280 1104 3417 1166 quae
3456 1096 3657 1158 pugnat
3682 1087 3776 1136 ad.

2198 1196 2388 1235 versus
2433 1180 2836 1249 corruptionem
2885 1190 3130 1238 naturae.
3158 1186 3217 1231 ut
3251 1178 3460 1232 sanitas
3512 1178 3776 1230 adversus

2198 1274 2588 1343 aegritudinem
2607 1314 2625 1338 ,
2647 1275 2870 1328 scientia
2914 1283 2970 1328 et
3013 1274 3276 1343 sapientia
3308 1273 3567 1327 adversus
3593 1271 3777 1341 :igno-

2200 1367 2432 1420 rantiam
2487 1375 2543 1420 et
2590 1366 2895 1422 stultitiam.
2925 1364 3108 1419 Tertia
3155 1374 3257 1429 est,
3289 1379 3428 1433 quae
3476 1363 3772 1431 opponitur

2200 1457 2458 1521 malitiae,
2488 1466 2549 1511 ιιι
2604 1458 2882 1512 humilitas
2943 1456 3245 1525 superbiae,
3274 1454 3501 1509 castitas
3545 1451 3776 1505 libidini.

2203 1545 2352 1611 Quae
2388 1547 2602 1616 species
2647 1547 2702 1599 in
2734 1555 2945 1600 tantum
2968 1555 3137 1617 patet,
3162 1547 3215 1600 in
3263 1553 3525 1614 quantum
3576 1542 3780 1595 liberae

2201 1635 2493 1689 voluntatis
2533 1635 2920 1690 irrationabilis
2966 1644 3144 1690 motus
3193 1631 3588 1688 intellectuali’
3615 1643 3774 1685 natu-

2204 1742 2299 1782 rae
2329 1727 2642 1797 porrigitur.
2674 1726 2730 1779 ln
2776 1736 3037 1796 quantum
3059 1725 3202 1780 enim
3257 1723 3461 1777 malitia
3514 1721 3778 1774 vitiorum

524 1817 763 1879 tandum,
793 1817 1003 1872 duobus
1033 1820 1207 1873 modis
1229 1820 1365 1874 bene
1397 1834 1518 1874 esse
1573 1819 1817 1891 intelligi,
1835 1835 1962 1885 uno,
1991 1835 2099 1889 quo
2133 1813 2175 1871 Β
2204 1820 2412 1889 species
2433 1818 2771 1888 multiplicat,
2792 1819 2845 1872 in
2871 1826 3076 1871 tantum
3098 1818 3307 1872 bonitas
3330 1816 3593 1868 virtutum
3616 1828 3787 1881 oppu-

521 1910 729 1973 omnia,
759 1926 897 1979 quae
929 1920 1077 1978 sunt,
1101 1911 1241 1966 bona
1288 1910 1542 1967 dicuntur
1588 1927 1728 1977 esse,
1771 1913 2026 1983 quoniam
2071 1929 2102 1968 a

524 2021 737 2059 summo
763 2007 903 2060 bono
935 2006 1073 2061 facta
1093 2016 1240 2073 sunt,
1264 2017 1319 2062 et
1341 2008 1392 2062 in
1417 2016 1622 2062 tantum
1662 2017 1808 2073 sunt,
1834 2009 1893 2063 in
1933 2025 2102 2078 quan-

528 2108 640 2152 tum
669 2100 996 2169 participant
1045 2099 1419 2164 bonitatem”;
1466 2100 1639 2157 altero
1693 2101 1940 2165 autem’,
1997 2118 2103 2170 quo

524 2189 729 2253 omnia,
775 2204 914 2257 quae
953 2189 1271 2243 naturaliter
1304 2191 1444 2245 bona
1486 2191 1805 2253 subsistunt,
1844 2191 2102 2244 virtutum

528 2278 928 2341 tioiiationibiis,
951 2288 1009 2331 ut
1029 2292 1215 2331 eorum
1244 2278 1504 2333 naturalis
1530 2279 1742 2333 bonitas
1771 2278 1891 2347 plus
1941 2295 2105 2348 appa-

530 2376 668 2429 reat,
691 2377 1043 2421 exornantur.
1072 2367 1331 2434 Quamvis
1361 2369 1504 2421 enim
1535 2369 1769 2422 maxime
1800 2384 1864 2423 ac
1896 2369 2097 2438 princi-

530 2456 728 2525 paliter
755 2457 1003 2511 rationali
1025 2468 1077 2509 et
1102 2457 1447 2511 intellectuali
1473 2468 1759 2512 creaturae
1797 2461 1936 2512 dona
1981 2475 2104 2528 gra-

531 2548 664 2612 tiae,
688 2562 827 2617 quae
851 2548 1066 2603 virtutis
1094 2548 1354 2603 vocabulo
1376 2548 1553 2603 solent
1573 2550 1894 2617 significari,
1923 2550 2103 2604 distri-

536 2639 790 2703 buantur,
822 2639 964 2693 nulla
996 2648 1171 2694 tamen
1204 2649 1516 2694 naturarum
1544 2640 1706 2695 etiam
1738 2650 2102 2695 extremarum

534 2730 827 2784 secundum
898 2745 1083 2806 suam_
1142 2730 1541 2799 proportionem
1619 2730 1833 2785 divinae
1901 2731 2107 2801 gratiae

534 2823 965 2892 participationis
1002 2839 1195 2893 expers
1221 2839 1339 2877 esse
1394 2824 1703 2878 arbitranda
1730 2834 1830 2879 est.
1860 2824 1931 2879 Ut
1960 2826 2103 2878 enim

534 2913 713 2966 omnia
740 2914 1060 2982 participant
1086 2916 1398 2980 bonitatem,
1439 2917 1512 2969 ita
1552 2917 1878 2985 participant
1906 2927 1961 2971 et
1989 2933 2108 2985 gra-

538 3003 666 3056 tiam
691 3006 735 3067 δς
765 3003 1057 3059 bonitatem
1082 3006 1297 3074 quidem
1330 3016 1388 3059 ut
1435 3007 1564 3069 sint,
1594 3008 1823 3077 gratiam
1870 3023 1999 3060 vero
2048 3016 2109 3061 ut

536 3100 593 3144 et
631 3092 652 3123 ⁸
685 3093 820 3146 bona
870 3102 925 3148 et
982 3095 1200 3164 pulchra
1249 3096 1378 3149 sint.
1430 3095 1690 3150 Similiter
1744 3098 1810 3151 de
1858 3098 1998 3161 vita,
2039 3098 2106 3151 de

536 3200 721 3249 sensu,
754 3186 820 3238 de
863 3187 1089 3252 ratione,
1121 3189 1187 3241 de
1242 3189 1526 3257 sapientia,
1551 3190 1853 3258 ceterisque
1908 3190 2107 3244 divinis
2138 3166 2184 3230 (ἶ

538 3277 848 3331 dationibus
913 3286 969 3332 et
1030 3279 1408 3333 donationibus
1472 3281 1870 3349 accipiendum;
1919 3282 2108 3335 eodem

537 3368 685 3421 enim
718 3368 876 3423 modo
895 3384 991 3438 per
1016 3371 1297 3438 superiora
1325 3370 1670 3427 inferioribus
1693 3373 2107 3437 distribuuntur,

539 3458 596 3512 in
627 3468 885 3528 quantmn
924 3462 1263 3529 perveniunt.
1286 3460 1398 3515 Non
1441 3462 1583 3517 enim
1630 3478 1820 3517 omnes
1866 3464 2111 3518 dationes

540 3568 710 3624 usque
729 3557 796 3609 ad
812 3565 1055 3611 extrema
1078 3556 1438 3621 descendunt;
1468 3572 1588 3611 esse
1613 3557 1875 3625 siquidem
1897 3567 1951 3611 et
1978 3559 2114 3612 bene

542 3650 663 3699 esse
688 3646 980 3700 secundum
1014 3654 1260 3699 naturam
1285 3661 1455 3714 usque
1479 3646 1549 3701 ad
1576 3655 1877 3700 extremum
1901 3649 2116 3701 univer-

543 3738 722 3794 sitatis
743 3740 993 3793 conditae
1016 3739 1374 3802 distribuitur,
1414 3740 1523 3793 vita
1549 3755 1678 3794 vero
1705 3748 2004 3794 extremum
2034 3757 2117 3793 or-

548 3827 729 3884 dinent
761 3845 866 3882 non
913 3829 1153 3899 attingit.
1186 3827 1300 3883 Non
1349 3829 1494 3884 enim
1543 3845 1769 3900 corpora
1800 3848 1894 3900 per
1940 3832 2117 3901 seipsa

545 3925 752 3990 vivunt,
775 3924 858 3979 vel
883 3924 988 3978 vita
1010 3934 1158 3991 sunt,
1186 3924 1278 3978 sed
1310 3940 1406 3995 per
1433 3926 1768 3996 superiorem
1791 3942 1850 3981 se
1871 3927 1989 3981 ordi
2029 3941 2117 3982 e:n

545 4017 730 4073 vivere
758 4001 1056 4087 recipiunt;
1088 4017 1180 4085 qui
1198 4017 1330 4073 ordo
1358 4019 1411 4073 in
1444 4020 1696 4073 nutritiva
1725 4028 1781 4073 et
1809 4021 1980 4074 activa
2012 4021 2119 4074 vita

546 4108 870 4162 constitutus
890 4117 993 4169 est,
1023 4108 1181 4177 inque
1209 4109 1505 4163 serninilms
1549 4110 1716 4178 viget.
1757 4109 1895 4176 Quid
1942 4110 2118 4163 dicam

548 4194 617 4249 de
640 4210 820 4257 sensu,
844 4206 898 4250 et
922 4198 1149 4260 ratione,
1186 4206 1241 4252 et
1281 4198 1595 4252 intellectu?
1621 4197 1820 4267 Nempe
1870 4199 2121 4252 omnibus

552 4294 725 4355 patet,
758 4289 880 4355 quia
909 4303 1100 4345 sensus
1120 4304 1293 4356 usque
1322 4290 1388 4341 ad
1433 4288 1821 4343 irrationabilia
1849 4289 2124 4342 descendit

552 4377 866 4440 animantia,
911 4378 1048 4431 ratio
1075 4389 1129 4432 et
1162 4378 1468 4431 intellectus
1505 4376 1845 4431 rationabilia
1886 4383 1942 4431 et
1971 4377 2126 4431 intel-

550 4464 799 4519 lectualia
833 4476 936 4519 n0n
961 4467 1246 4520 excedunt.
1276 4466 1419 4519 lnter
1446 4467 1690 4519 «lationes
1716 4474 1897 4518 autem
1946 4473 2001 4520 et
2025 4466 2119 4520 do-

551 4553 803 4609 nationes
830 4555 951 4609 talis
978 4555 1277 4609 diﬂerentia
1303 4565 1387 4608 cst
1421 4572 1434 4607 :
1465 4554 1706 4609 dationes
1744 4555 1958 4623 quidem
2000 4566 2126 4610 sunt

553 4653 610 4700 et
660 4646 912 4699 dicuntur
954 4648 1201 4717 propriae
1250 4647 1676 4711 distributiones,
1709 4646 1907 4716 quibus
1950 4649 2129 4704 onmis

558 4742 756 4789 natura
789 4736 1069 4801 subsistit;
1099 4739 1415 4811 donationes
1445 4752 1572 4791 vero
1620 4739 1826 4806 gratiae
1872 4738 2127 4793 distribu-

556 4823 750 4887 tiones,
797 4825 994 4893 quibus
1043 4827 1219 4881 omnis
1274 4838 1465 4881 natttra
1510 4828 1808 4883 subsistens
1877 4838 2123 4883 ornatur.

550 4913 737 4985 Itaque
794 4923 987 4970 natura
1028 4916 1207 4981 datur,
1264 4918 1494 4971 donatur
1544 4918 1714 4988 gratia
1747 4918 1801 4983 ';
1862 4918 2126 4987 siquidem

550 5006 729 5063 omnis
756 5016 1001 5062 creatura
1030 5008 1263 5078 perfecta
1293 5024 1357 5063 ex
1384 5019 1574 5064 natura
1590 5019 1795 5064 constat
1813 5020 1867 5064 et
1893 5010 2064 5080 gratia
2082 5009 2126 5062 ".

554 5092 694 5151 Hinc
744 5098 1029 5152 coniicitur
1060 5139 1074 5159 ,
1124 5114 1338 5153 omnem
1383 5100 1671 5154 essentiam
1727 5100 1943 5164 datum,
2004 5114 2126 5153 om—

556 5201 678 5241 nem
716 5189 969 5243 virtutem
999 5190 1195 5243 donum
1225 5189 1437 5259 proprie
1458 5190 1661 5244 vocari.
1685 5188 1822 5244 llinc
1862 5186 2141 5259 theologia

556 5273 686 5330 dicit
719 5294 732 5330 :
766 5275 930 5333 Omne
947 5277 1129 5332 datum
1155 5279 1429 5348 optimum,
1455 5288 1502 5333 et
1546 5295 1696 5334 omne
1723 5280 1917 5333 donum
1956 5276 2131 5347 perfe-

2206 1909 2428 1978 gnacula
2447 1910 2688 1978 opponit.
2716 1908 3113 1972 Etnotandum,
3143 1907 3284 1977 quod
3312 1903 3657 1977 participatio
3708 1901 3789 1954 si-

2205 1999 2548 2070 gniﬂcantins
2572 1999 3003 2070 expressiusque,
3030 2009 3086 2053 et
3135 1999 3201 2052 ad
3245 1994 3652 2067 intelligendum
3701 1992 3778 2043 fa-

2206 2090 2657 2145 ciliusaGraecis
2704 2089 3027 2152 dicatnr,in
3076 2103 3306 2158 quorum
3355 2088 3533 2156 lingua
3578 2095 3782 2155 μετοχή

2208 2182 2287 2237 vel
2315 2186 2562 2255 μετουσία
2617 2182 3079 2252 participationem
3130 2179 3416 2250 signiﬁcat,
3448 2189 3652 2253 μετοχή
3688 2200 3783 2235 au-

2209 2285 2315 2330 teut
2372 2276 2526 2346 quasi
2576 2276 2932 2346 μιταὲχουσα,
2991 2274 3092 2327 hoc
3134 2281 3239 2336 est,
3276 2281 3397 2341 post
3445 2272 3659 2326 habens
3699 2274 3782 2326 \‘cl

2206 2365 2444 2419 secundo
2495 2365 2712 2423 habens.
2744 2367 2990 2433 μετουσία
3031 2377 3245 2431 quoque
3275 2362 3426 2430 quasi
3471 2368 3778 2432 μεταουσεα,

2208 2458 2310 2511 huc
2366 2468 2469 2521 est,
2516 2457 2894 2527 post-essentia
2938 2456 3022 2510 vel
3071 2457 3307 2511 secunda
3341 2458 3603 2510 essentia.
3646 2456 3781 2511 Hinc

2208 2545 2459 2599 facillime
2488 2546 2647 2599 datur
2666 2545 2912 2615 intelligi,
2936 2545 3068 2598 nihil
3095 2545 3238 2599 aliud
3266 2560 3388 2599 esse
3408 2547 3781 2614 participatio-

2210 2651 2349 2698 nem,
2368 2635 2470 2689 nisi
2492 2651 2556 2689 ex
2587 2636 2849 2704 superiori
2901 2635 3135 2689 essentia
3179 2636 3447 2689 secundae
3490 2618 3615 2706 post
3661 2652 3779 2690 eam

2208 2727 2474 2780 essentiae
2497 2726 2903 2791 derivationem,
2929 2725 3072 2779 etab
3097 2739 3183 2788 ea,
3206 2740 3344 2795 quae
3362 2724 3595 2793 primum
3624 2724 3789 2778 habet

2208 2833 2350 2881 esse,
2381 2818 2665 2881 secundae,
2694 2827 2753 2870 ut
2782 2817 2873 2880 sit,
2904 2817 3230 2871 distributio.
3268 2816 3335 2870 Et
3359 2817 3461 2872 hoc
3519 2818 3782 2887 exemplis

2208 2917 2432 2961 naturae
2451 2923 2733 2977 possumus
2758 2909 3141 2977 argumentari.

2279 2998 2334 3052 4.
2371 2998 2645 3067 Siquidem
2694 3014 2761 3053 ex
2788 2998 2934 3053 fonte
2968 3008 3135 3053 totum
3176 2998 3372 3054 ﬂumen
3410 3000 3787 3070 principaliter

2211 3102 2417 3155 manat,
2458 3100 2508 3144 et
2543 3106 2638 3159 per
2665 3089 2782 3157 ejus
2808 3091 3016 3144 alveum
3045 3106 3205 3159 aqua,
3245 3106 3385 3159 quae
3414 3091 3589 3160 primo
3614 3092 3784 3160 surgit

2216 3182 2268 3235 in
2303 3180 2465 3243 fonte,
2496 3181 2548 3233 in
2588 3187 3057 3248 quantamcunque
3085 3180 3466 3247 longitudinem
3500 3180 3787 3249 protenda-

2217 3284 2344 3337 tur,
2404 3287 2616 3341 semper
2678 3281 2742 3324 ac
2802 3271 2917 3324 sine
2959 3270 3063 3324 uila
3132 3269 3534 3324 intermissione
3599 3268 3787 3323 defun-

2215 3364 2376 3419 ditur.
2415 3363 2504 3416 Sic
2545 3362 2722 3416 divina
2775 3360 3004 3425 bonitas,
3046 3367 3098 3415 et
3151 3360 3404 3423 essentia,
3451 3370 3506 3414 et
3554 3361 3687 3424 vita,
3736 3370 3790 3414 et

2218 3455 2502 3526 sapientia,
2547 3462 2601 3507 et
2638 3452 2841 3517 omnia,
2873 3467 3013 3521 quae
3058 3452 3111 3505 in
3157 3451 3300 3505 ferite
3350 3452 3590 3504 omnium
3642 3463 3788 3515 sunt,

2216 3545 2392 3615 primo
2419 3544 2470 3597 in
2510 3541 2882 3611 primordiales
2932 3556 3121 3595 causas
3155 3541 3412 3604 deﬂuunt,
3451 3551 3507 3593 et
3548 3557 3645 3595 eas
3671 3557 3795 3595 esse

2222 3632 2448 3697 faciunt,
2478 3631 2671 3685 deinde
2698 3645 2793 3700 per
2815 3628 3187 3700 primordiales
3205 3645 3396 3684 causas
3424 3629 3471 3661 ¹⁶
3499 3631 3552 3683 in
3603 3646 3791 3684 earum

2219 3726 2446 3781 cﬂ'ectus
2466 3722 2717 3777 ineffabili
2749 3727 2907 3777 modo
2926 3738 3022 3792 per
3048 3724 3429 3776 convenientes
3456 3721 3556 3776 sibi
3573 3722 3791 3775 univer—

2222 3813 2398 3868 sitatis
2420 3812 2639 3868 ordines
2676 3812 2989 3877 decurrunt,
3034 3826 3130 3881 per
3162 3812 3439 3881 superiora
3476 3826 3693 3881 semper
3726 3810 3793 3862 ad

2224 3906 2478 3961 inferiora
2504 3903 2788 3961 deﬂuentia
2828 3903 2893 3966 “,
2933 3903 3233 3971 iterumque
3275 3917 3370 3972 per
3404 3901 3799 3957 secretissimos

2225 4005 2449 4050 naturae
2480 4008 2642 4065 poros
2667 3992 3031 4048 occultissnno
3069 4001 3250 4047 meatu
3295 3993 3361 4046 ad
3402 3992 3604 4046 fontem
3641 4008 3795 4046 suum

2225 4085 2469 4140 redeunt.
2522 4084 2649 4138 lnde
2718 4084 2860 4137 enim
2916 4083 2959 4113 "
3010 4090 3093 4136 est
3140 4097 3301 4135 omne
3349 4082 3573 4145 bonum,
3623 4082 3796 4135 omnis

2226 4178 2485 4242 essentia,
2537 4178 2715 4232 omnis
2761 4177 2892 4240 vita,
2939 4157 3118 4231 omnis
3160 4191 3367 4237 sensus,
3414 4176 3595 4231 omnis
3641 4176 3795 4239 ratio,

2227 4268 2402 4323 omnis
2436 4267 2719 4337 sapientia,
2758 4281 2918 4321 omne
2943 4282 3134 4336 genus,
3164 4266 3340 4320 omnis
3368 4265 3596 4334 species,
3626 4265 3801 4318 omnis

2227 4360 2570 4431 pulchritudo
2620 4358 2698 4423 ¹³,
2739 4358 2916 4413 omnis
2951 4357 3107 4421 ordo,
3148 4358 3324 4411 omnis
3372 4356 3571 4420 unitas,
3627 4357 3799 4409 omnis

2231 4451 2560 4521 aequalitas,
2607 4451 2783 4505 omnis
2822 4448 3160 4518 diﬂ'erentia,
3203 4448 3379 4503 omnis
3420 4447 3588 4512 locus,
3643 4460 3799 4499 ninne

2196 4540 2204 4589 Γ
2234 4553 2467 4613 tempus,
2496 4551 2550 4596 et
2575 4555 2733 4596 omne
2761 4542 2903 4619 quod
2932 4550 3037 4606 est,
3079 4550 3136 4595 et
3176 4556 3337 4595 omne
3377 4540 3518 4609 quod
3561 4555 3667 4593 non
3696 4548 3798 4602 εει,

2230 4647 2285 4693 et
2311 4651 2472 4691 omne
2511 4635 2653 4705 quod
2697 4634 3030 4704 intelligitur,
3072 4642 3129 4688 et
3164 4649 3324 4688 omne
3364 4632 3507 4701 quod
3547 4633 3798 4689 sentitur.

2231 4736 2289 4781 et
2311 4741 2469 4780 omne
2494 4723 2635 4794 quod
2671 4733 2887 4793 superat
2910 4739 3127 4778 sensum
3156 4730 3211 4776 et
3249 4721 3600 4776 intellectum.
3646 4719 3803 4773 Sum-

2233 4832 2354 4872 mae
2381 4816 2644 4887 siquidem
2676 4830 2739 4869 ac
2766 4815 2939 4870 trinae
2969 4814 3237 4883 soliusque
3264 4826 3423 4867 verae
3450 4810 3709 4864 bonitatis
3747 4809 3801 4862 in

2235 4910 2408 4980 seipsa
2455 4907 2803 4962 immutabilis
2849 4916 3026 4960 motus
3073 4915 3129 4960 et
3164 4904 3389 4974 simplex
3429 4902 3801 4971 multiplicatio

2234 5009 2289 5054 et
2323 5000 2639 5055 inthausta
2683 5012 2712 5050 a
2747 4997 2945 5065 seipsa,
2974 4998 3027 5050 in
3057 4996 3257 5065 seipsa,
3284 4995 3349 5048 ad
3379 4995 3612 5063 seipsam
3652 4990 3802 5046 diﬂ‘n-

2235 5092 2317 5146 sio
2353 5106 2513 5145 causa
2548 5089 2811 5152 omnium,
2859 5089 3022 5141 immo
3073 5087 3250 5142 omnia
3294 5094 3396 5140 est.
3446 5083 3503 5139 Si
3551 5084 3696 5138 enim
3727 5083 3802 5135 in-

2241 5181 2486 5236 tellectus
2515 5160 2754 5233 omnium
2794 5187 2879 5233 cst
2917 5176 3115 5239 omnia,
3153 5185 3209 5230 ct
3255 5176 3367 5246 ipsa
3406 5173 3517 5229 sola
3557 5173 3805 5238 intelligit

2238 5274 2449 5337 omnia;
2495 5272 2608 5341 ipsa
2649 5270 2814 5341 igitur
2860 5269 2975 5326 sola
3016 5275 3102 5323 est
3147 5267 3351 5331 omnia,
3397 5264 3654 5335 quoniam
3695 5262 3803 5317 sola

1832 5451 2087 5510 VARIAE
2125 5446 2524 5505 LECTIONES.
2612 5440 2615 5443 ’

634 5602 649 5633 ι
674 5592 717 5646 Α
745 5602 791 5646 et
817 5593 974 5647 datur
993 5608 1113 5648 esse
1137 5602 1185 5647 et
1208 5592 1461 5647 donatur.
1537 5593 1558 5624 ³
1579 5592 1623 5647 Α
1649 5591 1803 5646 bona.
1878 5589 1901 5622 ³
1922 5590 1964 5642 Α
2003 5604 2144 5641 vero.
2220 5594 2243 5615 ⁸
2272 5596 2318 5639 et
2346 5584 2712 5655 gratiamiom.
2743 5580 2815 5655 9._
2879 5580 3107 5655 fetum.
3135 5579 3199 5633 A.

559 5664 730 5723 eratin
759 5663 1009 5725 donatur,
1034 5662 1073 5716 li
1097 5672 1285 5716 natura
1309 5664 1423 5733 dat,
1446 5662 1616 5733 gratia
1645 5662 1830 5727 donat,
1854 5657 1895 5715 C
1917 5669 2103 5712 natura
2126 5655 2239 5719 dat,
2269 5654 2647 5733 donatgratia.

3278 5580 3301 5611 ⁸
3336 5577 3379 5632 Α
3412 5585 3602 5632 natura
3628 5577 3800 5637 datur,

2742 5652 2762 5682 ’⁷
2790 5650 2831 5704 Α
2853 5651 3105 5716 siquidem
3134 5648 3301 5703 omnis
3329 5658 3584 5716 ——gmtm
3606 5664 3710 5697 out.
3738 5648 3800 5698 Α.

562 5706 1900 5801 ῖ’ὲῖἰ’ἱ›ιῖιῖἱὲξ’“έἱζῖιὶἱὲἱᾶὶῖιιῖιὶἷὶἶ’λῖθ”ἇεῖιῖιᾶῖιῗξ-
1918 5706 2829 5802 tmesis:dracaena“...
2891 5706 2934 5754 ιδ
2954 5722 3086 5774 enim
3108 5736 3213 5775 om.
3245 5721 3306 5774 Α.
3375 5706 3485 5772 WA
3515 5718 3800 5787 plenitudo.
