4064 6292
237 292 344 397 sas

1085 338 1173 393 DE
1207 337 1543 396 DlVISlONE
1577 335 1928 397 NATURAE.
1965 368 2035 379 -
2070 339 2269 394 LIBER
2309 338 2627 399 TERTIUS.
2714 328 2719 333 ’

3387 340 3492 399 654

234 454 482 527 gnostica
531 451 698 508 virtus
731 460 815 507 est
855 452 1005 522 ipsa,
1055 468 1218 522 quae,
1267 470 1580 524 priusquam
1631 464 1814 509 essent
1840 455 1890 513 Α
1919 469 2019 508 nec
2043 465 2148 517 est,
2180 472 2275 525 per
2303 457 2707 511 universitatem
2739 455 2808 510 ab
2847 456 2960 524 ipsa
3012 456 3308 522 conditam,
3351 472 3492 527 quae

233 546 444 609 omnia,
481 543 731 615 cognovit
769 545 972 607 omnia,
1017 552 1073 597 et
1110 555 1262 600 extra
1306 560 1365 599 se
1413 560 1516 599 non
1561 546 1816 615 cognovit

233 637 445 701 omnia,
470 636 597 705 quia
623 643 776 690 extra
800 649 920 688 eam
964 634 1099 688 nihil
1123 644 1228 699 est,
1258 636 1351 689 sed
1383 636 1522 689 intra
1560 650 1620 689 se
1653 634 1816 689 habet

232 729 441 784 omnia.
468 727 652 782 Ambit
690 728 833 781 enim
869 728 1074 791 omnia,
1102 738 1158 781 et
1200 728 1333 782 nihil
1374 729 1517 781 intra
1545 742 1605 782 se
1627 737 1733 792 est,
1761 728 1814 781 in

234 832 502 891 quantum
546 837 674 876 vere
721 829 828 885 est,
872 820 977 873 nisi
1024 819 1161 888 ipsa,
1207 820 1334 888 quia
1382 819 1495 874 sola
1542 834 1669 873 vere
1707 828 1810 872 est.

232 914 433 969 Cetera
471 920 515 975 ι,
575 927 715 982 quae
759 911 1014 966 dicuntur
1052 925 1197 975 esse,
1242 911 1410 980 ipsius
1456 910 1814 980 theophaniae

233 1015 386 1069 sunt,
416 1018 556 1074 quae
567 1004 731 1058 etiam
756 1003 808 1055 in
836 1003 949 1072 ipsa
972 1017 1098 1056 vere
1120 1002 1436 1056 subsistunt.
1465 1001 1605 1055 Deus
1630 1000 1814 1069 itaque

233 1105 547 1156 est'omue,
581 1094 725 1163 quod
763 1108 887 1147 vere
913 1101 1015 1154 est,
1045 1094 1300 1160 quoniam
1327 1094 1441 1160 ipse
1466 1091 1810 1155 facitoumia,

233 1196 289 1241 et
316 1188 378 1240 tit
404 1187 457 1240 in
495 1185 768 1245 omnibus,
803 1193 863 1238 ut
900 1184 978 1237 ait
1017 1191 1236 1238 sanctus
1264 1181 1552 1251 Dionysius
1576 1181 1815 1250 Areopa-

233 1280 369 1349 gita.
396 1276 569 1332 Omne
600 1290 830 1345 namque
861 1275 905 1339 ³,
955 1274 1097 1343 quod
1135 1273 1452 1342 intelligitur
1477 1282 1534 1327 et
1559 1273 1813 1335 sentitur,

233 1371 375 1424 nihil
403 1370 546 1423 aliud
569 1375 671 1431 est,
704 1367 806 1421 nisi
835 1382 940 1420 non
971 1366 1282 1435 apparentis
1303 1365 1587 1434 apparitio,
1616 1363 1813 1418 occulti

237 1459 629 1525 manifestatio,
675 1457 853 1529 negati
903 1456 1209 1517 afﬁrmatio,
1260 1453 1817 1525 incomprehensibilis

234 1551 671 1622 comprehensio,
723 1547 1010 1602 ineﬂ‘abilis
1058 1547 1199 1602 fatus
1229 1586 1245 1610 ,
1291 1546 1681 1602 inaccessibilis
1728 1562 1818 1599 ac-

234 1658 443 1701 cessus,
480 1633 887 1709 inintelligibilis
934 1637 1254 1701 intellectus,
1300 1636 1658 1707 incorporalis
1697 1652 1819 1691 cor-

233 1749 363 1802 pus,
391 1728 856 1800 superessentialis
884 1729 1139 1793 essentia,
1191 1728 1436 1783 informis
1476 1726 1671 1793 forma,
1714 1727 1816 1781 im—

235 1819 618 1875 mensurabilis
681 1832 977 1881 mensura,
1038 1815 1447 1870 innumerabilis
1511 1831 1810 1881 numerus,

234 1911 480 1965 carentis
523 1906 759 1978 pondere
805 1904 1053 1975 pondus,
1107 1905 1404 1974 spiritualis
1450 1905 1808 1971 incrassatio,

236 2001 527 2058 invisibilis
577 1998 900 2063 visibilitas,
964 1997 1188 2054 illocalis
1236 1998 1523 2064 localitas,
1576 1998 1812 2053 carentis

236 2101 482 2162 tempore
529 2088 913 2159 temporalitas,
964 2087 1157 2141 infiniti
1199 2087 1473 2152 deﬁnitio,
1522 2088 1812 2143 incircum-

238 2183 428 2252 scripti
476 2181 929 2250 circumscriptio,
974 2190 1029 2234 et
1066 2192 1267 2245 cetera,
1310 2196 1448 2250 quae
1485 2196 1622 2251 puro
1656 2182 1814 2236 intel-

234 2274 378 2329 lectu
403 2281 459 2327 et
487 2274 812 2342 cogitantur,
852 2285 908 2327 et
952 2273 1372 2342 perspiciuntur,
1419 2282 1475 2327 et
1515 2289 1654 2343 quae
1700 2290 1813 2329 me-

236 2364 446 2421 moriae
467 2362 662 2417 ﬁnibus
675 2361 791 2432 capi
816 2361 1084 2427 nesciunt,
1106 2373 1161 2415 et
1181 2363 1377 2417 mentis
1389 2364 1559 2419 aciein
1583 2364 1811 2436 fugiunt.

236 2461 309 2514 Et
357 2461 459 2515 hoc
500 2458 761 2527 exemplis
805 2464 1022 2513 nostrae
1060 2467 1287 2512 naturae
1324 2473 1607 2528 possumus
1649 2459 1816 2514 conﬁ-

234 2567 383 2608 cere.
414 2550 545 2605 Nam
572 2560 627 2606 et
666 2559 848 2604 noster
875 2550 1201 2615 intellectus,
1234 2566 1355 2605 cum
1407 2567 1503 2620 per
1536 2568 1595 2607 se
1631 2554 1701 2607 sit
1733 2553 1816 2607 in-

235 2644 471 2698 visibilis
501 2650 554 2697 et
580 2639 1154 2709 incomprehensibilis,
1193 2640 1364 2710 signis
1394 2650 1571 2696 tamen
1597 2641 1814 2711 quibus-

236 2738 363 2786 dam
390 2740 447 2785 et
475 2729 848 2784 manifestatur
889 2737 944 2782 et
982 2729 1474 2798 comprehenditur,
1515 2730 1640 2784 dum
1671 2731 1815 2785 voci-

239 2822 343 2876 bus
383 2820 469 2875 vel
508 2820 682 2873 literis
721 2818 806 2873 vel
844 2818 967 2873 aliis
1004 2818 1243 2883 nutibus,
1283 2820 1445 2873 veluti
1494 2821 1815 2888 quibusdam

232 2914 556 2983 corporibus
596 2913 948 2976 incrassatur,
978 2922 1032 2967 et
1072 2911 1198 2965 dum
1228 2915 1308 2967 sic
1343 2914 1682 2968 extrinsecus
1717 2930 1814 2984 ap-

232 3013 396 3074 paret
444 3004 499 3069 δ,
545 3018 760 3072 semper
803 3002 1128 3057 intrinsecus
1180 3004 1463 3059 invisibilis
1512 3015 1812 3074 permanet,

235 3098 475 3164 dumque
504 3095 557 3149 in
587 3096 761 3148 varias
786 3093 987 3162 figuras
1026 3095 1274 3149 sensibus
1306 3096 1815 3166 comprehensibiles

1917 543 2201 599 ineffabilia
2229 546 2489 614 diffusio,9
2510 556 2566 601 et
2592 546 2717 601 facit
2739 547 2941 612 omnia,
2969 554 3025 601 et
3047 546 3109 601 ﬁt
3135 549 3188 601 in
3218 549 3492 614 omnibus,

1916 645 1971 691 et
2010 639 2190 692 omnia
2246 648 2348 692 est.
2412 639 2556 693 Disc.
2610 636 2893 692 Suﬂiciunt
2938 654 3105 703 sane,
3172 649 3228 693 et
3278 641 3497 710 cepiose

1915 724 2160 791 allluunt,
2188 728 2240 781 in
2269 739 2530 797 quantum
2563 742 2648 783 res
2675 727 2957 783 inell‘abilis
2985 729 3306 798 quibusdam
3343 731 3494 784 simi-

1914 818 2226 873 litudinibus
2272 819 2370 873 fari
2420 826 2637 889 potest,
2686 821 2813 873 dum
2860 819 3009 873 omni
3054 820 3097 858 ιο
3148 821 3498 895 similitudine

1914 917 2120 962 remota
2165 908 2259 962 sit.
2299 909 2581 964 Praedicta
2612 909 2889 978 siquidem
2955 909 3283 973 similitudo,
3333 924 3497 979 quam

1913 1004 2140 1073 exempli
2170 1005 2341 1073 gratia
2382 1005 2451 1058 ab
2477 1003 2750 1059 intellectu
2781 1011 2970 1058 nostro
3016 1003 3060 1035 “
3108 1003 3413 1072 suscepisti,
3440 1002 3500 1058 in

1916 1094 2018 1148 hoc
2043 1092 2244 1156 deﬁcit,
2286 1102 2343 1147 ut
2371 1095 2581 1162 opinor,
2632 1093 2701 1146 ab
2741 1107 2825 1155 ea,
2871 1091 3026 1159 cujus
3072 1092 3365 1147 similitudo
3391 1099 3499 1161 est,

1915 1184 2057 1253 quod
2084 1183 2404 1247 intellectus,
2437 1190 2493 1235 ut
2517 1181 2673 1246 dicis,
2704 1182 2947 1236 vehicula
2981 1181 3090 1243 illa,
3118 1182 3171 1234 in
3199 1181 3396 1250 quibus
3419 1180 3495 1247 ad

1916 1273 2142 1328 aliorum
2165 1289 2354 1328 sensus
2381 1273 2671 1335 invelitur,
2689 1273 2756 1326 de
2786 1272 3011 1326 materia
3033 1280 3184 1326 extra
3212 1287 3270 1326 se
3315 1282 3500 1327 creata

1917 1374 1972 1418 et
2024 1363 2172 1426 facit,
2226 1372 2283 1417 et
2336 1364 2595 1432 suscipit;
2640 1364 2818 1417 divina
2859 1379 2987 1419 vero
3037 1364 3281 1428 bonitas,
3335 1375 3493 1418 extra

1919 1471 2087 1527 quam
2141 1456 2273 1510 nihil
2311 1466 2415 1519 est,
2458 1471 2565 1512 non
2611 1456 2678 1510 de
2739 1457 2920 1525 aliquo
2969 1457 3323 1525 apparitionis
3366 1472 3501 1513 suae

1918 1548 2201 1602 materiam
2225 1549 2475 1618 sumpsit,
2509 1549 2601 1603 sed
2627 1548 2694 1602 de
2718 1546 2908 1601 nihilo.

1988 1637 2041 1691 5.
2085 1638 2190 1692 Sed
2227 1654 2347 1693 cum
2389 1640 2571 1701 audio,
2613 1637 2699 1693 vel
2743 1638 2883 1700 dico,
2926 1636 3161 1691 divinam
3201 1638 3499 1692 bonitatem

1919 1729 2102 1783 omnia
2130 1730 2198 1783 de
2240 1729 2405 1784 nihilo
2440 1743 2682 1792 creasse,
2722 1745 2826 1782 non
2856 1727 3114 1796 intelligo,
3139 1728 3266 1796 quid
3312 1743 3377 1781 eo
3406 1743 3501 1780 uo.

1842 1802 1889 1862 Β
1918 1820 2082 1883 utine,
2113 1821 2254 1888 quod
2277 1829 2360 1876 est
2391 1820 2520 1874 nihil
2548 1821 2614 1874 de
2641 1819 2808 1873 nihilo
2836 1819 2899 1881 ι’,
2928 1818 3285 1887 significatur,
3317 1828 3499 1871 utrum

1914 1914 2147 1984 privatio
2193 1912 2679 1975 totiusessentiae,
2725 1911 2810 1965 vel
2849 1909 3203 1972 substantiae,
3236 1909 3320 1963 vel
3358 1908 3501 1963 acci-

1916 2004 2113 2065 dentis,
2154 2018 2220 2056 an
2267 2003 2483 2056 divinae
2529 1998 3094 2071 superessentialitatis
3156 1997 3497 2052 excellentia.
3576 1991 3580 1995 ’

1914 2094 2055 2149 Mne.
2085 2093 2200 2147 Non
2243 2093 2398 2149 facile
2436 2093 2794 2148 concesserim
2821 2131 2837 2156 ,
2876 2092 3110 2145 divinam
3141 2105 3492 2159 superessen-

1917 2187 2198 2242 tialitatem
2247 2187 2380 2241 nihil
2412 2203 2531 2241 esse
2569 2186 2635 2251 1',
2682 2186 2767 2241 vel
2800 2185 2889 2240 tali
2935 2185 3147 2239 nomine
3185 2186 3500 2257 privationis

1913 2293 2073 2347 posse
2100 2278 2303 2332 vocari.
2333 2276 2589 2342 Quamvis
2609 2277 2752 2330 enim
2790 2292 2819 2329 a
2861 2275 3122 2343 theologis
3150 2276 3361 2329 dicatur
3392 2293 3499 2329 non

1914 2383 2054 2433 esse,
2087 2384 2191 2423 non
2227 2383 2351 2422 eam
2373 2376 2551 2421 tamen
2581 2368 2713 2420 nihil
2743 2381 2863 2421 esse
2906 2367 3156 2429 suadent,
3198 2364 3291 2419 sed
3340 2366 3494 2436 plus-

1914 2474 2077 2527 quam
2115 2472 2256 2512 esse.
2304 2456 2583 2524 Quomodo
2629 2457 2772 2509 enim
2820 2471 2981 2510 causa
3028 2455 3270 2509 omnium
3304 2496 3317 2520 ,
3359 2472 3500 2525 quae

1916 2557 2059 2611 sunt,
2093 2549 2234 2603 nulla
2260 2548 2493 2605 essentia
2530 2548 2920 2617 intelligeretur
2944 2561 3084 2608 esse,
3123 2563 3244 2599 cum
3293 2548 3497 2610 omnia,

1917 2654 2059 2708 quae
2086 2647 2233 2702 sunt,
2264 2653 2383 2693 eam
2408 2653 2534 2693 vere
2560 2654 2680 2693 esse
2708 2639 2935 2693 doceant
2952 2679 2965 2697 ,
3012 2638 3158 2692 nullo
3185 2653 3312 2693 vero
3337 2654 3491 2709 argu-

1917 2740 2100 2785 mento
2130 2747 2342 2794 eorum,
2374 2745 2513 2800 quae
2548 2738 2694 2796 sunt,
2724 2730 3063 2801 intelligitur,
3105 2730 3234 2799 quid
3281 2730 3395 2783 sit?
3440 2730 3499 2784 Si

1919 2823 2082 2892 igitur
2110 2830 2330 2891 propter
2355 2819 2679 2876 ineffabilem
2709 2819 3085 2875 excellentiam
3114 2828 3169 2873 et
3196 2821 3500 2891 incompre-
3559 2892 3568 2899 .

1916 2914 2235 2970 beusibilem
2286 2914 2608 2967 inﬁnitatem
2665 2912 2843 2966 divina
2902 2920 3093 2964 natura
3145 2911 3341 2965 dicitur
3388 2928 3497 2964 non

1915 3020 2053 3067 esse,
2083 3004 2322 3073 nunquid
2369 3004 2414 3044 ιδ
2462 3004 2729 3073 sequitur,
2757 3004 2977 3058 omnino
3016 3002 3147 3056 nihil
3183 3017 3326 3065 esse,
3371 3004 3496 3057 dum

1918 3109 2024 3149 non
2055 3094 2213 3148 aliain
2237 3094 2306 3149 ob
2336 3110 2554 3148 causam
2593 3092 2936 3164 praedicetur
2966 3108 3072 3146 non
3101 3107 3239 3157 esse,
3269 3094 3361 3147 sed
3409 3110 3500 3148 su-

238 3185 476 3254 prosilit,
505 3199 719 3253 semper
745 3189 945 3237 statum
976 3197 1106 3238 suae
1137 3188 1362 3240 naturae
1398 3186 1812 3254 incomprehen-
1841 3159 1886 3221 C
1918 3184 2318 3255 peressentialis
2343 3185 2409 3247 “,
2445 3184 2549 3238 nisi
2583 3183 2727 3253 quod
2768 3183 2821 3239 in
2851 3198 3077 3238 numero
3121 3198 3329 3246 eorum,
3359 3200 3498 3254 quae

235 3277 456 3331 sibilem
498 3292 602 3331 non
644 3276 890 3342 deserit,
928 3287 983 3333 et
1025 3279 1341 3348 priusquam
1383 3279 1624 3333 exterius
1665 3287 1816 3347 pate-

239 3368 421 3420 factus
466 3366 577 3430 ﬁat,
615 3369 756 3424 intra
792 3371 1067 3442 'seipsum
1100 3372 1337 3442 seipsum
1372 3377 1569 3424 movet.
1614 3371 1691 3424 Ac
1721 3385 1817 3440 per

238 3456 347 3511 hoc
375 3466 431 3511 et
451 3457 593 3522 silet,
622 3468 679 3514 et
699 3460 925 3527 clamat;
949 3470 1004 3516 et
1023 3461 1150 3515 dum
1176 3461 1318 3523 silet,
1342 3459 1579 3525 clamat;
1609 3469 1665 3514 et
1688 3460 1814 3513 dum

239 3545 469 3609 clamat,
494 3548 647 3614 silet;
678 3560 731 3604 et
767 3551 1052 3606 invisibilis
1075 3552 1305 3616 videtur,
1333 3560 1390 3606 et
1423 3552 1550 3604 dum
1581 3551 1813 3616 videtur,

240 3637 531 3694 invisibilis
558 3649 671 3705 est;
711 3650 767 3696 et
796 3642 1291 3713 incircumscriptus
1329 3641 1811 3705 circumscribitur,

241 3739 302 3785 et
340 3731 468 3786 dum
516 3732 995 3796 circumscribitur,
1040 3732 1535 3802 incircumscriptus
1567 3745 1818 3802 perseve-

240 3832 364 3888 rat;
395 3831 452 3877 et
494 3824 619 3877 dum
659 3824 791 3890 vult,
835 3826 1058 3880 vocibus
1103 3835 1158 3880 et
1195 3824 1366 3879 literis
1404 3825 1812 3893 incorporatur;

239 3923 299 3969 et
324 3915 450 3969 dum
473 3915 864 3984 incorporatur,
885 3916 1233 3987 incorporeus
1256 3917 1309 3970 in
1336 3916 1516 3985 seipso
1537 3915 1812 3979 subsistit;

240 4015 299 4059 et
324 4005 450 4059 dum
471 4006 571 4060 sibi
596 4006 760 4059 velud
788 4008 1048 4075 quaedam
1075 4005 1339 4069 vehicula,
1364 4005 1559 4075 quibus
1586 4005 1652 4057 ad
1684 4004 1819 4058 alio-

239 4111 365 4149 rum
416 4111 605 4150 sensus
631 4097 803 4165 possit
830 4097 1048 4166 provehi
1093 4096 1136 4162 ⁸,
1168 4098 1236 4151 de
1283 4096 1425 4150 aeris
1452 4095 1697 4159 materia,
1730 4094 1813 4149 vel

245 4185 598 4255 sensibilihus
636 4186 822 4255 figuris
851 4185 1031 4249 cilicii,
1066 4202 1213 4250 mox,
1259 4195 1317 4240 ut
1345 4187 1410 4240 ad
1451 4202 1641 4240 sensus
1665 4195 1818 4240 exte—

242 4275 419 4327 riores
466 4290 649 4329 eorum
693 4276 1030 4343 pervenerit,
1093 4278 1205 4345 ipsa
1251 4275 1493 4329 vehicula
1539 4277 1813 4339 deserens,

241 4362 392 4415 solus
420 4378 514 4431 per
539 4364 771 4433 seipsum
797 4365 1089 4427 absolutus,
1133 4366 1318 4419 intima
1349 4360 1509 4419 eorda
1547 4375 1813 4433 penetrat,

241 4453 473 4522 aliisque
520 4453 874 4508 iutellectibus
929 4471 987 4508 se
1029 4457 1236 4519 miscet,
1276 4466 1332 4509 et
1377 4456 1434 4508 ﬁt
1479 4472 1641 4509 lltltlllt
1689 4472 1811 4510 cum

242 4543 353 4607 his,
393 4545 586 4614 quibus
610 4545 907 4613 cepnlatur.
956 4547 1021 4599 Et
1068 4563 1189 4600 cum
1228 4549 1326 4600 hoc
1351 4548 1369 4578 "
1404 4556 1643 4616 peragat,
1673 4562 1815 4602 sem-

242 4650 342 4703 per
375 4635 425 4689 in
450 4636 628 4706 seipse
659 4645 869 4700 manet;
912 4647 965 4690 et
991 4639 1115 4691 dum
1145 4647 1411 4703 movetur,
1440 4648 1578 4703 stat;
1605 4647 1660 4692 et
1687 4639 1812 4692 dum

240 4733 375 4789 stat,
411 4737 685 4788 movetur;
727 4738 810 4780 est
854 4728 994 4780 enim
1047 4738 1221 4783 status
1268 4729 1497 4794 mobilis,
1540 4740 1593 4783 et
1641 4742 1814 4785 motus

241 4821 486 4885 stabilis;
531 4831 586 4873 et
632 4823 756 4875 dum
798 4821 918 4875 aliis
948 4820 1271 4891 adiungitur,
1316 4839 1467 4878 suam
1500 4825 1812 4894 simplicita-

242 4920 354 4964 tem
382 4926 488 4964 non
518 4911 799 4979 relinquit;
849 4919 903 4965 et
928 4913 1093 4966 multa
1160 4915 1289 4978 alia,
1320 4929 1457 4982 quae
1498 4917 1816 4972 mirabiliter

241 5014 298 5058 et
346 5004 689 5058 incfl‘abiliter
732 5005 797 5058 de
845 5016 1057 5069 natura,
1108 5021 1259 5073 quae
1289 5008 1354 5060 ad
1384 5008 1673 5077 imaginem
1720 5011 1813 5063 Dei

243 5098 388 5148 facta
427 5104 528 5158 est,
566 5095 860 5165 excogitari
903 5106 1125 5164 possunt
1152 5096 1194 5150 ⁸.
1244 5096 1348 5151 Sed
1382 5099 1516 5151 haec
1568 5100 1813 5167 exemplo

242 5187 516 5241 suﬁiciunt
546 5187 613 5240 ad
644 5186 1017 5240 iusinuandam
1048 5187 1259 5241 divinae
1282 5189 1537 5242 bonitatis
1571 5189 1817 5244 ineffabi-

242 5276 350 5332 lem
372 5275 707 5331 diffusiouem
734 5291 832 5344 per
851 5277 1028 5330 omnia
1057 5293 1087 5330 a
1117 5293 1326 5333 summo
1349 5294 1517 5348 usque
1539 5281 1810 5347 deorsum,

1915 3284 2060 3341 sunt,
2109 3275 2380 3330 numerari
2435 3290 2555 3331 eam
2588 3274 2634 3314 ⁸⁸
2662 3289 2789 3329 vera
2836 3290 2943 3328 non
2992 3273 3121 3327 sinit
3166 3273 3323 3336 ratio,
3371 3274 3499 3327 dunt

1914 3381 2080 3435 super
2108 3366 2314 3428 onmia,
2342 3380 2481 3434 quae
2527 3373 2654 3419 sunt
2680 3372 2736 3419 et
2773 3378 2911 3432 quae
2952 3378 3059 3417 non
3089 3370 3235 3429 sunt,
3270 3377 3390 3418 esse
3417 3363 3500 3417 in-

1917 3459 2205 3527 telligatur.
2255 3459 2401 3513 Dtsc.
2448 3458 2586 3524 Quid
2632 3472 2761 3526 ergo
2803 3456 3118 3524 intelligam,
3161 3470 3381 3525 quaeso,
3437 3466 3489 3510 te

1913 3551 2162 3614 audiens,
2195 3549 2363 3605 Deum
2401 3552 2467 3604 de
2497 3548 2663 3603 nihilo
2686 3548 2893 3614 omnia,
2920 3562 3060 3617 quae
3089 3556 3233 3611 sunt,
3266 3546 3500 3603 fecisse?

1914 3641 2055 3696 Illae.
2104 3640 2345 3708 lntcllige
2394 3654 2461 3695 ex
2518 3655 2622 3693 non
2669 3639 3024 3693 existentibus
3063 3638 3349 3693 existentia
3403 3654 3501 3709 per

1913 3734 2170 3788 virtutem
2200 3732 2242 3763 ⁸⁷
2267 3730 2524 3786 bonitatis
2557 3730 2769 3785 divinae
2810 3728 2949 3783 facta
2991 3728 3176 3783 fuisse.
3203 3729 3276 3783 Ea
3326 3732 3491 3789 enim.

1914 3839 2053 3893 quae
2083 3839 2186 3878 non
2227 3832 2403 3884 erant,
2431 3830 2755 3889 acceperunt
2781 3835 2902 3875 esse
2935 3822 3001 3874 de
3027 3818 3216 3874 nihilo.
3254 3821 3497 3889 Namque

1915 3914 2058 3968 facta
2089 3922 2236 3977 sunt,
2263 3913 2389 3980 quia
2429 3926 2536 3965 non
2587 3920 2764 3974 erant,
2805 3910 3117 3979 priusquam
3159 3909 3368 3965 ﬁerent.
3419 3913 3499 3964 Eo

1916 4021 2150 4075 namque
2194 4003 2473 4063 vocabulo,
2514 4000 2659 4071 quod
2709 4009 2795 4054 est
2856 4000 3116 4062 nihilum,
3162 4016 3269 4055 non
3318 4001 3497 4070 aliqua

1919 4098 2169 4152 materies
2209 4096 2549 4151 existimatur
2594 4093 2661 4157 ⁸⁸,
2687 4106 2791 4145 non
2834 4105 2996 4145 causa
3046 4090 3308 4160 quaedam
3356 4092 3498 4145 exis—

1918 4192 2167 4253 tentium,
2200 4206 2303 4244 non
2331 4187 2435 4242 ulla
2478 4185 2753 4255 processio
2789 4198 2880 4238 seu
2923 4184 3157 4246 occasio,
3201 4198 3358 4251 quam
3405 4198 3494 4237 se-

1918 4288 2176 4350 queretur
2208 4294 2420 4341 eorunt,
2471 4292 2609 4346 quae
2650 4285 2795 4340 sunt,
2838 4274 3097 4337 conditio,
3147 4290 3250 4328 non
3297 4274 3494 4343 aliquid

1917 4373 2028 4428 Deo
2057 4370 2408 4427 coessentiale
2446 4379 2500 4424 et
2532 4377 2901 4428 coaeternnm,
2930 4381 3102 4434 neque
3142 4374 3294 4419 extra
3329 4365 3495 4419 Deum

1919 4482 2015 4533 per
2042 4480 2100 4520 se
2128 4464 2447 4525 subsistens,
2479 4476 2572 4514 seu
2613 4459 2681 4512 ab
2720 4457 2919 4526 aliquo,
2964 4457 3105 4512 unde
3148 4456 3291 4511 Deus
3331 4456 3496 4511 veluti

1919 4557 2197 4611 materiem
2227 4554 2495 4624 quandam
2540 4549 2909 4604 fabricationis
2955 4548 3135 4602 mundi
3172 4549 3493 4617 susceperit,

1918 4648 2247 4718 significari;
2290 4647 2381 4700 sed
2419 4643 2637 4699 omnino
2669 4642 2833 4695 totius
2878 4640 3145 4695 essentiae
3175 4641 3495 4708 privationis

1920 4756 2112 4794 nomen
2161 4750 2296 4800 erat,
2347 4746 2421 4800 et,
2476 4745 2533 4788 ut
2577 4734 2754 4787 verius
2806 4732 3004 4795 dicam,
3055 4730 3369 4784 vocabulum
3416 4739 3497 4783 est

1919 4832 2162 4887 absentia
2192 4831 2357 4883 totius
2383 4827 2650 4882 essentiae
2679 4826 2742 4878 ‘9.
2783 4824 3018 4877 Privatio
3047 4822 3190 4875 enim
3232 4823 3497 4875 habitudi—

1918 4925 2005 4979 nis
2032 4933 2116 4977 est
2139 4922 2357 4978 ablatio.
2388 4919 2667 4986 Quomodo
2699 4924 2900 4979 autem,
2940 4913 3184 4967 fortassis
3209 4914 3329 4983 quis
3349 4914 3497 4968 dixe-

1919 5016 1990 5068 rit
2031 5014 2097 5078 ⁸ο,
2153 5020 2361 5080 poterat
2404 5007 2517 5063 fieri
2573 5007 2616 5039 ²¹
2668 5005 2928 5074 privatio,
2983 5004 3292 5073 priusquam
3344 5001 3497 5055 ﬁeret

1919 5105 2169 5161 habitus?
2195 5101 2379 5155 Nullus
2400 5099 2542 5153 enim
2570 5096 2785 5150 habitus
2808 5103 2946 5157 erat,
2978 5102 3266 5161 antequam
3290 5091 3491 5153 omnia,

1919 5168 2058 5263 quae
2105 5199 2257 5253 sunt,
2308 5187 2678 5243 habitudinem
2738 5182 3115 5237 subsistentiae
3165 5179 3489 5248 accipereut.

1921 5285 2065 5340 DISC.
2097 5284 2172 5337 Eo
2214 5282 2378 5352 igitur
2410 5279 2649 5341 nomine,
2695 5275 2837 5342 quod
2875 5282 2958 5329 est
2994 5270 3241 5337 nihilum,
3281 5271 3493 5341 negatio

1508 5395 1758 5451 VARIAE
1795 5396 2173 5452 LECTIONES

316 5488 335 5520 ¹
391 5485 434 5538 Α
472 5491 650 5539 cetera
688 5482 833 5554 enim
880 5488 925 5554 Δί
980 5482 1025 5536 Α
1075 5494 1149 5537 est
1190 5484 1380 5554 itaque.
1459 5488 1480 5518 ³
1517 5487 1561 5540 Α
1597 5488 1753 5541 enim.

240 5557 333 5610 Ἀ
384 5556 530 5607 haec.
603 5556 625 5584 ⁸
678 5552 768 5607 Sic
814 5552 923 5607 AC.
999 5558 1020 5587 ⁹
1060 5553 1099 5608 C
1139 5552 1343 5609 divisio.

239 5642 354 5681 esse
408 5640 517 5677 om.
571 5623 630 5679 C.
711 5623 754 5654 ”
808 5640 906 5693 pro
950 5626 1200 5689 numquid
1253 5624 1291 5678 (Σ
1336 5627 1481 5681 nihil.

242 5714 334 5767 per
398 5697 639 5767 rirtuteut
676 5694 716 5749 C
763 5696 1017 5767 At'irluitea
1072 5694 1116 5725 ¹⁸
1154 5696 1483 5752 existimatur
1521 5713 1626 5752 om.
1678 5698 1741 5749 Λ.

244 5763 433 5820 dixerit
476 5778 582 5818 om.
616 5766 678 5817 Α.
758 5765 798 5795 ²¹
830 5763 873 5816 Α
901 5763 1017 5830 fieri
1045 5773 1261 5831 poterat.

1831 5487 1853 5517 ’⁵
1893 5495 2105 5555 apparot
2164 5501 2272 5538 om.
2318 5483 2381 5536 A.

1426 5558 1467 5587 ¹⁰
1520 5558 1561 5610 A
1603 5559 1665 5607 ab
1708 5557 1873 5610 oumi.

1456 5610 1481 5681 θ.
1563 5628 1607 5658 ¹⁸
1653 5627 1831 5689 Corn;
1870 5627 1999 5680 ΑΒΕ
2059 5626 2292 5694 superior
2353 5620 2661 5694 essentiulis.

1821 5681 1860 5730 ί⁹
1894 5714 2078 5750 nomen
2124 5681 2236 5747 ξω(
2275 5724 2348 5737 -ο
2381 5693 2632 5748 cascutiae
2691 5702 2797 5740 om.
2849 5681 2909 5733 Ω.

2459 5479 2593 5534 ’δίε
2644 5477 2728 5539 C:
2771 5472 3027 5553 Ληςφινα·
3104 5472 3216 5553 ⁶ηΑ
3265 5472 3468 5553 nens/3".

2557 5552 2600 5583 ¹¹
2647 5549 2711 5600 de
2772 5543 2934 5595 nihilo
2990 5556 3098 5593 om.
3146 5540 3207 5594 C.
3284 5541 3326 5571 "
3363 5541 3494 5592 nihil

2763 5615 2805 5646 ιδ
2851 5628 2963 5662 eum
3010 5628 3117 5663 otii.
3169 5611 3233 5663 Α.
3314 5611 3352 5639 ³⁷
3381 5610 3491 5663 Pro

2990 5682 3033 5711 ⁸ο
3066 5680 3302 5747 [briassis
3372 5682 3494 5748 quis

3104 5471 3126 5502 ⁸
3174 5472 3216 5522 Α
3265 5471 3490 5538 pervehi.

1954 5553 1994 5587 υ
2041 5568 2214 5609 nostro
2248 5570 2357 5607 oin.
2404 5553 2467 5606 A.
