4064 6292
609 355 713 412 635

1971 336 2251 391 JOAVNIS
2291 337 2486 391 SCOTI

3749 344 3861 401 636

608 479 767 537 atque
789 461 1031 518 absentia
1054 459 1218 514 totius
1236 455 1507 512 essentiae
1529 453 1611 507 vel
1633 453 1990 514 substantiae,
2014 452 2181 505 immo
2208 458 2254 514 Α
2282 450 2560 520 praecedit
2583 452 2766 506 omnia
2784 493 2801 517 ,
2832 468 2976 523 quae
3003 454 3058 509 in
3091 470 3155 509 ea
3171 496 3187 519 ,
3219 466 3275 511 et
3301 471 3402 526 per
3426 473 3548 512 eam
3566 498 3585 524 ,
3612 470 3672 515 et
3693 463 3767 516 ab
3790 478 3862 517 ea

562 556 567 559 ’
608 559 772 612 etiam
801 563 1146 616 cunctorum,
1166 564 1306 620 quae
1330 550 1382 602 in
1412 556 1602 601 natura
1627 559 1809 600 rerum
1831 554 2011 599 creata
2032 553 2178 607 sunt,

606 649 953 704 insinuantur
1002 644 1046 698 ι.
1117 642 1259 696 MAG.
1312 640 1391 694 ita
1441 646 1558 702 est,
1628 644 1689 690 ut
1739 636 1992 690 arbitror.
2045 633 2180 688 Nam

605 754 777 811 paene
816 747 839 778 ί
886 750 1077 792 omnes
1140 745 1329 787 sacrae
1375 728 1689 798 Scripturae
1727 726 2062 795 expositores
2126 724 2181 778 in

606 833 709 886 hoc
734 827 1099 890 consentiunt,
1134 822 1275 893 quod
1308 820 1552 874 conditor
1578 817 1863 871 universae
1899 823 2183 870 creaturae

607 942 714 980 non
747 925 812 978 de
841 922 1049 991 aliquo,
1098 918 1191 974 sed
1222 917 1288 971 de
1323 914 1545 970 omnino
1600 910 1792 975 nihilo,
1830 924 2183 979 quacumque

606 1016 779 1068 voluit
822 1014 957 1075 ﬁeri,
1006 1010 1156 1064 fecit.
1216 1007 1358 1061 Disc.
1411 1002 1629 1058 Nebulis
1682 1001 1837 1055 valde
1881 999 2182 1055 tenebrosis

606 1106 990 1175 cogitationum
1051 1115 1293 1156 mearum
1351 1096 1589 1165 undique
1641 1094 1877 1147 cinctum
1920 1108 2011 1147 me
2062 1105 2184 1146 esse

598 1198 800 1252 sentio.
852 1196 907 1249 In
942 1194 1137 1248 talibus
1162 1190 1185 1222 ³
1214 1189 1460 1258 equidem
1489 1186 1564 1241 nil
1616 1184 1745 1240 mihi
1786 1191 2049 1247 remanet,
2077 1182 2181 1236 nisi

606 1289 717 1344 sola
743 1288 894 1350 ﬁdes,
921 1300 1083 1355 quam
1106 1290 1413 1337 sanctorum
1438 1278 1660 1333 Patrum
1684 1277 1848 1331 tradit
1865 1276 2180 1330 auctoritas.

608 1380 744 1432 Dum
783 1391 913 1431 vero
965 1376 1032 1427 de
1082 1373 1186 1437 liis,
1236 1385 1374 1439 quae
1415 1368 1529 1423 sola
1571 1368 1676 1422 fide
1716 1367 1941 1430 retineo,
1984 1365 2182 1435 aliquid

604 1482 773 1521 conor
809 1467 875 1519 ad
920 1478 1112 1534 purum
1158 1460 1543 1532 intelligentiae
1571 1458 1812 1512 habitum
1854 1457 2182 1528 perspicere,

606 1557 923 1629 fugientium
952 1569 1039 1608 me
1073 1552 1544 1607 subtilissimarum
1585 1549 1854 1604 rationum
1888 1548 2055 1602 nimia
2080 1549 2182 1602 ob-

606 1652 883 1712 scuritate,
917 1649 1083 1703 immo
1112 1645 1275 1699 etiam
1303 1643 1470 1697 nimia
1496 1641 1762 1705 claritate,
1784 1640 1957 1695 aciem
1988 1639 2185 1694 mentis

603 1738 940 1810 reperculsus
984 1735 1008 1765 ‘
1077 1734 1323 1803 repellor.
1390 1732 1528 1785 Mm.
1594 1732 1774 1796 Dicas,
1814 1745 2039 1801 quaeso,
2091 1729 2180 1784 ubi

2281 543 2621 609 subsistunt;
2653 559 2840 600 eorum
2871 563 3107 618 namque
3134 566 3298 604 causa
3326 563 3431 607 est.
3463 555 3599 609 llinc
3626 557 3861 610 conﬁcio

2281 638 2391 696 tur,
2424 632 2478 687 in
2504 632 2684 689 Patris
2705 635 2967 705 sapientia
2995 640 3177 692 omnia
3203 649 3425 696 aeterna
3452 658 3603 706 esse,
3636 660 3747 700 non
3779 655 3866 698 ta-

2281 736 2405 776 men
2432 722 2481 776 ei
2512 733 2818 780 eoaeterna.
2841 726 2983 783 llas.
3017 728 3163 785 Haec
3181 731 3226 763 ¹⁸
3242 731 3560 801 jamdudum
3587 735 3729 789 inter
3758 752 3867 791 nos

2281 813 2550 878 discussa,
2568 826 2625 870 et
2650 816 2720 871 ad
2743 818 3119 875 inconcussum
3142 823 3339 877 mentis
3359 823 3599 879 habitum
3624 826 3867 883 deducta

2281 912 2413 957 sunt
2434 903 2480 935 ι’
2505 920 2633 960 vera
2661 907 2872 962 ratione
2892 948 2911 973 ,
2936 923 3324 980 sacrorumque
3352 911 3570 967 Patrum
3603 915 3863 970 testimo-

2281 994 2387 1048 niis
2420 995 2475 1049 in
2502 996 2604 1051 hoc
2630 1001 3113 1056 consentientibus.
3144 1002 3293 1058 Disc.
3319 1005 3367 1044 ιο
3396 1004 3534 1059 Num
3562 1006 3751 1076 itaque
3782 1007 3869 1063 vi-

2280 1084 2396 1149 des,
2410 1090 2554 1155 quod
2574 1104 2679 1143 non
2701 1090 2973 1147 immerito
2991 1107 3233 1159 moveor,
3245 1103 3301 1149 et
3318 1095 3731 1153 adversantibus
3752 1099 3868 1155 sibi

2282 1175 2514 1231 invicem
2544 1179 2877 1236 diversarum
2906 1184 3296 1254 cogitationum
3332 1184 3579 1242 fluctibus
3614 1189 3869 1245 allidor!

2281 1264 2418 1321 Nam
2444 1271 2715 1336 quomodo
2738 1273 2872 1328 haec
2900 1274 3005 1328 sibi
3030 1275 3261 1331 invicem
3281 1280 3569 1334 convenire
3590 1282 3868 1350 possunt?

2284 1358 2343 1413 Si
2368 1362 2579 1426 omnia,
2610 1378 2753 1431 quae
2779 1373 2928 1429 sunt,
2956 1367 3012 1419 in
3045 1368 3311 1436 sapientia
3342 1371 3603 1425 creatrice
3625 1382 3868 1426 aeterna

2280 1457 2439 1513 sunt,
2466 1453 2739 1519 quomodo
2761 1453 2830 1507 de
2856 1454 3025 1509 nihilo
3049 1464 3177 1509 sunt
3203 1455 3382 1511 facta?
3403 1457 3676 1525 Quomodo
3696 1461 3865 1515 enim

2280 1547 2462 1608 potest
2486 1551 2767 1595 aeternum
2795 1557 2952 1608 esse,
2981 1546 3125 1614 quod
3152 1545 3466 1616 priusquam
3505 1548 3689 1613 ﬁeret,
3749 1565 3866 1604 non

2280 1632 2445 1686 erat?
2488 1633 2628 1687 Et"
2656 1636 2799 1704 quod
2846 1636 3037 1706 incipit
3080 1652 3201 1693 esse
3244 1639 3302 1693 in
3342 1648 3581 1711 tempore
3623 1652 3679 1696 et
3726 1661 3866 1699 cum

2285 1729 2552 1792 tempore,
2578 1726 2849 1794 quomodo
2871 1736 3049 1796 potest
3069 1743 3194 1785 esse
3218 1730 3273 1784 in
3299 1734 3651 1789 aeternitate?
3672 1734 3866 1793 Omne

601 1846 745 1884 nunc
779 1828 1039 1891 haesitas,
1062 1835 1117 1880 et
1154 1826 1282 1895 quid
1320 1834 1373 1878 te
1411 1832 1618 1877 tantum
1665 1823 1962 1893 perturbat.
2007 1830 2065 1875 ut
2112 1821 2180 1875 ad
2212 1816 2257 1874 Β
2283 1812 2547 1881 Siquidem
2572 1817 2909 1871 aeternitatis
2936 1819 3208 1889 particeps
3234 1836 3335 1876 nec
3364 1822 3552 1894 incipit
3570 1839 3731 1888 esse.
3761 1842 3865 1881 nec

603 1922 807 1976 nullum
841 1934 1008 1990 purae
1044 1916 1430 1986 intelligentiae
1468 1915 1711 1969 habitum
1753 1913 1953 1977 valeas,
1980 1920 2041 1965 ut
2076 1913 2177 1976 ais,

600 2013 903 2086 pervenire,
975 2018 1067 2062 aut
1139 2007 1229 2061 ubi
1290 2013 1474 2059 nostra
1542 2003 1885 2058 ratiocinatio
1940 2001 2178 2066 vacillat,

602 2104 818 2176 quando
842 2114 893 2156 te
920 2101 987 2155 ad
1011 2099 1210 2153 nullam
1240 2106 1445 2152 certam
1476 2095 1841 2149 deﬁnitionem
1894 2109 2182 2162 rerumque

601 2198 964 2269 cognitionem
995 2200 1171 2264 potest
1200 2191 1489 2245 adducere.
1535 2189 1681 2243 Dtsc.
1707 2189 2101 2258 Magnanimum
2131 2197 2183 2241 te

601 2304 743 2351 esse,
766 2300 1025 2353 meaeque
1050 2281 1320 2336 tarditatis
1340 2279 1587 2334 'morulas
1620 2279 1887 2349 patienter
1917 2280 2182 2334 sustinere

601 2378 834 2450 postulo.
873 2376 1207 2432 Crediderim
1255 2389 1507 2443 namque,
1559 2374 1656 2427 has
1700 2387 1882 2427 rerum
1932 2374 2181 2428 tenuissi-

602 2486 721 2525 mas
768 2468 1144 2539 inquisitioues
1171 2465 1336 2521 etiam
1369 2462 1754 2534 perfectiorum
1784 2478 1871 2519 me
1905 2464 2181 2518 interiori-

611 2562 713 2616 bus
740 2561 909 2617 oculis
948 2574 1052 2614 non
1092 2568 1202 2612 tam
1244 2556 1401 2611 facile
1448 2555 1760 2621 lucescere,
1808 2564 1869 2609 ut
1898 2552 2181 2609 confestim

605 2652 909 2717 adﬁrmun.
932 2650 1095 2704 animi
1114 2649 1350 2703 habitum
1374 2647 1582 2717 possint
1602 2647 1917 2708 adhaerere,
1941 2661 2184 2716 praeser-

608 2748 703 2800 tim
731 2746 856 2799 dum
886 2759 953 2799 ex
983 2743 1087 2805 his,
1138 2756 1277 2810 quae
1315 2741 1576 2794 hactenus
1605 2740 1745 2793 inter
1773 2753 1872 2793 nos
1896 2738 1919 2770 '
1949 2736 2061 2807 jam
2087 2739 2184 2792 du-

513 2876 522 2883 -
601 2839 727 2893 dum
772 2836 794 2867 ⁶
834 2835 995 2890 veluti
1057 2833 1123 2887 ad
1170 2832 1430 2902 liquidum
1480 2832 1739 2901 perducta
1791 2831 1812 2862 "
1854 2839 2002 2894 sunt,
2046 2829 2183 2883 haec

601 2930 732 2985 mihi
763 2944 904 2983 nunc
941 2928 1170 2981 obscura
1212 2926 1465 2980 videntur
1513 2924 1706 2993 ingeri.
1753 2922 2066 2978 Confectum
2096 2931 2182 2976 est

599 3011 743 3075 enim
791 3020 932 3074 inter
975 3033 1073 3073 nos
1116 3018 1183 3072 de
1223 3014 1667 3087 primordialibus
1713 3028 1891 3068 rerum
1938 3013 2180 3068 omnium

599 3113 799 3174 causis,
853 3111 996 3183 quod
1037 3111 1059 3143 ⁸
1094 3126 1125 3164 a
1157 3108 1319 3163 Patre
1365 3109 1416 3162 in
1448 3107 1613 3163 verbo
1637 3123 1736 3163 suo
1778 3107 2037 3177 ingenito,
2077 3106 2180 3162 hoc

600 3213 703 3268 est,
733 3204 786 3256 in
818 3218 913 3256 sua
937 3201 1199 3271 sapientia
1220 3210 1275 3256 et
1295 3200 1316 3231 '
1340 3199 1499 3255 simul
1524 3208 1580 3254 et
1607 3198 1771 3253 semel
1792 3208 1919 3253 sunt
1937 3208 2181 3253 aeterna-

602 3296 727 3350 liter
769 3296 928 3360 facta,
990 3295 1062 3348 ita
1110 3301 1188 3359 ut,
1242 3292 1690 3362 quemadmodum
1742 3292 1856 3360 ipsa
1917 3290 2179 3359 sapientia

599 3387 776 3442 Patris
804 3395 1021 3440 aeterna
1048 3384 1089 3415 ¹⁰
1118 3391 1220 3449 est,
1264 3398 1466 3451 suoque
1489 3382 1635 3435 Patri
1683 3389 1985 3445 eoaetema,
2016 3381 2096 3435 sic
2137 3381 2180 3412 “

599 3478 761 3530 ctiam
796 3483 1010 3539 cuncta,
1040 3487 1177 3542 quae
1207 3473 1259 3525 in
1288 3486 1349 3525 ea
1389 3479 1433 3510 η
1456 3470 1599 3524 facta
1629 3477 1778 3535 sunt,
1804 3479 2020 3523 aeterna
2052 3469 2179 3535 sint,

600 3575 668 3621 eo
713 3572 959 3634 excepto,
995 3565 1137 3635 quod
1168 3565 1219 3616 in
1267 3564 1384 3633 ipso
1430 3562 1612 3615 omnia
1659 3561 1800 3615 facta
1839 3570 1993 3627 sunt;
2041 3577 2183 3632 quae

602 3672 709 3713 non
754 3665 836 3711 est
874 3656 1036 3720 facta,
1087 3654 1179 3709 sed
1224 3655 1426 3724 genita,
1463 3663 1518 3706 et
1553 3652 1770 3705 factrix.
1821 3651 2095 3720 Siquidem
2126 3654 2179 3707 in

603 3749 880 3805 condenda
924 3745 1211 3801 universali
1259 3753 1510 3799 creatura
1556 3746 1697 3799 sicut
1733 3760 1839 3798 una
1887 3745 2181 3813 eademque

600 3851 683 3896 est
713 3839 756 3871 "
781 3839 957 3893 Patris
987 3847 1035 3893 et
1065 3836 1183 3891 Filii
1206 3835 1472 3900 voluntas,
1520 3834 1591 3888 ita
1624 3851 1727 3889 una
1759 3837 2052 3905 eademque
2097 3845 2181 3891 est

602 3930 866 4001 operatio.
900 3927 956 3983 In
983 3924 1417 3997 primordialibus
1442 3925 1626 3993 itaque
1651 3926 1764 3979 suis
1794 3926 1972 3980 causis
1999 3926 2178 3979 omnia

568 4023 654 4076 riu
696 4020 957 4091 sapientia
1003 4017 1177 4071 Patris
1214 4025 1432 4070 acterna
1479 4025 1627 4079 sunt,
1677 4031 1781 4069 non
1827 4025 2005 4070 tamen
2045 4016 2092 4069 ei
2136 4016 2179 4047 ”

549 4106 557 4135 ³
600 4122 907 4167 roaeterna.
944 4108 1224 4163 Praecedit
1265 4109 1409 4162 enim
1469 4123 1634 4163 causa
1674 4106 1894 4163 effectus
1915 4123 2059 4163 suos.
2108 4108 2180 4163 Ut

601 4204 748 4260 enim
786 4203 1084 4258 intellectus
1115 4200 1337 4254 artiﬁcis
1364 4201 1496 4255 artis
1528 4200 1856 4255 intellectum
1882 4201 2175 4269 praecedit,

599 4295 904 4350 intellectus
931 4301 1107 4345 autem
1135 4291 1268 4344 artis
1301 4290 1577 4359 praecedit
1606 4289 1935 4344 intellectum
1966 4304 2175 4353 eorum,

601 4402 740 4456 quae
770 4388 822 4439 in
847 4402 910 4440 ea
937 4393 992 4437 ct
1025 4400 1119 4453 per
1149 4399 1267 4437 eam
1297 4384 1431 4435 ﬁunt
1458 4382 1526 4442 ¹⁸,
1562 4383 1635 4437 ita
1667 4381 1967 4437 intellectus
2002 4381 2177 4436 Patris

602 4478 826 4531 artiﬁcis
851 4474 1179 4529 intellectum
1209 4489 1341 4527 suae
1371 4474 1523 4537 artis,
1546 4475 1647 4527 hoc
1677 4481 1780 4536 est,
1808 4488 1937 4527 suae
1963 4473 2174 4541 sapien-

605 4571 729 4631 tiae,
762 4569 816 4622 in
849 4582 951 4634 qua
999 4565 1238 4619 condidit
1278 4565 1479 4629 omnia,
1527 4564 1813 4617 antecedit.
1864 4563 2063 4617 Deinde
2091 4562 2174 4616 in-

603 4659 873 4713 tellectum
920 4656 1085 4726 ipsius
1125 4657 1256 4711 artis
1296 4656 1555 4717 omnium,
1604 4669 1742 4723 quae
1782 4655 1835 4707 in
1880 4670 1942 4709 ea
1984 4663 2039 4709 et
2079 4670 2175 4723 per

600 4763 721 4803 eam
763 4746 900 4801 facta
945 4754 1087 4811 sunt,
1133 4746 1376 4815 sequitur
1415 4745 1647 4815 cognitio
1677 4744 1741 4797 ".
1784 4744 1955 4799 Omne
2002 4744 2174 4813 siqui-

601 4841 746 4903 dem,
788 4837 930 4907 quod
972 4852 1099 4890 vera
1139 4837 1275 4889 ratio
1320 4850 1536 4904 quoquo
1578 4835 1737 4888 modo
1783 4834 2169 4905 praecessionis

600 4927 922 4999 praecedere
961 4925 1003 4957 ⁸⁷
1054 4926 1279 4989 invenit,
1310 4924 1460 4993 juxta
1506 4924 1805 4977 naturalem
1836 4937 2169 4991 consequen-

602 5019 731 5072 tiam
780 5017 1104 5087 praecedere
1152 5030 1370 5069 ncccssc
1414 5023 1515 5068 cst.
1565 5016 1643 5067 Ac
1689 5028 1787 5083 per
1827 5014 1928 5067 hoc
1970 5010 2163 5065 artifex

600 5107 839 5161 omnium
869 5105 1011 5158 Deus
1039 5104 1197 5158 Pater
1221 5104 1514 5158 secundum
1540 5119 1757 5157 causam
1804 5113 1973 5155 artem
2012 5117 2163 5155 suam

599 5197 899 5266 praecedit;
926 5194 1120 5249 artifex
1145 5195 1409 5263 siquidem
1432 5211 1591 5249 causa
1616 5211 1745 5249 suae
1773 5196 1907 5247 artis
1933 5203 2045 5258 est,
2077 5209 2165 5248 ars

600 5297 779 5344 autem
824 5288 909 5345 sui
954 5287 1181 5343 artiﬁcis
1222 5304 1327 5342 non
1366 5296 1449 5342 est
1498 5304 1695 5353 causa;
1750 5289 1859 5356 ipsa
1906 5303 2034 5342 vero
2076 5304 2165 5342 ars

2206 3165 2253 3227 (Ἰ

2280 1901 2500 1957 desinit.
2530 1904 2682 1971 Quod
2711 1915 2895 1960 autem
2925 1924 3033 1963 non
3070 1920 3222 1975 erat,
3248 1920 3305 1965 et
3340 1912 3532 1983 incipit
3561 1929 3679 1970 esse
3702 1956 3726 1981 ,
3770 1934 3867 1973 ne-

2281 1994 2522 2050 cessario
2574 1996 2783 2052 desinet
2827 2014 2982 2066 esse,
3026 2001 3170 2069 quod
3214 2012 3320 2057 est.
3373 2003 3544 2060 Omne
3580 2023 3866 2078 namque,

2279 2085 2425 2152 quod
2458 2085 2611 2140 initio
2650 2102 2756 2141 non
2789 2099 2971 2155 caret,
3012 2091 3119 2146 ﬁne
3154 2107 3345 2149 carere
3376 2111 3484 2151 non
3513 2108 3705 2165 petest.
3741 2100 3866 2157 Non

2278 2173 2498 2228 invenio
2544 2175 2757 2245 itaque,
2806 2181 3075 2247 quomodo
3118 2181 3253 2238 haec
3305 2185 3412 2240 sibi
3463 2188 3689 2243 invicem
3752 2208 3865 2247 non

2285 2275 2632 2335 oppugnant,
2673 2282 2780 2338 qua
2814 2270 3022 2324 ratione
3056 2279 3113 2325 et
3150 2274 3335 2328 omnia
3370 2275 3426 2329 in
3456 2278 3723 2347 sapientia
3769 2283 3864 2337 Dei

2281 2364 2502 2409 aeterna
2525 2366 2652 2411 sunt
2667 2397 2682 2421 ,
2709 2368 2765 2412 et
2788 2359 2855 2414 de
2876 2360 3045 2416 nihilo
3067 2361 3210 2417 facta
3227 2403 3244 2428 ,
3269 2366 3373 2420 hoc
3393 2376 3478 2422 est
3497 2406 3512 2433 ,
3538 2370 3864 2440 priusquam

2281 2445 2499 2512 ﬁerent,
2529 2462 2636 2503 non
2664 2460 2840 2505 erant.
2869 2451 2985 2508 Nisi
3016 2453 3155 2510 forte
3170 2458 3457 2525 quisdicat,
3482 2462 3866 2530 primordiale:

2281 2550 2466 2590 rerum
2499 2539 2742 2594 omnium
2793 2557 2985 2597 causas
3019 2545 3073 2599 in
3130 2547 3396 2616 sapientia
3429 2550 3607 2607 Patris
3642 2570 3867 2626 semper

2282 2640 2403 2680 esse
2437 2637 2690 2683 aeternas
2713 2670 2729 2694 ,
2765 2632 3047 2687 informem
3078 2650 3209 2690 vero
3238 2640 3516 2693 materiem
3536 2680 3553 2706 ,
3584 2642 3639 2695 in
3663 2658 3780 2712 qua
3811 2656 3867 2701 et

2281 2731 2380 2785 per
2405 2732 2565 2786 quam
2595 2718 2651 2772 in
2682 2719 2905 2776 eﬂ‘ectos
2935 2738 3061 2777 suos
3089 2738 3185 2792 per
3212 2728 3616 2795 generationem
3652 2746 3862 2800 prove-

2282 2808 2437 2862 niunt
2462 2809 2517 2862 in
2547 2824 2745 2879 genera
2784 2820 2841 2866 et
2878 2805 3139 2882 species,
3162 2817 3360 2885 quibus
3398 2820 3630 2876 mundus
3670 2824 3862 2894 imple-

2284 2908 2394 2965 tur,
2425 2910 2704 2956 aeternam
2735 2919 2842 2959 non
2880 2920 3018 2960 esse.
3058 2904 3165 2962 Sed
3202 2908 3450 2980 quisquis
3485 2913 3588 2967 hoc
3624 2915 3863 2984 dixerit,

2280 3000 2503 3060 cogetur
2525 2991 2717 3058 fateri,
2747 2996 3030 3050 materiam
3056 2998 3122 3051 de
3145 2998 3316 3054 nihilo
3341 2999 3539 3055 factam
3567 3005 3866 3059 causaliter

2282 3084 2427 3139 intra
2461 3096 2713 3142 aeternas
2751 3103 2935 3142 rerum
2972 3106 3165 3146 causas
3195 3108 3303 3147 non
3341 3101 3863 3154 connumerandam.

2282 3173 2351 3228 Et
2396 3176 2443 3229 si
2492 3177 2596 3231 hoc
2638 3179 3003 3243 concesserit,
3053 3184 3364 3239 necessario
3407 3188 3769 3243 concludetur
3809 3201 3864 3246 et

2280 3274 2504 3334 cogetur
2526 3268 2688 3334 dare,
2718 3285 2826 3324 non
2850 3271 3030 3327 omnia
3048 3312 3065 3340 ,
3094 3274 3188 3330 sed
3217 3276 3481 3345 quaedam
3511 3279 3565 3332 iu
3594 3282 3864 3350 sapientia

2279 3355 2456 3413 Patris
2490 3369 2712 3415 aeterna
2746 3376 2886 3417 esse.
2926 3362 3208 3420 Materiem
3241 3379 3426 3422 autem
3468 3368 3764 3426 informem
3810 3375 3862 3428 in

2280 3463 2506 3503 numero
2528 3452 2768 3506 omnium
2789 3493 2805 3518 ,
2831 3468 2971 3523 quae
2996 3470 3026 3509 a
3058 3456 3167 3512 Deo
3192 3457 3337 3513 facta
3361 3470 3489 3515 sunt
3515 3462 3570 3517 in
3596 3465 3865 3532 sapientia

2279 3556 2375 3597 sua
2392 3583 2410 3609 ,
2437 3552 2811 3606 connumerari
2837 3592 2853 3617 ,
2882 3568 3042 3610 nemo
3068 3566 3216 3611 recte
3244 3558 3737 3629 philosophantium
3763 3564 3864 3616 ab-

2280 3637 2507 3705 negarit.
2547 3638 2825 3706 Quomodo
2872 3646 3017 3699 enim
3064 3663 3243 3703 rerum
3292 3652 3533 3705 omnium
3585 3668 3785 3710 causas
3808 3656 3863 3708 in

2281 3722 2460 3781 Verbo
2485 3727 2577 3784 Dei
2605 3733 2954 3789 aeternaliter
2976 3737 3220 3793 conditas
3240 3753 3379 3803 esse,
3411 3740 3698 3797 informem
3728 3760 3863 3799 vero

2280 3818 2560 3875 materiem
2607 3837 2704 3877 sua
2750 3838 2914 3880 causa
2960 3842 3152 3884 carere
3194 3832 3318 3900 quis
3363 3843 3539 3901 potest
3576 3835 3763 3892 dicere
3792 3848 3861 3902 ι’.

2277 3912 2498 3967 omnino
2540 3929 2647 3968 non
2686 3917 2918 3987 reperio.
2959 3919 3188 3976 Proinde
3217 3922 3287 3987 ”,
3317 3923 3359 3977 si
3400 3924 3452 3977 in
3482 3940 3715 3980 numero
3741 3929 3864 3981 uni-

2277 4007 2552 4061 versitatis
2579 4010 2832 4066 conditae
2873 4014 3099 4067 materia
3139 4016 3496 4083 concluditur,
3543 4023 3863 4076 necessario

2277 4102 2539 4170 sequitur,
2563 4111 2623 4158 ut
2649 4105 2816 4174 ipsius
2840 4121 3001 4161 causa
3029 4123 3095 4163 ex
3125 4125 3349 4165 numero
3367 4127 3652 4166 causarum
3679 4124 3863 4168 aeter-

2278 4191 2479 4246 naliter
2508 4193 2560 4247 in
2606 4196 2870 4263 sapientia
2912 4197 3005 4251 Dei
3036 4208 3341 4254 crcatarnm
3374 4216 3476 4255 non
3506 4203 3859 4259 excludatur.

2278 4281 2417 4335 Mac.
2444 4284 2519 4337 De
2542 4282 2758 4339 informi
2787 4289 3015 4341 materia
3032 4327 3048 4351 ,
3073 4304 3235 4357 quam
3260 4289 3449 4345 Graeci
3475 4291 3597 4350 ὕλην
3616 4305 3821 4345 vocant
3839 4336 3856 4355 ,

2278 4372 2455 4426 nullus
2482 4373 2535 4427 in
2560 4390 2713 4429 saera
2744 4375 3023 4444 Scriptura
3049 4380 3468 4434 exercitatorum
3487 4421 3503 4444 ,
3531 4392 3857 4436 naturarum

2276 4463 2635 4518 conditionem
2660 4476 2803 4519 recta
2830 4469 3037 4522 ratione
3058 4470 3425 4533 considerans,
3442 4473 3691 4542 ambigit,
3707 4477 3856 4542 quod

2275 4568 2305 4607 a
2334 4555 2608 4610 conditore
2629 4558 2869 4611 omnium
2906 4570 2962 4613 et
2994 4561 3284 4615 causaliter
3323 4563 3461 4617 inter
3488 4566 3767 4629 causales,
3800 4578 3858 4619 et

2276 4645 2418 4699 inter
2439 4662 2724 4702 causarum
2749 4650 2973 4705 elfcctus
2997 4654 3294 4707 secundum
3321 4670 3444 4710 snas
3470 4659 3861 4727 promrtiones

2276 4737 2491 4791 condita
2531 4741 2620 4793 sit.
2650 4741 2751 4807 Qui
2781 4744 2923 4797 enim
2957 4744 3086 4799 fecit
3115 4747 3372 4800 nnmdum
3403 4748 3468 4801 de
3497 4751 3729 4804 materia
3766 4752 3856 4805 ixi-

2276 4826 2436 4882 formi
2455 4870 2469 4892 ,
2502 4830 2614 4899 ipse
2641 4831 2766 4886 fecit
2796 4832 3076 4889 informem
3107 4839 3391 4891 materiem
3421 4839 3490 4893 de
3516 4842 3740 4895 omnino
3771 4845 3857 4896 ni-

2272 4916 2404 4983 hilo,
2435 4921 2698 4990 siquidem
2726 4938 2833 4977 non
2862 4924 2999 4979 alius
3027 4935 3113 4980 est
3141 4938 3331 4982 auctor
3363 4930 3547 4983 mundi
3581 4933 3648 4986 de
3675 4932 3853 4985 infor-

2271 5011 2343 5063 mi
2376 5014 2599 5067 materia
2626 5012 2788 5078 facti,
2812 5024 2867 5069 et
2892 5016 3029 5070 alius
3053 5017 3222 5087 ipsius
3249 5020 3508 5075 materiae
3532 5020 3602 5075 de
3622 5023 3856 5076 omnino

2273 5099 2439 5155 nihilo
2468 5102 2616 5169 prius
2647 5112 2894 5169 creatae,
2937 5106 3031 5159 sed
3077 5123 3219 5161 unus
3259 5119 3420 5178 atque
3466 5110 3607 5163 idem
3643 5112 3856 5165 utrius-

2270 5203 2377 5256 que
2418 5199 2500 5244 cst
2541 5193 2806 5257 conditor,
2848 5196 3103 5263 quoniam
3134 5197 3203 5251 ab
3232 5214 3339 5252 uno
3369 5199 3633 5268 principio
3661 5202 3852 5255 omnia

2270 5296 2411 5350 quae
2441 5292 2594 5342 sunt.
2625 5286 2738 5339 sive
2766 5285 3016 5341 informia
3037 5326 3052 5352 ,
3085 5288 3202 5343 sive
3229 5287 3459 5343 formata
3479 5329 3494 5353 ,
3522 5291 3849 5359 procedunt.

1889 5422 1970 5477 VA
1980 5424 2137 5479 RIAE
2170 5424 2563 5481 LECTIONES.

673 5550 693 5581 ί
722 5541 1103 5597 Ainsinuamr.
1182 5548 1204 5579 ³
1231 5537 1275 5593 Α
1301 5549 1373 5593 et.
1453 5538 1473 5570 ³
1505 5540 1559 5592 In
1591 5538 1781 5591 talibus
1816 5553 1924 5592 om.
1960 5537 2023 5591 A.

598 5613 621 5645 τ
658 5612 703 5666 Α
730 5613 999 5688 producta.
1043 5613 1095 5688 __"
1123 5612 1405 5688 quod__om.
1596 5608 1617 5639 ⁰
1645 5618 1691 5661 et
1741 5624 1848 5688 oin.
1883 5609 1945 5663 Α.

599 5697 708 5734 om.
736 5683 797 5735 C.
876 5683 919 5713 ⁸⁸
954 5684 995 5735 Λ
1027 5679 1176 5749 limit.
1256 5682 1300 5714 ¹⁸
1338 5683 1570 5750 sequitur
1635 5680 1858 5749 cognitio
1910 5695 2017 5731 om.
2057 5679 2116 5731 (Ξ.

602 5751 645 5787 ι’
673 5761 790 5803 sunt
819 5767 923 5806 om.
957 5753 1019 5805 A.

2102 5536 2124 5568 ⁸
2153 5538 2193 5592 C
2233 5538 2522 5606 perculsus.
2594 5537 2615 5568 ⁸
2646 5537 2780 5589 infer
2810 5552 2902 5590 nos
2929 5550 3037 5588 om.
3067 5536 3128 5589 (ι.

2027 5608 2067 5639 ⁸⁰
2090 5608 2130 5662 C
2164 5609 2385 5661 essentia
2411 5619 2511 5662 est.
2588 5609 2630 5645 ιι
2653 5608 2695 5660 Α
2733 5607 2827 5659 ita.

2195 5679 2237 5710 ¹⁷
2267 5677 2311 5730 Α
2340 5679 2713 5745 proccssioues_
2742 5678 3036 5743 procedere.
3112 5677 3156 5716 ιη
3186 5692 3284 5744 pro
3310 5675 3448 5730 Μω,
3479 5676 3612 5730 haec
3636 5674 3681 5728 Α
3707 5674 3851 5731 Nec.

1098 5752 1140 5781 ³ο
1165 5752 1309 5804 lltsc.
1342 5743 1449 5804 om.
1483 5753 1526 5804 Α
1599 5756 1639 5787 ²¹
1673 5743 1717 5803 Ᾱ
1745 5760 1855 5803 aut.
1931 5753 1974 5785 “
2003 5750 2045 5802 Α
2074 5750 2241 5802 dicere
2266 5743 2450 5817 polest.
2526 5748 2572 5780 ⁸³
2600 5747 2646 5800 Α
2678 5743 2923 5801 Perinde.

3206 5535 3227 5565 ⁸
3250 5536 3365 5604 jam
3403 5535 3603 5589 dudum
3631 5550 3740 5591 om.
3778 5536 3850 5590 Α.

2906 5609 2948 5643 ι’
2973 5609 3010 5658 Α
3045 5607 3096 5659 in
3121 5622 3200 5657 eo.
3278 5607 3321 5645 1’
3343 5617 3417 5658 est
3444 5622 3552 5658 om.
3585 5604 3648 5658 C.
3725 5606 3772 5635 “
3803 5608 3854 5661 ei
