4064 6292
293 383 396 441 657

294 499 377 550 Ab
399 510 508 549 uno
529 489 672 546 enim
701 485 1025 542 universitas
1044 491 1227 536 creata
1250 488 1331 534 est
1352 519 1367 540 ,
1389 478 1531 531 sicut
1566 491 1594 527 a
1634 470 1861 527 mouade
1886 472 1932 529 ,Α
1964 463 2171 529 riisque
2216 458 2270 511 fo

294 601 485 641 omnes
515 581 757 644 numeri,
786 588 843 633 et
868 592 897 631 a
929 583 1114 631 centro
1137 585 1327 625 omnes
1352 570 1524 622 lineae
1548 569 1858 631 erumpunt.

294 675 428 729 Nam
459 681 517 727 et
543 672 596 725 in
638 671 739 723 hoc
772 666 1006 721 maxime
1031 660 1351 716 secularium
1382 653 1820 726 philosophorum
1842 689 1858 713 ,

291 763 383 832 qui
409 761 476 815 de
502 757 687 814 mundi
714 754 872 823 hujus
897 752 1105 806 factura
1131 758 1367 803 tractare
1388 744 1503 798 ausi
1529 750 1685 805 sunt,
1708 751 1863 793 error

290 850 651 913 convincitur,
680 844 936 916 quoniam
969 840 1256 895 informem
1300 834 1579 890 materiem
1608 836 1851 886 coaeter-

292 956 419 996 nam
448 939 560 994 Deo
583 949 704 991 esse
731 935 1014 995 dixerunt,
1040 930 1109 983 de
1135 942 1241 997 qua
1266 926 1410 980 Deus
1432 922 1596 977 veluti
1623 928 1778 975 extra
1803 931 1862 971 se

294 1030 628 1087 subsistente
656 1034 711 1081 et
740 1033 1028 1078 coaeterna
1059 1018 1161 1074 sibi
1191 1031 1408 1072 suorum
1450 1028 1674 1083 operum
1722 1026 1863 1065 sum-

287 1122 403 1194 psit
428 1131 449 1161 ι
503 1116 821 1188 auspicium.
859 1112 1141 1181 Indignum
1173 1121 1405 1175 namque
1432 1104 1515 1159 eis
1538 1103 1713 1157 visum
1747 1108 1859 1165 est,

294 1190 578 1265 materiem
606 1204 892 1259 informem
920 1215 950 1254 a
979 1200 1090 1253 Deo
1120 1197 1241 1252 ﬁeri
1282 1203 1539 1251 creatam.
1583 1190 1863 1258 Quomodo

289 1301 435 1355 enim
457 1338 474 1364 ,
506 1294 785 1366 inquiunt,
816 1306 882 1346 ex
910 1290 1084 1344 forma
1123 1287 1363 1343 omnium
1402 1282 1632 1338 informe
1673 1280 1861 1344 ﬁeret,

290 1392 363 1445 ab
391 1384 649 1442 immobili
674 1390 728 1439 et
758 1382 814 1436 in
843 1379 993 1434 nullo
1012 1378 1066 1433 in
1094 1377 1271 1447 seipso
1293 1371 1534 1428 variabili
1563 1370 1768 1424 varium
1799 1382 1863 1422 ac

291 1476 586 1540 mutabile,
612 1473 683 1529 ab
711 1486 810 1537 eo,
839 1470 928 1525 cui
969 1466 1102 1522 nihil
1143 1464 1375 1527 accidit,
1414 1461 1581 1516 variis
1616 1458 1864 1514 acciden-

293 1570 441 1625 tibus
478 1564 776 1634 subjectum
798 1602 815 1628 ,
863 1576 895 1616 a
923 1575 1031 1615 non
1059 1569 1080 1600 ι
1105 1559 1340 1613 distento
1366 1569 1466 1625 per
1502 1552 1673 1624 spatia
1711 1550 1860 1605 loco-

289 1675 414 1715 rum
442 1667 498 1713 et
525 1666 822 1726 temporum
841 1693 856 1719 ,
883 1653 1026 1724 quod
1053 1650 1246 1721 recipit
1270 1649 1512 1703 locorum
1537 1654 1863 1716 temporum-

289 1763 400 1819 que
443 1745 757 1808 intervalla,
797 1753 855 1799 et
893 1738 1302 1813 quantitatum?
1347 1735 1610 1792 Similiter
1646 1734 1716 1789 ab
1757 1748 1860 1797 eo,

1131 369 1220 427 DE
1259 364 1599 425 DIVISIONE
1637 356 1984 417 NATURAE.
2025 383 2095 393 -—~
2130 346 2332 405 LIBER
2366 342 2686 400 TERTIUS.

3429 334 3533 391 638

2275 455 2439 519 riuis,
2470 451 2841 508 differentibus
2869 462 3081 517 quoque
3108 445 3531 502 subslantiarum

1964 562 2021 609 et
2068 549 2424 617 accidentium
2471 543 2788 605 ordinibus,
2841 540 2895 594 in
2944 540 3208 593 unitatem
3258 537 3529 605 quandam

1965 639 2288 697 ineffabilem
2312 643 2614 705 compacta.
2647 630 2716 686 Ut
2738 631 2881 684 enim
2908 629 3220 698 organicum
3265 625 3432 679 melos
3461 641 3528 680 ex

1963 732 2193 789 diversis
2217 744 2407 785 vocqu
2449 723 2799 795 qualitatibus
2826 729 2880 777 et
2909 719 3300 790 quantitatibus
3334 717 3373 747 ιι
3403 732 3534 770 con-

1948 826 2165 889 ﬁcitur,
2195 825 2321 878 dum
2351 819 2555 875 viritim
2587 814 2989 886 separatimque
3016 810 3345 869 sentiuntur,
3377 808 3536 878 longe

1963 933 1994 973 a
2021 931 2082 972 se
2110 910 2541 981 discrepantibus
2592 903 2905 962 intentionis
2946 910 3003 957 et
3039 899 3375 956 remissionis
3413 915 3537 966 pro-

1963 1005 2305 1080 portionibus
2328 1008 2659 1072 segregatae,
2686 997 2813 1051 dum
2840 1009 2968 1049 vero
2996 992 3099 1047 sibi
3125 990 3351 1044 invicem
3376 1004 3532 1058 coap-

1966 1111 2149 1159 tantur
2189 1097 2484 1155 secundqu
2514 1101 2694 1148 certas
2720 1086 3179 1154 rationabilesque
3207 1082 3341 1136 artis
3371 1081 3534 1134 musi-

1963 1207 2062 1247 cae
2101 1188 2313 1260 regulas
2352 1199 2449 1254 per
2483 1180 2721 1252 singulos
2766 1190 2979 1247 tropos,
3022 1172 3321 1229 naturalem
3349 1185 3540 1240 quam-

1965 1282 2088 1337 dam
2117 1275 2456 1332 dulcedinem
2488 1268 2836 1326 reddentibus
2865 1283 2879 1319 :
2909 1265 2983 1319 ita
3012 1259 3381 1317 universitatis
3406 1272 3538 1311 con-

1963 1370 2165 1433 cordia,
2195 1383 2262 1423 ex
2290 1363 2520 1421 diversis
2545 1370 2771 1416 naturae
2812 1357 2973 1410 unius
3016 1349 3472 1409 subdivisionibus
3507 1365 3538 1402 a

1964 1476 2026 1517 se
2066 1459 2333 1522 invicem,
2374 1453 2501 1508 dum
2540 1448 2893 1521 singulariter
2935 1444 3315 1514 inspiciuntur,
3359 1439 3535 1493 disso-

1965 1549 2252 1612 nantibus,
2292 1544 2447 1614 juxta
2492 1537 2794 1597 conditoris
2838 1534 3163 1589 unifortnem
3207 1529 3538 1585 voluntatem

1964 1643 2267 1699 coadunata
2296 1644 2400 1693 est.
2442 1634 2540 1689 His
2590 1632 2775 1699 itaque
2816 1624 3052 1683 deﬁnitis
3095 1638 3203 1676 non
3234 1619 3538 1681 immerito,

1964 1743 2029 1791 ut
2048 1733 2236 1804 inquis
2255 1771 2271 1798 ,
2302 1728 2532 1786 diversis
2556 1724 2941 1794 cogitationum
2968 1715 3219 1772 fluctibus
3259 1710 3361 1766 sibi
3401 1707 3540 1763 invi-

290 1797 437 1908 quod
467 1797 606 1890 nulli
625 1797 872 1904 qualitati
906 1797 1218 1892 subditum,
1256 1827 1590 1883 diversarum
1625 1823 1860 1893 qualita-
1890 1833 1937 1893 Β
1964 1839 2085 1880 cem
2125 1797 2536 1885 adversantibus
2562 1812 2798 1868 allideris
2824 1815 2886 1862 η.
2913 1804 3230 1862 Confectum
3270 1808 3355 1856 est
3392 1797 3538 1853 enim

292 1937 409 1983 tum
460 1927 867 1999 ﬁgurarumque
918 1920 1247 1991 receptivum
1274 1957 1291 1984 ,
1347 1917 1416 1972 ab
1466 1912 1862 1987 incorruptibili

292 2015 669 2088 corruptibile,
697 2029 727 2068 a
752 2010 980 2082 simplici
1008 2008 1364 2077 compositum
1395 2014 1451 2061 et
1476 2013 1661 2060 cetera
1689 2001 1740 2057 id
1772 2016 1864 2073 ge-

287 2124 427 2175 nus,
466 2122 597 2163 suae
633 2105 801 2161 falsae
838 2100 1261 2158 ratiocinationis
1300 2097 1510 2153 nebulis
1550 2093 1863 2153 obcaecati?

290 2200 403 2255 Nos
427 2207 608 2255 autem
631 2209 820 2255 sacrae
843 2193 1157 2263 Scripturae
1180 2190 1465 2246 veritatem
1491 2187 1860 2256 inspicientes,

286 2293 701 2360 divinorumque
727 2288 895 2359 ipsius
923 2286 1276 2354 interpretum
1301 2281 1526 2351 vestigia
1552 2287 1859 2349 sequentes,

288 2394 351 2442 et
379 2383 770 2441 iuformitatem
795 2393 979 2435 rerum
1004 2376 1274 2440 omnium,
1308 2384 1363 2431 et
1392 2374 1598 2429 formas
1615 2412 1632 2439 ,
1660 2382 1713 2427 et
1739 2387 1858 2427 om-

286 2489 393 2540 ne,
417 2473 561 2544 quod
596 2473 651 2527 in
677 2472 787 2535 eis,
814 2471 930 2525 sive
959 2467 1254 2525 secundum
1281 2466 1604 2529 essentiam,
1631 2464 1745 2519 sive
1771 2476 1859 2517 se-

289 2566 526 2622 cundum
565 2562 822 2619 accidens
847 2570 965 2626 est,
1007 2559 1076 2615 ab
1108 2572 1216 2621 una
1254 2555 1495 2614 omnium
1531 2568 1694 2609 causa
1733 2566 1862 2608 con-

288 2656 405 2711 dita
433 2668 575 2719 esse,
602 2662 658 2707 et
684 2667 782 2723 per
808 2651 969 2706 fidem
999 2647 1300 2713 credimus,
1331 2656 1385 2701 et
1413 2654 1675 2716 quantum
1703 2644 1862 2699 datur

294 2757 399 2814 per
422 2741 758 2797 intellectum
795 2738 1220 2794 consideramus.

365 2833 422 2886 6.
451 2831 567 2887 Non
592 2831 739 2886 enim
775 2827 1149 2885 universitatis
1200 2823 1449 2881 conditor
1495 2820 1859 2892 omnipotens,

288 2930 353 2977 et
375 2923 431 2976 in
458 2920 606 2976 nullo
633 2919 914 2984 deﬁciens,
939 2925 996 2973 et
1019 2918 1073 2973 in
1099 2915 1365 2970 inﬁnitum
1393 2913 1638 2979 tendens,
1665 2910 1859 2966 similia

288 3015 397 3070 sibi
428 3010 780 3077 solummodo,
812 3025 997 3066 verum
1025 3008 1191 3064 etiam
1218 3005 1500 3062 dissimilia
1530 3018 1721 3060 creare
1760 3017 1859 3072 po-

290 3106 400 3160 tuit
439 3105 462 3137 ³
496 3112 553 3159 et
586 3102 812 3158 creavit.
856 3099 994 3155 Nam
1037 3099 1083 3154 si
1131 3096 1466 3153 solummodo
1504 3095 1586 3151 sui
1628 3092 1857 3157 similia,

1963 1925 2023 1973 et
2049 1914 2369 1969 inconcusse
2395 1906 2673 1964 deﬁnitum
2692 1942 2709 1969 ,
2737 1900 2921 1958 omnia
2939 1938 2956 1965 ,
2982 1910 3121 1967 quae
3161 1900 3288 1949 sunt
3317 1898 3373 1945 et
3396 1902 3539 1959 quae

1963 2018 2071 2060 non
2102 2010 2260 2064 sunt,
2296 2000 2366 2054 ab
2395 2012 2500 2052 uno
2530 1994 2770 2051 omnium
2801 1987 3066 2060 principio
3092 1981 3362 2039 conﬂuere
3380 2018 3397 2043 ,
3426 1977 3538 2032 sive

1964 2094 2020 2150 in
2064 2088 2504 2165 primordialibus
2547 2083 2729 2140 causis
2767 2078 2933 2136 semel
2980 2086 3036 2131 et
3078 2070 3238 2129 simul
3274 2071 3328 2124 in
3361 2066 3540 2122 Verbo

1964 2190 2061 2246 Dei
2107 2187 2385 2257 unigenito
2425 2180 2774 2237 aeternaliter
2816 2174 3002 2238 factis,
3047 2171 3161 2226 sive
3210 2168 3262 2222 in
3308 2164 3537 2221 materia

1963 2278 2217 2344 informi,
2247 2291 2315 2331 ex
2341 2289 2449 2344 qua
2478 2267 2851 2342 primordiales
2890 2277 3088 2318 causae
3124 2258 3352 2313 visibilis
3390 2269 3542 2309 crea-

1964 2382 2120 2428 turae
2162 2366 2519 2441 apparitionis
2561 2377 2693 2420 suae
2722 2360 2766 2400 ³³
2794 2373 2890 2428 per
2936 2352 3341 2427 generationem
3387 2360 3540 2400 occa-

1965 2468 2149 2523 siones
2176 2463 2222 2496 “
2245 2465 2599 2530 acceperunt,
2626 2456 2741 2511 sive
2769 2453 2823 2507 in
2852 2447 3131 2505 effectibus
3171 2456 3386 2501 earum,
3418 2437 3539 2507 qui-

1963 2558 2070 2613 bus‘
2095 2553 2328 2610 mundus
2359 2525 2461 2604 iste
2486 2548 2556 2602 ab
2587 2544 2740 2601 initio
2781 2553 2950 2609 usque
2989 2536 3058 2589 ad
3102 2533 3270 2587 ﬁnem
3309 2525 3541 2583 naturali

1963 2645 2152 2701 ordine
2187 2642 2368 2696 divina
2398 2634 2736 2708 providentia
2780 2632 2823 2662 ⁸⁵
2873 2628 3214 2683 ministrante
3244 2619 3541 2706 peragitur.

1964 2736 2120 2791 Sicut
2144 2734 2188 2773 ιθ
2213 2724 2768 2786 aitDominuszl’ater
2795 2737 2937 2775 meus
2967 2732 3126 2786 usque
3162 2714 3215 2766 iu
3247 2697 3328 2764 uie
3351 2711 3392 2750 ιτ
3423 2724 3542 2777 ope-

1962 2836 2122 2882 ratur
2146 2834 2194 2878 et
2227 2838 2320 2893 ego
2350 2835 2555 2889 operor.
2594 2816 2702 2871 Sed
2728 2807 3183 2883 quemadmodum
3212 2804 3343 2857 haec
3370 2799 3537 2853 veluti

1963 2917 2187 2972 sibimet
2211 2909 2552 2967 adversantia
2578 2906 2631 2960 in
2659 2918 2820 2957 unam
2849 2899 3119 2971 quandam
3148 2889 3533 2959 intelligentiae

1964 3006 2211 3078 copulam
2252 3000 2607 3061 conveniunt,
2637 2997 2741 3051 hoc
2782 3002 2894 3057 est,
2936 2987 3208 3060 quomodo
3246 2984 3428 3037 omnia
3466 2983 3535 3034 si-

1965 3096 2077 3152 mul
2106 3102 2163 3149 et
2190 3102 2408 3147 aeterna
2432 3099 2487 3143 et
2514 3088 2654 3141 facta
2681 3092 2837 3146 sunt,
2867 3096 2972 3136 non
2998 3077 3172 3133 solum
3201 3073 3295 3139 tibi
3315 3113 3330 3136 ,
3354 3085 3540 3124 vermn

288 3194 400 3249 hoc
424 3201 511 3247 est
533 3205 663 3247 vere
699 3188 989 3244 existentia
1017 3227 1034 3251 ,
1074 3195 1323 3250 aeterna,
1364 3179 1821 3239 incommutabilia
1843 3220 1859 3247 ,

1968 3185 2135 3241 etiam
2183 3190 2238 3236 et
2282 3180 2411 3234 mihi
2461 3169 2874 3248 diligentissima
2914 3165 3141 3224 rationis
3189 3160 3539 3231 inquisitione

299 3280 587 3350 simplicia,
614 3276 1044 3348 inseparabiliter
1069 3275 1219 3329 unita
1236 3312 1253 3339 ,
1279 3271 1702 3342 incorruptibilia
1720 3310 1734 3335 ,
1758 3269 1860 3325 im-

288 3369 541 3425 mortalia
562 3408 579 3434 ,
606 3366 911 3433 rationalia,
938 3363 1344 3427 intellectualia,
1373 3362 1619 3428 scientia,
1646 3360 1859 3431 sapien-

290 3462 368 3516 tia
389 3501 405 3526 ,
432 3471 749 3531 ceterasque
778 3460 1004 3514 virtutes
1045 3456 1382 3521 condiderit,
1414 3455 1467 3510 in
1513 3454 1858 3510 dissimilium

286 3561 348 3608 et
367 3552 735 3623 oppositurum
764 3551 1036 3606 creatione
1063 3547 1327 3605 defecisse
1351 3548 1645 3612 videretur,
1672 3555 1727 3602 et
1752 3561 1859 3602 non

287 3646 512 3699 omnino
541 3652 890 3710 cunctorum,
945 3655 1085 3712 quae
1123 3641 1262 3696 ratio
1298 3654 1455 3710 posse
1482 3639 1599 3695 ﬁeri
1630 3640 1786 3695 docet
1813 3639 1858 3705 ⁸,

289 3734 473 3806 Opifex
522 3733 877 3804 judicaretur.
909 3730 1199 3787 Dissimilia
1237 3739 1419 3786 autem
1471 3730 1551 3784 sui
1596 3738 1652 3784 et
1688 3722 1858 3800 oppo-

296 3828 405 3883 sita
433 3827 681 3882 dicuntur
728 3840 848 3881 esse
871 3824 897 3858 ⁸
924 3833 981 3881 et
1006 3832 1133 3879 sunt
1159 3822 1372 3887 omnia,
1406 3837 1546 3892 quae
1573 3822 1862 3890 praedictis

289 3916 580 3970 virtutibus
617 3922 978 3986 opponuntur,
1023 3928 1130 3968 non
1168 3920 1227 3967 ut
1267 3913 1516 3983 negativa
1554 3926 1648 3966 seu
1685 3910 1862 3980 priva-

292 4009 436 4073 tiva,
465 4010 558 4063 sed
586 4017 810 4064 naturae
839 4005 1275 4064 dissimilitudine
1301 4016 1357 4061 et
1383 4006 1736 4076 oppositione.
1781 4004 1863 4061 Si-

290 4098 508 4168 quidem
528 4097 799 4169 perfectae
811 4098 1077 4155 essentiae
1091 4096 1404 4152 similiterin
1422 4100 1617 4168 genera
1634 4095 1865 4151 formas-

293 4204 402 4259 que
430 4204 526 4258 per
559 4188 887 4244 differentias
914 4196 969 4243 et
1001 4187 1379 4259 proprietates,
1419 4188 1862 4258 uniformiterque

292 4278 570 4333 ordinatae
600 4293 696 4348 per
720 4276 956 4349 singulas
984 4276 1210 4346 species,
1232 4277 1380 4330 omni
1406 4275 1717 4332 confusione
1737 4279 1864 4333 sub-

294 4380 486 4435 tracta,
532 4369 915 4441 imperfectio‘
941 4367 1188 4424 informis
1233 4368 1410 4424 adhuc
1439 4370 1697 4441 materiae
1740 4371 1759 4402 ⁷
1808 4378 1863 4426 et

294 4459 565 4515 mobilitas
591 4460 879 4530 opponitur
898 4458 941 4524 ³,
974 4459 1209 4513 aeternis
1238 4458 1551 4527 temporalia
1573 4499 1587 4525 ,
1612 4460 1863 4514 immuta-

1962 3280 2191 3348 dignum
2222 3289 2342 3330 esse
2373 3273 2606 3327 videtur.
2934 3316 2953 3329 ,
3152 3336 3158 3342 ,

2032 3343 2087 3423 ἦ.
2125 3368 2272 3422 Dtsc.
2316 3365 2542 3433 Dignum
2583 3360 2822 3430 quidem.
2868 3354 2981 3410 llac
3020 3350 3166 3407 enim
3211 3343 3530 3417 quaestione

1959 3462 2162 3516 nullam
2184 3457 2431 3512 altiorem
2460 3449 2871 3523 inquisitoribus
2903 3443 3146 3500 veritatis
3169 3435 3537 3509 quaerendam

1959 3565 2080 3604 esse
2103 3548 2358 3602 arbitror.
2390 3542 2626 3605 Etenim,
2658 3548 2720 3593 ut
2762 3534 3149 3607 praediximus,
3195 3528 3336 3581 facta
3366 3531 3543 3578 aeter-

1960 3639 2047 3693 nis
2086 3642 2449 3707 opponuntur.
2521 3634 2602 3686 Ac
2641 3643 2738 3699 per
2785 3628 2911 3690 hoc,
2959 3625 3004 3680 si
3048 3621 3215 3683 facta,
3260 3632 3367 3672 non
3416 3623 3542 3668 sunt

1960 3740 2213 3796 aeterna;
2242 3729 2288 3784 si
2310 3735 2551 3789 aeterna,
2576 3737 2684 3778 non
2706 3728 2832 3776 sunt
2857 3718 2900 3750 ³⁸
2927 3716 3087 3771 facta.
3116 3711 3247 3766 Nam
3275 3717 3332 3762 nt
3352 3706 3540 3761 eadem

1962 3835 2019 3881 et
2047 3828 2089 3862 "
2116 3831 2337 3879 aeterna
2376 3818 2538 3875 simul
2558 3825 2615 3871 et
2642 3814 2783 3869 facta
2816 3811 2943 3873 sint,
2977 3823 3081 3878 qua
3113 3804 3319 3860 ratione
3359 3797 3542 3854 doceri

1960 3916 2158 3978 valeat,
2187 3928 2295 3967 non
2332 3910 2463 3964 mihi
2489 3905 2745 3962 occurrit.
2792 3901 3027 3955 Proinde
3060 3897 3104 3934 ιο
3148 3893 3222 3948 nil
3268 3889 3412 3944 aliud
3455 3902 3542 3941 re-

1963 4014 2091 4070 stat,
2121 4015 2182 4058 ut
2208 4003 2463 4065 aestimo,
2491 3998 2594 4053 nisi
2624 4006 2682 4049 ut
2703 4003 2798 4050 aut
2822 3993 2922 4047 ista
2956 3988 3171 4058 penitus
3196 3996 3328 4054 prae
3370 3978 3539 4033 nimia

1964 4098 2047 4153 sui
2076 4067 2361 4150 altitudine
2384 4091 2602 4147 silentio
2625 4084 3036 4144 bonurilicelur,
3068 4085 3183 4141 aut,
3210 4074 3254 4128 si
3290 4070 3416 4140 quid
3444 4067 3538 4127 tibi

1963 4188 2031 4243 de
2055 4201 2120 4241 ea
2163 4185 2379 4239 videtur
2415 4175 2874 4248 investigandum,
2927 4167 3247 4236 investigare
3289 4159 3535 4227 incipias.

1964 4279 2103 4334 Mae.
2136 4275 2433 4343 Utrumque
2457 4269 2588 4324 Inibi
2609 4267 2838 4328 videtur,
2865 4270 2925 4317 ut
2947 4270 3003 4315 et
3022 4261 3067 4294 ’ί
3093 4255 3338 4317 eandem,
3364 4264 3540 4320 quan-

1964 4381 2078 4427 tum
2121 4370 2265 4425 acies
2291 4360 2765 4433 contemplationis
2797 4364 3014 4411 nostrae
3039 4351 3152 4404 Deo
3201 4344 3538 4401 illuminante

1963 4481 2031 4520 ex
2059 4463 2228 4517 nimio
2254 4458 2567 4515 subtilitatis
2590 4468 2719 4510 suae
2753 4450 2961 4519 fulgore
2988 4460 3094 4501 non
3124 4438 3418 4510 repellitur,
3455 4435 3537 4488 in-

292 4550 490 4604 bilibus
562 4525 859 4612 mutabilia,
913 4548 1246 4618 simplicibus
1292 4525 1621 4618 composita,
1671 4558 1727 4603 et
1772 4565 1859 4604 cc-

1966 4556 2232 4623 vcstigare
2269 4567 2373 4605 non
2408 4550 2602 4619 pigeat,
2646 4561 2714 4600 ne
2754 4541 2991 4597 desidiae
3030 4551 3124 4592 seu
3165 4531 3389 4587 inertiae
3418 4525 3537 4581 cul-

293 4647 408 4693 tera
432 4637 478 4703 ’,
505 4653 642 4708 quae
670 4638 835 4692 veluti
862 4650 927 4690 ex
955 4638 1217 4691 diametro
1260 4638 1360 4691 sibi
1392 4638 1621 4692 invicem
1658 4651 1690 4691 e
1728 4654 1855 4693 eon-

293 4730 463 4785 trario
491 4730 834 4800 respondent.
863 4728 1067 4784 llorum
1100 4729 1279 4800 itaque
1304 4731 1573 4794 omnium,
1604 4730 1856 4785 similium

288 4821 414 4877 dico
441 4830 496 4877 ct
524 4823 893 4886 dissimilium,
937 4837 1079 4877 unus
1118 4830 1280 4891 atque
1318 4822 1458 4875 idem
1503 4821 1694 4876 artifex
1736 4832 1854 4889 est,

291 4909 449 4979 cujus
474 4912 861 4982 omnipotentis
890 4912 942 4965 in
975 4910 1171 4966 nullius
1208 4919 1434 4964 naturae
1464 4911 1644 4965 deﬁcit
1670 4927 1859 4981 opera-

292 5004 460 5058 tione.
482 5003 770 5058 Proinde“
792 5002 1132 5072 pulchritudo
1157 5004 1315 5057 totius
1336 5002 1706 5059 universitatis
1728 5020 1858 5059 con-

293 5092 469 5157 ditae,
516 5093 770 5147 similium
819 5101 875 5146 et
918 5091 1291 5153 dissimilium,
1343 5092 1575 5145 mirabili
1622 5095 1855 5161 quadam

293 5185 573 5239 harmonia
618 5184 907 5240 constituta
945 5192 1061 5250 est,
1091 5199 1157 5239 ex
1187 5183 1412 5238 diversis
1441 5185 1729 5254 generibus
1768 5202 1857 5240 va-

1961 4661 2085 4717 pam
2114 4647 2481 4707 incurramus;
2524 4640 2611 4694 ubi
2656 4652 2785 4692 vero
2832 4628 3147 4687 intentionis
3184 4632 3398 4679 nostrae
3428 4619 3537 4671 vir-

1963 4714 2131 4790 tutem
2158 4740 2477 4802 exsuperat,
2500 4738 2682 4785 etnon
2704 4726 2907 4796 patitur
2934 4718 3202 4775 mentibus
3230 4714 3403 4768 adhuc
3430 4717 3534 4762 ter-

1965 4842 2093 4881 rena
2139 4825 2469 4880 habitatione
2509 4821 2778 4890 depressis
2824 4812 3078 4887 perspici,
3129 4815 3185 4862 et
3228 4805 3294 4859 ad
3342 4817 3534 4873 purum

1964 4920 2228 4990 dignosci,
2279 4917 2493 4972 silentio
2520 4914 2701 4969 cordis
2741 4920 2797 4965 et
2839 4910 2951 4964 oris
2980 4897 3381 4960 ltonoriﬁeanda
3428 4902 3531 4957 est,

1962 4988 2186 5077 ne—quid
2218 5016 2421 5061 temere
2447 5005 2512 5059 de
2538 5019 2601 5057 ea
2631 5002 2971 5057 deﬁniamns.
3010 4997 3155 5052 DISC.
3187 4991 3265 5045 Ita
3311 4988 3424 5050 ﬁat,
3469 4998 3535 5037 ac

1962 5099 2079 5153 sine
2107 5112 2257 5151 mora
2286 5095 2450 5164 hujus
2482 5093 2847 5163 inquisitionis
2874 5091 3015 5144 viam
3055 5084 3252 5151 arripe.

2033 5187 2086 5241 8.
2128 5186 2266 5240 MAG.
2308 5186 2386 5241 De
2412 5201 2498 5249 eo,
2540 5184 2682 5253 quod
2708 5183 2889 5239 omnia
2928 5181 2981 5235 in
3010 5176 3187 5233 Verbo
3224 5168 3319 5225 Dei
3348 5165 3533 5241 unige-

1575 5337 1830 5394 VARIAE
1868 5341 2265 5399 LECTlONES.

362 5487 379 5518 ¹
413 5477 504 5533 δίο
531 5477 658 5543 AC;
690 5474 1087 5549 Humum“?
1166 5475 1196 5549 Ῐ
1220 5474 1325 5527 Pr“
1348 5493 1378 5529 α
1403 5491 1503 5549 im"
1593 5493 1682 5549 ("1-
1762 5478 1782 5508 ³
1811 5487 1851 5532 U
1879 5482 2087 5549 poterit.
2163 5483 2184 5512 δ
2213 5481 2252 5534 Δ
2275 5481 2461 5535 iurem:
2489 5496 2635 5545 posse
2659 5479 2788 5547 ﬁeri.
2864 5474 2940 5528 Ἀ
2960 5490 3069 5527 esse
3096 5472 3363 5524 dicuntur.
3439 5467 3461 5497 ⁸
3488 5467 3531 5521 Α

287 5550 609 5616 imperfecto.
682 5549 702 5580 ⁷
731 5548 771 5601 (ἶ
796 5547 1030 5599 materie.
1105 5549 1126 5580 ⁸
1153 5548 1192 5603 C
1229 5546 1455 5614 apponit.
1531 5545 1550 5575 θ
1578 5546 1623 5599 Α
1670 5545 1900 5600 acterna.

902 5617 946 5656 ⁸⁵
994 5616 1033 5671 C
1068 5633 1162 5685 per
1186 5617 1539 5685 generationes
1567 5617 1909 5669 occasionem.

782 5687 824 5721 ¹⁹
853 5699 898 5741 et
928 5702 1013 5741 om
1178 5674 1222 5726 ίδ
1253 5688 1295 5738 A
1333 5683 1574 5739 Perinde.
1650 5686 1692 5719 ²²
1720 5685 1759 5741 C
1788 5681 1843 5739 ut
1867 5687 1954 5741 ad.

290 5619 475 5673 fidens.
555 5618 599 5648 ”
625 5618 663 5670 A
695 5619 823 5671 sive.

294 5688 337 5724 ³⁸
360 5698 480 5742 sunt
530 5703 616 5742 Olll
643 5688 706 5743 Α.

1979 5551 2021 5587 ¹⁰
2053 5551 2091 5603 A
2123 5550 2363 5604 Perinde.
2440 5538 2565 5604 “vel
2618 5538 2993 5619 quamimlilnm
3039 5560 3147 5595 mn.
3179 5541 3240 5595 C.
3288 5540 3362 5619 ﬂ"
3390 5539 3427 5590 Α
3456 5538 3533 5619 ul-

1990 5620 2032 5652 "
2062 5622 2102 5673 Α
2152 5621 2450 5689 prudentia.
2529 5621 2573 5651 ¹⁶
2619 5609 2663 5673 Si
2695 5619 2804 5672 Sir.
2884 5619 2923 5653 ³⁷
2954 5614 3058 5668 Pro
3102 5616 3154 5665 in
3178 5627 3257 5664 me
3284 5610 3323 5664 C
3352 5609 3528 5663 modo.
