4064 6292
575 343 684 402 6'59

1934 337 2053 399 10A
2063 340 2216 397 NNIS
2255 335 2453 396 SCO'I'l

3718 342 3829 399 6-ιο

573 458 688 509 aito
712 461 931 509 aeterna
961 461 1088 509 sunt
1142 453 1184 516 ⁸.
1228 452 1403 522 primo
1429 452 1713 508 dicendum
1745 451 1951 523 judico.
1988 453 2136 507 Disc.
2168 456 2214 512 Α
2243 450 2515 505 desinunt.
2582 446 2721 504 Ilio.
2782 445 3071 504 Simillimo
3140 449 3532 522 verissimoqne
3580 468 3713 510 usus
3767 472 3831 512 es

573 544 684 600 Nec
735 546 892 599 aliter
935 545 1078 598 volo.
1121 544 1204 598 Ab
1248 559 1313 595 co
1359 544 1522 607 enim,
1574 544 1715 612 quod
1745 544 2035 613 praecedit,
2060 560 2150 597 ra-

573 635 853 690 tiocinatio
879 643 963 689 est
1003 634 1328 689 inchoanda.
1350 633 1634 687 Praecedit
1661 642 1838 688 autem
1868 638 1890 669 ³
1915 633 2149 687 aeterni-

573 739 659 782 tas
716 725 1005 781 facturam.
1076 726 1159 779 Ah
1218 740 1283 779 ea
1341 724 1362 756 ⁸
1422 726 1584 793 igitur
1631 732 1715 778 est
1766 723 2144 777 inchoandum.

572 816 713 872 Msa.
749 817 877 870 Esto
904 815 1067 885 igitur
1086 816 1107 846 δ
1136 815 1393 877 intentus,
1435 823 1487 866 et
1514 813 1654 874 vide,
1680 827 1748 867 ne
1768 813 1895 881 quid
1930 813 2148 866 incaute

572 906 855 967 concedas,
885 920 951 958 ne
978 905 1171 958 iterum
1217 913 1269 958 te
1296 903 1633 957 concessisse
1657 903 1948 970 poeniteat.
1995 901 2145 955 Disc.

572 996 888 1065 ingredere;
920 995 1160 1050 intentus
1187 1010 1325 1055 sum,
1357 1009 1423 1047 ne
1453 993 1581 1062 quid
1608 1003 1807 1047 temere
1830 994 2143 1047 concedam.

557 1085 713 1139 .Mtc.
751 1085 888 1151 Quid
938 1084 1032 1137 tibi
1082 1083 1338 1137 videtur?
1398 1081 1533 1146 Num
1593 1082 1737 1135 Deus
1782 1081 2143 1135 accidentium

574 1189 743 1243 rapax
770 1174 891 1227 est?
918 1172 1062 1227 Disc.
1085 1172 1247 1224 .Ahsit
1266 1172 1335 1224 ab
1359 1171 1464 1233 his,
1498 1170 1587 1238 qui
1610 1171 1677 1224 de
1706 1171 1936 1229 veritate
1955 1185 2144 1224 sanum

572 1266 852 1327 sentiunt,
906 1265 1008 1318 hoc
1062 1263 1244 1318 dicere
1288 1262 1371 1316 vel
1420 1264 1679 1332 cogitare.
1743 1247 1946 1315 Natura
1999 1262 2144 1318 enim

572 1357 741 1425 ipsius
773 1355 995 1424 simplex
1028 1362 1129 1414 est,
1173 1363 1228 1407 et
1255 1352 1538 1421 plusquam
1577 1352 1826 1421 simplex,
1869 1352 2147 1406 omnibus-

572 1461 677 1513 que
725 1445 1093 1500 accidentibus
1140 1443 1402 1508 absoluta,
1449 1454 1502 1497 et
1552 1444 1834 1512 plusquam
1878 1443 2144 1497 absoluta.

570 1539 710 1591 Mne.
744 1537 883 1591 Nihil
932 1553 1060 1606 ergo
1105 1536 1212 1588 Deo
1256 1534 1489 1589 accidit?
1518 1534 1660 1587 Dtsc.
1710 1533 1942 1588 Omnino
1988 1532 2141 1586 nihil.

575 1629 715 1684 Mne.
750 1628 934 1696 Itaque
963 1644 1068 1680 non
1095 1635 1178 1681 est
1212 1628 1261 1680 ei
1289 1625 1559 1685 accidens,
1585 1625 1990 1678 universitatem
2017 1639 2146 1678 con-

577 1720 725 1772 dere.
764 1717 895 1772 Eam
932 1727 1111 1770 tamen
1156 1716 1463 1770 condidisse
1508 1714 1788 1783 Scriptura
1839 1728 1992 1767 sacra
2035 1728 2141 1766 non

2238 539 2520 610 exemplo.
2562 538 2892 594 Testimonia
2931 554 3145 609 quoque
3189 550 3245 595 et
3284 557 3472 596 sacrae
3511 542 3834 612 Scripturae

2248 638 2306 684 et
2338 639 2652 685 sanctorum
2688 630 2909 684 Patrum
2935 632 3121 685 omnia
3179 631 3233 686 in
3281 630 3395 687 Deo
3433 647 3555 687 esse
3600 643 3829 688 aeterna

2247 722 2531 791 perhibent
2571 722 2614 774 ⁸.
2667 721 2957 792 Apostolus
2996 737 3014 775 :
3060 722 3128 776 In
3173 739 3274 791 quo
3343 725 3583 790 vivimus,
3633 726 3829 794 inquit,

2246 811 2348 864 et'
2404 827 2693 875 moventur,
2737 820 2787 865 et
2831 828 3035 867 sumus.
3066 812 3123 867 In
3170 812 3282 867 Deo
3322 813 3467 867 enim
3512 829 3704 868 sumus
3734 829 3834 884 per

2245 900 2597 955 excellentem
2634 910 2692 954 et
2731 910 2861 956 ante
2886 904 3209 958 existentem
3246 904 3303 957 in
3349 905 3464 971 ipso
3491 913 3712 959 nostrae
3740 921 3833 960 es-

2246 991 2455 1046 sentiae
2493 993 2788 1058 rationem;
2830 1008 3111 1048 movemur
3149 1002 3328 1048 autem
3374 995 3429 1048 in
3475 994 3587 1050 Deo
3630 1010 3832 1049 secun-

2247 1083 2373 1136 dum
2422 1083 2840 1152 praecedentem
2884 1084 2938 1138 in
2976 1083 3093 1153 ipso
3131 1084 3268 1139 bene
3294 1084 3509 1139 essendi
3559 1084 3833 1138 rationem

2246 1187 2344 1242 per
2374 1174 2603 1227 virtutes
2652 1174 3106 1228 bonae-actionis.
3152 1173 3323 1229 Porro
3366 1175 3420 1228 in
3458 1173 3572 1228 Deo
3600 1174 3835 1229 vivimus

2247 1264 2546 1317 secundum
2610 1266 3023 1333 praecedentem
3090 1265 3143 1319 in
3211 1266 3329 1335 ipso
3382 1264 3426 1297 ³⁸
3476 1281 3699 1337 semper
3750 1267 3833 1320 vi-

2248 1352 2407 1405 veudi
2442 1362 2499 1406 ct
2527 1354 2794 1408 existeudi
2824 1353 3109 1408 rationem.
3144 1353 3211 1409 Et
3253 1370 3322 1410 ne
3381 1356 3505 1423 quis
3570 1356 3833 1410 aestima-

2252 1451 2377 1506 ret,
2443 1443 2588 1497 aliud
2645 1459 2743 1498 nos
2815 1458 2973 1507 esse,
3048 1451 3104 1499 et
3159 1444 3303 1499 aliud
3375 1454 3593 1500 nostras
3666 1445 3835 1499 ratio-

2248 1547 2371 1595 nes,
2432 1547 2539 1587 non
2594 1533 2750 1597 dixit,
2804 1533 2859 1586 in
2918 1550 3027 1603 quo
3080 1543 3298 1611 nostrae
3349 1537 3586 1590 rationes
3623 1537 3833 1596 vivunt,

2246 1632 2302 1676 et
2333 1632 2636 1689 incveutur,
2667 1633 2723 1679 et
2753 1637 2898 1690 sunt,
2927 1627 3021 1680 sed
3050 1627 3207 1691 dixit,
3235 1627 3287 1681 in
3334 1643 3441 1697 quo
3488 1628 3750 1692 vivimus,
3779 1638 3833 1683 et

2248 1727 2548 1777 movemur,
2577 1722 2632 1769 et
2673 1731 2879 1770 sumus.
2910 1716 3054 1770 Nihil
3078 1717 3223 1772 enim
3251 1718 3395 1772 aliud
3422 1734 3523 1773 nos
3543 1734 3755 1779 sumus,
3780 1720 3835 1773 in

572 1818 737 1870 tacet,
775 1808 869 1862 sed
910 1814 1095 1875 aperte
1140 1805 1359 1867 clamat,
1390 1804 1612 1856 dicens:
1641 1802 1709 1855 In
1743 1801 1997 1871 principio
2028 1802 2147 1869 fecit
2182 1799 2222 1857 Β
2249 1814 2510 1872 quantum
2540 1819 2747 1870 sumus,
2777 1806 2880 1859 nisi
2904 1806 3052 1876 ipsae
3075 1808 3313 1863 rationes
3339 1819 3557 1862 nostrae
3580 1819 3833 1863 aeterna-

569 1899 710 1951 Deus
737 1895 960 1958 caelum,
987 1905 1034 1948 ct
1064 1905 1279 1957 terram,
1304 1904 1359 1947 et
1386 1904 1563 1946 cetera
1581 1932 1595 1957 ,
1637 1906 1776 1960 quae
1796 1893 1864 1945 de
1896 1892 2150 1961 operibus

566 1990 863 2057 primorum
915 2002 1007 2040 sex
1053 1987 1258 2040 dierntn
1306 1985 1577 2053 leguntur.
1625 1985 1771 2038 Dtsc.
1824 1984 1965 2036 Deus
2024 1982 2047 2013 ⁸
2092 1992 2150 2036 et

568 2082 977 2137 universitatem
1008 2089 1378 2134 creaturarum
1412 2077 1673 2139 condidit,
1703 2090 1933 2145 eamque
1958 2075 2147 2129 condi-

568 2177 711 2227 disse
740 2188 844 2225 uon
874 2180 959 2225 est
981 2171 1028 2223 ei
1073 2171 1342 2224 accidens.
1378 2168 1519 2222 Mm.
1565 2167 1681 2221 Non
1712 2182 1840 2237 ergo
1873 2175 1993 2221 erat
2022 2167 2150 2220 sub-

568 2263 788 2322 sistens,
835 2268 1124 2327 antequam
1170 2258 1578 2311 uuiversitatem
1627 2257 1904 2310 conderet.
1943 2254 2078 2309 Nam
2100 2256 2146 2310 si

565 2359 732 2415 esset,
768 2351 1008 2406 conditio
1057 2349 1157 2403 sibi
1214 2362 1393 2401 rerum
1438 2348 1731 2401 accideret.
1785 2347 1926 2401 Disc.
1979 2346 2145 2400 Deum

567 2442 892 2512 praecedere
926 2440 1332 2493 universitatem
1373 2438 1648 2491 credimus
1672 2476 1689 2501 ,
1732 2452 1836 2491 non
1887 2445 2145 2504 tempore,

570 2535 667 2589 sed
698 2550 759 2588 ea
789 2531 899 2587 sola
932 2533 1164 2595 ratione,
1202 2546 1307 2601 qua
1336 2545 1500 2585 causa
1527 2530 1768 2583 omnium
1801 2529 1917 2599 ipse
1947 2528 2144 2584 intelli-

570 2628 733 2697 gitur.
789 2624 845 2680 Si
898 2625 1040 2679 enim
1092 2634 1334 2694 tempore
1380 2623 1749 2693 praecederet,
1802 2622 2048 2676 accidens
2096 2621 2145 2676 ei

568 2717 864 2772 secundum
898 2723 1110 2785 tempus
1151 2715 1329 2769 facere
1366 2713 1769 2768 universitatem
1799 2712 1957 2767 foret.
2004 2711 2148 2776 Quo-

567 2808 714 2862 niam
745 2821 874 2859 vero
904 2820 964 2860 ea
996 2804 1107 2858 sola
1140 2806 1370 2869 ratione,
1404 2821 1510 2873 qua
1536 2820 1699 2859 causa
1729 2814 1835 2869 est,
1883 2803 2149 2857 universi-

571 2904 736 2951 tatem
774 2896 842 2949 ah
871 2911 937 2949 eo
962 2894 1233 2949 conditam
1261 2895 1553 2965 praecedit,
1585 2894 1847 2964 sequitur,
1883 2894 2149 2948 universi-

573 2990 700 3044 tatis
731 2989 1095 3045 conditionem
1127 3003 1233 3042 non
1261 3002 1382 3042 esse
1412 2986 1521 3041 Deo
1543 2987 1839 3042 secundum
1873 2986 2145 3048 accidens,

569 3082 662 3135 sed
703 3081 998 3136 secundum
1045 3079 1314 3147 quandam
1342 3077 1662 3133 iueﬂ'abilem
1696 3080 1994 3142 rationem,
2042 3094 2147 3147 qua

2252 1897 2375 1950 liter
2407 1898 2460 1950 in
2504 1896 2614 1950 Deo
2657 1897 3003 1952 substitutae.
3037 1898 3272 1953 Sanctus
3320 1899 3448 1954 item
3498 1899 3835 1968 Augustinus

2250 1988 2303 2041 iu
2333 1988 2604 2058 opusculis
2628 1990 2742 2043 suis
2781 1989 3108 2059 operationis
3136 1990 3351 2045 divinae
3394 1989 3830 2060 quadriformetn

2251 2081 2522 2135 rationem
2552 2095 2847 2149 exponens,
2869 2081 3105 2136 secunda
3132 2080 3184 2134 in
3212 2079 3372 2135 Verbi
3418 2082 3511 2134 Dei
3551 2082 3838 2152 dispensa-

2254 2172 2400 2226 tione
2430 2187 2535 2225 non
2567 2171 2734 2235 laeta,
2763 2172 2860 2226 sed
2893 2180 3114 2226 aeterna
3150 2187 3273 2226 esse
3301 2170 3565 2237 aﬂirmat;
3599 2173 3691 2227 tibi
3730 2189 3835 2227 non

2247 2258 2420 2312 solum
2451 2258 2654 2323 secula,
2686 2274 2874 2313 verum
2923 2259 3090 2313 etiam
3121 2260 3323 2323 omnia,
3351 2260 3509 2315 uibus
3534 2262 3759 2329 qsecula
3783 2274 3837 2315 et

2248 2359 2580 2420 peraguntur
2606 2358 2662 2404 et
2692 2348 3002 2418 implentur,
3039 2349 3211 2404 voluit
3256 2349 3500 2421 intelligi.
3545 2350 3832 2420 Operatio,

2251 2441 2443 2510 inquit,
2474 2441 2677 2505 divina,
2707 2457 2841 2511 quae
2866 2440 3041 2495 secula
3066 2442 3258 2494 creavit
3292 2450 3341 2493 et
3369 2441 3663 2510 gubernat,
3702 2459 3834 2510 qua-

2247 2529 2493 2597 driformi
2525 2532 2726 2583 ratione
2763 2530 3125 2600 distinguitur.
3171 2529 3376 2592 Primo,
3405 2532 3547 2600 quod
3590 2532 3644 2584 in
3681 2530 3834 2585 Verbi

2245 2619 2345 2675 Dei
2369 2620 2752 2689 dispensatione
2796 2637 2902 2675 non
2947 2621 3113 2691 facta,
3144 2621 3235 2674 sed
3277 2631 3494 2675 aeterna
3552 2608 3700 2686 sunt,
3744 2624 3832 2691 qui

2249 2727 2343 2765 nos
2371 2710 2621 2781 Apostolo
2650 2706 2781 2765 teste
2806 2722 2927 2766 ante
2971 2722 3203 2781 tempora
3250 2713 3510 2766 secularia
3549 2714 3835 2781 praedesti-

2252 2805 2393 2857 navit
2440 2805 2496 2857 in
2527 2820 2762 2873 regnum.
2795 2802 2930 2856 Item
2973 2803 3101 2857 alibi
3129 2799 3210 2856 ‘de
3235 2801 3500 2857 Trinilate
3539 2804 3829 2857 scribens:

2262 2892 2487 2947 Verbum
2530 2894 2648 2957 Dei,
2680 2893 2874 2963 inquit,
2899 2908 2993 2963 per
3015 2892 3153 2962 quod
3185 2891 3330 2961 facta
3361 2901 3483 2945 sunt
3514 2894 3721 2958 omnia,
3751 2892 3832 2946 ubi

2249 2989 2739 3041 incommutabiliter
2765 2988 2936 3042 uiuunt
2966 2986 3166 3048 omnia,
3195 3002 3298 3039 non
3331 2985 3522 3047 solum,
3548 3002 3686 3055 quae
3714 2986 3830 3055 fue-

2256 3089 2399 3144 runt,
2424 3096 2599 3133 verum
2621 3079 2802 3141 etiam,
2823 3093 2957 3147 quae
2987 3077 3166 3147 futura
3195 3085 3318 3131 sunt
3335 3093 3354 3142 ,°
3386 3092 3476 3130 nec
3498 3087 3611 3129 tum
3642 3078 3699 3130 in
3727 3078 3837 3144 ipso

571 3173 847 3225 causativa
898 3170 951 3223 in
981 3184 1142 3224 causa
1181 3183 1276 3223 sua
1307 3182 1520 3237 semper
1563 3168 1880 3223 subsistunt.
1917 3167 2056 3223 liae.
2090 3168 2147 3222 Si
2177 3144 2221 3205 (ἶ
2254 3171 2489 3239 fuerunt,
2521 3186 2612 3224 nec
2639 3170 2821 3239 futura
2836 3144 2971 3223 sunt
2988 3144 3176 3235 v“,sed
3203 3169 3567 3223 tantummodo
3600 3178 3761 3230 sunt;
3784 3174 3833 3219 et

568 3262 733 3330 igitur
781 3260 924 3314 nulla
977 3260 1078 3312 alia
1122 3260 1331 3314 ratione
1370 3260 1509 3314 Deus
1557 3260 1962 3314 universitatem
2013 3275 2043 3312 a
2091 3274 2150 3314 se

570 3353 841 3407 conditam
872 3354 1171 3421 praecedit,
1214 3363 1430 3421 praeter
1474 3352 1616 3405 illam
1664 3350 1855 3416 solam,
1883 3368 1989 3421 qua
2034 3351 2149 3420 ipse

571 3460 732 3499 causa
764 3455 874 3506 θείς
916 3458 979 3497 ea
1025 3459 1152 3496 vero
1190 3444 1487 3508 causativa,
1526 3454 1580 3498 et
1613 3459 1774 3498 omne
1813 3445 2146 3497 causativum

569 3548 784 3602 semper
835 3534 887 3586 in
941 3548 1103 3587 causa
1146 3534 1430 3597 subsistit,
1475 3532 1635 3587 aliter
1667 3533 1810 3587 enim
1854 3548 1953 3587 nec
1983 3547 2147 3587 causa

566 3638 729 3675 causa
758 3629 872 3685 est,
905 3637 1001 3675 nec
1025 3622 1359 3676 causativum
1383 3623 1720 3676 causativum
1746 3637 1761 3684 ;
1791 3622 2007 3691 Deoque
2038 3638 2144 3675 non

569 3712 769 3765 accidit
814 3712 1047 3766 causalis
1076 3727 1216 3775 esse,
1249 3726 1462 3781 semper
1505 3712 1647 3766 enim
1696 3727 1860 3768 causa
1896 3723 1950 3768 et
1981 3712 2001 3744 ⁶
2041 3721 2145 3776 est,

568 3812 626 3854 et
648 3810 783 3866 erat,
806 3811 859 3856 et
885 3802 1021 3865 erit;
1053 3816 1267 3870 semper
1293 3802 1458 3871 igitur
1481 3803 1754 3857 causativa
1786 3805 1838 3858 in
1865 3820 1962 3858 sua
1984 3819 2147 3859 causa

567 3892 900 3955 subsistunt,
957 3900 1013 3944 et
1061 3892 1439 3954 substiterunt,
1493 3900 1549 3946 et
1608 3893 1907 3947 substitura
1971 3903 2141 3948 sunt:

568 3985 796 4056 proinde
826 3984 1149 4039 universitas
1176 3984 1228 4037 in
1257 3998 1350 4038 sua
1378 3999 1566 4047 causa,
1596 3985 1849 4053 quoniam
1872 3986 2143 4039 causativa

569 4082 674 4139 est,
723 4076 824 4129 hoc
868 4082 972 4138 est,
1024 4088 1156 4127 suae
1199 4088 1395 4128 causae
1440 4074 1734 4143 particeps,
1778 4084 1997 4128 aeterna
2041 4082 2143 4129 est.

572 4163 762 4218 Totius
822 4178 952 4233 ergo
996 4163 1015 4195 "
1071 4171 1353 4217 creaturae
1408 4162 1810 4217 universitatem
1867 4172 2145 4217 aeternam

551 4241 692 4308 esse
722 4254 773 4307 in
805 4251 981 4307 Verbo
1011 4253 1105 4306 Dei
1149 4252 1493 4305 manifestum
1534 4263 1637 4306 est.
1679 4253 1825 4307 Disc.
1857 4252 1992 4306 Huic
2018 4267 2146 4305 con-

570 4343 799 4397 clusioni
831 4343 1203 4396 contradicere
1224 4357 1325 4394 von
1350 4341 1525 4403 valeo,
1556 4346 1681 4394 dum
1708 4341 1822 4394 sine
1850 4340 1954 4392 tilla
1983 4338 2148 4393 ambi-

569 4438 772 4507 guitate
822 4436 1125 4500 considero,
1172 4451 1362 4490 omnes
1407 4449 1657 4488 numeros
1703 4434 1756 4487 in
1802 4435 2045 4497 monade,
2090 4443 2145 4488 et

569 4544 762 4582 omnes
809 4528 975 4581 lineas
1022 4529 1073 4580 in
1105 4537 1292 4581 centro
1341 4526 1686 4581 aeternaliter
1729 4535 1784 4582 et
1814 4510 2149 4581 urniformiter

572 4619 891 4674 subsistere.
920 4617 986 4671 Et
1016 4619 1262 4686 quamvis
1296 4626 1418 4671 actu
1459 4626 1512 4671 et
1538 4632 1700 4687 opere
1736 4618 2070 4671 numerantis
2096 4627 2151 4674 et

568 4704 827 4760 liueanlis
874 4707 926 4760 in
968 4706 1149 4761 varias
1201 4723 1544 4762 numerorum
1593 4708 1799 4777 species
1847 4709 2150 4777 ﬁgurasque

571 4798 900 4862 formentur,
938 4813 1152 4866 semper
1180 4808 1355 4853 tamen
1388 4801 1439 4853 in
1477 4800 1755 4869 principiis
1784 4801 1917 4863 suis,
1952 4800 2005 4853 in
2034 4814 2150 4853 mo-

571 4891 713 4945 nade
751 4893 871 4946 dico
910 4901 963 4946 et
1002 4903 1213 4957 centro,
1262 4894 1606 4949 uniformiter
1642 4903 2000 4965 permanent,
2050 4909 2148 4949 nec

570 4998 804 5053 unquam
846 4986 964 5038 sine
1008 4986 1089 5038 eis
1133 4986 1393 5055 principia
1429 4988 1794 5057 intelliguntur
1833 4987 2012 5049 fuisse,
2045 5002 2147 5041 nec

570 5074 627 5130 in
676 5076 809 5146 ipsis
851 5077 1135 5146 principiis
1176 5078 1290 5131 ﬁeri
1344 5079 1649 5143 inchoasse,
1700 5088 1755 5136 et
1794 5080 1919 5134 dum
1951 5080 2019 5133 ab
2066 5080 2146 5134 eis

566 5163 942 5234 multipliciter
1005 5165 1309 5235 proﬂuunt,
1377 5169 1630 5222 unil‘ormi
1686 5179 1865 5223 tamen
1940 5171 2145 5227 ratione

568 5264 790 5312 aeterno
832 5268 994 5327 atque
1022 5257 1444 5313 inconnnutabili
1490 5271 1631 5315 statu
1676 5260 1728 5314 in
1775 5262 1853 5316 eis
1882 5277 2003 5317 esse
2039 5278 2144 5319 non

2252 3265 2427 3317 omnia
2462 3279 2623 3316 unum
2653 3272 2794 3324 sunt,
2840 3274 2887 3315 et
2916 3261 3083 3331 magis
3115 3277 3276 3315 unum
3318 3269 3415 3314 est.
3441 3259 3575 3313 item
3606 3260 3659 3311 in
3694 3258 3833 3312 Exe-

2253 3370 2406 3407 mero
2435 3354 2500 3407 de
2532 3351 2644 3405 Deo
2673 3350 2884 3405 Verbo:
2910 3350 3095 3415 Aliter,
3126 3349 3318 3419 inquit,
3345 3350 3439 3403 sub
3462 3349 3575 3418 ipso
3603 3359 3725 3401 sunt
3750 3365 3833 3411 ea,

2251 3462 2387 3515 quae
2414 3462 2507 3515 per
2528 3445 2695 3512 ipsum
2723 3444 2864 3512 facta
2888 3451 3033 3507 sunt,
3056 3442 3210 3496 aliter
3234 3442 3287 3495 in
3316 3443 3426 3512 ipso
3446 3451 3567 3494 sunt
3592 3457 3677 3504 ea,
3703 3456 3836 3509 quae

2248 3539 2357 3605 ipse
2403 3543 2500 3588 est.
2536 3533 2814 3603 Tanquam
2851 3540 3036 3602 aperte
3080 3532 3284 3585 diceret
3329 3548 3343 3584 :
3394 3531 3567 3585 Aliter
3598 3533 3703 3585 sub
3749 3530 3835 3584 illo

2250 3635 2398 3692 sunt,
2428 3627 2555 3681 dum
2585 3642 2682 3696 per
2709 3625 3112 3694 generationem
3154 3624 3293 3677 facta
3325 3623 3377 3677 in
3422 3624 3746 3694 generibus,
3784 3631 3835 3675 et

2250 3727 2458 3788 formis,
2487 3727 2619 3780 locis
2640 3739 2872 3793 quoque,
2898 3722 3336 3792 temporibusque
3363 3722 3407 3755 ι’
3431 3720 3722 3774 visibiliter
3743 3733 3834 3789 per

2251 3818 2533 3871 materiem
2562 3824 2857 3886 apparent;
2886 3814 3046 3869 aliter
3069 3814 3121 3867 in
3157 3813 3271 3883 ipso
3298 3821 3444 3875 sunt,
3475 3813 3603 3865 dum
3631 3811 3688 3864 in
3724 3811 3834 3879 pri-

2253 3908 2609 3963 niordialibus
2637 3922 2817 3961 rerum
2857 3906 3059 3972 causis,
3094 3920 3234 3974 quae
3269 3920 3373 3959 non
3403 3904 3576 3958 solum
3606 3904 3660 3957 in
3704 3904 3835 3958 Deo.

2247 4015 2433 4056 verum
2481 3999 2644 4053 etiam
2673 3998 2815 4052 Deus
2842 4005 2991 4061 sunt,
3039 3994 3410 4068 aeternaliter.
3434 3992 3832 4061 intelliguntur.

2251 4091 2314 4145 Et
2338 4093 2459 4145 ideo
2483 4090 2561 4144 ait
2583 4079 2629 4121 “
2653 4107 2665 4142 :
2695 4103 2779 4153 ea,
2806 4101 2945 4157 quae
2971 4086 3083 4156 ipse
3110 4095 3225 4150 est;
3254 4099 3358 4139 non
3383 4083 3524 4151 quod
3556 4082 3661 4135 alia
3704 4082 3834 4143 siut,

2247 4197 2385 4251 quae
2434 4182 2487 4234 in
2515 4181 2625 4234 Deo
2653 4188 2799 4242 sunt,
2846 4186 2903 4231 et
2950 4177 3091 4230 Deus
3135 4188 3256 4229 esse
3291 4174 3571 4227 discuntur
3613 4178 3834 4240 propter

2247 4275 2506 4327 unitatem
2535 4280 2780 4333 naturae,
2812 4277 2866 4323 et
2887 4268 3011 4331 alia,
3043 4281 3184 4334 quae
3208 4281 3306 4333 per
3334 4262 3743 4333 generationem
3776 4260 3832 4313 in

2247 4364 2502 4418 mundum
2553 4363 2791 4424 veniunt,
2836 4361 2927 4413 sed
2966 4359 3092 4426 quia
3140 4371 3242 4408 una
3297 4354 3592 4423 eademque
3642 4367 3830 4406 rerum

2252 4462 2443 4505 natura
2477 4452 2635 4504 aliter
2680 4450 3055 4504 consideratur
3083 4448 3134 4499 in
3167 4444 3490 4498 aeternitate
3523 4441 3684 4517 \{erbi
3719 4442 3832 4503 Dei,

2253 4543 2413 4596 aliter
2451 4544 2501 4596 iu
2565 4541 2963 4610 temporalitate
3002 4538 3294 4593 constituta
3334 4536 3376 4564 “
3432 4534 3631 4588 nnmdi.
3695 4533 3836 4587 San-

2252 4643 2370 4689 ctus
2397 4634 2439 4665 "
2463 4648 2677 4703 quoque
2705 4632 2986 4702 Dionysius
3030 4628 3354 4698 Aeropagita
3384 4625 3435 4679 iu
3487 4624 3727 4694 capitulo
3769 4624 3835 4678 de

2249 4725 2491 4795 perfecto
2516 4734 2570 4779 et
2592 4740 2701 4778 uno
2726 4724 2838 4777 Deo
2868 4722 3123 4790 loquens:
3155 4717 3354 4781 Unum,
3389 4717 3580 4784 inquit,
3609 4715 3831 4775 dicitur,

2249 4818 2373 4885 quia
2406 4816 2577 4869 omnia
2603 4813 2966 4868 nniversaliter
2986 4822 3093 4874 est;
3118 4809 3316 4861 nullum
3342 4808 3475 4860 enim
3500 4806 3834 4858 existentiuat

2252 4918 2324 4961 est
2357 4924 2456 4961 non
2488 4908 2808 4976 participans
2838 4904 3011 4956 unius.
3051 4903 3120 4956 Et
3162 4900 3322 4969 paulo
3356 4908 3477 4967 post
3506 4916 3520 4950 :
3549 4896 3743 4965 Itaque
3786 4906 3833 4949 et

2251 5000 2348 5051 hoc
2367 4997 2800 5067 cognoscendum,
2830 4994 2953 5065 quia
2978 4992 3260 5044 secundum
3297 5005 3457 5041 unum
3492 4986 3835 5055 uniusrnjus-

2250 5106 2349 5157 que
2392 5088 2742 5157 pruecogitata
2788 5085 2834 5116 ⁸⁸
2863 5093 2936 5136 est
2981 5082 3197 5150 species,
3236 5079 3384 5132 unire
3425 5077 3612 5130 dicitur
3643 5077 3831 5137 uniti;

2203 5232 2209 5237 .
2251 5192 2298 5233 et
2328 5180 2561 5233 omm'um
2587 5187 2661 5230 est
2692 5193 2852 5229 unum
2881 5172 3164 5240 exemplar.
3198 5181 3244 5223 et
3272 5170 3317 5222 si
3339 5168 3603 5221 interimas
3636 5182 3830 5226 unum,

2253 5288 2414 5342 neque
2443 5270 2775 5332 universitas,
2801 5282 2960 5336 neque
2994 5261 3139 5317 aliud
3176 5260 3387 5331 aliquod
3416 5259 3459 5289 ¹⁷
3500 5257 3831 5311 existentium

1849 5375 2101 5433 VARIAE
2135 5380 2515 5438 LECTIONES

1014 5505 1035 5534 ²
1060 5493 1121 5547 Α·
1151 5492 1309 5547 enim.
1388 5491 1408 5521 ³
1444 5491 1481 5544 Α
1527 5509 1605 5546 eo.

1229 5562 1250 5592 ’
1287 5572 1333 5615 et
1366 5578 1473 5615 oni.
1504 5562 1568 5615 A.

638 5498 659 5532 ί
719 5492 761 5546 C
818 5496 938 5548 sint.

1683 5491 1706 5523 ⁸
1758 5494 1802 5547 Α
1855 5497 2045 5565 itaque.

571 5578 640 5614 nrt
694 5564 958 5632 perhibent
984 5581 1071 5619 om
1093 5563 1153 5618 C.

2125 5498 2146 5529 ⁸
2172 5499 2213 5552 Λ
2275 5500 2546 5555 Dominus.

1670 5565 1713 5602 ιο
1740 5566 1863 5619 bene
1890 5569 2093 5622 essendi
2118 5598 2182 5609 —
2210 5570 2263 5623 in
2295 5571 2405 5640 ipso
2433 5589 2542 5626 om.
2567 5571 2629 5627 C.

2638 5501 2659 5533 ‘
2706 5501 2751 5555 Α
2801 5509 2850 5554 et
2904 5512 3087 5552 causa.
3184 5487 3208 5521 "
3244 5486 3288 5541 Α
3318 5486 3497 5556 igitur.
3587 5485 3609 5516 ⁸
3657 5494 3832 5556 aster.

2709 5554 2751 5612 ξι
2778 5587 2868 5624 nec
2898 5579 3007 5621 tum
3036 5566 3092 5617 in
3122 5562 3232 5630 ipso
3253 5587 3321 5597 ——
3341 5554 3461 5630 sunt
3500 5569 3605 5610 om.
3641 5554 3706 5610 (Σ.
3788 5562 3833 5591 ﬂ

568 5628 1048 5729 And-temporibus.
1123 5651 1177 5729 ιλ
1199 5649 1302 5729 P_ro
1325 5660 1372 5729 et
1399 5650 1515 5729 ide?
1544 5651 1615 5705 ait
1648 5652 1691 5707 C
1718 5653 1823 5722 Qui
1874 5656 2002 5710 deus
2040 5658 2142 5711 nisi
2175 5672 2258 5714 ea.
2314 5628 2383 5699 ἰδ
2426 5658 2602 5729 Conj.,
2634 5662 2679 5715 A
2710 5660 2990 5714 constituta
3064 5652 3104 5707 C
3143 5628 3419 5703 constitui.
3519 5645 3565 5680 ¹⁸
3588 5644 3631 5699 Δ
3669 5644 3829 5699 δὶα-αι.

580 5719 622 5753 ³⁸
644 5721 683 5772 Α
716 5724 1055 5791 percogituta.
1132 5720 1177 5756 ¹⁷
1215 5721 1262 5775 A
1285 5720 1516 5790 aliquod.
