4064 6292
298 526 402 595 6H

1134 528 1222 583 DE
1260 526 1596 584 DIVISIONE
1632 524 1981 584 NATURAE.
2017 554 2091 567 -—
2124 523 2327 581 LIBER
2365 523 2683 582 TERTIUS.

3435 529 3539 586 642

299 646 427 708 erit;
459 644 635 697 omnia
659 642 796 696 enim
824 642 880 695 in
903 641 1070 711 seipso
1098 657 1259 695 unum
1279 641 1611 709 uniformiter
1633 658 1871 711 praeam-
1896 643 1947 712 Α
1975 641 2177 706 stione,
2228 640 2274 695 si
2336 638 2464 710 quid
2504 638 2786 695 dicendum
2818 677 2834 702 ,
2892 648 2946 694 et
2987 639 3258 710 inquirere
3310 653 3366 700 et
3412 660 3542 705 aoc-

296 734 394 801 ιὶι,
420 744 470 788 et
511 732 936 801 circumprcndit.
988 731 1082 787 His
1122 742 1282 801 alque
1340 732 1641 800 huiusmodi
1684 747 1867 788 exem-

292 824 401 899 plis
424 834 587 895 atque
621 834 637 862 ι
671 823 988 878 testimoniis
1033 823 1086 877 in
1118 840 1281 877 unum
1321 823 1591 887 collectis,
1641 824 1866 893 apertis-

293 918 435 976 sime
463 918 622 972 datur
651 916 894 987 intelligi,
936 916 1116 970 omnia
1149 932 1201 970 in
1234 915 1410 972 Verbo
1436 915 1531 970 Dei
1560 930 1667 971 non
1692 916 1864 971 solum

294 1016 536 1072 aeterna,
567 1023 754 1062 verum
777 1007 940 1062 etiam
980 1008 1001 1038 ’
1051 1007 1223 1077 ipsum
1260 1006 1493 1063 Verbum
1538 1023 1675 1064 esse.
1724 1008 1867 1075 Quo-

296 1100 442 1153 niam
474 1113 601 1152 vero
623 1106 677 1152 et
699 1097 838 1152 facta
867 1097 1026 1152 simul
1047 1098 1248 1162 omnia,
1279 1106 1334 1152 et
1359 1106 1578 1152 aeterna
1614 1112 1734 1153 esse
1767 1098 1788 1130 ⁸
1810 1098 1864 1153 in

293 1190 471 1246 Verbo
502 1190 595 1245 Dei
625 1205 813 1245 sacrae
847 1190 1159 1259 Scripturae
1194 1190 1517 1246 testimoniis
1553 1190 1866 1261 planissime

288 1279 618 1345 declaratur,
668 1278 904 1335 Joannes
954 1279 1299 1350 Evangelista
1346 1297 1359 1332 :
1413 1279 1624 1347 Omnia,
1669 1281 1861 1350 inquit,

286 1387 384 1443 per
408 1372 577 1442 ipsum
617 1371 758 1442 facta
808 1381 953 1437 sunt,
997 1382 1044 1425 et
1092 1372 1203 1427 sine
1252 1374 1362 1443 ipso
1386 1373 1584 1443 factum
1612 1383 1684 1428 est
1713 1373 1878 1453 nihil.

287 1463 452 1529 Ecce,
472 1464 809 1534 apertissime
825 1463 961 1519 facta
983 1478 1100 1519 esse
1116 1465 1295 1519 omnia
1312 1463 1548 1521 inVerbo
1568 1465 1713 1520 dicit.
1734 1465 1862 1532 Sed,

286 1575 360 1617 ne
387 1560 509 1630 quis
562 1560 896 1615 existimaret
943 1558 993 1625 ⁸,
1034 1558 1174 1614 facta
1226 1574 1347 1614 esse
1392 1558 1759 1625 solummodo,
1810 1567 1867 1613 et

283 1666 396 1707 non
426 1660 667 1718 aeterna,
696 1642 938 1723 sequiiur
965 1670 980 1706 :
1007 1650 1160 1718 Quod
1187 1652 1384 1721 factum
1419 1661 1493 1706 est
1515 1652 1572 1705 in
1596 1650 1729 1721 ipso,
1759 1651 1865 1705 vita

284 1751 420 1797 erat.
456 1742 534 1797 Ac
557 1742 602 1797 si
630 1741 876 1807 dixisset,
906 1742 1048 1812 quod
1074 1741 1277 1798 factum
1307 1750 1410 1806 est,
1439 1742 1552 1797 sive
1583 1740 1635 1795 in
1663 1740 1864 1810 princi-

282 1834 495 1904 palibus
547 1835 745 1899 causis,
791 1834 905 1890 sive
951 1835 1005 1889 in
1052 1850 1238 1890 earnm
1292 1833 1591 1899 eﬁ‘ectibus,
1635 1834 1688 1888 in
1744 1833 1860 1903 ipso

289 1922 484 1988 Verbo,
514 1925 569 1979 in
610 1940 716 1994 quo
744 1925 981 1980 rationes
1007 1926 1246 1981 omnium
1277 1934 1529 1981 aeternae
1573 1933 1721 1991 sunt,
1751 1942 1860 1980 vna

1967 744 2094 784 rure.

2036 821 2089 876 9.
2129 820 2267 877 Msa.
2308 820 2566 878 Rationes
2606 821 2845 877 omnium
2882 838 3065 879 rerum
3091 866 3107 892 ,
3137 826 3264 883 dum
3316 828 3370 885 in
3418 830 3535 901 ipsa

1967 920 2159 965 natura
2197 910 2384 978 Verbi,
2411 927 2549 982 quae
2593 914 3059 983 superessentialis
3107 924 3209 982 est,
3234 918 3540 989 intelligun-

1969 1011 2078 1069 tur,
2112 1012 2360 1059 aeternas
2406 1019 2525 1059 esse
2577 1006 2830 1061 arbitror.
2864 1006 3128 1077 Quicquid
3169 1010 3312 1064 enim
3346 1010 3399 1064 in
3430 1012 3541 1067 Deo

1967 1091 2146 1150 Verbo
2171 1095 2597 1151 substantialiter
2621 1092 2723 1162 est,
2748 1098 3000 1167 quoniam
3024 1113 3131 1154 non
3152 1098 3292 1155 aliud
3322 1112 3542 1171 praeter

1966 1184 2141 1254 ipsum
2163 1183 2399 1241 Verbum
2445 1195 2550 1253 est,
2583 1197 2860 1244 aeternum
2910 1204 3035 1245 esse
3063 1204 3283 1247 necesse
3310 1202 3412 1248 cst.
3461 1193 3540 1249 Ac
3626 1266 3629 1267 ν

1967 1290 2062 1346 per
2085 1276 2187 1332 hoc
2208 1276 2516 1344 conﬁcitur,
2538 1287 2592 1333 et
2621 1279 2796 1348 ipsum
2827 1280 3083 1345 Verbum,
3107 1292 3161 1337 et
3189 1282 3538 1353 multiplicem

1968 1365 2134 1421 totius
2158 1366 2525 1422 universitatis
2544 1367 2793 1422 conditae
2814 1368 3433 1442 principalissimamque
3453 1389 3544 1428 ra-
3620 1388 3625 1393 ‘

1965 1455 2166 1512 tionem
2194 1458 2248 1513 id
2292 1458 2468 1527 ipsum
2510 1474 2648 1515 esse.
2692 1458 2985 1516 Possumus
3009 1461 3171 1516 etiam
3202 1462 3282 1518 sic
3312 1463 3494 1519 dicere
3525 1482 3537 1517 :

1966 1549 2208 1619 Simplex
2231 1559 2288 1605 et
2308 1549 2582 1620 multiplex
2609 1565 2791 1605 rerum
2820 1553 3058 1607 omnium
3089 1552 3537 1622 principalissima

1970 1640 2109 1696 ratio
2152 1639 2294 1695 Deus
2321 1638 2558 1696 Verbum
2585 1650 2686 1697 est.
2731 1641 2864 1696 Nam
2895 1657 2926 1696 a
2952 1642 3175 1699 Graecis
3201 1644 3348 1719 λόγος
3376 1661 3539 1700 voca-

1964 1739 2073 1797 tur,
2101 1733 2205 1788 hoc
2223 1741 2325 1799 est,
2352 1731 2590 1799 verbum,
2617 1734 2698 1788 vel
2728 1735 2886 1800 ratio,
2909 1734 2992 1790 vel
3016 1750 3200 1790 causa.
3226 1736 3372 1803 lude,
3399 1740 3537 1808 quod

1961 1826 2017 1881 in
2046 1842 2240 1897 graeco
2268 1826 2557 1899 Evangelia
2583 1827 2839 1883 scribitur
2858 1829 2931 1881 ηε
2959 1829 3037 1883 ‘Ea
3061 1832 3207 1905 ἀρχῇ
3228 1828 3286 1891 ἧν
3315 1830 3341 1886 ὁ
3372 1831 3516 1904 λόγος

1959 1928 2142 1989 potest
2170 1920 2516 1990 interpretari
2542 1937 2556 1974 :
2590 1919 2659 1974 In
2680 1920 2935 1991 principio
2954 1932 3064 1975 erat
3100 1920 3344 1988 Verbum,
3371 1922 3455 1977 vel
3482 1923 3535 1976 in

280 2024 418 2070 erat.
455 2015 584 2070 Item
620 2015 642 2046 ⁸
673 2014 962 2086 Apostolus
1002 2035 1015 2069 :
1047 2014 1116 2070 In
1155 2032 1256 2086 quo
1301 2024 1475 2069 creata
1511 2023 1633 2069 sunt
1661 2015 1856 2080 omnia,
1887 2049 1935 2109 Β
1962 2011 2227 2081 principio
2273 2022 2393 2067 erat
2445 2012 2616 2078 ratio,
2644 2011 2729 2067 vel
2775 2013 2829 2067 in
2865 2013 3128 2083 principio
3177 2022 3297 2068 erat
3352 2029 3533 2069 causa.

278 2124 415 2177 quae
440 2118 558 2163 sunt
587 2109 640 2163 in
676 2108 832 2163 caelis
855 2119 902 2164 et
942 2125 1073 2181 quae
1101 2110 1157 2163 in
1178 2119 1341 2175 terra,
1376 2110 1480 2164 sive
1510 2108 1731 2164 visibilia
1757 2110 1859 2163 sive

278 2198 579 2267 invisibilia,
608 2201 711 2254 sive
738 2199 953 2266 Throni,
968 2200 1072 2254 sive
1092 2199 1504 2266 Dominationes,
1527 2200 1630 2255 sive
1653 2198 1860 2253 Princi-

277 2299 458 2359 patus,
484 2291 590 2345 sive
614 2289 946 2358 Potestates;
981 2292 1154 2345 omnia
1183 2308 1247 2345 ea:
1280 2291 1393 2361 ipso
1422 2302 1469 2345 et
1493 2307 1585 2361 per
1613 2291 1780 2361 ipsum
1808 2299 1858 2346 et

278 2379 337 2433 in
362 2380 473 2449 ipso
499 2390 677 2435 creata
697 2390 838 2435 sunt.
861 2380 1064 2436 Causas
1091 2380 1257 2445 extim,
1279 2388 1340 2434 ut
1369 2379 1445 2434 ait
1470 2380 1659 2435 beatus
1689 2379 1859 2434 Maxi-

279 2484 425 2534 mus,
456 2484 667 2536 eorum,
694 2485 832 2540 quae
860 2469 999 2525 facta
1036 2479 1183 2535 sunt,
1226 2470 1432 2525 habens
1452 2470 1474 2501 ⁸
1503 2479 1629 2526 ante
1676 2470 1858 2525 secula

274 2564 731 2634 praesubstitutas
756 2563 1035 2619 voluntate
1076 2564 1235 2629 bona,
1272 2564 1566 2617 secundum
1594 2577 1687 2617 eas
1721 2561 1852 2618 visi-

277 2652 443 2708 bilem
485 2661 541 2708 et
564 2652 887 2709 invisibilem
938 2668 1005 2708 ex
1065 2667 1172 2708 non
1219 2653 1485 2707 existente
1521 2653 1541 2684 ⁷
1583 2651 1859 2707 substituit

274 2750 619 2810 creaturam;
660 2744 869 2799 ratione
894 2753 947 2799 et
975 2742 1238 2814 ‘sapientia
1267 2742 1561 2799 secundum
1599 2749 1855 2812 opportu-

275 2850 407 2889 num
434 2844 644 2907 tempus
677 2845 732 2893 et
774 2835 919 2901 fecit,
951 2846 1007 2893 et
1040 2836 1190 2903 facit,
1224 2845 1278 2892 et
1308 2852 1446 2908 quae
1474 2836 1858 2893 universaliter

274 2935 423 2992 sunt,
454 2936 507 2983 et
531 2943 670 2997 quae
701 2944 798 3000 per
832 2929 1038 3000 singula
1059 2961 1132 2971 —
1152 2945 1368 2986 causam
1395 2931 1611 3003 quidem
1641 2931 1855 3002 angelo-

274 3033 399 3073 rum
444 3035 634 3075 creans
662 3022 978 3092 produxisse
1021 3023 1290 3079 credimus
1336 3039 1554 3082 causam
1602 3024 1855 3080 uniuscu-

266 3108 467 3183 jusque
508 3115 890 3185 complentium
938 3117 1221 3182 mundum,
1269 3117 1362 3188 qui
1398 3133 1560 3188 super
1600 3133 1701 3173 nos
1747 3125 1853 3184 est,

273 3205 636 3260 essentiarum
684 3217 739 3262 et
767 3209 1048 3275 virtutum,
1094 3209 1359 3264 rationem
1411 3209 1713 3276 hominum,
1768 3224 1856 3264 ra-

274 3295 477 3351 tionem
499 3298 519 3329 ⁸
550 3299 967 3371 uniuscujusque
1011 3316 1079 3357 ex
1106 3302 1216 3358 Deo
1242 3318 1362 3358 esse
1388 3302 1766 3372 accipientium
1786 3331 1856 3343 —

273 3387 331 3442 in
364 3401 424 3442 se
465 3387 638 3459 ipsum
674 3390 854 3445 omnia
893 3392 1285 3462 recapitulans,
1336 3394 1440 3449 boc
1478 3400 1563 3448 est
1604 3408 1854 3459 consum-
1880 3426 1925 3488 Ο

273 3493 450 3547 mans,
480 3495 576 3550 per
602 3497 762 3552 quem
787 3491 843 3537 et
865 3498 1007 3550 esse,
1032 3492 1087 3539 et
1112 3500 1453 3554 permanere,
1484 3494 1539 3541 et
1574 3484 1595 3516 ’
1627 3501 1692 3541 ex
1720 3500 1849 3556 quo,

274 3584 417 3641 quae
450 3572 626 3643 genita
653 3582 802 3641 sunt,
847 3583 1107 3645 quantum
1143 3576 1322 3646 genita
1359 3584 1501 3641 sunt,
1528 3585 1583 3631 et
1603 3576 1666 3630 ad
1693 3592 1851 3646 quem

272 3659 454 3733 genita
503 3672 646 3729 sunt,
701 3666 971 3720 manentia
1001 3675 1055 3721 et
1094 3675 1237 3722 mota
1290 3666 1613 3737 participant
1659 3667 1850 3722 Deum.

271 3750 465 3810 Omnia
497 3756 639 3811 enim
668 3757 1015 3829 participant,
1049 3758 1191 3827 quod
1216 3758 1259 3797 ιθ
1286 3773 1354 3812 ex
1384 3758 1493 3813 Deo
1520 3756 1661 3813 facta
1701 3768 1849 3824 sunt,

270 3846 742 3914 proportionaliter
764 3848 1068 3915 Dominum,
1098 3848 1210 3905 sive
1239 3863 1336 3919 per
1362 3849 1711 3912 intellectum,
1739 3849 1853 3904 sive

270 3936 561 4006 ratiOnem,
609 3940 723 3996 sive
763 3956 1002 4007 sensum,
1038 3943 1153 3997 sive
1197 3950 1401 3997 motum
1448 3941 1689 4006 vitalem,
1738 3942 1853 3997 sive

273 4027 618 4084 essentialem
645 4039 700 4085 et
728 4030 966 4087 habitam
995 4032 1473 4102 opportunitatem,
1498 4040 1557 4085 ut
1581 4046 1777 4102 magno
1797 4039 1854 4086 et

273 4120 459 4176 divino
493 4123 884 4180 manifestatori
915 4125 1181 4198 [Dionysio
1216 4123 1428 4179 videtur
1472 4124 1848 4195 Areopagitae.

270 4209 554 4270 Neminem
585 4216 767 4286 itaque
794 4217 1028 4273 ﬁdelium
1050 4216 1251 4288 pieque
1283 4231 1492 4273 sacram
1516 4215 1851 4286 Scripturam

273 4301 713 4377 investigantium
741 4307 987 4364 dubitare
1017 4318 1231 4380 oportet
1264 4310 1332 4365 de
1361 4324 1426 4365 eo
1456 4309 1525 4375 ιι,
1555 4308 1698 4379 quod
1736 4323 1853 4364 om-

271 4391 364 4448 nia
400 4394 455 4449 in
498 4397 606 4454 Deo
636 4398 812 4455 Verbo
841 4406 897 4455 et
926 4400 970 4430 “
997 4409 1216 4455 aeterna
1256 4399 1415 4455 simul
1443 4408 1498 4456 ct
1523 4400 1665 4455 facta
1704 4407 1847 4455 sunt.

272 4481 416 4543 Nam
438 4496 494 4542 et
518 4504 644 4544 vera
672 4490 809 4545 ratio
835 4498 890 4545 et
924 4506 1111 4546 sacrae
1139 4490 1451 4563 Scripturae
1482 4492 1775 4547 auctoritas
1795 4493 1851 4546 in

273 4580 379 4638 hoc
400 4581 726 4638 unanimiter
760 4584 1122 4650 consentiunt,
1165 4593 1221 4639 et
1248 4600 1355 4640 non
1396 4585 1501 4642 alia
1538 4599 1679 4651 esse,
1710 4600 1850 4655 quae

272 4682 498 4730 aeterna
522 4682 667 4741 sunt,
707 4682 764 4731 et
802 4675 927 4743 alia,
954 4692 1093 4747 quae
1121 4676 1285 4746 facta,
1317 4678 1410 4734 sed
1438 4682 1626 4737 eadem
1653 4689 1780 4736 sunt
1802 4680 1848 4716 ¹³

269 4765 431 4822 simul
451 4776 506 4824 et
526 4777 741 4825 aeterna
768 4779 824 4826 et
849 4768 1008 4827 facta.
1033 4771 1149 4839 Qua
1175 4788 1305 4828 vero
1331 4772 1375 4814 ιδ
1399 4775 1605 4830 ratione
1624 4784 1845 4832 aeterna
1869 4796 1923 4857 ι)

270 4867 399 4912 sunt
420 4858 467 4892 "
492 4858 655 4930 facta,
681 4869 736 4916 et
764 4861 906 4918 facta
933 4873 1152 4919 aeterna
1188 4865 1232 4897 ¹⁶
1267 4865 1535 4935 possimus
1564 4867 1609 4904 ι’
1646 4867 1844 4922 intelli-

268 4962 417 5020 gere,
463 4951 635 5023 exigis
663 4967 695 5007 a
728 4968 814 5007 me
860 4970 968 5010 non
1012 4954 1283 5011 immerito
1316 4955 1624 5025 explanare.
1665 4955 1847 5027 Siqui-

271 5040 395 5096 dem
432 5042 487 5098 id
527 5044 699 5115 ipsum
747 5056 1026 5104 aeternum
1062 5058 1118 5103 et
1157 5048 1360 5104 factum
1396 5047 1719 5115 subsistere,
1757 5049 1841 5103 vi-

271 5128 430 5186 detur
455 5133 548 5189 tibi
589 5135 634 5168 ¹⁸
681 5152 842 5194 verae
880 5138 1075 5194 rationi
1113 5153 1218 5193 non
1268 5139 1587 5203 convenire,
1632 5147 1687 5194 et
1728 5138 1839 5193 for-

272 5221 431 5278 tassis
468 5228 702 5282 nondum
727 5241 826 5298 ego
854 5228 988 5299 ipse,
1023 5228 1413 5299 quomodo'hoc
1447 5229 1750 5294 conveniat,
1773 5229 1842 5285 ad

263 5321 467 5383 parum
501 5316 775 5389 dignosco.
830 5319 978 5376 Disc.
1013 5318 1193 5392 Incipe
1229 5319 1413 5392 itaque
1453 5320 1519 5376 de
1547 5319 1650 5376 bac
1677 5332 1843 5390 quae-

1965 2101 2335 2174 Quodcunque
2363 2104 2509 2159 enim
2539 2103 2585 2135 ¹⁰
2615 2104 2808 2160 borum
2848 2104 2969 2175 quis
2998 2104 3215 2172 dixerit,
3245 2120 3277 2159 a
3325 2106 3368 2137 ²¹
3394 2107 3538 2162 veri-

1965 2204 2075 2249 tate
2100 2210 2207 2252 non
2232 2195 2486 2252 deviabit.
2523 2195 2657 2251 Nam
2686 2197 2993 2267 unigenitus
3017 2196 3107 2251 Dei
3135 2195 3304 2252 Filius
3329 2206 3384 2252 et
3409 2195 3541 2252 Ver-

1962 2288 2089 2343 bum
2122 2295 2224 2353 est,
2248 2297 2302 2343 et
2352 2289 2508 2349 ratio,
2535 2295 2589 2342 et
2636 2304 2821 2343 causa.
2858 2287 3096 2343 Verbum
3144 2289 3384 2358 quidem,
3411 2289 3537 2359 quia

1961 2394 2060 2449 per
2086 2380 2258 2449 ipsum
2283 2378 2421 2434 Deus
2448 2379 2609 2434 Pater
2643 2379 2780 2435 dixit
2808 2379 2924 2435 ﬁeri
2952 2378 3153 2445 omnia,
3182 2378 3347 2434 immo
3371 2379 3538 2434 etiam

1961 2472 2078 2541 ipse
2115 2480 2199 2526 est
2230 2471 2276 2502 “
2300 2471 2477 2527 Patris
2506 2471 2707 2535 dicere,
2738 2480 2794 2526 et
2835 2472 3021 2538 dictio,
3049 2481 3103 2527 et
3131 2485 3307 2528 sermo
3342 2471 3428 2535 ";
3462 2470 3539 2525 si-

1961 2574 2052 2619 cut
2097 2566 2211 2634 ipse
2251 2566 2326 2619 ait
2374 2566 2430 2621 in
2477 2564 2767 2633 Evangelio
2802 2582 2815 2618 :
2850 2563 2918 2617 Et
2966 2581 3153 2631 sermo,
3188 2581 3342 2635 quem
3383 2564 3534 2619 locu-

1961 2666 2046 2712 tus
2074 2675 2190 2712 sum
2216 2660 2379 2724 vobis,
2409 2675 2513 2714 non
2540 2668 2614 2714 est
2640 2675 2805 2724 meus,
2831 2659 2919 2713 sed
2944 2660 3130 2727 ipsius,
3152 2659 3241 2729 qui
3267 2659 3407 2713 misit
3429 2675 3530 2715 me.

1962 2747 2240 2820 Tanquam
2281 2750 2487 2806 diceret
2516 2758 2701 2822 aperte
2729 2766 2744 2805 :
2774 2750 2906 2822 Ego,
2929 2753 3021 2821 qui
3059 2767 3178 2806 sum
3223 2766 3399 2807 sermo
3426 2752 3533 2807 Pa-

1963 2842 2082 2908 tris,
2116 2844 2208 2913 qui
2234 2842 2447 2900 Iocutus
2478 2860 2598 2900 sum
2638 2843 2811 2911 vobis,
2839 2860 2944 2899 non
2976 2861 3093 2900 sum
3134 2861 3304 2909 meus,
3338 2847 3429 2901 sed
3456 2847 3536 2903 lo-

1960 2934 2177 3003 quentis
2220 2935 2276 2989 in
2321 2951 2407 2992 me
2430 2935 2628 3000 Patris,
2661 2944 2718 2992 et
2758 2949 2827 2991 ex
2855 2935 2903 2967 “
2932 2937 3155 2992 secretis
3201 2936 3536 2995 substantiae

1960 3039 2088 3081 suae
2117 3024 2325 3082 sinibus
2347 3041 2433 3082 me
2454 3012 2742 3098 gignentis,
2770 3034 2825 3082 et
2841 3023 3029 3083 'omnia
3050 3041 3148 3097 per
3168 3042 3271 3091 me,
3305 3029 3405 3084 hoc
3429 3034 3532 3094 est,

1959 3119 2225 3189 gignendo
2250 3134 2337 3175 me
2379 3118 2645 3175 facientis.
2673 3118 2834 3175 Ratio
2861 3135 3013 3187 vero,
3038 3121 3289 3190 quoniam
3315 3120 3428 3191 ipse
3448 3133 3531 3177 cst

1957 3210 2198 3265 omnium
2224 3209 2517 3266 visibilium
2555 3218 2612 3266 et
2641 3210 2988 3267 invisibilium
3012 3212 3305 3281 principale
3342 3228 3529 3268 exem-

1956 3301 2096 3371 plar,
2115 3302 2342 3373 ideoque
2372 3318 2404 3357 a
2430 3301 2652 3359 Graecis
2678 3302 2812 3368 ἰδέα,
2836 3304 2889 3358 id
2910 3312 2995 3360 est
3016 3304 3222 3374 species
3246 3304 3330 3359 vel
3354 3303 3532 3362 forma

1958 3394 2172 3449 dicitur.
2200 3393 2259 3448 In
2288 3395 2405 3465 ipso
2432 3396 2576 3450 enim
2605 3394 2769 3449 Pater
2794 3394 2996 3461 omnia,
3026 3408 3165 3464 quae
3189 3395 3358 3451 voluit
3389 3395 3526 3462 ﬁeri,

1953 3486 2270 3557 priusquam
2295 3485 2507 3552 ﬁerent,
2528 3486 2662 3540 vidit
2684 3484 2954 3542 facienda.
2983 3486 3158 3542 Causa
3183 3503 3395 3558 quoque
3424 3497 3527 3555 est,

1952 3577 2206 3647 quoniam
2236 3577 2551 3635 occasiones
2578 3577 2821 3633 omnium
2851 3578 3199 3634 aeternaliter
3225 3589 3279 3635 et
3324 3581 3530 3635 incom-

1953 3668 2287 3725 mutabiliter
2312 3669 2368 3724 in
2415 3669 2533 3739 ipso
2562 3669 2880 3724 subsistunt.
2931 3668 3194 3736 Quoniam
3241 3670 3404 3741 igitur
3433 3669 3528 3727 Dei

1951 3757 2120 3813 Filius
2144 3766 2199 3813 et
2226 3759 2474 3825 verbum,
2503 3768 2559 3813 et
2586 3760 2743 3823 ratio,
2775 3768 2829 3815 et
2857 3775 3020 3815 causa
3044 3769 3145 3827 est,
3177 3776 3285 3817 non
3338 3762 3526 3817 incon-

1952 3860 2143 3916 gruum
2165 3846 2366 3913 dicere,
2388 3848 2616 3918 simplex
2640 3858 2693 3904 et
2711 3849 2763 3903 in
2780 3863 2839 3904 se
2858 3848 3067 3905 inﬁnite
3083 3850 3359 3919 multiplex
3378 3866 3528 3907 crea-

1952 3939 2059 3993 trix
2075 3940 2437 3994 universitatis
2458 3941 2706 3995 conditae
2730 3943 2867 3997 ratio
2879 3950 3105 3997 etcausa
3116 3943 3208 3998 Dei
3228 3942 3460 3999 Verbum
3478 3945 3527 3978 "

1952 4037 2055 4085 est.
2088 4028 2165 4084 Ac
2192 4029 2272 4084 sic
2313 4039 2651 4096 recurreret,
2680 4030 2775 4084 Dei
2806 4032 3032 4087 verbum
3066 4042 3149 4089 est
3193 4034 3439 4104 simplex,
3471 4043 3527 4091 et

1951 4122 2005 4177 in
2023 4139 2081 4179 se
2096 4123 2302 4180 inﬁnite
2316 4123 2593 4195 multiplex
2612 4125 2848 4180 creatrix
2868 4125 3231 4183 universitatis
3251 4130 3522 4197 conditae,

1949 4215 2175 4282 etratio,
2199 4224 2253 4271 et
2271 4231 2433 4272 causa
2454 4215 2520 4270 “.
2556 4215 2791 4286 Simplex
2805 4216 3043 4287 quidem,
3059 4218 3181 4287 quia
3208 4233 3384 4273 rerum
3408 4236 3524 4275 om-

1949 4306 2101 4361 nium
2132 4305 2454 4361 universitas
2481 4306 2534 4360 in
2564 4306 2681 4375 ipso
2708 4322 2874 4361 unum
2900 4305 3229 4364 individuum
3284 4317 3339 4363 et
3381 4309 3523 4364 inse-

1947 4397 2189 4469 parabile
2210 4407 2322 4464 est;
2350 4397 2436 4453 vel
2461 4407 2611 4453 certe
2634 4397 2907 4453 individua
2928 4406 2984 4453 et
3008 4398 3380 4469 inseparabilis
3405 4400 3522 4455 uni-

1951 4498 2033 4546 tas
2053 4491 2295 4546 omnium
2323 4489 2417 4545 Dei
2441 4488 2677 4546 Verbum
2702 4498 2805 4555 est,
2843 4490 3105 4561 quoniam
3135 4490 3308 4561 ipsum
3340 4492 3525 4549 omnia

1949 4592 2051 4638 est.
2086 4580 2362 4652 Multiplex
2410 4596 2539 4636 vero
2569 4597 2676 4637 non
2711 4581 2985 4637 immerito
3013 4580 3332 4653 intelligitur
3378 4597 3521 4649 esse,

1949 4674 2201 4742 quoniam
2250 4688 2347 4743 per
2389 4673 2571 4729 omnia
2603 4673 2657 4727 in
2705 4672 2973 4727 inﬁnitum
3015 4672 3328 4729 diﬁ‘unditur
3358 4676 3401 4707 ⁸⁷
3426 4716 3440 4742 ,
3466 4684 3522 4732 et

1949 4768 2065 4839 ipsa
2094 4766 2308 4823 diﬁ'usio
2338 4768 2688 4823 subsistentia
2721 4767 2961 4821 omnium
2991 4775 3092 4822 est.
3123 4766 3351 4839 Attingit
3378 4770 3523 4825 enim

1948 4876 1980 4916 a
2010 4861 2117 4915 ﬁne
2145 4875 2313 4928 usque
2345 4858 2390 4891 ’⁸
2428 4860 2495 4914 ad
2521 4858 2679 4913 ﬁnem
2731 4858 2963 4923 fortiter,
3013 4867 3069 4914 et
3120 4859 3355 4929 disponit
3400 4876 3523 4917 om-

1949 4954 2037 5008 nia
2070 4951 2326 5007 suaviter.
2355 4950 2485 5004 Item
2514 4951 2567 5005 in
2594 4949 2810 5005 Psalmo
2834 4968 2847 5004 :
2888 4947 3143 5005 Velociter
3162 4953 3322 5005 currit
3350 4966 3522 5009 sema

1948 5047 2081 5115 ejus.
2104 5045 2418 5100 Sermonem
2437 5043 2622 5098 dicit”
2643 5042 2909 5113 Propheta
2930 5044 3149 5098 verbum
3166 5043 3361 5109 Patris,
3378 5043 3519 5112 quod

1948 5137 2207 5193 velociter
2266 5137 2435 5192 currit
2486 5152 2583 5207 per
2612 5137 2814 5201 omnia,
2849 5145 2907 5190 ut
2958 5137 3137 5193 omnia
3166 5137 3291 5192 sint.
3344 5135 3518 5206 Ipsius

1950 5228 2093 5283 enim
2117 5242 2307 5283 cursus
2333 5242 2431 5297 per
2458 5227 2638 5281 omnia
2663 5226 2937 5296 multiplex
2965 5236 3022 5281 et
3051 5226 3257 5281 inﬁnita
3277 5225 3520 5282 omnium

1949 5317 2294 5375 subsistentia
2321 5325 2422 5374 est.
2467 5316 2605 5374 Hinc
2631 5326 2851 5375 sanctus
2879 5318 3164 5389 Dionysius
3201 5317 3254 5373 in
3285 5314 3521 5388 capitula

1554 5471 1807 5529 VARIAE
1843 5470 2245 5531 LECTIONES.

342 5620 365 5655 ι
388 5615 436 5670 Δ
458 5631 540 5670 ac.
707 5622 865 5669 etiam
886 5628 992 5670 om.
1024 5613 1091 5669 Α.
1188 5615 1211 5648 ⁸
1236 5614 1278 5671 C
1301 5623 1441 5671 sunt.

271 5684 295 5719 ’
314 5683 364 5739 Δ
383 5695 433 5740 et
468 5700 572 5739 non
595 5684 975 5739 subsistentem.
1053 5686 1076 5718 ⁸
1096 5685 1203 5741 Pro
1226 5688 1480 5740 rationem
1505 5684 1548 5739 A
1579 5695 1643 5739 et.

270 5753 320 5795 ⁸³
345 5765 466 5809 sunt
487 5772 593 5810 om.
624 5757 686 5808 Α.
765 5754 809 5787 ³⁸
840 5755 885 5809 Δ
909 5772 1049 5810 vera.
1127 5755 1173 5788 "
1198 5759 1573 5825 prosuntAet.

276 5835 423 5887 ptum
446 5835 540 5879 est.

512 5990 786 6050 Parum.
832 5990 1089 6052 CXXII.

1536 5614 1558 5646 ⁸
1582 5615 1631 5669 Α
1675 5616 1992 5671 aestimaret.

1739 5686 1761 5717 ’
1785 5696 1832 5740 et
1854 5700 1942 5739 om
1973 5686 2040 5740 A.

1650 5756 1695 5790 ¹⁶
1720 5756 1766 5810 Α
1787 5764 1841 5811 et
1861 5756 2003 5811 facta
2023 5766 2071 5811 et
2094 5765 2332 5812 aeterna.

635 5826 678 5856 ²⁰
705 5826 840 5880 enim
880 5841 991 5880 om.
1019 5825 1082 5881 C.
1155 5826 1199 5867 ἰ
1223 5825 1265 5881 C
1294 5842 1379 5881 ex.
1454 5826 1499 5857 ²²
1528 5834 1604 5880 est
1629 5840 1739 5880 om.
1767 5825 1831 5881 A.
1911 5826 1957 5857 ’³
1987 5826 2032 5880 Α
2070 5842 2250 5883 sermo
2275 5837 2371 5881 est.

275 5897 318 5925 ²⁶
347 5914 406 5951 ac
430 5899 475 5949 si
507 5904 786 5949 recurrere!
810 5926 875 5936 —
898 5906 945 5950 ct
968 5913 1128 5951 causa
1148 5911 1257 5951 om.
1278 5895 1339 5951 C.
1417 5897 1461 5929 "
1483 5897 1529 5952 Α
1548 5896 1814 5965 deﬁnitur,
1889 5897 1937 5930 "
1964 5914 2125 5966 usque
2160 5913 2269 5953 om.
2288 5897 2355 5951 Α.

1987 5600 2083 5612 mf

2204 5600 2756 5743 fassam
2776 5616 3117 5743 sum

2284 5703 2343 5741 eo
2377 5693 2541 5757 quod.
2620 5693 2661 5726 ιι
2691 5693 2756 5741 de
2776 5704 2834 5741 eo
2863 5703 2973 5743 om.
2999 5693 3045 5743 A
3138 5693 3181 5723 ⁸³
3207 5700 3253 5743 et
3303 5706 3410 5747 om.
3436 5693 3510 5751 Α.

2284 5772 2332 5810 a.
2412 5759 2455 5797 ιτ
2481 5757 2521 5813 C
2549 5774 2843 5827 possumus.
2922 5760 2966 5795 ¹⁸
2983 5762 3025 5813 A
3048 5761 3164 5813 sibi.
3246 5760 3288 5791 ¹⁹
3307 5765 3353 5814 Α
3373 5763 3511 5819 scri—

2450 5828 2495 5859 “
2521 5844 2585 5882 ea:
2605 5843 2711 5882 om.
2736 5829 2800 5883 A.
2877 5830 2923 5860 "
2947 5829 3045 5885 Dei
3076 5829 3283 5886 verbum
3309 5846 3420 5889 om.
3446 5831 3515 5893 (Ῑο

2438 5899 2481 5929 ²⁹
2509 5898 2552 5952 Α
2583 5898 2733 5952 (limit.

2963 5994 3041 6056 21

2358 6070 2379 6079 ι.
2409 6066 2497 6085 κεν.
