4064 6292
297 372 365 433 [vi
378 376 411 432 5

1148 377 1235 432 DE
1275 376 1614 434 DIVISIONE
1650 374 1995 433 NATURAE.
2034 406 2103 417 --
2139 375 2340 431 LIBER
2379 373 2695 430 TERTIUS.

3456 369 3564 426 646

290 501 342 548 et
380 490 435 544 in
470 492 609 543 omni
651 486 710 558 ﬁt
747 500 792 542 et
829 489 1051 543 continet
1081 490 1299 544 omnia:
1343 502 1389 546 et
1416 493 1603 546 iterum
1643 492 1661 525 ‘
1694 493 1800 563 ipse
1834 492 1889 546 in
1914 492 1967 555 Α
2002 490 2057 545 in
2083 497 2292 544 tantum
2317 487 2477 553 valet,
2509 495 2567 539 ut
2607 485 2752 539 nullo
2795 486 2897 540 alio
2920 474 3078 540 modo
3119 484 3362 543 consulta
3398 489 3564 544 ratio-

287 595 401 637 sese
458 595 550 648 per
595 576 950 631 excellentiam
1019 577 1221 632 nullum
1264 582 1318 634 in
1355 579 1499 635 nullo
1559 598 1649 652 per
1688 580 1887 635 nullum

288 684 385 736 est,
451 669 541 724 sed
590 666 852 723 excitatur
901 670 1136 723 omnibus
1187 671 1370 741 ipsein
1391 689 1444 725 se
1491 673 1600 742 ipso
1651 673 1890 727 similiter

208 752 215 759 ”
290 775 335 816 et
365 759 699 815 aeternaliter
723 761 946 814 existens
988 770 1034 815 et
1087 769 1230 816 stans
1277 773 1324 816 et
1374 779 1605 827 manens,
1660 772 1707 817 et
1753 779 1886 818 sem—

288 874 380 927 per
400 855 683 910 secundum
712 855 953 910 eademet
1005 856 1081 909 sic
1115 873 1169 913 se
1202 857 1418 924 habens,
1468 868 1517 912 et
1544 857 1688 912 nullo
1728 846 1885 913 modo

287 958 435 998 extra
459 963 511 999 se
541 946 709 1015 ipsum
748 943 939 1015 factus,
1002 963 1164 1019 neque
1197 950 1410 1019 propria
1455 950 1706 1020 gravitate
1727 960 1775 1005 et
1804 951 1887 1005 in-

289 1036 642 1093 commutabili
670 1038 940 1093 mansione
982 1048 1029 1092 et
1069 1038 1296 1093 bonitate
1330 1038 1534 1094 relictus
1562 1039 1605 1105 ’,
1640 1040 1728 1095 sed
1756 1051 1802 1095 et
1829 1042 1883 1096 in

292 1146 348 1182 se
371 1131 483 1201 ipso
517 1128 716 1195 totas'et
742 1130 1145 1199 perfectissimus
1166 1129 1518 1201 providentius
1549 1131 1739 1201 optime
1764 1148 1885 1202 ope-

294 1234 441 1281 rans,
483 1226 529 1270 et
552 1219 855 1287 proveniens
886 1219 938 1271 in
966 1221 1160 1285 omnia,
1188 1229 1233 1273 et
1260 1236 1474 1274 manens
1497 1222 1551 1274 in
1592 1238 1645 1275 se
1672 1224 1803 1293 ipso,
1833 1229 1882 1277 et

287 1320 436 1363 stans
463 1325 665 1379 semper
688 1318 878 1364 motus.
918 1311 1331 1378 Animadverte,
1363 1311 1502 1383 quod
1528 1312 1624 1379 ait,
1670 1314 1723 1368 in
1766 1329 1881 1369 om-

286 1402 377 1455 nia
403 1402 662 1472 procedit,
685 1402 813 1456 etin
844 1398 988 1456 omni
1015 1402 1094 1457 lit.
1129 1402 1464 1475 Quod‘etiam
1486 1402 1611 1460 alibi
1642 1403 1881 1460 declarat

284 1493 502 1548 dicens:
530 1492 843 1547 Audendum
869 1509 983 1546 vero
1010 1493 1177 1547 ethoc
1201 1494 1263 1548 de
1289 1496 1500 1549 veritate
1537 1495 1726 1562 dicere,
1753 1496 1878 1564 quia

288 1593 335 1635 et
364 1583 472 1652 ipse
490 1582 720 1636 omnium
748 1581 977 1636 causalis
1002 1583 1133 1637 bono
1159 1593 1204 1637 et
1231 1584 1421 1654 optimo
1445 1585 1677 1638 omnium
1700 1602 1877 1640 amore

279 1691 375 1747 per
421 1675 775 1732 excellentiam
809 1678 1097 1731 amatoriae
1143 1676 1385 1731 bonitatis
1424 1687 1575 1733 extra
1608 1696 1663 1733 se
1702 1679 1874 1749 ipsum

280 1768 340 1837 ﬁt
388 1768 447 1822 in
473 1772 666 1834 omnia,
689 1786 821 1842 quae
842 1778 986 1836 sunt,
1015 1769 1375 1841 provitlentiis,
1399 1780 1446 1827 et
1470 1771 1624 1828 ueluti
1648 1773 1702 1826 in
1728 1771 1873 1826 boni-

1993 581 2078 636 nis
2102 580 2300 634 virtute
2325 576 2495 647 possit
2537 575 2690 642 solvi,
2734 585 2795 629 ut
2836 576 3091 630 arbitror.
3149 576 3207 632 Si
3252 577 3393 632 enim
3423 576 3559 649 ipse,

1990 676 2079 746 qui
2102 672 2333 730 causalis
2360 680 2444 727 est
2474 671 2687 728 essendi
2716 669 2763 711 ι’
2791 678 2847 726 et
2871 669 3005 725 bene
3034 670 3244 726 essendi
3281 671 3482 738 omnia,
3506 681 3563 728 et

1988 765 2041 820 in
2084 766 2262 821 omnia
2294 763 2555 835 procedit,
2586 769 2642 817 et
2686 762 2742 837 iu
2788 761 2932 816 omni
2964 772 3211 815 creatura
3248 761 3338 826 ﬁt,
3363 769 3416 816 et
3438 775 3563 817 con-

1989 857 2123 912 tinet
2142 857 2322 929 omnia
2354 874 2365 909 :
2403 852 2532 926 quid
2566 853 2711 909 aliud
2747 858 2932 918 restat,
2959 851 3064 907 nisi
3096 858 3155 907 ut
3176 852 3554 925 intelligamus,

1985 946 2304 1017 sapientiam
2331 945 2425 1001 Dei
2455 945 2633 1000 Patris
2656 986 2670 1010 ,
2701 944 2767 999 de
2794 959 2896 1014 qua
2925 941 3051 998 talia
3079 944 3478 1015 praedicantur,
3504 954 3562 1000 et

1983 1054 2204 1095 causam
2248 1037 2571 1109 creatricem
2638 1036 2883 1093 omnium
2914 1051 3050 1101 esse,
3087 1046 3140 1090 et
3179 1036 3231 1090 in
3277 1037 3560 1106 omnibus,

1982 1145 2119 1209 quae
2148 1138 2314 1195 creat,
2340 1129 2515 1185 creari
2541 1136 2597 1184 et
2618 1126 2755 1190 ﬁeri,
2779 1135 2834 1182 et
2867 1130 3071 1195 omnia,
3101 1128 3155 1183 in
3187 1128 3384 1205 quibus
3415 1144 3562 1184 crea-

1980 1231 2069 1277 tur
2090 1229 2145 1278 et
2172 1219 2232 1275 ﬁt
2250 1262 2263 1285 ,
2292 1220 2608 1276 continere?
2631 1218 2689 1274 In
2712 1219 2963 1274 omnibus
2991 1220 3156 1286 enim,
3199 1220 3560 1292 quodcunque

1980 1328 2106 1370 vere
2148 1312 2465 1385 intelligitur
2492 1328 2634 1379 esse,
2687 1311 2759 1367 nil
2799 1312 2943 1366 aliud
2993 1320 3076 1367 est
3103 1313 3205 1368 nisi
3265 1314 3562 1384 sapientiae

1979 1403 2258 1459 creatricis
2272 1402 2549 1474 multiplex
2566 1403 2758 1468 virtus,
2782 1418 2921 1473 quae
2941 1402 2996 1457 in
3013 1403 3263 1458 omnibus
3294 1404 3557 1460 subsistit.

1979 1484 2037 1551 Si
2067 1495 2213 1552 enim
2244 1494 2523 1550 intellectu
2564 1494 2885 1551 creatricem
2942 1494 3261 1564 sapientiam
3292 1496 3357 1550 ab
3387 1496 3558 1550 omni-

1976 1587 2096 1655 bus,
2144 1602 2283 1665 quae
2318 1594 2486 1653 creat,
2529 1586 2914 1653 substraxeris,
2968 1585 3021 1641 in
3076 1587 3300 1641 nihilum
3337 1589 3560 1645 omnino

1976 1681 2303 1752 redigentur,
2322 1676 2574 1750 nullaque
2592 1680 2853 1757 essentia,
2884 1678 3030 1735 nulla
3061 1679 3199 1748 vita',
3227 1681 3404 1739 nullus
3429 1700 3550 1737 scn-

1976 1787 2090 1838 sus,
2116 1771 2260 1826 nulla
2282 1772 2442 1838 ratio,
2468 1770 2647 1827 nullus
2674 1772 3001 1838 intellectus,
3030 1782 3080 1827 et
3102 1774 3322 1827 omnino
3352 1773 3553 1829 nullum

282 1869 408 1927 tate,
431 1870 478 1914 et
532 1862 827 1928 dilectione,
850 1873 896 1917 et
921 1879 1097 1918 amore
1141 1864 1274 1934 fovet
1304 1877 1350 1918 et
1378 1875 1623 1937 exuperat
1661 1866 1861 1935 omnia,
1894 1866 1940 1927 Β
1966 1864 2167 1920 bonum
2188 1864 2509 1920 remanebit.
2527 1863 2681 1933 Quod
2695 1865 2854 1921 etiam
2877 1874 3098 1921 sanctus
3128 1875 3281 1936 pater
3305 1864 3349 1897 ³⁸
3375 1862 3557 1943 Augu-

279 1949 345 2003 ab
369 1951 604 2006 omnibus
628 1962 855 2007 remotus
884 1953 925 2019 ³,
947 1954 1019 2007 ad
1044 1953 1140 2008 hoc
1163 1954 1180 1984 "
1206 1956 1261 2008 in
1286 1956 1523 2010 omnibus
1552 1957 1835 2012 deducitur
1853 1957 1877 1991 ⁸

278 2043 562 2098 secundum
589 2055 753 2099 mente
784 2046 1114 2102 excedentem
1164 2048 1645 2119 superessentialem
1691 2032 1875 2125 poten-

277 2136 410 2190 tiam
437 2134 986 2209 inconversibilemque
1024 2156 1194 2193 suam.
1224 2140 1318 2195 llis
1347 2140 1513 2195 etiam
1540 2140 1681 2197 favet
1734 2142 1877 2213 ejus-

279 2226 402 2282 dem
426 2225 664 2300 Dionysii
712 2231 1003 2296 sententia,
1064 2248 1225 2300 quam
1266 2249 1331 2287 ex
1359 2233 1671 2304 tlteologicis
1715 2251 1868 2291 com-

275 2321 559 2374 mentariis
581 2320 602 2352 ⁸
631 2322 999 2377 sanctissimi"
1023 2318 1260 2379 Jerolhei
1285 2326 1512 2396 sumpsit
1553 2344 1567 2380 :
1601 2326 1871 2395 Omnium,

274 2410 471 2482 inquit,
510 2430 668 2467 causa
698 2423 743 2468 et
778 2413 1019 2485 repletiva
1045 2413 1173 2471 Iesu
1200 2415 1367 2472 deitas
1401 2429 1576 2490 partes
1616 2398 1872 2477 universi-

276 2505 375 2557 tati
420 2520 670 2560 consonus
709 2504 964 2571 salvans;
1013 2516 1059 2561 et
1098 2508 1120 2540 ³
1161 2524 1323 2578 neque
1345 2526 1467 2579 pars
1507 2527 1669 2583 neque
1706 2520 1873 2566 totum

276 2608 376 2665 est,
404 2611 450 2654 et
478 2612 639 2656 totum
673 2611 721 2657 et
770 2620 915 2674 pars,
958 2612 1011 2657 ut
1042 2619 1190 2658 omne
1226 2614 1271 2659 et
1311 2610 1512 2683 partem
1538 2614 1585 2659 et
1626 2615 1791 2659 totum
1818 2607 1873 2661 in

280 2704 443 2750 semet
463 2697 574 2767 ipsa
598 2696 888 2752 coambiens
905 2706 951 2751 et
971 2696 1355 2769 supereminens
1379 2706 1425 2753 et
1447 2697 1721 2754 excellens.
1744 2698 1872 2754 Per-

281 2786 421 2857 fecta
450 2788 655 2860 quidem
676 2800 748 2843 est
776 2790 829 2842 in
852 2789 1165 2859 imperfectis
1190 2799 1243 2842 ut
1258 2788 1513 2860 perfectio
1533 2789 1868 2861 principalis:

281 2880 586 2951 imperfecta
634 2897 749 2943 vero
769 2881 823 2934 in
843 2880 1083 2951 perfectis
1125 2892 1370 2954 tanquam
1398 2882 1780 2954 superperfecla
1826 2882 1870 2949 ’,

278 2979 329 3024 et
361 2970 707 3042 anteperfecta
742 2971 911 3040 forma
962 2970 1285 3042 formiﬁcans
1311 2973 1364 3027 in
1394 2970 1704 3040 informibus
1750 2983 1869 3028 tan-

274 3078 439 3133 quam
499 3062 671 3131 forma
728 3061 1054 3133 principalis.
1106 3062 1357 3132 Informis
1411 3065 1468 3117 in
1511 3065 1637 3136 ipsis
1687 3063 1870 3135 formis

282 3161 539 3229 tanquam
583 3152 942 3224 superformis,
1000 3154 1219 3208 essentia
1274 3138 1432 3208 totius
1482 3155 1735 3235 essentiae
1782 3155 1870 3207 in-

1977 1959 2154 2015 stinus
2173 1958 2229 2016 in
2256 1958 2410 2017 libris
2439 1958 2484 2000 ι⁷
2511 1956 2920 2035 Confessionum
2973 1976 3190 2015 suarum
3235 1960 3448 2033 videtur
3472 1961 3551 2016 in-

1978 2054 2235 2128 telligere,
2293 2068 2598 2111 sermonem
2652 2052 2891 2125 dirigens
2921 2052 2985 2110 ad
3039 2054 3213 2125 ipsum
3246 2054 3551 2121 veritatem,

1976 2149 2208 2205 divinam
2244 2148 2491 2204 videlicet
2519 2147 2562 2183 ³⁸
2592 2147 2916 2218 sapientiam
2945 2165 2959 2201 :
2986 2146 3052 2200 Et
3079 2148 3310 2216 inspexi,
3360 2148 3555 2218 inquit,

1975 2253 2143 2299 cetera
2174 2243 2311 2298 intra
2340 2253 2408 2309 te,
2455 2252 2502 2298 et
2529 2241 2659 2309 vidi,
2689 2258 2779 2295 nec
2824 2239 3034 2294 omnino
3061 2255 3191 2304 esse,
3225 2255 3316 2293 nec
3346 2239 3553 2293 omnino

1974 2327 2081 2416 non
2100 2355 2211 2394 esse
2233 2337 2299 2392 ".
2333 2336 2445 2392 Nec
2483 2337 2693 2392 omnino
2720 2348 2851 2401 esse,
2879 2334 3004 2404 quia
3039 2348 3141 2385 non
3168 2341 3307 2396 sunt,
3333 2328 3473 2399 quod
3494 2342 3553 2386 tu

1974 2420 2047 2499 es,
2072 2449 2164 2489 nec
2190 2431 2401 2489 omnino
2430 2447 2533 2485 non
2581 2447 2712 2495 esse,
2739 2428 2865 2499 quia
2905 2446 2935 2511 a
2960 2436 3007 2480 te
3029 2434 3169 2480 sunt.
3204 2424 3409 2492 Quibus
3434 2438 3560 2481 ver-

1973 2522 2058 2579 bis
2088 2513 2347 2587 insinuat,
2388 2534 2604 2575 omnem
2637 2527 2944 2575 creaturam
2976 2513 3195 2569 omnino
3218 2529 3316 2584 per
3339 2530 3396 2568 se
3427 2528 3557 2570 con—

1973 2604 2263 2670 sideratam
2318 2609 2452 2666 nihil
2495 2624 2633 2679 esse.
2663 2606 2927 2677 Quicquid
2954 2615 3132 2660 autem
3159 2604 3212 2658 in
3268 2620 3329 2659 ea
3362 2602 3559 2659 intelli-

1973 2705 2119 2778 gitur
2142 2702 2462 2768 subsistere,
2488 2715 2555 2755 ex
2595 2696 3009 2769 participatione
3032 2694 3312 2750 creatricis
3352 2696 3551 2750 verita-

1977 2797 2049 2852 tis
2094 2788 2358 2852 subsistit.
2421 2792 2478 2849 Si
2529 2794 2672 2848 enim
2739 2806 2898 2846 omne
2954 2804 3141 2844 verum
3202 2801 3269 2841 ex
3330 2787 3554 2842 veritate

1972 2901 2158 2940 verum
2181 2883 2250 2952 ",
2280 2893 2335 2939 et
2375 2883 2488 2939 sola
2531 2880 2732 2937 veritas
2774 2887 3087 2951 permanet,
3134 2885 3317 2933 cetera
3371 2887 3549 2932 autem

1975 2986 2278 3043 moventur,
2328 2975 2440 3031 sola
2471 2975 2634 3046 igitur
2666 2972 2866 3028 veritas
2901 2971 2953 3024 in
2980 2969 3230 3025 omnibus
3258 2966 3396 3023 veris
3428 2969 3553 3024 sub-

1975 3066 2141 3123 sistit.
2180 3065 2464 3121 Moventur
2499 3071 2701 3129 autem,
2754 3061 2884 3127 dixi,
2914 3059 3038 3129 quia
3076 3075 3172 3129 per
3221 3073 3277 3112 se
3305 3058 3416 3129 ipsa
3447 3073 3549 3113 non

1972 3158 2291 3223 subsistunt,
2334 3158 2428 3213 sed
2460 3152 2527 3212 ad
2574 3152 2801 3209 nihilum
2856 3158 3114 3223 vergunt;
3164 3150 3365 3204 virtute
3422 3165 3550 3205 vero

276 3245 638 3298 contaminata
663 3246 1071 3321 supergrediens,
1105 3256 1151 3301 et
1197 3246 1698 3317 superessentialiter
1743 3264 1853 3303 om-
1882 3239 1927 3304 C
1958 3250 2206 3308 veritatis
2227 3247 2504 3321 providae,
2557 3263 2696 3318 quae
2722 3244 2778 3300 in
2810 3244 2877 3300 iis
2905 3243 3173 3309 subsistit,
3204 3257 3269 3297 ne
3296 3240 3364 3295 ad
3408 3239 3551 3295 nihi-

276 3334 332 3387 ni
354 3336 574 3409 essentia
600 3344 817 3400 remota,
840 3344 949 3392 tota
971 3337 1229 3405 principia
1253 3346 1299 3391 et
1323 3338 1532 3391 ordines
1554 3337 1847 3405 destinans,

274 3435 324 3479 et
347 3426 486 3479 omni
508 3425 761 3496 principio
787 3434 833 3479 et
864 3426 1036 3480 ordini
1066 3426 1481 3497 supercollocuta
1508 3427 1579 3495 ιο,
1628 3439 1673 3483 et
1704 3446 1857 3484 man-

275 3531 402 3569 sura
426 3526 501 3570 est
529 3532 707 3570 eorum
730 3557 745 3583 ,
764 3534 900 3589 quae
925 3524 1069 3584 sunt,
1095 3529 1143 3573 et
1171 3518 1487 3587 seculorum,
1518 3530 1565 3575 et
1594 3538 1750 3592 super
1777 3538 1858 3576 se-

282 3611 427 3674 cula,
454 3622 500 3664 et
524 3622 644 3666 ante
664 3612 837 3666 secula
862 3611 1014 3682 plena
1035 3613 1090 3667 in
1121 3613 1490 3684 indigentibus,
1541 3614 1850 3685 superplena

278 3705 335 3758 in
358 3703 795 3770 multitudinibus,
839 3721 1059 3771 arcana,
1097 3705 1380 3775 ineffabilis
1409 3723 1565 3777 super
1600 3708 1858 3775 animum,

279 3800 438 3865 super
460 3796 642 3862 ritam,
671 3810 826 3866 super
855 3795 1132 3850 essentiam
1159 3835 1174 3862 ,
1204 3795 1671 3866 supernaturaliter
1710 3799 1859 3851 habet

279 3885 702 3956 supernaturale,
738 3885 1236 3957 superessentialiter
1260 3887 1711 3958 superessentiale.
1739 3888 1862 3943 Sui-

282 3976 476 4032 ﬁeiunt
501 3978 658 4044 haec,
684 3980 744 4034 ut
788 3979 1039 4044 arbitror,
1070 3979 1209 4035 bene
1235 3972 1658 4053 intelligentibus
1680 3982 1745 4035 ad
1779 3998 1863 4036 co-

290 4070 838 4141 gnoscendum,quod
862 4072 1074 4127 divinae
1098 4073 1356 4129 bonitatis
1383 4073 1437 4127 in
1459 4088 1517 4128 se
1545 4074 1660 4143 ipsa
1683 4079 1724 4112 ιι
1745 4089 1861 4145 per-

285 4162 498 4216 mansio
515 4177 675 4217 causa
706 4165 945 4218 omnium
974 4164 1428 4220 incommutabilis
1460 4164 1553 4220 sit.
1580 4163 1863 4221 Processio

284 4266 417 4306 vero
466 4251 585 4321 ejus
628 4263 683 4308 et
733 4252 1018 4331 ineﬂabilis
1064 4263 1242 4309 motus
1279 4254 1502 4313 effectus
1542 4254 1783 4311 omnium
1819 4258 1861 4289 ι’

286 4344 530 4413 peragit;
550 4359 713 4414 porro
727 4344 841 4416 ejus
869 4345 1209 4419 participatio
1230 4355 1286 4402 et
1304 4349 1603 4420 assumptio
1627 4349 1699 4403 nil
1723 4348 1863 4404 aliud

289 4445 371 4490 est
398 4437 497 4491 nisi
520 4438 760 4493 omnium
785 4440 1038 4494 essentia.
1066 4440 1131 4495 Et
1160 4426 1400 4499 intentus
1422 4444 1691 4514 perspice,
1722 4443 1863 4512 quod

294 4531 368 4583 ait
401 4572 414 4596 ,
438 4531 562 4600 quia
589 4542 643 4586 et
662 4533 1002 4602 providentia
1031 4528 1424 4605 perfectissima
1450 4545 1534 4591 est
1556 4536 1795 4593 omnium
1822 4534 1865 4568 ¹⁸

1958 3342 2070 3397 lum
2124 3350 2305 3406 ruant,
2334 3339 2688 3413 prohibentur
2720 3344 2773 3392 et
2826 3341 2972 3391 stant
3000 3332 3067 3387 ²¹.
3104 3332 3159 3388 Si
3211 3348 3337 3404 ergo
3368 3328 3544 3403 ipsum

1957 3433 2194 3490 Verbum
2221 3431 2316 3486 Dei
2345 3440 2399 3486 et
2428 3432 2609 3486 omnia
2633 3430 2785 3497 facit,
2808 3438 2862 3485 et
2893 3428 2945 3482 in
2975 3428 3225 3483 omnibus
3254 3428 3331 3494 tit,
3366 3434 3421 3482 et
3449 3426 3553 3482 hoc

1959 3540 2028 3581 ex
2062 3524 2242 3581 verbis
2270 3523 2532 3596 praedicti
2564 3524 2733 3595 patris
2776 3516 3017 3594 Dionysii
3064 3518 3401 3591 aliorumque
3450 3532 3546 3593 po-

1965 3624 2073 3673 test
2102 3612 2386 3687 approbari
2427 3636 2439 3670 :
2472 3615 2601 3686 quid
2629 3614 2842 3679 mirum,
2868 3612 2912 3668 si
2946 3620 3160 3678 cuncta,
3184 3627 3324 3682 quae
3346 3608 3397 3665 in
3428 3611 3544 3681 ipso

1961 3710 2140 3769 Verbo
2168 3709 2541 3782 intelliguntur
2562 3707 2874 3770 subsistere,
2900 3712 3119 3760 acterna
3141 3702 3297 3759 simul
3323 3713 3376 3758 et
3401 3701 3543 3757 facta

1966 3799 2259 3857 credantur
2333 3807 2389 3854 et
2442 3805 2838 3868 cognoscantur
2888 3795 3044 3851 esse?
3090 3795 3243 3862 Quod
3292 3794 3433 3848 enim
3485 3792 3550 3847 de

1965 3908 2131 3948 causa
2154 3891 2518 3962 praedicatur,
2562 3905 2667 3960 qua
2700 3889 2907 3943 ratione
2933 3904 3038 3943 non
3068 3886 3231 3941 etiam
3262 3887 3325 3940 de
3352 3902 3543 3941 causa-

1965 3986 2091 4041 tivis
2114 3966 2414 4055 praedicari
2433 3992 2653 4055 possunt
2670 3982 2736 4048 ³²,
2757 3996 2861 4036 non
2886 3980 3122 4035 invenio.
3143 3978 3334 4034 Omnia
3364 3976 3546 4045 igitur,

1965 4092 2105 4148 quae
2148 4083 2292 4139 sunt,
2325 4083 2377 4128 et
2422 4058 2639 4129 aeterna
2667 4070 2825 4127 simul
2854 4079 2906 4125 et
2936 4070 3073 4125 facta
3118 4083 3224 4122 non
3255 4067 3551 4137 incongrue

1969 4168 2240 4233 dicuntur,
2290 4166 2416 4221 dum
2466 4165 2518 4218 in
2544 4164 2625 4219 eis
2652 4163 2711 4217 ﬁt
2738 4163 2852 4232 ipsa
2884 4160 3169 4231 sapientia,
3202 4173 3340 4229 quae
3365 4174 3427 4213 ea
3460 4156 3546 4211 fa-

1966 4257 2060 4324 cit,
2098 4268 2151 4312 et
2172 4272 2355 4320 causa,
2388 4255 2440 4309 in
2472 4269 2575 4324 qua
2603 4261 2658 4308 et
2686 4267 2781 4324 per
2805 4267 2965 4321 quam
2999 4260 3052 4304 et
3078 4258 3295 4309 aeterna
3322 4255 3377 4303 et
3398 4247 3543 4301 facta

1971 4361 2113 4415 sunt,
2153 4349 2206 4403 in
2239 4349 2317 4403 eis
2341 4355 2560 4402 aeterna
2590 4352 2645 4400 et
2667 4342 2809 4398 facta
2835 4350 2937 4398 est.
2974 4343 3120 4397 DISC.
3159 4339 3321 4395 Valde
3353 4339 3542 4406 miror,

1969 4450 2023 4497 et
2046 4438 2381 4511 stupefactus
2408 4437 2573 4493 veluti
2619 4435 2885 4491 exanimis
2912 4436 3132 4489 haereo.
3164 4431 3260 4486 His
3289 4432 3433 4486 enim
3452 4445 3545 4487 ra-

1974 4535 2209 4591 tionibus
2238 4532 2505 4597 attrahor,
2536 4530 2789 4601 quoniam
2811 4524 3137 4583 verisimiles
3166 4532 3309 4592 sunt,
3340 4534 3394 4579 et
3420 4539 3548 4579 san-

294 4623 508 4676 esscndi
542 4632 594 4679 et
616 4608 761 4681 bene
800 4626 1013 4701 essendi
1057 4629 1238 4682 omnia
1288 4628 1539 4683 causalis.
1571 4629 1687 4685 Non
1742 4644 1868 4702 ergo
1896 4610 1944 4670 D
1977 4636 2185 4683 ctorum
2236 4626 2456 4679 Patrum
2516 4621 2837 4677 testimoniis
2886 4631 3183 4687 sacraeque
3237 4615 3548 4687 Scripturae

296 4712 399 4765 alia
449 4723 531 4768 est
572 4715 907 4785 providentia
953 4718 1195 4772 omnium
1226 4717 1292 4783 “,
1330 4726 1383 4775 et
1412 4719 1516 4774 alia
1552 4736 1717 4776 causa
1749 4736 1868 4775 om-

296 4803 470 4881 nium,
502 4805 595 4858 sed
618 4820 754 4859 unus
786 4814 945 4876 atque
968 4806 1110 4862 idem
1144 4806 1282 4862 Deus
1304 4816 1357 4861 et
1381 4809 1718 4879 providentia
1747 4826 1868 4879 per-

298 4893 588 4950 fectissima
618 4906 700 4952 est
741 4899 1008 4965 omnium,
1062 4906 1114 4953 et
1144 4900 1358 4954 essendi
1405 4908 1460 4957 et
1490 4901 1625 4955 bene
1657 4899 1869 4956 essendi

298 4989 477 5040 outnia
522 4990 771 5045 causalis.
806 4990 956 5059 Quod
987 5002 1166 5047 autem
1204 4995 1470 5065 sequitur,
1502 5002 1556 5049 et
1582 4996 1636 5050 in
1683 4996 1866 5050 omnia

296 5080 569 5150 procedit,
620 5088 675 5135 et
718 5081 773 5136 in
815 5083 962 5137 omni
1006 5083 1082 5147 ﬁt,
1134 5085 1237 5140 hoc
1270 5093 1386 5161 est,
1422 5085 1475 5138 in
1515 5086 1870 5141 universitate

297 5179 464 5237 quam
495 5166 648 5236 facit,
678 5179 734 5226 et
760 5172 1001 5228 continet
1027 5175 1231 5242 omnia,
1252 5174 1316 5232 ad
1360 5173 1669 5230 solvendam
1719 5189 1871 5244 prae-

302 5260 472 5319 sentis
493 5263 846 5335 quaestionis,
877 5265 944 5322 de
972 5281 1078 5336 qua
1103 5280 1249 5323 nunc
1282 5265 1480 5338 agitur,
1511 5267 1869 5323 nodositatem

1977 4715 2377 4773 corroboratae.
2425 4711 2530 4768 Sed
2558 4712 2752 4766 iterum
2783 4717 2980 4764 nutans
3035 4706 3303 4771 retrahor,
3331 4721 3394 4760 ac
3424 4719 3548 4758 mox

1978 4811 2031 4863 in
2076 4806 2331 4861 tenebras
2380 4802 2733 4859 densissimas
2780 4798 3164 4872 cogitationum
3212 4796 3260 4828 ’³
3304 4810 3544 4850 mearum

1973 4898 2204 4954 relabor.
2224 4896 2341 4951 Non
2358 4904 2441 4951 est
2453 4894 2500 4925 "‘
2517 4893 2659 4950 enim
2681 4893 2824 4947 acies
2837 4891 3034 4946 mentis
3051 4903 3203 4944 meae
3217 4889 3281 4943 ad
3294 4901 3549 4958 praesen-

1976 4989 2048 5044 tis
2095 4987 2427 5058 quaestionis
2484 4972 2821 5040 altitudinem
2862 4981 3174 5038 intuendam
3226 4979 3550 5050 penitusque

1975 5080 2360 5151 penetrandam
2403 5079 2612 5133 idonea.
2657 5076 2896 5133 Audiens
2936 5075 3134 5146 quippe
3155 5071 3203 5103 ²⁸
3229 5071 3357 5125 illud
3393 5085 3406 5124 :
3444 5066 3548 5134 Qui

1978 5171 2147 5240 fecisti
2174 5171 2425 5225 mundum
2448 5168 2511 5223 de
2538 5169 2763 5223 materia
2806 5166 3040 5238 informi,
3080 5177 3184 5218 non
3215 5161 3371 5216 aliter
3402 5158 3547 5230 cogi-

1980 5265 2182 5329 tabam,
2225 5263 2327 5318 nisi
2360 5264 2485 5334 quia
2523 5262 2756 5318 mundus
2801 5259 3028 5317 visibilis
3075 5266 3129 5313 et
3168 5253 3456 5311 invisibilis
3483 5252 3550 5308 de

1604 5398 1857 5453 VARIAE
1896 5394 2274 5487 LECTIONES

389 5544 407 5574 ι
438 5531 544 5589 Pro
572 5544 619 5589 et
650 5535 836 5588 iterum
889 5532 930 5587 C
958 5534 1053 5588 erit
1082 5535 1240 5596 enim.
1333 5535 1354 5566 ¹
1381 5532 1425 5587 Α
1456 5533 1739 5587 restrictus;

1841 5531 1861 5561 ³
1883 5530 1925 5585 Δ
1948 5541 2162 5585 remoto.

3302 5521 3550 5577 ‘Ccomo

2253 5529 2274 5559 ⁵
2297 5529 2341 5583 Α
2381 5529 2570 5584 adhuc.
2661 5529 2684 5561 '
2720 5527 3125 5591 deduciturom.
3161 5523 3208 5578 A

298 5586 533 5658 mentis.
572 5586 1045 5659 inscientissimi.
1088 5586 1140 5633 Si"
1163 5586 1338 5675 etom.
1372 5586 1434 5657 Ᾰ.
1518 5605 1542 5637 ⁹
1568 5619 1724 5675 super
1754 5616 1861 5675 om.
1895 5601 1958 5655 A.
2036 5602 2147 5675 "’_C
2174 5598 2541 5675 supercollata.
2620 5604 2663 5675 ff
2700 5600 2834 5675 inde
2868 5586 3113 5675 ipsa'om.
3287 5592 3550 5675 “"AAor‘n-

300 5676 447 5729 nium
469 5676 697 5745 effectus.
778 5675 823 5720 ξ’
846 5675 953 5730 Pro
978 5677 1207 5728 omnium
1224 5674 1267 5728 Α
1297 5675 1403 5745 ipse
1424 5683 1517 5728 est.

300 5746 413 5797 bro.
498 5743 556 5779 ³⁸
592 5747 635 5799 Α
667 5746 881 5800 scilicet.
977 5745 1020 5777 ¹⁹
1046 5762 1134 5799 nec
1166 5743 1373 5800 omnino
1400 5761 1499 5799 non
1527 5759 1634 5798 esse
1662 5758 1767 5797 om.
1801 5743 1864 5795 A.

300 5817 482 5884 possit.
559 5818 603 5848 ’³
636 5818 679 5870 Α
710 5818 1077 5886 cognitionum.
1156 5817 1199 5847 ”‘
1228 5826 1299 5871 est
1327 5833 1435 5871 om.
1485 5814 1546 5870 C.

1597 5671 1640 5704 “
1671 5672 1899 5725 omnium
1930 5685 2038 5726 om.
2064 5671 2123 5726 C.

2786 5667 2832 5709 l'
2857 5659 3004 5736 pater
3022 5681 3131 5720 om.
3161 5666 3228 5719 Α.
3268 5732 3292 5736 __
3310 5663 3373 5736 _"
3475 5659 3546 5736 ιὶς

2228 5671 2273 5704 ⁸⁵
2294 5672 2337 5724 Α
2368 5679 2414 5724 et
2445 5669 2678 5726 essendi.
2786 5669 2832 5709 1⁸
2857 5669 3004 5736 pater
3022 5681 3131 5720 om.
3161 5669 3228 5719 Α.
3331 5669 3372 5695 ³⁷
3400 5669 3449 5714 Α
3475 5669 3546 5714 ti—

2236 5756 2348 5799 orn.
2376 5741 2440 5796 A.
2536 5741 2578 5777 ἰ
2606 5747 2653 5794 et
2686 5746 2827 5793 stant
2864 5744 2973 5793 om."
3012 5736 3077 5791 Α.
3164 5736 3220 5768 ﬂ
3261 5732 3357 5791 Sic
3391 5733 3473 5799 C;
3501 5728 3548 5785 A

1956 5742 2005 5773 ³ο
2032 5758 2208 5797 verum
2236 5756 2348 5799 om.
2376 5741 2440 5796 A.
2536 5741 2578 5777 ἰ
2606 5747 2653 5794 et
2686 5746 2827 5793 stant
2864 5744 2973 5793 om."
3012 5736 3077 5791 Α.

1624 5815 1669 5846 ’⁵
1700 5814 1803 5868 Pro
1824 5815 2014 5884 quippe
2037 5812 2078 5868 C
2108 5814 2292 5883 inquit.
