4064 6292
468 265 569 321 62ιῖ

1844 250 2129 309 JOANNIS
2165 249 2365 310 SCO'II
2385 241 2391 248 ’

3633 243 3759 300 6ιὸ

468 375 694 435 materia
722 372 970 438 informi,
991 386 1154 443 quam
1177 372 1320 427 Deus
1344 370 1410 425 de
1429 369 1651 426 omnino
1672 366 1843 424 nihilo
1872 367 2038 423 veluti
2066 372 2119 432 Α
2143 384 2273 424 num
2287 381 2468 425 rerum
2482 364 2816 422 conditorem
2830 361 3202 434 proclamante
3214 361 3280 414 υτ
3299 358 3469 431 Opera
3483 376 3761 414 mmmam

468 467 767 538 auspicium
806 462 1076 534 quoddam
1103 475 1233 517 suae
1262 458 1595 530 operationis
1622 457 1843 521 creavit,
1875 454 2047 510 factus

467 566 736 620 narratur,
774 564 829 609 et
852 563 991 620 erat,
1044 553 1260 623 quando
1288 552 1453 606 totius
1496 550 1681 606 mundi
1722 548 2048 604 universitas

468 664 578 706 non
607 653 743 702 erat.
775 644 851 699 Ac
880 659 975 712 per
1004 644 1107 697 hoc
1137 642 1189 696 in
1222 640 1536 711 primordiis
1557 639 1886 696 conditionis
1914 652 2048 693 suae

471 741 538 796 de
563 737 784 795 omnino
812 734 980 789 nihilo
1028 734 1081 788 in
1131 732 1417 788 informem
1444 731 1710 803 processit
1745 729 2046 793 materiem,

472 839 529 887 et
572 834 969 896 consequenter
1009 839 1106 895 per
1146 839 1345 896 genera
1386 834 1443 879 et
1493 822 1696 878 formas
1738 830 2052 890 ceterosque

472 933 733 975 numeros
754 914 1029 971 naturales
1050 913 1114 967 ad
1139 913 1521 983 perfectionem
1539 913 1809 982 quandam
1831 911 2055 967 Creato-

474 1012 521 1065 ri
552 1008 652 1065 soli
680 1007 950 1078 cognitam
991 1005 1235 1076 pervenit
1277 1006 1316 1059 ί.
1379 1003 1490 1058 Nec
1533 1004 1636 1059 hoc
1670 1019 1767 1075 per
1818 1003 2056 1058 morulas

479 1114 783 1172 temporum
829 1099 1031 1155 factum
1063 1098 1229 1154 fuisse
1260 1114 1291 1153 a
1342 1107 1529 1153 sancto
1564 1107 1718 1168 patre
1755 1098 2057 1170 Augustino

478 1196 533 1249 in
565 1195 829 1248 Exemero
876 1205 973 1245 suo
1016 1203 1235 1244 suasum
1258 1199 1358 1244 est.
1392 1187 1509 1243 Non
1541 1190 1683 1243 enim
1715 1189 1770 1243 in
1792 1197 2052 1258 tempore,

476 1284 754 1356 praecedit
784 1281 1089 1336 informitas
1138 1280 1389 1347 formam,
1432 1283 1525 1336 sed
1578 1281 1811 1336 naturali
1848 1280 2055 1345 ordine,

478 1392 587 1447 quo
634 1390 794 1431 causa
827 1373 1108 1444 praevenit
1153 1371 1426 1427 effectum.
1473 1372 1679 1442 Nempe
1710 1388 1813 1427 vox
1838 1380 1893 1427 et
1938 1386 2063 1426 ver-

477 1473 607 1528 bum
638 1469 795 1527 simul
824 1484 890 1522 ex
923 1482 1019 1522 ore
1055 1466 1326 1537 loquentis
1354 1466 1654 1536 prodeunt;
1687 1479 1739 1521 et
1762 1475 1938 1521 tamen
1966 1480 2062 1518 an-

479 1563 681 1620 tevenit
730 1577 832 1615 vox
888 1562 1137 1626 verbum,
1184 1574 1291 1614 non
1337 1559 1557 1628 quidem
1612 1567 1854 1629 tempore
1884 1558 1925 1623 ²,
1969 1556 2063 1613 sed

482 1669 666 1711 causa.
705 1654 782 1710 De
810 1668 941 1707 voce
970 1652 1114 1707 enim
1140 1649 1371 1705 efﬁcitur
1391 1650 1636 1717 verbum,
1677 1650 1743 1705 de
1777 1650 1945 1705 verbo
1972 1664 2063 1703 au-

2152 472 2364 516 tuarum
2385 471 2503 515 sunt
2533 458 2706 522 caeli;
2759 458 2858 527 ipsi
2885 456 3146 526 peribunt,
3170 464 3225 508 tu
3258 463 3432 506 autem
3462 468 3766 521 permane-

2153 554 2230 609 bis
2253 571 2273 621 ;
2301 561 2347 607 et
2381 568 2557 606 omnes
2579 551 2712 604 sicut
2742 548 3101 603 vestimentum
3128 553 3461 608 reteraecent,
3506 554 3555 598 et
3602 543 3762 597 sicut

2152 643 2529 710 opertariorum
2557 641 2784 695 mutabit
2808 655 2917 706 eos,
2960 648 3008 692 et
3062 638 3427 702 mutabuntur,
3476 646 3532 689 tu
3562 644 3760 689 autem

2152 736 2419 805 idem-ipse
2439 751 2515 799 es,
2532 744 2578 788 et
2607 732 2733 795 (tnui
2762 732 2841 785 tui
2863 747 2967 785 non
2989 729 3252 798 deﬁcient.
3276 727 3395 798 Ipse
3415 726 3579 782 etiam
3601 740 3761 781 con-

2155 827 2301 882 ditor
2324 826 2562 881 omnium
2597 842 2611 878 :
2645 822 2885 888 Caelum,
2913 821 3088 892 inquit
3108 820 3175 887 ¹³,
3192 831 3238 875 et
3264 829 3405 874 terra
3423 818 3763 882 transibunt,

2155 921 2307 976 verba
2336 930 2509 975 autem
2540 935 2653 973 mea
2684 934 2789 971 non
2835 917 3110 971 transient.
3161 914 3221 970 Si
3270 922 3467 984 autem,
3505 913 3768 968 maxima

2157 1011 2350 1082 spatio,
2382 1009 2855 1081 pulcherrimaque
2912 1005 3243 1062 sublimitate
3286 1004 3552 1069 siderum,
3596 1012 3670 1058 et
3714 1002 3767 1035 “

2158 1102 2446 1174 purissima
2466 1099 2762 1157 subtilitate
2789 1106 3036 1165 naturae,
3050 1105 3196 1153 statu
3220 1107 3491 1152 astrorum
3510 1095 3765 1159 consita,

2161 1193 2676 1266 cursu_planctarum
2698 1192 3010 1248 harmonica
3030 1192 3096 1258 ιδ,
3115 1190 3335 1245 luminis
3357 1205 3565 1260 semper
3582 1189 3771 1260 plena

2162 1302 2289 1358 pars
2317 1285 2502 1340 mundi
2548 1284 2788 1355 peritura
2845 1283 2936 1348 sit,
2991 1291 3127 1338 teste
3160 1281 3460 1352 Scriptura,
3502 1278 3771 1351 nunquid

2163 1378 2483 1451 putandum,
2506 1377 2792 1432 interiores
2811 1384 3015 1446 partes,
3041 1390 3105 1431 ac
3129 1374 3300 1430 multo
3323 1374 3600 1429 inferiores
3626 1389 3774 1444 per-

2166 1471 2488 1526 mansuras?
2526 1469 2837 1525 Melioribus
2859 1469 3003 1524 enim
3052 1467 3450 1523 intereuntibus
3492 1465 3773 1521 inferiora

2167 1576 2274 1616 non
2301 1561 2524 1616 interire
2559 1560 2892 1630 impossibile
2917 1568 3019 1625 est,
3047 1568 3104 1615 et
3152 1560 3280 1614 dum
3316 1558 3577 1624 aufertur,
3600 1556 3776 1628 quod

2170 1651 2430 1716 continet,
2461 1650 2602 1721 quod
2659 1651 2988 1716 continetur,
3019 1664 3246 1705 manere
3291 1664 3419 1704 vera
3473 1664 3577 1704 non
3625 1646 3780 1705 sinit

482 1758 589 1803 tem
618 1745 765 1801 nullo
795 1746 955 1801 modo
992 1760 1119 1799 vox.
1162 1744 1242 1798 lta
1270 1757 1452 1799 rerum
1480 1743 1719 1796 omnium
1758 1740 2064 1796 informitas
2094 1749 2141 1809 Β
2169 1742 2327 1797 ratio.
2377 1740 2492 1796 Hoc
2528 1751 2708 1797 autem
2755 1741 2984 1797 dicimus
3023 1741 3092 1795 ad
3138 1740 3497 1796 dilferentiam
3542 1753 3776 1808 eorum,

481 1850 535 1896 et
570 1840 823 1895 formatio
851 1849 1013 1909 atque
1047 1837 1069 1869 ³
1103 1837 1366 1908 perfectio
1394 1836 1627 1915 naturali
1649 1836 1881 1905 quadam
1907 1849 2065 1905 prae-

481 1932 729 1988 cessione
755 1930 779 1963 ⁸
806 1940 862 1988 et
889 1929 1191 2000 sequentia,
1244 1944 1351 1985 non
1381 1938 1561 1983 autem
1597 1937 1899 1997 temporum
1934 1927 1954 1958 ⁸
1984 1927 2066 1981 in-

484 2023 745 2091 tervallis,
793 2024 1050 2079 distincte
1086 2021 1247 2077 simul
1296 2029 1353 2076 et
1396 2021 1563 2076 semel
1598 2023 1664 2076 de
1704 2019 1872 2074 nihilo
1902 2020 1955 2073 in
1977 2034 2063 2074 es—

485 2116 716 2174 sentiam
738 2114 1037 2170 'voluntate
1073 2112 1349 2168 Creatoris
1377 2113 1642 2167 adductae
1670 2122 1814 2167 sunt.
1842 2111 1910 2165 Et
1935 2113 2069 2167 haec

488 2215 607 2262 erat
627 2220 749 2262 mea
774 2204 931 2269 ﬁdes,
952 2218 1180 2272 meaque
1195 2202 1675 2273 quantulacunque
1692 2202 2065 2272 intelligentia.

486 2298 559 2354 At
596 2313 739 2352 nunc
764 2296 922 2350 aliter
941 2310 971 2349 a
996 2303 1046 2350 te
1073 2295 1255 2361 audio,
1286 2309 1428 2365 quae
1449 2294 1676 2349 multum
1720 2309 1807 2349 me
1830 2303 2068 2362 movent,

488 2395 545 2443 et
572 2387 639 2442 ab
668 2387 776 2451 his,
807 2401 945 2456 quae
970 2386 1231 2440 hactenus
1257 2386 1530 2451 tenebam,
1556 2384 1806 2451 ﬁrmiter,
1830 2384 1907 2439 uti
1935 2385 2068 2440 mihi

487 2479 663 2535 visum
694 2487 798 2544 est,
831 2478 1057 2533 invitum
1083 2487 1357 2535 revocant.
1380 2478 1646 2534 Praesens
1668 2478 1816 2534 enim
1846 2479 2067 2533 ratioci-

491 2570 662 2637 natio,
704 2579 764 2626 ut
795 2587 943 2636 reor,
990 2571 1066 2626 nil
1090 2571 1234 2628 aliud
1268 2572 1485 2627 videtur
1510 2571 1649 2627 velle
1685 2572 1933 2637 suadere,
1965 2572 2072 2627 nisi

491 2676 580 2728 ea,
611 2676 752 2732 quae
805 2662 871 2717 de
917 2661 1086 2717 nihilo
1142 2664 1399 2731 putabam
1448 2677 1568 2718 esse
1606 2663 1771 2727 facta,
1821 2670 1875 2717 et
1926 2662 2073 2717 nullo

493 2752 654 2808 modo
708 2758 929 2807 aeterna
958 2782 1028 2792 —-
1065 2763 1185 2808 erat
1241 2755 1424 2820 enim,
1474 2755 1687 2823 quando
1745 2769 1851 2809 non
1896 2764 2072 2819 erant,

493 2850 554 2897 ut
579 2843 903 2910 arbitrabar,
930 2858 994 2899 ac
1022 2858 1121 2915 per
1150 2845 1253 2899 hoc
1290 2852 1631 2914 acceperant,
1654 2845 1800 2914 quod
1829 2861 1935 2901 non
1977 2846 2074 2901 ha-

492 2934 726 2989 buerant
746 2962 819 2974 —
844 2942 1063 2989 aeterna
1084 2933 1245 2990 simul
1265 2942 1319 2989 et
1348 2934 1488 2989 facta
1525 2949 1664 2991 esse.
1724 2934 1878 3003 Quod
1919 2936 2073 3010 valde

492 3026 823 3081 contrarium
851 3026 1061 3096 opinor.
1129 3028 1197 3082 Et
1226 3028 1450 3095 merito;
1486 3044 1612 3083 nam
1649 3030 1781 3085 haec
1806 3029 1828 3060 ⁸
1857 3030 2073 3087 sibimet

2167 1850 2307 1906 quae
2344 1843 2565 1890 aeterna
2590 1843 2735 1901 sunt,
2774 1836 2843 1890 ab
2879 1825 2988 1901 his,
3011 1849 3150 1906 quae
3179 1843 3306 1890 sunt
3334 1832 3477 1889 facta
3523 1832 3586 1885 ⁸⁸.
3642 1830 3776 1888 Non

2168 1929 2312 1985 enim
2335 1944 2501 2000 parva
2528 1928 2783 1984 distantia
2811 1936 2893 1984 est
2923 1928 3064 1983 inter
3083 1942 3169 1993 ea,
3184 1941 3324 1998 quae
3356 1940 3457 1981 nec
3491 1923 3777 1995 incipiunt

2170 2034 2314 2086 esse,
2339 2034 2441 2074 nec
2475 2018 2761 2084 desinunt,
2794 2028 2848 2073 et
2887 2033 2970 2081 ea,
3026 2032 3168 2087 quae
3216 2015 3475 2072 inchoant
3525 2028 3672 2079 esse,
3717 2022 3778 2070 et

2169 2126 2277 2166 non
2302 2120 2530 2183 possunt
2551 2126 2766 2182 semper
2793 2124 3019 2165 manere
3039 2109 3107 2163 ".
3132 2107 3249 2163 Non
3271 2108 3436 2176 igitur
3460 2106 3577 2162 sine
3595 2119 3779 2162 causa

2173 2205 2318 2260 acies
2341 2205 2541 2260 mentis
2570 2205 2750 2259 minus
2783 2202 2905 2257 talia
2939 2201 3352 2274 intelligentiam
3373 2199 3772 2269 repereutitur,

2172 2294 2387 2365 quando
2409 2295 2458 2349 ei
2488 2304 2709 2349 aeterna
2737 2308 2859 2349 esse
2881 2292 3049 2360 facta,
3068 2301 3123 2347 et
3149 2290 3288 2347 facta
3318 2301 3538 2346 aeterna
3562 2289 3775 2345 suade-

2175 2396 2283 2442 tur.
2307 2385 2443 2441 Nam
2474 2401 2580 2442 non
2608 2385 2767 2441 facile
2811 2384 3156 2451 crediderim,
3205 2393 3259 2439 te
3303 2382 3611 2438 consentire
3658 2381 3773 2449 his,

2172 2481 2266 2551 qui
2296 2480 2482 2535 volunt
2511 2479 2831 2552 intelligere,
2859 2480 3033 2536 multa
3056 2493 3123 2534 ex
3146 2478 3249 2544 his,
3280 2492 3421 2548 quae
3446 2477 3589 2534 facta
3614 2487 3770 2544 sunt,

2175 2571 2284 2628 imo
2307 2586 2478 2642 paene
2501 2571 2683 2627 omnia
2730 2586 2945 2642 semper
2989 2586 3242 2626 mansura
3290 2570 3359 2636 ⁸⁸,
3402 2585 3468 2624 ac
3518 2584 3616 2639 per
3666 2569 3777 2625 hoc

2174 2663 2355 2719 futura
2401 2678 2520 2720 esse
2549 2671 2793 2719 aeterna.
2842 2660 3009 2717 Verbi
3038 2660 3234 2732 gratia,
3268 2658 3597 2715 universitas
3646 2658 3778 2725 ista,

2176 2773 2316 2830 quae
2344 2766 2557 2814 constat
2576 2772 2647 2813 ex
2669 2756 2819 2813 caelo
2845 2764 2898 2813 et
2930 2764 3097 2821 terra,
3124 2761 3359 2825 quatuor
3385 2751 3674 2808 elementis
3717 2750 3774 2805 in

2177 2850 2410 2923 speciem
2437 2850 2586 2906 orbis
2613 2849 2843 2906 absoluti
2863 2847 3204 2918 conglobata,
3227 2845 3525 2916 mundique
3548 2846 3777 2901 nomine

2178 2946 2435 3010 vocitata,
2460 2944 2614 3014 etgde
2642 2942 2812 2998 nihilo
2838 2941 2984 2998 facta
3003 2949 3106 3007 est,
3132 2948 3192 2996 ut
3217 2938 3389 3007 aiunt,
3413 2948 3471 2995 et
3512 2948 3775 2995 aeterna-

2178 3034 2302 3092 liter
2326 3050 2602 3100 mansura,
2633 3042 2849 3106 praeter
2874 3033 3136 3104 quasdam
3169 3046 3296 3087 suas
3321 3031 3638 3101 particulas,
3666 3031 3775 3086 hoc

492 3117 741 3172 videnlur
785 3117 1003 3187 opponi,
1038 3125 1258 3172 aeterna
1301 3118 1480 3185 factis,
1522 3126 1577 3173 et
1622 3117 1766 3173 facta
1814 3121 2069 3177 aeternis.
2102 3116 2147 3181 C
2177 3134 2282 3193 est,
2308 3123 2678 3195 corruptibilia
2711 3137 2966 3192 corpora,
2990 3120 3326 3193 generationi
3352 3128 3407 3175 et
3431 3117 3776 3189 corruptioui

493 3208 640 3276 Quae
668 3210 812 3265 enim
834 3220 1055 3266 aeterna
1084 3220 1227 3277 sunt,
1258 3228 1535 3283 nunquam
1571 3213 1837 3283 incipiunt
1868 3229 1986 3269 esse
2026 3214 2070 3281 ",

495 3317 769 3372 nunquam
820 3304 1073 3358 desinunt
1112 3305 1431 3371 subsistere,
1459 3314 1514 3360 et
1557 3322 1662 3361 non
1692 3315 1828 3373 erat,
1862 3307 2075 3376 quando

495 3411 604 3450 non
642 3404 819 3462 erant,
851 3397 976 3466 quia
1000 3412 1212 3467 seraper
1236 3405 1421 3466 erant;
1475 3413 1614 3469 quae
1647 3407 1830 3455 autem
1864 3400 1887 3431 ⁸
1934 3399 2077 3454 facta

495 3494 639 3552 sunt,
667 3488 988 3558 principium
1020 3488 1261 3545 facturae
1302 3505 1433 3546 suae
1466 3500 1807 3561 acceperunt.
1854 3491 2079 3548 Inchoa-

497 3587 697 3634 verunt
721 3579 865 3634 enim
893 3596 1032 3647 esse,
1058 3582 1185 3651 quia
1212 3591 1351 3648 erat,
1379 3584 1595 3653 quando
1636 3600 1744 3640 non
1784 3593 1973 3651 erant;
2026 3594 2082 3641 et

497 3670 746 3727 desinent
785 3688 925 3736 esse,
982 3674 1105 3743 quia
1149 3673 1171 3705 '
1221 3676 1612 3732 inchoavernnt
1668 3677 1891 3733 habere.
1939 3676 2079 3733 Vera

499 3761 766 3831 siquidem
788 3764 1000 3819 ratione
1022 3766 1266 3821 consulta
1297 3782 1476 3833 omne,
1493 3768 1634 3838 quod
1662 3766 1851 3839 incipit
1878 3776 2082 3837 tempo-

501 3854 690 3911 raliter
718 3871 857 3922 esse,
886 3872 993 3913 non
1023 3859 1217 3914 sinitur
1240 3875 1453 3931 semper
1480 3875 1821 3932 permanere.
1849 3861 2083 3917 Necesse

499 3951 716 4021 quidem
764 3960 847 4007 est
888 3952 955 4006 ad
1004 3952 1165 4009 ﬁnem
1196 3969 1440 4026 vergere,
1469 3954 1523 4009 in
1557 3970 1663 4025 quo
1686 3955 1913 4025 cogitur,
1939 3951 2080 4025 quod

501 4051 742 4112 tempore
771 4041 960 4112 incipit
989 4058 1131 4109 esse,
1159 4044 1357 4114 perire.
1386 4044 1453 4099 Et
1491 4060 1651 4100 nemo
1689 4044 1969 4111 aestimet,
1995 4059 2084 4099 me

498 4133 638 4190 velle
665 4135 893 4190 suadere
921 4135 1152 4190 reditum
1179 4134 1246 4189 ad
1284 4135 1509 4190 nihilum
1536 4149 1743 4201 eorum,
1775 4149 1913 4205 quae
1940 4143 2080 4189 tem-

503 4227 760 4297 poraliter
799 4242 868 4282 ex
916 4227 1144 4282 materia
1191 4243 1288 4297 per
1331 4228 1733 4299 generationem
1777 4227 1833 4280 in
1883 4226 2084 4281 mundo

499 4320 669 4386 ﬁunt;
696 4321 799 4374 hoc
826 4320 967 4373 enim
1007 4333 1276 4373 summum
1309 4320 1463 4373 fieret
1487 4317 1707 4373 malum.
1748 4316 2083 4372 Solutionem

499 4423 633 4466 vero
658 4424 845 4465 eorum
885 4409 939 4463 in
983 4424 1066 4473 ea,
1113 4424 1178 4464 ex
1224 4408 1419 4478 quibus
1471 4416 1882 4480 componuntur,
1930 4415 1986 4463 et
2029 4408 2082 4462 in

502 4500 699 4571 quibus
736 4499 1063 4563 subsistunt,
1095 4499 1233 4554 dico.
1281 4496 1416 4553 Nam
1460 4507 1516 4553 et
1565 4479 1800 4554 humana
1854 4514 2079 4569 corpora
2110 4479 2162 4539 Ῐ)

504 4598 917 4660 ceterorumque
965 4588 1310 4657 animalium,
1357 4590 1483 4645 dum
1534 4589 1857 4656 solvuntur,
1903 4591 2081 4661 perire

506 4680 789 4747 dicuntur;
826 4696 932 4735 non
965 4689 1141 4735 tamen
1164 4681 1231 4737 ad
1258 4681 1482 4737 nihilum
1506 4683 1848 4754 rediguntur,
1880 4684 1973 4740 sed
2024 4685 2078 4739 in

504 4773 767 4829 catholica
793 4773 1062 4829 elementa
1089 4783 1437 4831 revertuntur
1464 4776 1529 4832 ιο.
1557 4776 1627 4831 Et
1670 4779 1773 4833 hoc
1816 4780 2081 4849 generali-

506 4875 591 4921 ter
615 4866 681 4921 de
706 4867 1057 4923 universitate
1089 4869 1247 4938 hujus
1275 4870 1460 4926 mundi
1481 4869 1708 4927 visibilis
1744 4871 2077 4944 intelligitur.

502 4955 615 5013 Nec
650 4958 961 5029 incongrue.
1016 4956 1152 5012 Nam
1195 4959 1450 5028 quoniam
1500 4961 1823 5031 principium
1866 4965 2079 5020 essendi

502 5052 727 5122 accepit,
756 5053 1023 5109 essentiae
1045 5066 1176 5107 suae
1201 5054 1491 5109 terminum
1528 5055 1906 5111 inevitabiliter
1929 5073 2082 5112 acce-

503 5150 694 5213 pturus
719 5153 818 5199 est.
855 5142 1009 5200 Sicut
1043 5145 1184 5199 enim
1222 5144 1260 5175 ιι
1298 5154 1434 5212 erat,
1465 5147 1679 5217 quando
1701 5164 1805 5202 non
1841 5157 1981 5213 erat,
2008 5149 2080 5203 ita

502 5232 633 5301 erit,
658 5236 872 5305 quando
928 5253 1034 5292 non
1100 5238 1218 5301 erit,
1271 5234 1557 5305 Psalmista
1627 5248 1858 5295 testante
1907 5246 2081 5293 aeter-

2178 3217 2441 3289 subjecta,
2468 3231 2609 3287 quae
2633 3230 2834 3286 negare
2874 3213 2920 3255 ι’
2957 3229 3062 3269 non
3087 3222 3315 3285 possunt
3339 3213 3613 3283 peritura;
3648 3222 3777 3267 cae-

2177 3311 2289 3366 lum
2312 3323 2442 3365 vero
2467 3323 2591 3364 cum
2636 3307 2750 3363 suis
2787 3306 3056 3363 sideribus
3099 3320 3312 3375 semper
3352 3303 3488 3367 fore,
3514 3302 3633 3357 sive
3674 3314 3780 3357 vo-

2177 3402 2342 3459 lubile
2363 3401 2453 3467 sit,
2481 3401 2595 3456 sive
2626 3399 2830 3454 moveri
2858 3398 3087 3454 desinat.
3112 3397 3170 3452 ln
3191 3397 3294 3452 hoc
3316 3409 3550 3465 namque
3571 3407 3774 3452 sensus

2180 3509 2369 3551 eorum
2425 3493 2685 3557 variatur,
2727 3490 3048 3561 quibusdam
3111 3487 3506 3543 afﬁrmantibus
3560 3495 3769 3542 statum

2179 3585 2521 3643 mutabilium
2583 3584 2864 3652 futurum,
2914 3584 3237 3655 quibusdam
3289 3596 3421 3636 vero
3465 3579 3774 3636 naturalem

2180 3688 2387 3736 motum
2445 3676 2836 3733 elementorum
2880 3688 3095 3743 semper
3135 3688 3241 3729 non
3284 3680 3646 3728 cessaturum.
3695 3669 3779 3726 Illi

2182 3770 2400 3841 quidem
2429 3777 2722 3839 sequentes
2747 3765 2891 3836 quod
2943 3766 3204 3837 scriptum
3245 3772 3367 3821 est:
3398 3762 3573 3818 Erum
3595 3764 3776 3817 omnia

2181 3863 2379 3932 quieta,
2410 3869 2466 3916 et
2496 3861 2599 3916 hoc
2621 3860 2687 3914 de
2714 3867 2857 3914 statu
2880 3857 3220 3913 mutabilium
3252 3856 3649 3927 intelligentes;
3698 3850 3776 3907 illi

2182 3968 2342 4009 vero:
2362 3951 2680 4008 Concentum
2701 3953 2833 4006 caeli
2852 3952 2970 4022 quis
2986 3951 3217 4005 dormire
3241 3948 3439 4019 faciet?
3462 3948 3529 4003 de
3552 3955 3778 4001 aeterno

2184 4047 2524 4104 mutabilium
2552 4054 2701 4102 motu
2724 4046 2925 4101 dictum
2954 4059 3076 4101 esse
3097 4042 3442 4113 accipientes.
3474 4037 3775 4095 Harmonia

2183 4141 2450 4212 siquidem
2482 4139 2730 4196 caelestis
2747 4141 2865 4194 sine
2885 4146 3033 4193 motu
3056 4136 3338 4192 aethereae
3362 4134 3629 4204 sphaerae
3658 4145 3780 4184 om-

2185 4234 2441 4301 niumque
2467 4231 2702 4286 siderum
2730 4229 3002 4299 quomodo
3040 4227 3243 4298 poterit
3284 4224 3595 4288 concinere,
3645 4234 3775 4277 cum

2185 4324 2389 4380 musica
2413 4338 2628 4393 semper
2648 4323 2703 4377 in
2736 4329 2886 4377 motu
2923 4322 3015 4387 sit,
3057 4317 3506 4391 quemadmodum
3552 4329 3776 4387 geome-

2188 4416 2291 4472 tria
2312 4415 2366 4470 in
2396 4413 2579 4469 statu?
2619 4411 2917 4469 Terrenam
2945 4426 3160 4481 quoque
3204 4407 3399 4465 molem
3442 4421 3594 4463 suam
3646 4418 3780 4475 pro-

2185 4507 2360 4579 priam
2393 4505 2750 4576 quantitatem
2792 4518 3006 4573 semper
3050 4501 3359 4556 habituram
3404 4495 3777 4552 indubitanter

2188 4598 2478 4663 aﬂirmant,
2510 4605 2797 4667 sequentes
2837 4593 2982 4666 quod
3029 4592 3292 4662 scriptum
3333 4596 3418 4644 est
3448 4603 3463 4642 :
3492 4583 3774 4642 Generatio

2187 4689 2342 4757 venit,
2373 4687 2636 4758 generatio
2658 4686 2799 4740 vadit
2828 4726 2843 4751 ,
2870 4694 3010 4739 terra
3044 4698 3161 4738 vero
3216 4681 3271 4733 in
3321 4690 3586 4733 aeternum
3639 4682 3773 4737 stat,

2187 4792 2251 4833 eo
2280 4786 2506 4847 excepto
2533 4776 2602 4841 ‘°,
2629 4777 2770 4846 quod
2799 4773 3116 4846 superﬁcies
3144 4770 3260 4841 ejus
3300 4770 3533 4839 undique
3580 4767 3777 4838 plana-

2186 4869 2351 4935 bitur,
2386 4878 2445 4923 ut
2490 4868 2787 4939 pulchrior,
2835 4884 2997 4939 quam
3037 4882 3180 4921 nunc
3232 4873 3330 4927 est,
3379 4862 3676 4922 etliciatur,
3706 4874 3773 4913 ac

2185 4961 2352 5015 veluti
2394 4975 2532 5015 nova
2568 4960 2799 5029 quadam
2824 4960 3059 5030 partium
3112 4955 3438 5027 aequalitate
3482 4961 3767 5015 renovata,

2187 5069 2293 5109 non
2326 5062 2386 5108 ut
2432 5054 2688 5118 intereat,
2716 5053 2858 5124 quod
2904 5067 3048 5107 nunc
3089 5060 3188 5114 est,
3220 5049 3312 5106 sed
3352 5059 3412 5104 ut
3458 5055 3663 5103 mutata
3711 5045 3767 5099 in

2186 5143 2380 5199 melius
2408 5145 2684 5214 quantitas
2714 5144 2829 5215 ejus
2857 5152 2913 5200 et
2938 5143 3235 5213 aequalitas
3255 5148 3585 5212 permaneat.
3607 5135 3767 5204 Quod

2187 5237 2353 5291 etiam
2378 5237 2444 5293 de
2472 5235 2622 5293 caelo
2647 5236 2833 5292 volunt
2859 5234 3105 5306 intelligi,
3153 5236 3258 5291 hoc
3303 5241 3409 5299 est,
3456 5229 3595 5302 quod
3646 5227 3768 5297 ejus

1780 5388 2034 5445 VARIAE
2068 5385 2471 5445 LECTIONES.

1554 5503 1740 5559 Ἀρι.

577 5499 601 5536 Ι
620 5500 662 5538 l‘.
682 5502 948 5538 ηιηιοιὸυι
1041 5504 1066 5538 ι

620 5500 662 5558 C
682 5502 967 5574 pervenire.
1041 5504 1066 5538 ⁸
1093 5500 1137 5562 G
1166 5516 1473 5579 temporum.
1554 5503 1575 5535 ³
1598 5505 1645 5559 Α
1672 5514 1740 5559 et.
1830 5504 1852 5534 ‘
1873 5504 1920 5557 Α
1948 5523 1955 5574 1

620 5592 647 5626 ι.
748 5576 769 5608 ⁸
795 5573 837 5630 C
867 5574 1029 5631 quod.
1154 5576 1197 5608 ¹⁶
1225 5578 1270 5631 Α
1314 5585 1641 5631 revertuntur
1685 5573 1955 5629 elementa.

501 5584 647 5645 uero.
684 5573 689 5574 “
748 5576 769 5608 ⁸
795 5573 837 5645 C,
867 5574 1029 5645 quod.

506 5714 632 5768 uici.

1830 5504 1852 5534 ‘
1873 5504 1920 5557 Α
1948 5505 2294 5574 processione.

2087 5577 2129 5610 ἰ
2181 5576 2319 5628 enim
2360 5589 2472 5630 om.
2516 5575 2579 5630 (ἐ.

503 5584 647 5629 ocra.
748 5576 769 5608 ’
795 5576 837 5630 (Σ.
867 5576 1029 5645 quod.
1154 5576 1197 5608 ¹⁹
1225 5576 1277 5631 Α⁷
1314 5585 1641 5631 revertuntur
1685 5576 1955 5629 elementa.
2087 5577 2129 5610 ¹¹
2181 5576 2319 5628 enim
2360 5589 2472 5630 om.
2516 5576 2559 5630 (ἔ

503 5641 675 5719 ditare
693 5642 1088 5719 proclamante;
1116 5645 1158 5702 C
1180 5656 1447 5719 aeternum
1471 5662 1642 5701 rerum
1654 5645 1972 5719 conditorem
1992 5645 2344 5719 proclamans.
2423 5648 2468 5719 f3
2485 5646 2559 5719 _i_n

710 5712 820 5768 "A
855 5714 996 5785 facta
1017 5726 1158 5771 sunt.
1234 5716 1278 5749 "
1307 5717 1349 5769 Α
1377 5732 1698 5776 permanere.
1763 5714 1819 5788 f3
1853 5713 1902 5770 A
1953 5712 2321 5788 permansura.

2915 5502 2936 5536 ‘
2959 5502 3000 5559 C
3035 5505 3162 5559 haec
3184 5519 3326 5557 nam.
3404 5502 3423 5533 ⁷
3455 5497 3495 5553 Α
3522 5509 3588 5553 et.
3665 5498 3690 5531 ³
3716 5499 3762 5552 Α

2690 5577 2734 5612 ¹²
2773 5574 2950 5640 Corr.,
2991 5575 3038 5628 Α
3083 5586 3392 5644 aeternoque
3429 5586 3597 5644 rerum
3635 5585 3764 5624 con-

2423 5648 2468 5717 ξ³
2487 5646 2811 5717 jnquitpm.
2830 5646 2907 5717 AC.
2939 5639 2943 5640 ί
2971 5645 3014 5685 ιθ
3040 5656 3088 5700 et
3111 5661 3220 5702 om.
3247 5639 3314 5700 ϐξ
3407 5641 3453 5678 ¹⁸
3482 5639 3763 5696 Auamm-

2400 5714 2442 5750 ¹⁹
2482 5713 2583 5772 Sic
2614 5715 2725 5772 AG.
2797 5714 2847 5749 ¹⁰
2879 5716 3205 5788 Aexempte.

2394 5502 2416 5535 "
2437 5501 2485 5559 Α
2504 5513 2729 5575 tempore
2752 5512 2821 5560 et.
