4064 6292
236 484 344 541 619

1093 485 1181 542 DE
1219 483 1560 543 DIVISIONE
1594 485 1940 544 NATURAE.
1980 515 2053 529 —
2090 484 2291 541 LIBER
2330 481 2645 543 TERTIUS.

3392 490 3495 545 65’)

236 597 605 669 pulchritudo,
632 601 683 653 in
705 614 810 670 qua
839 614 982 655 nunc
1007 601 1256 657 sensibus
1280 588 1555 672 corporeis
1583 600 1808 667 arridet,
1835 611 1887 670 Α
1913 610 2222 657 sanctorum
2266 600 2483 657 Palmm
2514 602 2737 673 vestigia
2784 616 3032 673 sequens,
3085 607 3248 663 divini
3276 608 3494 666 luminis

234 693 290 746 in
338 691 445 746 ﬁne
485 691 672 746 mundi
701 691 1062 746 cumulabitur
1100 694 1115 725 ί
1160 692 1363 762 absque
1412 692 1519 747 ullo
1568 692 1815 764 globatae

235 799 368 839 suae
391 784 597 855 ﬁgurae
627 783 981 856 stellataeque
1006 786 1250 855 picturae
1276 786 1495 841 interitu
1516 826 1531 851 ,
1559 785 1813 856 quoniam

233 874 495 955 scriptum
522 883 626 942 est,
652 884 710 929 ut
738 876 922 931 aiunt:
954 873 1073 929 Erit
1101 876 1303 930 caelum
1352 891 1537 929 novum
1581 884 1628 930 et
1674 884 1815 929 terra

234 985 390 1024 nova.
418 968 610 1025 Caelos
637 977 815 1024 autem
864 969 1133 1039 perituros
1178 985 1283 1024 non
1334 969 1401 1023 de
1450 968 1816 1038 superioribus

232 1061 424 1115 mundi
468 1060 735 1130 partibus.
768 1077 955 1115 verum
999 1060 1065 1116 de
1106 1062 1297 1132 spatiis
1324 1059 1483 1129 hujus
1513 1060 1650 1115 aeris
1679 1058 1815 1113 infra

230 1149 420 1206 lunam
452 1152 852 1224 intelligunt,ut
877 1153 1327 1221 quemadmodum
1349 1152 1403 1206 in
1430 1151 1631 1214 diluvio
1658 1165 1815 1204 versa

227 1238 359 1299 aunt
388 1244 440 1298 in
458 1259 676 1314 aquam,
702 1245 775 1299 ita
799 1245 853 1300 in
876 1246 897 1275 ¹¹
918 1245 1099 1299 mundi
1125 1244 1230 1299 ﬁne
1247 1250 1530 1299 vertantur
1549 1241 1570 1273 ⁸
1593 1242 1644 1295 in
1660 1239 1815 1294 llam-

232 1352 423 1402 mam;
460 1338 701 1391 omninm
730 1352 862 1391 vero
891 1336 1204 1390 animalium
1253 1343 1308 1389 et
1355 1333 1609 1388 fruticum
1657 1332 1818 1386 arbo-

224 1445 455 1499 rumque
486 1431 888 1502 generationem
921 1429 943 1459 ⁸
967 1437 1021 1483 et
1056 1429 1385 1483 incrementa
1406 1427 1816 1481 etdecrementa

224 1529 565 1587 cunctorum,
595 1536 732 1592 quae
768 1521 907 1575 intra
950 1519 1212 1575 circulum
1248 1519 1407 1575 lunae
1447 1518 1813 1586 continentur,

223 1611 659 1666 vicissitudinem
688 1620 1021 1667 cessaturam
1051 1627 1155 1666 non
1186 1611 1358 1668 solum
1386 1627 1492 1667 non
1521 1613 1814 1679 denegant,

224 1720 416 1760 verum
446 1706 608 1761 etiam
637 1704 924 1760 afﬁrmant.
958 1704 1144 1775 Spatia
1180 1706 1305 1759 item
1334 1705 1475 1760 aeris
1502 1712 1557 1760 et
1578 1704 1815 1759 aetheris

219 1797 595 1852 distribuenda
631 1795 746 1852 fore
776 1797 1109 1852 arbitrantur
1144 1818 1157 1851 :
1206 1797 1442 1852 aetheris
1495 1797 1713 1868 quidem
1760 1797 1816 1851 in

220 1897 503 1943 aeternam
531 1889 925 1958 possessionem
964 1890 1243 1944 beatorum
1280 1889 1596 1959 angelorum
1643 1888 1813 1943 homi-

1916 694 2067 749 radio
2101 695 2168 750 ab
2218 696 2494 751 erroribus
2537 696 2672 751 meis
2717 705 2772 750 et
2816 698 3041 773 aliorum
3071 717 3154 755 me
3183 714 3490 770 revocante,

1916 787 2081 855 inque
2113 786 2255 840 viam
2287 796 2490 842 rectam
2521 787 2769 851 ducente,
2794 789 3066 857 paululum
3097 792 3286 861 pedem
3324 804 3495 851 retra-

1915 875 2007 930 ho.
2037 876 2224 929 Divina
2265 876 2528 945 siquidem
2559 877 2841 933 clementia
2885 881 3167 937 veritatem
3212 885 3297 954 pie
3333 897 3496 958 atque

1916 966 2193 1021 humiliter
2233 975 2553 1035 quaerentes
2605 967 2657 1021 in
2716 968 2956 1025 tenebris
3012 971 3349 1043 ignorantiae
3388 991 3495 1032 non

1915 1060 2269 1127 siuiterrare,
2300 1060 2462 1130 inque
2511 1059 2693 1115 foveas
2748 1061 3004 1119 falsarum
3055 1067 3365 1137 epinionum
3402 1084 3496 1125 ca-

1917 1152 2064 1215 dere,
2103 1151 2235 1206 etin
2279 1151 2359 1205 eis
2409 1150 2605 1221 perire.
2635 1152 2787 1206 Nulla
2840 1155 2982 1209 enim
3013 1156 3164 1227 pejor
3191 1173 3337 1213 mors
3390 1165 3494 1223 est,

1918 1258 2080 1313 quam
2129 1244 2371 1299 veritatis
2408 1244 2733 1313 ignorantia,
2763 1246 2905 1300 nulla
2935 1262 3133 1319 vorago
3160 1249 3496 1320 profundior,

1918 1349 2077 1404 quam
2108 1333 2239 1389 falsa
2264 1350 2362 1404 pro
2404 1335 2547 1389 veris
2578 1338 2891 1406 approbare,
2947 1342 3088 1410 quod
3113 1345 3389 1413 proprium
3416 1356 3501 1401 est

1918 1426 2138 1480 erroris.
2188 1425 2266 1479 Ex
2317 1426 2405 1481 his
2457 1427 2600 1481 enim
2652 1430 2959 1499 turpissima
3019 1441 3073 1487 et
3121 1434 3500 1495 abominabilia

1918 1525 2158 1571 monstra
2196 1517 2259 1572 .in
2310 1518 2561 1573 humanis
2614 1522 3027 1590 cogitationibus
3073 1525 3246 1582 solent
3286 1528 3413 1600 ﬁngi
3441 1529 3499 1602 Ἴ,

1918 1622 2057 1677 quae
2087 1606 2112 1641 ⁸
2137 1609 2262 1663 dum
2307 1609 2539 1664 carnalis
2592 1611 2771 1665 anima
2820 1612 2983 1668 veluti
3035 1631 3160 1670 vera
3185 1626 3242 1672 et
3271 1631 3421 1676 amat
3445 1628 3504 1678 et

1919 1698 2183 1767 sequitur,
2235 1699 2454 1753 dorsum
2505 1712 2826 1758 convertens
2880 1718 3008 1760 vero
3049 1704 3072 1737 ⁹
3134 1707 3345 1775 lumini,
3375 1727 3500 1767 um-

1917 1789 2150 1859 brasque
2187 1788 2405 1860 fugaces
2454 1794 2911 1861 comprehendere
2949 1796 3151 1863 volens,
3188 1808 3243 1854 et
3266 1815 3370 1854 non
3399 1816 3499 1856 va-

1920 1880 2058 1946 lens,
2092 1882 2164 1935 in
2205 1883 2519 1937 barathrum
2550 1884 2801 1940 miseriae
2846 1889 3127 1943 consuevit
3155 1905 3332 1946 ruere.
3362 1890 3502 1949 Hinc

222 1993 462 2047 numque
507 1977 609 2032 sibi
656 1977 934 2043 similium,
982 1979 1126 2034 aeris
1170 1993 1298 2034 vero
1344 1976 1614 2033 inferioris
1662 1978 1807 2033 circa
1837 1971 1884 2030 B
1912 1973 2127 2029 assidue
2176 1975 2430 2030 debemus
2477 1991 2636 2031 orare
2684 1993 2747 2033 ac
2793 1978 2837 2011 ⁸ο
2859 1980 3038 2035 dicere
3072 1998 3085 2034 :
3120 1982 3281 2047 Deus,
3311 1990 3499 2040 nostra

224 2077 429 2123 terram
454 2068 689 2138 undique
710 2067 888 2124 diﬁ‘usi
921 2069 973 2124 in
1005 2078 1284 2125 aeternum
1314 2085 1589 2125 carcerem
1634 2079 1808 2125 acter-

221 2173 433 2228 nasque
484 2155 768 2224 ﬂammas,
813 2158 1057 2215 localiter
1118 2160 1511 2231 visibiliterque
1556 2175 1804 2227 arsuras,

223 2251 525 2321 torquendo
575 2251 789 2307 diabolo
842 2268 965 2307 cum
1026 2253 1284 2309 membris
1325 2254 1477 2318 suis,
1524 2253 1629 2308 hoc
1687 2262 1805 2319 est,

220 2343 487 2412 apostatis
560 2343 799 2414 angelis,
871 2344 1247 2415 similibusque
1327 2344 1430 2400 sibi
1500 2345 1810 2402 hominibus

219 2433 421 2503 impiis.
475 2433 554 2489 Ac
605 2450 701 2504 per
761 2435 864 2490 hoc
915 2436 1169 2505 quoniam
1234 2435 1258 2468 ⁵
1317 2451 1533 2493 omnem
1591 2445 1810 2492 creatu-

218 2542 339 2580 ram
391 2525 615 2582 localem
657 2539 713 2582 et
774 2528 1123 2598 temporalem
1170 2537 1227 2583 et
1279 2544 1403 2585 esse
1458 2538 1514 2585 et
1568 2529 1804 2584 futuram

217 2633 341 2674 esse
377 2620 638 2690 cogitant,
690 2620 806 2675 loca
866 2630 921 2676 et
988 2632 1250 2691 tempora,
1310 2623 1414 2679 hoc
1473 2631 1575 2688 est,
1620 2624 1807 2677 mundi

221 2711 399 2780 spatia
453 2720 766 2784 motumque
816 2712 932 2783 ejus
977 2713 1310 2768 merularum
1368 2714 1666 2768 intervallis
1723 2714 1808 2769 di-

220 2805 478 2859 stinctum
529 2820 744 2876 semper
785 2819 908 2861 esse
952 2820 1209 2861 mansura
1246 2822 1356 2863 non
1401 2806 1666 2862 dubitant.
1715 2808 1809 2863 His

216 2905 383 2968 atque
404 2896 707 2967 huiusmodi
730 2897 881 2956 falsis
900 2899 1244 2970 opinionibus
1266 2909 1531 2956 conantur
1543 2916 1806 2968 asserere,

216 3005 301 3054 ea,
356 3006 497 3062 quae
541 3008 647 3048 non
694 3001 870 3059 erant,
923 3003 977 3047 et
1004 2992 1557 3060 inchoaveruntesse,
1585 3001 1640 3047 et
1665 2993 1810 3049 facta

218 3083 382 3137 simul
426 3093 482 3139 et
521 3093 741 3140 aeterna
766 3087 870 3140 dici
895 3100 1074 3157 posse,
1125 3087 1249 3156 quia
1300 3101 1514 3156 semper
1540 3087 1593 3141 in
1620 3086 1807 3141 eodem
1842 3132 1847 3141 .

220 3183 390 3242 statu,
428 3176 480 3229 in
533 3191 638 3245 quo
679 3176 1049 3248 temporaliter
1077 3186 1260 3232 creata
1290 3186 1438 3244 sunt,
1494 3178 1805 3243 manebunt,

218 3276 435 3338 etquae
456 3268 725 3341 principio
768 3285 872 3325 non
907 3278 1119 3335 carent,
1164 3268 1270 3323 ﬁne
1320 3285 1509 3326 carere
1539 3270 1809 3326 arbitran-

219 3368 331 3421 tur,
376 3358 454 3412 ita
498 3367 558 3414 ut
600 3368 655 3415 et
702 3359 842 3415 facta
888 3360 1013 3423 sint,
1064 3361 1190 3431 quia
1231 3376 1350 3417 esse
1377 3360 1721 3427 inchoavere,
1753 3369 1810 3416 et

221 3458 469 3515 aeterna,
507 3451 631 3520 quia
677 3467 782 3506 non
820 3452 1065 3508 desinent
1102 3452 1415 3509 subsistere.
1447 3454 1808 3509 Veruntamen

215 3553 395 3610 neque
441 3541 633 3598 talibus
660 3542 1021 3611 opinionibus,
1055 3559 1189 3613 quas
1234 3557 1361 3600 vera
1406 3544 1617 3600 deridet
1645 3547 1805 3613 ratio,

216 3639 273 3686 te
312 3633 577 3687 assentire
619 3634 970 3697 aestimarim,
1019 3650 1192 3705 neque
1220 3635 1379 3691 talem
1412 3638 1808 3703 aeternitatem,

218 3720 303 3775 vel
331 3731 390 3776 ut
422 3723 613 3778 verius-
631 3724 827 3791 dicam,
845 3724 1358 3782 semiaeternitatem
1383 3728 1811 3802 praedictistuis

217 3813 523 3870 rationibus
537 3816 791 3882 suasisse,
810 3831 985 3888 neque
997 3818 1077 3873 sic
1092 3826 1146 3872 et
1161 3817 1301 3875 facta
1332 3819 1489 3873 simul
1517 3830 1568 3875 et
1591 3831 1811 3876 aeterna

218 3902 469 3958 docuisse
487 3920 501 3968 ;
519 3906 613 3960 sed
636 3905 812 3961 altiori
843 3916 1156 3963 naturarum
1187 3910 1429 3965 contuitu
1451 3910 1589 3965 ultra
1615 3911 1807 3966 huma-

218 4008 321 4048 nas
351 3993 652 4063 opiniones,
678 3997 840 4052 modo
866 3998 1098 4067 quodam
1121 3999 1296 4054 adhuc
1325 4000 1481 4055 nobis
1516 4001 1808 4072 incognito,

220 4087 525 4142 divinorum
547 4104 866 4145 arcanorum
881 4091 1040 4162 adyta
1056 4102 1339 4161 penetrare
1359 4102 1409 4148 te
1428 4095 1624 4160 sentio,
1647 4096 1813 4150 vesti-

218 4177 306 4248 gia
336 4177 578 4244 Patrum,
626 4181 718 4251 qui
747 4181 874 4237 talia
902 4184 1123 4238 scrutati
1153 4191 1297 4247 sunt,
1332 4185 1491 4241 altius
1516 4187 1807 4256 sequendo.

292 4270 381 4323 10.
433 4270 599 4326 Aiunt
647 4273 818 4339 enim,
871 4282 1122 4329 naturam
1152 4274 1309 4345 hujus
1353 4277 1539 4331 mundi
1575 4266 1811 4347 semper

219 4375 558 4428 mansuram,
605 4364 730 4432 quia
784 4364 1101 4436 incorporea
1157 4375 1324 4423 estet
1368 4367 1808 4437 incorruptibilis,

218 4461 405 4508 cetera
428 4469 576 4521 vero,
605 4456 802 4525 quibus
821 4468 1051 4524 constat,
1084 4459 1344 4529 peritura,
1375 4460 1478 4529 hoc
1505 4469 1607 4525 est,
1631 4476 1810 4526 omne,

225 4545 371 4614 quod
406 4544 461 4599 in
510 4560 577 4600 eo
624 4555 710 4602 est
736 4549 1115 4618 compositum.
1156 4550 1225 4604 Et
1263 4550 1387 4620 quia
1433 4551 1488 4606 in
1513 4567 1578 4607 eo
1606 4552 1811 4607 nullum

219 4648 419 4705 corpus
466 4643 568 4702 est,
632 4638 777 4707 quod
817 4654 925 4695 non
967 4639 1038 4694 sit
1081 4635 1107 4670 '
1131 4640 1520 4709 compositum,
1552 4651 1608 4696 et
1650 4658 1811 4699 omne

217 4727 579 4796 compositum
604 4727 842 4785 solvetur
870 4730 925 4784 in
950 4745 1033 4794 ea,
1053 4796 1063 4805 ι
1082 4745 1149 4785 ex
1179 4731 1372 4801 quibus
1423 4736 1801 4802 componitur;

219 4823 368 4870 totus
393 4816 558 4887 igitur
582 4819 812 4875 mundus
833 4819 935 4876 iste
965 4820 1194 4876 visibilis
1227 4837 1518 4892 corporeus
1539 4826 1808 4895 composi-

150 4966 164 4979 ε
215 4912 309 4963 tus
357 4907 618 4975 solvetur,
669 4910 782 4965 sola
834 4911 1060 4981 simplici
1115 4921 1306 4967 natura
1359 4923 1629 4969 manente.
1665 4914 1804 4971 MAG.

217 4998 398 5058 Falsis
418 5001 918 5060 ratiocinationibus
940 5005 1294 5060 humanarum
1320 5006 1630 5075 opinionum
1651 5008 1809 5081 longe

216 5106 250 5146 a
280 5092 516 5147 veritate
550 5092 866 5148 distantium
896 5094 1166 5164 quondam
1219 5109 1304 5150 me
1354 5095 1638 5167 deceptum
1692 5112 1813 5153 esse

218 5194 424 5252 negare
457 5196 565 5236 non
591 5196 832 5252 possum,
868 5184 995 5252 quia
1043 5183 1299 5255 deceptus
1347 5200 1488 5241 sum.
1521 5187 1614 5241 His
1667 5188 1810 5242 enim

214 5273 501 5341 omnibus,
552 5283 647 5329 aut
698 5289 838 5346 pene
875 5276 1125 5332 omnibus
1174 5278 1323 5334 rudis
1371 5277 1483 5347 jam
1532 5296 1810 5336 assensum

217 5366 475 5436 praebui,
532 5368 762 5438 quadam
807 5367 1157 5425 similitudine
1206 5369 1342 5436 veri,
1397 5371 1811 5443 carnalibusque

216 5458 498 5527 sensibus,
556 5468 617 5517 ut
644 5460 828 5519 multis
883 5462 1082 5529 evenit,
1136 5462 1408 5520 seductus.
1457 5463 1611 5522 Nunc
1659 5481 1807 5532 vero,

1910 2066 2055 2121 salus
2081 2076 2245 2137 atque
2281 2068 2604 2137 redemptio,
2636 2071 2728 2139 qui
2763 2071 2957 2127 dedisti
2988 2081 3257 2140 naturam,
3298 2074 3499 2146 largire

1908 2167 1963 2213 et
2002 2159 2254 2230 gratiam,
2288 2160 2580 2229 praetende
2624 2162 2802 2216 lumen
2835 2172 2985 2218 tuum
3015 2165 3069 2218 in
3092 2166 3300 2222 umbris
3342 2168 3498 2237 igno-

1910 2252 2118 2305 rantiae
2159 2250 2543 2320 palpitantibus
2598 2253 2640 2293 ιι
2672 2255 3164 2326 quaerentibusque
3188 2267 3278 2323 te;
3307 2273 3501 2313 revoca

1908 2359 2008 2400 nos
2043 2346 2112 2400 ab
2141 2345 2454 2412 erroribus;
2491 2349 2705 2419 porrige
2746 2349 3021 2406 dexteram
3062 2361 3210 2407 tuam
3241 2354 3494 2420 infirmis,

1908 2454 2017 2493 non
2044 2438 2347 2495 valentibus
2368 2440 2485 2494 sine
2509 2451 2559 2495 te
2575 2438 2618 2471 “
2657 2442 2939 2511 pervenire
2975 2443 3041 2497 ad
3068 2453 3149 2505 te:
3196 2447 3420 2501 ostende
3449 2454 3503 2502 te

1909 2527 2084 2599 ipsum
2113 2529 2221 2594 his,
2270 2530 2360 2599 qui
2404 2530 2480 2584 nil
2507 2540 2697 2601 petunt
2721 2541 3050 2602 praeterte;
3100 2550 3290 2605 rumpe
3329 2535 3503 2591 nubes

1908 2633 2169 2673 vanarum
2222 2620 2631 2690 phantasiarum
2661 2662 2676 2688 ,
2731 2638 2869 2693 quae
2920 2625 3118 2678 mentis
3161 2625 3334 2681 aciem
3390 2640 3501 2680 non

1909 2710 2094 2764 sinunt
2123 2711 2319 2766 intueri
2350 2720 2402 2767 te
2446 2728 2510 2767 eo
2536 2712 2716 2776 modo,
2746 2729 2853 2782 quo
2903 2722 2954 2767 te
2978 2714 3299 2770 invisibilem
3326 2715 3500 2770 videri

1906 2802 2179 2873 permittis
2197 2803 2630 2860 desiderantibus
2650 2806 2833 2860 videre
2850 2806 3040 2862 faciem
3072 2816 3236 2872 tuam,
3264 2808 3500 2877 quietem

1910 2909 2085 2959 suam,
2123 2893 2284 2948 ﬁnem
2329 2910 2506 2960 suum,
2549 2895 2694 2951 ultra
2741 2911 2899 2966 quem
2950 2898 3025 2951 nil
3065 2907 3341 2967 appetunt,
3373 2899 3502 2967 quia

1910 2985 2051 3039 ultra
2076 2985 2210 3040 nihil
2238 2994 2323 3041 est
2355 3003 2624 3042 summum
2665 2987 2866 3044 bonum
2890 2990 3364 3060 superessentiale.
3392 2988 3502 3045 Sed

1911 3077 1978 3131 ad
2024 3078 2299 3132 residuum
2351 3079 2655 3135 sententiae
2701 3088 2824 3135 tuae
2862 3096 3077 3151 gressus
3107 3081 3296 3152 dirige.
3345 3082 3493 3136 Dlsc.

1909 3169 2047 3238 Quid
2100 3178 2286 3237 restat,
2339 3173 2443 3226 nisi
2489 3172 2631 3242 quod
2678 3188 2765 3227 me
2812 3173 2968 3228 valde
3020 3182 3200 3229 movet
3233 3173 3497 3243 proferre,

1912 3263 2016 3319 hoc
2035 3272 2138 3329 est,
2166 3266 2435 3334 quomodo
2466 3264 2650 3319 omnia
2680 3274 2902 3319 aeterna
2934 3273 2989 3319 et
3023 3264 3163 3320 facta
3193 3274 3337 3329 sunt,
3368 3280 3502 3335 quo-

1916 3350 2074 3408 modo
2112 3354 2379 3424 principio
2418 3370 2482 3410 ac
2523 3354 2629 3409 ﬁne
2677 3354 2918 3410 carentia
2968 3355 3231 3426 principio
3281 3370 3345 3410 ac
3396 3354 3503 3409 ﬁne

1915 3449 2453 3505 circumscribuntur.
2521 3447 2667 3504 Haec
2733 3449 2878 3503 enim
2950 3450 3092 3503 inter
3152 3465 3210 3504 se
3271 3449 3500 3504 invicem

1914 3541 2208 3608 luctantur,
2239 3551 2293 3597 et
2316 3543 2586 3612 quomodo
2606 3541 2709 3597 sibi
2732 3541 3077 3605 conveniant,
3107 3540 3207 3595 nisi
3232 3557 3263 3594 a
3293 3549 3343 3595 te
3366 3540 3498 3595 mihi

1914 3634 2078 3689 fuerit
2111 3650 2351 3701 suasum,
2399 3635 2609 3706 ignoro.
2666 3633 2943 3704 Siquidem
3012 3633 3184 3689 solum
3234 3632 3279 3666 “
3331 3634 3501 3689 Deum

1914 3724 2167 3803 ἄναρχον,
2211 3727 2315 3781 hoc
2360 3736 2463 3791 est,
2510 3735 2786 3781 carentem
2834 3725 3100 3796 principio
3146 3725 3500 3780 aestimabam

1913 3830 2070 3883 esse;
2107 3819 2219 3887 ipse
2261 3819 2407 3872 cnim
2458 3817 2781 3887 principium
2808 3819 3047 3873 omnium
3102 3828 3156 3872 et
3214 3816 3337 3872 ﬁnis
3394 3826 3498 3880 est,

1916 3910 2064 3965 nullo
2087 3911 2352 3981 principio
2390 3909 2673 3974 inchoans,
2705 3907 2851 3962 nullo
2874 3909 2979 3962 ﬁne
2999 3907 3313 3972 conclusus;
3356 3914 3504 3961 cete-

1914 4015 1973 4055 ra
2017 4015 2144 4055 vero
2187 4000 2442 4055 inchoare
2486 4000 2550 4063 “,
2601 4007 2657 4053 et
2706 3996 2772 4052 ad
2822 3997 2985 4053 ﬁnem
3028 4012 3184 4052 suum
3224 3997 3498 4066 proprium

1914 4091 2331 4162 unumquodque
2356 4092 2592 4155 tendere,
2622 4104 2687 4144 ac
2708 4104 2808 4159 per
2849 4090 2951 4144 hoc
2977 4102 3082 4142 non
3106 4102 3225 4143 esse
3256 4087 3301 4118 "
3325 4095 3500 4141 aeter-

1914 4200 2001 4252 na,
2031 4186 2123 4240 sed
2152 4183 2311 4238 facta.
2340 4184 2408 4238 Et
2426 4183 2512 4238 his
2538 4181 2788 4237 omnibus
2817 4178 3309 4250 incomparabiliter
3335 4177 3498 4233 altius

1913 4285 1968 4331 et
2014 4274 2317 4330 mirabilius
2368 4273 2500 4329 mihi
2548 4273 2784 4338 videtur,
2836 4271 2978 4341 quod
3035 4270 3207 4326 sancti
3257 4268 3496 4339 Dionysii

1916 4367 2274 4437 Areopagitae
2318 4365 2363 4407 ³⁸
2391 4365 2716 4419 auctoritate
2748 4372 2904 4419 utens
2941 4362 3161 4427 asset-is,
3211 4361 3386 4432 ipsum
3416 4360 3498 4415 vi-

1914 4457 2111 4513 delicet
2135 4457 2303 4512 Deum
2343 4465 2397 4511 et
2425 4455 2666 4511 omnium
2697 4456 2953 4510 factorem
2983 4467 3121 4519 esse,
3148 4460 3204 4506 et
3242 4452 3297 4508 in
3318 4450 3499 4507 omni-

1916 4548 2016 4602 bus
2044 4546 2284 4612 factum;
2319 4547 2423 4602 hoc
2449 4546 2595 4601 enim
2636 4545 2814 4601 adhuc
2858 4543 3155 4598 inauditum
3183 4540 3503 4612 etincogni-

1921 4648 2033 4693 tum
2059 4653 2167 4693 non
2208 4637 2379 4694 solum
2410 4637 2567 4702 mihi,
2603 4637 2698 4693 sed
2724 4644 2780 4691 et
2824 4635 3010 4690 multis
3037 4650 3100 4690 ac
3123 4649 3292 4705 paene
3318 4634 3495 4689 omni-

1838 4699 1887 4758 Β
1910 4729 2031 4785 bus.
2067 4727 2201 4782 Nam
2230 4728 2276 4783 si
2302 4728 2380 4783 sic
2419 4736 2522 4792 est,
2555 4699 2679 4795 quis
2719 4741 2826 4780 non
2856 4699 3141 4780 confestim
3169 4732 3415 4793 erumpat
3443 4724 3500 4778 in

1913 4822 2053 4876 hanc
2077 4835 2261 4874 vocem
2284 4828 2340 4873 et
2364 4818 2693 4889 proclamet:
2719 4816 2861 4872 Deus
2883 4817 3066 4885 itaque
3103 4816 3283 4871 omnia
3312 4823 3413 4881 est,
3444 4821 3501 4869 et

1914 4911 2093 4965 omnia
2126 4910 2262 4965 Deus
2289 4910 2301 4963 !
2332 4910 2486 4976 Quod
2533 4916 2895 4964 monstrosum
2934 4907 3307 4963 aestimabimr
3330 4905 3493 4960 etiam

1916 5004 2021 5067 his,
2067 5002 2158 5072 qui
2207 5010 2462 5073 putantur
2489 5016 2608 5057 esse
2656 5001 2949 5071 sapientes,
3002 4997 3276 5068 multiplici
3310 5010 3493 5051 rerum

1916 5093 2204 5149 visibilium
2263 5102 2318 5149 et
2375 5092 2721 5149 mvisibilium
2793 5091 3055 5146 varietate
3113 5088 3494 5153 considerata;

1914 5188 2057 5244 Deus
2086 5198 2265 5244 autem
2296 5204 2462 5243 unum
2487 5196 2590 5242 est.
2637 5187 2704 5242 Et
2733 5186 2835 5242 nisi
2865 5186 3000 5241 haec
3027 5184 3287 5253 exemplis
3308 5195 3495 5237 rerum

1914 5281 2096 5335 animo
2121 5279 2684 5350 comprehensibilium
2711 5278 2972 5340 suaseris,
3015 5277 3090 5331 nil
3140 5275 3283 5343 aliud
3333 5272 3495 5330 relin-

1913 5372 2114 5441 quitur,
2167 5370 2269 5425 nisi
2310 5378 2369 5424 ut
2419 5369 2502 5423 vel
2552 5378 2694 5423 mota
2745 5366 3103 5431 solummodo,
3158 5380 3263 5419 non
3312 5373 3492 5418 autem

1912 5464 2155 5521 discussa
2189 5463 2687 5535 praetermittantur
2709 5460 2773 5525 ‘7,
2799 5459 2940 5530 quod
2977 5459 3095 5513 sine
3121 5457 3315 5514 mentis
3340 5468 3495 5512 meae

1507 5598 1763 5656 VARIAE
1801 5599 2202 5659 LECTIONES.

291 5729 314 5762 ¹
344 5728 390 5786 C
419 5729 604 5786 mundi
629 5737 687 5784 ut
713 5730 1094 5787 eumulabitur.
1197 5731 1299 5797 {in
1320 5747 1429 5787 om.
1458 5733 1525 5788 A.

220 5803 372 5857 niam
401 5816 510 5855 om.
538 5800 598 5855 C.
676 5801 698 5833 ‘
728 5805 1089 5864 compositum.
1119 5800 1187 5855 Et
1209 5833 1280 5844 -
1306 5804 1371 5856 ait
1397 5817 1505 5859 om.
1538 5803 1598 5860 Ο.

222 5874 270 5906 ⁸⁸
309 5873 353 5926 Α
378 5871 731 5940 palpantibus.
808 5870 852 5903 ¹¹
880 5871 921 5927 C
949 5883 998 5927 te
1017 5875 1146 5927 sine.
1223 5872 1266 5905 ⁸³
1292 5872 1461 5929 solum
1491 5891 1601 5932 om.
1634 5876 1699 5930 A.

222 5943 440 6013 pagitae
462 5956 571 5998 om.
596 5941 663 5996 A.
741 5943 784 5979 ⁸⁷
816 5943 859 5997 A
881 5952 1377 6013 praetermittantur.

1681 5805 1878 5874 'Aﬁn

1628 5733 1651 5765 ³
1672 5734 1718 5820 ᾼ
1743 5744 2041 5820 regentum.
2101 5738 2124 5769 ⁸
2152 5737 2384 5820 omnium
2404 5751 2523 5792 vero
2543 5766 2614 5820 —_-
2640 5730 3021 5820 generationem
3047 5743 3155 5820 om.
3180 5727 3246 5782 Α.
3270 5729 3496 5820 ..δίῳ-

1880 5807 1932 5876 gi
1963 5806 2147 5861 solent.

1794 5876 1840 5908 “
1872 5877 1915 5930 A
1946 5877 2203 5930 inchoari.

3270 5800 3314 5833 "
3353 5800 3395 5857 Ο
3421 5810 3492 5858 ετ.

2223 5808 2243 5839 ⁸
2270 5807 2314 5859 Α
2343 5823 2493 5876 quas.
2588 5807 2610 5838 ⁹
2639 5806 2679 5857 Α
2713 5817 2827 5859 vero
2865 5808 3181 5860 convertens.
3270 5806 3314 5833 "
3353 5806 3370 5855 t

2301 5876 2348 5909 ⁸⁸
2368 5893 2479 5924 esse
2502 5891 2612 5924 nm.
2646 5875 2764 5924 AC.
2789 5876 2914 5924 add-
2946 5886 3014 5924 ex
3041 5872 3183 5924 coni.
3260 5871 3304 5904 "
3326 5871 3370 5924 Α

3376 5887 3462 5928 τεο
3472 5898 3493 5914 ⁸

2301 5872 2479 5931 “esse
2502 5891 2612 5933 om.
2646 5875 2731 5933 AC
2748 5910 2764 5938 ,
2789 5876 2914 5933 add.
2946 5886 3014 5927 ex
3041 5872 3183 5942 conj.
