4064 6292
2002 433 2284 493 JOANNIS
2323 431 2519 490 SCOTl

3742 418 3846 478 65%

577 568 767 629 tblore
832 565 949 623 ﬁeri
1014 578 1119 619 non
1177 559 1391 631 poterit.
1444 556 1548 625 Qui
1603 553 1749 611 enim
1810 551 1865 607 in
1924 549 2159 605 tenebris
2186 553 2237 612 Α
2264 560 2555 611 mererum,
2580 558 2714 615 quas
2734 543 2777 574 “
2811 538 3145 596 arithmetica
3167 536 3578 608 contemplatur,
3594 536 3847 594 substan-

579 660 923 736 spississimis
949 654 1225 715 constituti
1251 661 1431 708 ortum
1460 648 1594 705 lucis
1628 646 1840 702 futurae
1868 654 1885 685 ι
1917 649 2156 714 sperant,

578 735 687 812 non
721 752 942 809 omnino
996 748 1215 804 tristitia
1257 744 1664 815 opprimuntur;
1696 739 1782 795 sin
1832 747 2011 792 autem
2043 735 2156 801 lux,

576 862 741 921 quam
769 850 1019 915 sperant,
1062 842 1130 894 ab
1154 840 1233 895 eis
1264 841 1284 869 ³
1316 837 1615 899 auferatur,
1655 848 1761 888 non
1785 830 1959 887 solum
1988 829 2043 883 in
2083 835 2159 882 te-

578 918 781 1000 nebris,
811 948 1000 988 verum
1027 932 1187 987 etiam
1214 930 1268 984 in
1292 928 1458 982 multa
1491 940 1660 996 poena
1688 923 1947 987 resident,
1982 918 2160 975 ablato

579 1029 648 1085 ab
676 1028 755 1084 eis
776 1029 939 1091 bono,
968 1025 1111 1096 quod
1156 1029 1525 1094 speraverant,
1569 1017 1654 1073 vel
1697 1026 1752 1073 ut
1778 1014 1978 1078 omnia,
2021 1026 2165 1081 quae

577 1137 608 1176 a
642 1129 695 1177 te
717 1121 781 1175 de
809 1119 1004 1174 talibus
1049 1117 1189 1171 dicta
1216 1123 1362 1177 sunt,
1390 1114 1458 1168 ab
1487 1112 1590 1175 his,
1616 1109 1707 1180 qui
1737 1108 1914 1163 minus
1958 1104 2156 1161 intelli-

577 1220 730 1287 gum,
774 1212 994 1267 omnino
1025 1208 1154 1265 falsa
1199 1222 1318 1262 esse
1360 1205 1691 1274 iudicentur,
1722 1210 1777 1255 et
1808 1200 1859 1254 in
1902 1198 2161 1267 pristinas

578 1305 874 1375 opiniones,
923 1317 1058 1372 quas
1102 1315 1202 1355 nec
1248 1299 1423 1352 adhuc
1472 1295 1657 1350 volunt
1690 1293 1962 1355 deserere,
1995 1288 2160 1344 veluti

576 1413 734 1454 veras
753 1397 839 1452 his
864 1395 1182 1465 contemptis
1210 1389 1537 1447 relabantur.
1562 1386 1793 1442 Proinde
1826 1382 2161 1438 naturalibus

574 1486 860 1556 exemplis,
893 1486 1088 1555 quibus
1139 1483 1240 1537 nisi
1276 1481 1441 1535 nimia
1469 1477 1695 1534 stultitia
1726 1481 2045 1531 excaecatus
2066 1487 2160 1527 ne-

576 1594 666 1635 mo
704 1579 924 1642 resistit,
957 1577 1133 1646 primo
1154 1572 1583 1629 ratiocinationis
1608 1570 1692 1624 via
1728 1566 2029 1635 incipienda
2052 1571 2157 1620 est.

650 1672 732 1724 ll.
759 1670 896 1726 MAG.
932 1669 1066 1722 Num
1091 1667 1299 1737 peritus
1327 1680 1387 1720 es
1412 1664 1546 1719 artis
1574 1660 1989 1716 arithmeticae?
2014 1659 2155 1713 DlSC.

573 1762 806 1827 Peritos,
837 1762 889 1815 ni
930 1760 1116 1839 fallor;
1162 1774 1280 1813 eam
1326 1771 1563 1826 namque
1604 1756 1672 1810 ab
1708 1752 1928 1807 infantia
1979 1764 2100 1805 mea
2134 1748 2157 1780 ³

573 1853 755 1909 didici.
793 1852 931 1908 MAG.
974 1850 1146 1906 Deﬁni
1194 1850 1357 1920 igitur
1397 1863 1519 1903 eam
1573 1853 1756 1914 aperte
1804 1861 1866 1898 ac
1897 1842 2154 1897 breviter.

2265 642 2392 695 tiam
2409 639 2626 711 accipit,
2642 647 2773 693 teste
2788 635 2962 707 primo
2978 634 3145 704 ipsius
3158 633 3288 693 artis
3300 639 3573 701 repertore
3587 628 3850 700 Pythago-

2264 750 2321 789 ra
2332 775 2345 801 ,
2363 750 2423 790 su
2431 710 2572 789 mmo
2587 731 2926 803 philosopho,
2940 729 3031 799 qui
3053 710 3441 783 intellectuales
3463 738 3715 778 numeros
3728 720 3849 779 sub-

2263 829 2487 884 stantias
2510 844 2688 882 rerum
2711 825 2950 881 omnium
2968 822 3257 878 visibilium
3288 829 3342 875 et
3364 818 3711 875 invisibilium
3738 831 3851 875 esse

2264 926 2424 982 certis
2472 923 2770 978 rationibus
2802 917 3048 974 allirmat.
3098 915 3207 972 Nec
3243 915 3346 970 hoc
3376 913 3655 983 Scriptura
3700 925 3852 967 sacra

2262 1017 2512 1088 denegat,
2547 1028 2684 1085 quae
2711 1013 2806 1080 ait,
2847 1010 3027 1066 omnia
3056 1009 3107 1065 in
3139 1021 3417 1073 mensura,
3445 1015 3497 1061 et
3521 1019 3776 1069 numero,
3803 1010 3850 1057 et

2262 1111 2497 1180 pondere
2552 1113 2595 1146 ιι
2646 1106 2788 1162 facta
2856 1117 2999 1158 esse.
3058 1099 3196 1154 Illac.
3244 1098 3427 1168 Itaque
3483 1098 3528 1153 si
3585 1096 3850 1151 naturalia

2262 1202 2479 1272 quaeris
2524 1198 2768 1269 exempla
2813 1193 3120 1267 praedictae
3165 1191 3317 1255 artis,
3351 1190 3515 1244 immo
3563 1187 3731 1241 etiam
3765 1202 3850 1240 nu-

2262 1308 2555 1356 merorum,
2585 1305 2722 1361 quos
2768 1290 2883 1358 ipsa
2919 1283 3349 1355 comprehendit,
3399 1289 3652 1336 naturam
3700 1292 3852 1349 regu-

2264 1386 2448 1454 lasque
2498 1382 2783 1453 diligenter
2831 1376 3056 1448 inspice,
3108 1382 3165 1429 ut
3212 1373 3278 1428 ad
3319 1388 3529 1437 eorum,
3566 1386 3706 1440 quae
3767 1368 3851 1425 tibi

2262 1475 2519 1532 luctantia
2549 1474 2690 1528 inter
2712 1487 2793 1537 se,
2842 1468 3054 1538 sibique
3103 1464 3466 1536 Oppugnantia
3505 1471 3768 1532 putantur
3790 1459 3850 1528 ι’,

2252 1556 2507 1631 ἰιοιίιὶιιηι
2532 1566 2642 1621 Deo
2658 1565 2791 1619 duce
2817 1560 3121 1633 pervenias.
3147 1559 3288 1615 DISC.
3321 1556 3576 1625 Exempla
3604 1555 3854 1609 arithme-

2260 1664 2400 1718 ticae
2423 1661 2652 1716 libenter
2681 1656 2906 1727 accipio.
2933 1654 3007 1711 Ea
3057 1667 3287 1722 namque
3317 1665 3419 1705 nec
3443 1649 3576 1703 fallit
3599 1665 3705 1704 nec
3727 1647 3854 1703 falli-

2264 1760 2368 1807 tur.
2422 1750 2678 1818 Quamvis
2733 1746 2876 1802 enim
2938 1758 3102 1812 saepe
3161 1741 3338 1797 minus
3386 1739 3757 1810 intelligentes
3804 1737 3851 1793 in

2265 1845 2379 1914 ipsa
2408 1842 2665 1897 fallantur
2696 1838 2764 1904 ι’,
2817 1854 2923 1895 non
2963 1836 3098 1891 artis
3120 1834 3297 1906 culpa,
3338 1834 3435 1888 sed
3464 1834 3681 1889 incaute
3708 1832 3775 1887 de
3798 1845 3855 1887 ea

570 1945 716 2002 Dtsc.
739 1944 1093 2003 Arithmetica
1115 1951 1199 1999 est
1223 1956 1573 1997 numerorum
1596 1937 1842 2003 scientia,
1866 1951 1971 1991 non
1996 1949 2154 2006 quos,
2184 1926 2233 1988 B
2261 1934 2611 1993 tractantium
2661 1929 2954 2003 iudicanda
3001 1936 3086 1986 est
3135 1925 3427 1984 hebetudo.
3489 1924 3847 1980 Numerorum

568 2042 664 2098 sed
696 2042 991 2096 secundum
1033 2054 1169 2109 quos
1198 2050 1568 2091 numeramus.
1595 2033 1733 2087 MAG.
1781 2032 1949 2085 Caute
1987 2044 2049 2083 ac
2078 2028 2157 2082 vi-

568 2131 803 2203 gilanter
830 2129 1226 2185 arithmeticam
1263 2126 1285 2156 ¹⁵
1335 2124 1590 2182 deﬁnisti.
1644 2120 1777 2175 Nam
1823 2120 1867 2175 si
1902 2119 2158 2189 simplici-

568 2230 655 2279 ter
691 2222 942 2277 deﬁnires
1000 2218 1395 2274 arithmeticam
1443 2228 1790 2269 numerorum
1853 2210 2153 2277 scientiam,

570 2327 760 2367 omnes
796 2325 1050 2365 numeros
1081 2306 1408 2381 generaliter
1436 2303 1943 2375 comprehenderes,
1978 2316 2042 2357 ac
2060 2315 2159 2371 per

570 2404 674 2458 hoc
719 2401 957 2457 deﬁnitio
999 2416 1107 2455 non
1148 2408 1336 2455 staret.
1373 2397 1489 2454 Non
1518 2397 1662 2450 enim
1693 2396 1931 2464 disputat
1951 2408 2039 2448 ars
2068 2392 2158 2447 illa

572 2497 638 2552 de
660 2495 807 2551 omni
847 2508 1043 2565 genere
1073 2506 1443 2556 numerorum,
1471 2489 1565 2545 sed
1606 2503 1700 2544 eos
1735 2495 1944 2541 tantum
1972 2501 2159 2541 nume-

570 2602 662 2643 ros
701 2587 1028 2663 considerat,
1076 2601 1212 2656 quos
1260 2585 1316 2640 in
1356 2584 1468 2641 sola
1508 2582 1736 2639 scientia
1778 2592 1831 2636 et
1882 2580 2159 2636 intellectu

569 2678 720 2733 novit
767 2692 905 2743 esse,
965 2685 1021 2733 et
1072 2677 1367 2732 secundum
1410 2690 1546 2746 quos
1588 2684 1767 2730 cetera
1810 2688 2161 2728 numerorum

570 2784 769 2840 genera
801 2780 1174 2825 numerantur.
1226 2768 1359 2824 Nam
1413 2785 1516 2825 non
1568 2769 1588 2800 ⁸
1652 2782 1907 2823 numeros
1947 2768 2160 2822 anima-

569 2862 724 2929 lium,
751 2861 1008 2919 fruticem
1060 2863 1099 2926 ⁸,
1133 2863 1422 2918 herbarum
1443 2904 1455 2927 ,
1500 2862 1837 2931 aliorumque
1869 2876 2159 2932 corporum

568 2967 662 3008 seu
696 2968 878 3008 rerum
908 2954 975 3009 ad
1006 2954 1290 3010 scientiam
1322 2954 1698 3008 arithmeticae
1734 2952 1866 3007 artis
1887 2953 2161 3023 pertinere

571 3047 842 3119 sapientes
863 3048 1084 3113 dicunt;
1112 3048 1205 3103 sed
1233 3046 1376 3103 solos
1400 3046 1813 3111 intellectuales,
1839 3043 2156 3109 invisibiles,

570 3137 957 3209 incorporales,
1008 3138 1062 3192 in
1112 3137 1226 3192 sola
1269 3136 1494 3193 scientia
1539 3137 1879 3200 constitutos,
1927 3135 1979 3188 in
2018 3133 2162 3188 nullo

568 3244 702 3285 vero
756 3230 996 3298 subjecto
1059 3237 1341 3298 praeterea
1390 3229 1410 3260 "
1465 3226 1894 3283 substantialiter
1933 3225 2156 3295 positos,

2259 2032 2458 2101 itaque,
2514 2042 2742 2100 quorum
2794 2024 3018 2081 scientia
3075 2022 3417 2078 arithmetica
3467 2028 3570 2087 est,
3632 2016 3852 2074 monada

2258 2139 2376 2181 esse
2418 2120 2739 2193 principium
2768 2133 2873 2174 non
2924 2117 3157 2185 dubitas,
3184 2123 3245 2170 ut
3273 2114 3487 2187 opinor.
3523 2113 3673 2168 DISC.
3703 2112 3853 2180 Quis-

2259 2217 2379 2288 quis
2410 2216 2462 2271 in
2493 2216 2594 2272 hoc
2630 2214 2885 2279 haesitat,
2908 2211 3291 2267 arithmeticus
3320 2224 3428 2265 non
3454 2217 3555 2265 est.
3594 2207 3695 2264 Est
3720 2208 3852 2263 enim

2258 2308 2605 2381 principium,
2633 2315 2689 2362 et
2710 2306 2969 2372 medium,
2995 2312 3051 2361 et
3081 2305 3205 2361 ﬁnis
3229 2304 3469 2359 oumium
3507 2315 3852 2359 numerorum

2260 2417 2466 2467 monas,
2524 2401 2579 2456 id
2624 2408 2712 2457 est
2745 2400 2945 2465 unitas,
2993 2396 3343 2467 omniumque
3392 2394 3852 2452 terminorumto—

2262 2505 2398 2562 tum,
2426 2503 2481 2549 et
2512 2509 2662 2565 pars,
2702 2500 2758 2548 et
2786 2490 2964 2546 omnis
3009 2489 3307 2560 quantitas.
3357 2486 3497 2542 MAG.
3529 2484 3630 2540 Dic
3656 2485 3851 2554 itaque.

2261 2586 2398 2643 Num
2425 2601 2614 2642 omnes
2648 2584 2882 2649 numeri,
2914 2597 3052 2653 quos
3077 2582 3234 2643 ratio,
3272 2587 3537 2650 quantum
3557 2577 3698 2642 vult,
3724 2574 3851 2630 mul-

2263 2682 2505 2753 tiplicare
2528 2688 2725 2751 potest,
2766 2677 3059 2735 causaliter
3088 2675 3142 2729 in
3184 2673 3417 2731 monade
3443 2681 3574 2729 sunt
3600 2680 3653 2727 et
3690 2680 3855 2726 aeter-

2262 2773 2498 2829 naliter?
2549 2774 2691 2828 DISC.
2721 2770 2839 2826 Non
2889 2770 3048 2825 aliter
3092 2779 3218 2824 vera
3249 2768 3408 2822 docet
3456 2766 3634 2832 ratio;
3697 2765 3752 2823 in
3799 2777 3854 2817 ea

2262 2863 2404 2919 enim
2437 2877 2620 2927 causa,
2642 2860 2694 2915 in
2720 2875 2782 2916 ea
2807 2860 2949 2914 enim
2975 2858 3268 2914 causaliter
3296 2864 3445 2921 sunt,
3471 2856 3597 2925 quia
3617 2854 3855 2910 omnium

2261 2970 2610 3011 numerorum
2680 2952 2924 3008 subsistit
2982 2951 3353 3022 principium,
3413 2959 3469 3004 et
3532 2949 3608 3003 ibi
3674 2961 3856 3002 omnes

2264 3066 2430 3104 unum
2474 3050 2518 3080 ”
2548 3054 2672 3103 sunt
2700 3047 3031 3102 individuum
3072 3045 3411 3115 simpliciter,
3459 3044 3561 3099 hoc
3588 3052 3693 3105 est,
3747 3042 3857 3097 uni-

2262 3139 2563 3204 versaliter,
2616 3147 2671 3195 et
2714 3137 3084 3208 multipliciter
3114 3137 3225 3192 sola
3270 3136 3500 3200 ratione,
3546 3145 3856 3189 nouantem

2262 3239 2385 3285 actu
2431 3239 2486 3285 et
2514 3230 2851 3301 operatione,
2887 3243 3062 3299 neque
3100 3244 3266 3283 unum
3298 3244 3364 3284 ex
3416 3225 3600 3282 multis
3620 3226 3857 3281 cumula-

571 3322 947 3376 arithmeticae
1009 3321 1330 3375 attribuunt.
1387 3314 1664 3389 Siquidem
1723 3318 1745 3350 ⁸
1800 3334 1906 3373 non
1963 3317 2035 3371 ita
2100 3315 2154 3370 in
2184 3304 2230 3369 C
2263 3335 2395 3391 tum,
2432 3325 2526 3381 sed
2577 3340 2741 3378 unum
2787 3338 2885 3379 sua
2926 3321 3155 3393 simplici
3194 3322 3239 3353 η
3280 3330 3335 3376 et
3371 3320 3652 3391 multiplici
3682 3321 3857 3389 singu-

567 3411 797 3469 scientia
826 3412 910 3467 vel
959 3412 1255 3477 intellectu,
1286 3411 1371 3466 vel
1402 3413 1631 3475 ratione,
1660 3409 1743 3465 vel
1765 3408 2046 3474 memoria,
2078 3408 2161 3462 vel

570 3501 839 3567 sensibus,
870 3501 954 3557 vel
1001 3502 1187 3573 ﬁguris
1225 3502 1642 3572 perspiciuntur,
1687 3510 1749 3555 ut
1792 3499 2162 3557 substantiali-

569 3603 654 3651 ter
708 3604 871 3649 unum
919 3595 1028 3651 sint
1076 3596 1177 3667 ipsi
1218 3611 1341 3652 cum
1394 3595 1498 3658 his,
1546 3594 1598 3648 in
1647 3594 1843 3663 quibus
1890 3593 2157 3647 videntur.

573 3685 852 3757 Propriam
886 3702 1122 3757 namque
1162 3685 1518 3742 substantiam
1553 3684 1828 3754 possident
1859 3684 2067 3752 scipsos
2113 3684 2155 3734 θ.

571 3778 711 3836 Nam
735 3782 780 3837 si
817 3781 1058 3851 ejusdem
1099 3780 1437 3836 substantiae
1474 3787 1676 3846 essent,
1717 3793 1823 3833 non
1866 3777 2158 3832 secundum

564 3890 690 3942 eos,
717 3876 809 3930 sed
840 3875 906 3930 de
934 3876 1015 3929 eis
1042 3872 1269 3929 scientia
1296 3882 1350 3928 et
1380 3872 1684 3927 intellectus
1710 3879 1764 3926 et
1793 3871 1931 3926 ratio
1951 3869 2160 3941 judica-

571 3976 712 4023 rent.
736 3967 842 4021 Ars
867 3973 1046 4021 autem
1072 3973 1128 4020 et
1142 3964 1309 4034 judex
1336 3965 1389 4020 id
1422 3966 1595 4034 ipsum
1621 3979 1740 4019 esse
1780 3979 1886 4018 non
1912 3968 2154 4033 possunt.

570 4058 685 4115 Hoc
714 4059 858 4115 enim
889 4059 955 4114 de
1004 4058 1118 4113 solo
1147 4056 1256 4113 Deo
1306 4058 1483 4113 Verbo
1524 4068 1668 4113 recte
1711 4058 1929 4122 dicitur,
1967 4058 2059 4126 qui
2106 4065 2159 4111 et

561 4150 729 4223 judex
753 4162 833 4207 ρει
853 4158 909 4206 et
939 4164 1031 4206 ars
1046 4151 1127 4207 sui
1151 4150 1347 4204 Patris.
1384 4150 1681 4219 Vigilanter
1703 4150 1905 4219 itaque,
1941 4158 1999 4204 ut
2024 4150 2153 4214 dixi,

569 4258 598 4298 a
631 4252 685 4298 te
727 4243 969 4298 additum
998 4251 1103 4307 est,
1134 4256 1240 4297 non
1267 4254 1426 4310 quos,
1454 4242 1548 4296 sed
1583 4243 1877 4296 secundum
1902 4256 2037 4312 quos
2062 4257 2161 4296 nu-

565 4348 863 4391 meramus.
896 4334 1003 4389 Eos
1043 4334 1311 4404 siquidem
1352 4333 1404 4387 in
1439 4333 1582 4387 nullo
1616 4332 1859 4400 subjecto
1896 4348 2158 4403 corporeo

566 4425 653 4482 vel
707 4425 1025 4494 incorporeo
1072 4425 1417 4494 inspicimus;
1476 4424 1568 4478 sed
1626 4424 1766 4478 ultra
1818 4437 1980 4479 omne
2033 4428 2159 4480 sub-

560 4517 764 4589 jectum
793 4514 909 4569 solo
952 4513 1223 4568 intellectu
1273 4514 1326 4566 in
1377 4514 1640 4582 sapientia
1686 4524 1743 4569 et
1772 4516 1995 4570 scientia
2044 4532 2158 4571 ecr-

565 4617 790 4677 nuntur,
819 4620 949 4664 suae
979 4607 1194 4663 divinae
1234 4615 1461 4663 naturae
1496 4608 1814 4663 excellentia
1859 4611 1927 4666 ab
1982 4613 2157 4665 omni-

562 4702 687 4771 bus,
717 4718 857 4774 quae
882 4702 1175 4758 secundum
1202 4718 1295 4758 eos
1315 4712 1691 4769 numerantur,
1718 4704 1967 4760 absoluti.
2002 4706 2148 4762 DISC.

559 4793 711 4853 Haec
738 4810 899 4868 saepe
930 4792 1181 4867 cogitavi,
1214 4802 1268 4852 et
1311 4796 1379 4851 ad
1409 4798 1644 4866 ’purum,
1671 4805 1731 4851 ut
1760 4797 2009 4863 arbitror,
2038 4815 2159 4869 per-

491 4953 496 4963 ,
560 4889 735 4963 spexi.
766 4889 904 4945 ΜΑο.
952 4888 1117 4944 Esme
1176 4888 1342 4959 igitur
1382 4902 1473 4945 ars
1517 4888 1605 4943 illa
1654 4888 1956 4945 naturalis?
2006 4890 2150 4945 Drsc.

482 4981 498 5063 Γ
561 4980 761 5048 Etiam,
789 4988 843 5036 et
868 4979 1015 5035 nulla
1048 4978 1364 5046 naturalior,
1392 4979 1657 5049 siquidem
1696 4995 1799 5035 non
1828 4981 2000 5036 solum
2027 4980 2160 5035 alia-

562 5088 683 5130 rum
715 5075 877 5129 trium
908 5075 1215 5129 matheseos
1268 5075 1608 5144 sequentium
1654 5091 1712 5130 se
1761 5076 2015 5147 partium,
2056 5078 2158 5132 hoc

560 5174 684 5233 est,
736 5165 1098 5236 geometriae,
1153 5165 1434 5231 musicae,
1494 5167 1818 5238 astrologiae
1886 5167 2157 5223 immobile

560 5258 809 5314 subsistit
832 5258 1263 5324 fundamentum,
1295 5258 1766 5330 primordialisque
1802 5272 1965 5314 causa
1996 5268 2158 5330 atque

558 5350 910 5423 principium,
950 5365 1135 5406 verum
1175 5350 1339 5405 etiam
1383 5350 1624 5405 omnium
1654 5365 1836 5405 rerum
1866 5350 2155 5407 visibilium

557 5448 619 5499 et
646 5442 996 5500 invisibilium
1048 5441 1254 5497 inﬁnita
1302 5441 1587 5501 multitudo
1630 5440 1785 5511 juxta
1816 5442 2033 5514 regulas
2061 5460 2158 5498 nu-

2260 3416 2473 3473 laritate
2516 3414 2843 3484 praeditum,
2891 3413 2966 3468 ita
3017 3421 3076 3467 ut
3113 3422 3168 3468 et
3208 3426 3398 3468 omnes
3439 3410 3652 3465 numeri
3702 3410 3757 3464 in
3795 3423 3855 3465 ea

2261 3510 2368 3565 sint
2393 3506 2553 3564 simul
2570 3519 2623 3562 et
2651 3506 2969 3576 simpliciter
2991 3505 3283 3560 secundum
3310 3518 3556 3568 causam,
3581 3511 3635 3557 et
3664 3502 3780 3571 ipsa
3806 3501 3854 3554 in

2260 3601 2506 3658 omnibus
2552 3598 2921 3668 multipliciter
2956 3596 3211 3653 ineffabili
3238 3594 3621 3652 distributione
3665 3591 3856 3648 intelli-

2261 3703 2427 3764 gatur.
2454 3691 2747 3747 secundum
2774 3689 3160 3746 substantiam.
3185 3688 3302 3757 Ipsa
3330 3695 3416 3743 est
3446 3686 3591 3741 enim
3617 3683 3857 3739 omnium

2260 3799 2610 3841 numerorum
2676 3797 2838 3836 causa
2887 3789 2942 3836 et
2999 3779 3317 3844 substantia,
3366 3788 3422 3833 et
3482 3778 3611 3832 dum
3660 3784 3857 3831 statum

2262 3877 2653 3933 immutabilem
2684 3891 2814 3932 suae
2841 3885 3067 3931 naturae
3099 3889 3204 3930 non
3254 3874 3477 3938 deserit,
3500 3888 3560 3928 se
3599 3854 3777 3942 ipsam
3806 3869 3857 3923 in

2260 3986 2449 4025 omnes
2496 3969 2866 4040 multipliciter
2914 3966 3200 4033 diﬂ‘undit;
3248 3965 3593 4022 aeternaliter
3638 3979 3773 4019 vero
3804 3962 3855 4017 in

2260 4080 2322 4119 ea
2347 4065 2669 4127 subsistunt,
2691 4064 2943 4133 quoniam
2975 4062 3027 4116 in
3060 4075 3122 4115 ea
3144 4075 3263 4114 esse
3286 4057 3659 4128 temporaliter
3679 4071 3787 4111 non
3816 4052 3858 4084 “

2263 4156 2547 4226 incipiunt.
2582 4154 2717 4209 Nam
2768 4170 2877 4210 non
2907 4160 3026 4208 erat
3083 4151 3264 4207 unitas
3302 4147 3690 4218 multiplicibus
3738 4160 3855 4200 our

2261 4247 2410 4302 nium
2451 4261 2799 4300 numerorum
2854 4244 3172 4309 rationibus,
3208 4245 3263 4299 in
3302 4242 3503 4312 quibus
3530 4240 3854 4301 subsistunt,

2261 4355 2453 4395 carens
2481 4341 2544 4393 ¹⁷.
2578 4339 2709 4407 Quis
2757 4347 2935 4393 autem
2990 4354 3125 4409 pure
3175 4335 3584 4406 intelligendum
3627 4330 3857 4387 tuettada

2261 4433 2458 4487 dixerit
2499 4432 2805 4496 inchoasse,
2834 4444 3170 4501 cognoscens
3192 4444 3313 4483 eam
3358 4428 3410 4482 in
3438 4424 3711 4481 inﬁnitum
3740 4434 3856 4477 ten-

2261 4526 2431 4581 dere?
2462 4526 2742 4593 Quomodo
2768 4525 2913 4580 enim
2948 4532 3129 4596 potest
3166 4524 3282 4578 ﬁeri
3310 4522 3519 4576 inﬁnita
3544 4516 3859 4589 progressio

2262 4635 2290 4674 a
2318 4620 2467 4674 ﬁnito
2495 4620 2793 4689 principio?
2838 4617 3107 4673 Inﬁnitum
3133 4618 3279 4672 enim
3306 4618 3375 4671 ab
3411 4615 3622 4669 inﬁnito
3656 4627 3854 4682 proce-

2265 4714 2361 4779 tlit,
2396 4730 2423 4766 a
2467 4714 2617 4769 linito
2664 4728 2792 4768 vero
2820 4711 2894 4766 nil
2934 4711 3226 4766 inﬁnitum.
3272 4708 3338 4763 Et
3388 4708 3433 4762 si
3470 4706 3591 4776 quis
3636 4702 3860 4766 dixerit,

2264 4805 2535 4875 quomodo
2585 4804 2688 4858 hoc
2727 4812 2873 4857 stare
2914 4810 3113 4871 potest,
3145 4815 3268 4854 cum
3315 4798 3477 4853 etiam
3508 4797 3558 4849 in
3588 4795 3727 4865 ipsis
3759 4808 3861 4848 uu-

2268 4898 2431 4953 mcris
2475 4897 2642 4951 multa
2680 4895 2889 4950 inllnita
2940 4911 2968 4947 a
2999 4892 3166 4948 ﬁnitis
3193 4891 3502 4947 inchoantia
3542 4885 3864 4943 videamus?

2266 5007 2329 5045 ex
2361 4990 2567 5044 binario
2590 4989 2876 5057 siquidem,
2924 4986 3015 5056 qui
3046 4985 3229 5039 ﬁnitus
3259 4998 3514 5038 numerus
3540 4990 3641 5045 est,
3663 4991 3863 5034 omnes

2266 5084 2505 5153 duplices
2558 5089 2874 5141 nascuntur,
2920 5088 2974 5134 et
3005 5080 3056 5133 in
3112 5079 3380 5133 inﬁnitum
3431 5075 3863 5147 protenduntur;

2264 5174 2511 5232 similiter
2554 5193 2581 5228 a
2616 5174 2660 5207 ιδ
2691 5173 2930 5228 ternario
2959 5171 3109 5225 ﬁnito
3149 5184 3337 5225 omnes
3362 5168 3601 5239 triplices
3640 5165 3869 5220 initium

2265 5274 2501 5329 sumunt,
2545 5272 2599 5320 et
2627 5264 2793 5319 ﬁnem
2831 5262 3294 5331 multiplicationis
3320 5272 3452 5315 sttae
3479 5256 3731 5313 nesciunt
3760 5273 3776 5321 ;
3809 5263 3866 5309 et

2265 5367 2323 5413 ut
2351 5359 2586 5414 breviter
2617 5358 2815 5422 dicam,
2850 5355 3026 5410 nullus
3055 5369 3315 5409 numerus
3339 5361 3423 5409 est
3447 5352 3555 5406 suis
3578 5349 3866 5419 quantita-

2267 5451 2410 5505 tibus
2438 5450 2645 5515 ﬁnitus,
2681 5461 2775 5504 seu
2802 5447 2933 5504 solis
2982 5447 3328 5513 monadibus,
3357 5460 3389 5500 a
3436 5458 3540 5515 quo
3570 5440 3868 5512 multipla

1851 5573 2106 5635 VARIAE
2157 5578 2557 5636 LECTIONES.

632 5700 659 5763 ε
706 5692 917 5763 futurae
937 5692 1161 5763 om.__A.
1260 5694 1281 5724 '
1307 5691 1355 5748 Δ
1397 5690 1473 5763 ab,
1506 5693 1607 5763 eis,
1642 5706 1801 5762 quam
1835 5705 2065 5763 sperant.

562 5759 825 5827 deﬁnisti.
924 5763 945 5795 ⁵
972 5763 1015 5816 Δ
1041 5759 1165 5815 Non
1205 5762 1361 5819 enim.
1457 5762 1478 5793 ⁸
1511 5762 1551 5818 C
1584 5759 1872 5833 fructuum.

717 5842 766 5889 et
793 5833 1030 5916 pondere
1071 5842 1399 5916 et‘numfr‘o.
1477 5834 1519 5865 "
1568 5834 1659 5916 Sic
1703 5834 1831 5916 Ααλ
1863 5834 1899 5888 f.
1932 5833 2283 5916 videbantur?
2344 5838 2411 5916 “f
2444 5839 2779 5906 Afalluntur.

565 5902 714 5975 plici.
793 5903 837 5937 “
857 5919 961 5957 non
985 5918 1094 5958 om.
1118 5902 1182 5957 Α.
1263 5903 1304 5935 ¹⁷
1332 5904 1377 5957 Δ
1405 5920 1605 5971 carens,
1637 5907 1691 5959 in
1721 5905 1905 5975 quibus
1932 5907 2240 5963 subsistunt.

2166 5696 2187 5726 ³
2234 5712 2348 5749 inca
2379 5711 2488 5750 om.
2516 5697 2580 5751 A.

1970 5766 1989 5799 ⁷
2013 5776 2279 5834 praeterea
2315 5779 2425 5821 om.
2463 5769 2527 5822 A.

2688 5696 2709 5728 ⁸
2741 5695 2832 5771 _S_ic
2869 5695 2911 5750 C
2937 5695 3035 5771 ;AA
3062 5694 3459 5771 arithmeticam
3513 5707 3869 5771 impigrorum

2606 5769 2626 5800 ⁸
2652 5768 2693 5821 Α
2729 5762 2892 5820 Νιὺη.
2968 5769 2987 5800 ⁹
3011 5768 3205 5835 seipse:
3240 5782 3348 5820 om.
3400 5765 3464 5819 A.
3557 5763 3598 5794 ⁸⁰
3625 5762 3664 5814 Α
3698 5779 3866 5832 quos.

2319 5838 2779 5962 “‘AAfallunmr.
2858 5837 2903 5870 "
2930 5834 3094 5892 unum
3116 5854 3223 5893 om.
3250 5839 3315 5892 A.
3394 5837 3438 5869 "
3465 5836 3509 5890 Δ
3531 5849 3624 5889 sua
3649 5846 3703 5887 et
3738 5834 3871 5889 sim-

2348 5936 2355 5937 ί
2454 5925 2535 5963 ex.
